3836 6218
309 228 419 286 353
1245 238 1590 296 COMMENT.
1625 241 1689 296 IN
1723 241 1936 299 EPIST.
1975 245 2064 298 AD
2093 247 2254 303 ROM.
2297 247 2422 303 LIB.
2460 245 2546 301 Ill.
3375 251 3480 314 95.4

308 341 441 396 boni
470 343 651 412 operis
671 344 788 413 ejtts
819 349 873 403 in
909 351 1227 424 Evangeliis,
1251 357 1342 409 sed
1371 371 1468 424 pro
1501 359 1602 413 hac
1624 359 1732 413 sola
1756 361 1856 415 ﬁde
1880 366 1926 421 Α
1958 361 2045 415 Dei
2075 377 2196 430 quae
2223 364 2350 418 mihi
2389 366 2508 422 data
2539 371 2642 424 est,
2687 362 2860 417 inanis
2889 377 2993 416 non
3039 361 3137 416 fuit
3157 363 3198 420 ⁸.
3235 382 3256 419 ι
3280 365 3479 423 Exclu-

306 433 384 485 ait
409 433 460 486 ei
485 432 644 487 Jesus
678 449 694 488 :
727 455 748 488 ι
798 441 963 493 Αιιιειι
993 443 1110 496 dico
1140 443 1233 496 tibi
1264 458 1279 496 :
1307 444 1476 501 Hodie
1508 462 1712 501 meeum
1744 450 1851 503 eris
1947 450 2086 502 ditur
2133 465 2261 517 ergo
2298 451 2473 505 omnis
2514 450 2760 520 gloriatio
2811 466 2930 520 quae
2963 465 3029 505 ex
3072 450 3202 520 legis
3227 454 3479 521 operibus

305 522 358 574 in
396 525 674 590 paradiso.
720 545 740 577 ι
774 529 1030 596 Aptemus
1092 547 1254 595 nunc,
1309 533 1352 586 si
1401 536 1630 602 videtur,
1679 553 1850 592 causa
1947 537 2109 590 venit.
2139 537 2204 590 Et
2244 548 2302 592 ut
2329 541 2502 593 adhuc
2553 539 2888 594 manifestius
2919 539 3011 593 ﬁat
3041 541 3182 608 quod
3225 542 3476 606 dicimus,

302 612 469 677 hujus
497 614 724 670 latronis
761 620 922 671 verba
947 622 1165 688 apostoli
1197 622 1307 690 (97)
1330 623 1583 688 Pauli,ret
1611 626 1849 682 dicamus
1945 628 2238 695 exemplum
2270 627 2512 681 dabimus
2540 643 2604 681 ex
2640 629 2721 681 his
2745 644 2863 696 qua:
2887 629 2937 681 in
2966 629 3249 697 Evangelio
3275 632 3474 699 scripta

299 704 362 754 sd
383 701 632 757 Judzeum
659 722 676 759 :
715 725 733 757 ι
767 707 866 762 Ubi
903 720 983 764 est
1009 727 1136 779 ergo
1163 712 1405 782 gloriatio
1439 724 1526 769 tua
1561 715 1640 768 ’7?
1668 736 1687 768 ι
1719 718 1848 770 Cer—
1943 725 2092 778 sunt,
2121 717 2209 769 ubi
2244 717 2800 771 ascenditPharisteus
2827 727 2880 771 et
2905 717 3228 772 Pnbli'eanus
3250 722 3315 772 ad
3345 731 3475 773 tern-

300 800 411 843 Ium
445 795 573 862 quia
605 796 820 850 exclusa
875 807 990 862 est;
1041 801 1252 856 exclusa
1289 813 1463 857 autem
1511 820 1611 858 non
1649 822 1740 874 per
1772 807 1846 859 le-
1944 805 2084 872 plum
2119 807 2241 869 Dei;
2273 825 2290 855 ι
2321 815 2373 858 ει
2421 815 2590 869 stans,
2647 807 2836 874 inquit,
2893 807 3195 861 Pharisteus
3251 809 3304 860 in
3362 823 3476 862 me-

294 894 414 966 gem
449 896 695 949 operum,
729 885 820 938 sed
854 901 947 952 per
989 887 1155 956 legem
1206 889 1350 944 ﬁdei.
1385 891 1488 944 Per
1522 893 1674 946 ﬁdem
1701 895 1842 948 enim
1942 895 2052 956 dio,
2084 895 2291 950 dicebat
2323 914 2337 950 :
2374 897 2536 961 Deus,
2575 897 2774 966 gratias
2815 912 2915 964 ago
2949 897 3064 962 tibi,
3094 900 3345 966 quoniam
3370 913 3476 952 non

287 965 624 1032 justiﬁcatus
661 982 744 1025 est
777 974 864 1029 hic
905 974 1038 1028 latro
1080 977 1192 1030 sine
1221 981 1473 1047 operibus
1522 981 1652 1050 legis
1679 999 1694 1034 :
1719 985 1841 1051 quia
1939 1001 2056 1039 sum
2089 987 2228 1040 sicut
2272 987 2449 1040 caeteri
2488 965 2750 1049 homines,
2788 997 3050 1054 raptores,
3101 965 3478 1052 injusti,adul-

291 1071 460 1122 super
483 1059 584 1112 hoc
611 1062 866 1117 Dominus
896 1082 998 1120 non
1026 1067 1302 1135 requisivit
1333 1070 1458 1137 quid
1482 1071 1628 1138 prius
1657 1087 1842 1139 opera-
1940 1075 2060 1136 teri,
2113 1075 2193 1128 vel
2237 1084 2294 1126 ut
2332 1075 2492 1129 etiam
2532 1076 2847 1144 publicanus
2887 1077 3028 1129 iste:
3065 1074 3247 1142 jejuno
3293 1077 3373 1130 bis
3422 1078 3473 1130 in

291 1155 376 1198 tus
403 1156 586 1211 esset;
625 1166 724 1203 nec
747 1155 1076 1220 exspectavit
1097 1156 1222 1222 quid
1248 1159 1420 1224 operis
1442 1173 1561 1210 eum
1585 1161 1842 1214 credidis-
1940 1164 2211 1220 Sabbato:
2242 1165 2480 1218 decimas
2503 1166 2570 1216 do
2599 1164 2835 1216 omnium
2864 1179 2980 1231 qua:
3008 1164 3252 1232 possideo
3278 1165 3320 1228 ⁸,
3367 1184 3387 1217 ι
3420 1175 3475 1224 ενι

289 1246 369 1288 εει
412 1237 684 1304 “Nemi.
723 1242 814 1294 sed
861 1243 968 1295 sola
997 1243 1332 1300 confessione
1352 1247 1707 1314 justiﬁcatum
1744 1263 1836 1306 co-
1939 1254 2165 1321 reliqua.
2207 1255 2269 1306 Et
2315 1255 2423 1308 haec
2469 1254 2721 1309 fortassis
2749 1268 2873 1308 vere
2906 1254 3122 1319 dixerit,
3161 1257 3252 1310 sed
3285 1271 3475 1310 secun-

287 1326 482 1378 mitem
530 1328 633 1381 sibi
680 1343 822 1393 eum,
874 1333 1180 1398 paradisum
1211 1335 1319 1404 (98)
1349 1337 1707 1404 ingressurus,
1751 1354 1838 1392 as-
1933 1343 2058 1396 dum
2098 1345 2306 1398 Domini
2342 1346 2654 1398 sententiam
2678 1345 2948 1414 iactantiae
2972 1347 3158 1399 morbo
3188 1355 3472 1411 corruptus

284 1415 544 1484 sumpsit.
577 1415 683 1470 Sed
717 1429 772 1473 et
801 1422 989 1474 mulier
1017 1423 1100 1476 illa
1137 1425 1201 1477 de
1227 1441 1327 1493 qua
1359 1427 1408 1478 in
1443 1427 1726 1496 Evangelio
1753 1445 1837 1482 se-
1934 1448 2038 1486 non
2089 1435 2360 1487 descendit
2397 1433 2720 1500 justiﬁeatus
2766 1434 2831 1487 de
2892 1436 3108 1502 templo.
3148 1436 3294 1490 Talis
3345 1449 3473 1504 ergo

282 1507 530 1559 cundum
571 1508 770 1562 Lucam
814 1511 1073 1575 refertur,
1115 1515 1236 1580 quia
1282 1534 1300 1565 ‹
1343 1531 1461 1569 cunt
1501 1519 1836 1586 cognovisset
1932 1523 2182 1591 gloriatio
2229 1539 2346 1591 qua:
2373 1525 2618 1578 veniebat
2659 1539 2722 1578 ex
2765 1524 3015 1592 operibus
3060 1525 3208 1593 legis,
3239 1526 3473 1578 excludi-

281 1597 428 1662 quod
458 1595 618 1651 Jesus
648 1599 890 1654 recubuit
915 1602 965 1654 iu
1004 1603 1158 1654 domo
1189 1602 1476 1668 Pharisaei,
1514 1605 1700 1658 detulit
1739 1621 1832 1660 vas
1862 1677 1899 1686 _
1935 1622 2020 1667 tur
2053 1615 2149 1686 (l),
2175 1616 2299 1682 quia
2323 1631 2425 1668 non
2455 1614 2615 1670 habet
2643 1615 2993 1668 humilitatem
3023 1616 3200 1668 crucis
3229 1615 3467 1678 Christi;

282 1687 574 1753 unguenti,
615 1699 669 1740 et
715 1698 866 1743 stans
919 1700 1062 1743 retro
1095 1691 1160 1744 ad
1200 1692 1360 1759 pedes
1387 1694 1521 1760 ejus,
1563 1709 1627 1747 ac
1677 1693 1808 1749 ﬂens

1934 1677 2121 1778 inqua
2149 1677 2236 1773 qui
2268 1705 2526 1774 gloriatur
2565 1708 2690 1760 audi
2713 1708 2838 1775 quid
2873 1708 3001 1760 dicit
3034 1725 3047 1760 :
3083 1724 3102 1756 t
3137 1705 3262 1759 Mihi
3290 1677 3468 1760 autem

281 1773 546 1845 lacrymis
580 1777 708 1830 lavit
755 1779 917 1845 pedes
973 1778 1110 1846 ejus,
1162 1791 1213 1835 et
1274 1782 1480 1850 capillis
1536 1783 1723 1851 capitis
1749 1799 1809 1838 su

1931 1775 2070 1847 absit
2107 1795 2348 1863 gloriari,
2394 1796 2494 1848 nisi
2533 1796 2585 1848 in
2635 1813 2796 1850 cruce
2843 1799 3049 1850 Domini
3081 1813 3100 1846 ι
3136 1797 3238 1850 ιιιεί
3279 1815 3298 1848 ι
3341 1795 3466 1852 Jesu

283 1865 539 1932 detersit,
588 1877 644 1920 et
686 1869 1029 1922 osculabatur
1063 1879 1228 1938 atque
1266 1873 1495 1941 ungebat
1539 1883 1808 1940 unguento

1929 1883 2150 1947 ChriSIi,
2184 1899 2276 1950 per
2316 1899 2472 1952 quem
2521 1886 2646 1938 milti
2691 1887 2918 1940 mundus
2962 1886 3251 1940 cruciﬁxus
3280 1896 3383 1950 est,
3415 1895 3469 1941 et

220 1984 227 1994 ~
286 1952 492 2007 Videtis
519 1966 701 2008 autem
738 1955 1036 2012 Phariszeus
1059 1958 1150 2026 qui
1183 1973 1304 2012 eum
1355 1971 1666 2025 vocaverat,
1699 1962 1804 2014 dixi

1928 1987 2026 2041 ego
2075 1974 2268 2026 tuundo
2298 1975 2338 2026 ⁸.
2369 1993 2388 2025 ι
2421 1975 2580 2028 Vides
2631 1975 2944 2044 Apostolum
2989 1991 3095 2029 non
3150 1975 3464 2042 gloriantem

279 2044 429 2098 intra
473 2046 822 2114 semetipsum
873 2066 887 2101 :
929 2047 1024 2102 Hic
1068 2050 1113 2102 si
1149 2061 1292 2103 esset
1335 2052 1623 2118 propheta,
1668 2052 1805 2105 scire

1927 2077 2086 2131 super
2135 2063 2339 2128 justitia
2387 2079 2504 2126 sua,
2551 2078 2724 2131 neque
2777 2079 2939 2131 super
2965 2066 3234 2128 castitate,
3287 2080 3460 2134 neque

280 2135 476 2201 utique
509 2149 629 2204 quae
666 2146 720 2189 et
757 2136 932 2204 qualis
980 2147 1063 2192 est
1103 2139 1294 2192 mulier
1320 2155 1434 2208 qua:
1469 2141 1636 2210 tangit
1673 2142 1830 2208 pedes

276 2224 417 2290 ejus,
463 2227 590 2293 quia
635 2229 906 2293 peccatrix
951 2240 1032 2284 est
1055 2231 1121 2285 ⁸⁸.
1151 2250 1168 2282 ι
1203 2229 1358 2284 Jesus
1400 2240 1572 2285 autem
1603 2233 1736 2284 dixit
1761 2232 1826 2284 ad

275 2330 403 2369 eum
473 2317 781 2383 parabolam
851 2318 1260 2386 quingentorum
1310 2321 1393 2373 vel
1443 2321 1824 2390 quinquaginta

277 2406 662 2472 denariorum;
697 2417 752 2460 et
809 2425 873 2462 ex
925 2411 1070 2464 nullo
1098 2411 1228 2477 legis
1259 2425 1436 2480 opere,
1476 2411 1567 2465 sed
1595 2426 1691 2480 pro
1715 2411 1825 2464 sola

275 2493 383 2548 ﬁde
407 2495 485 2548 ait
513 2497 580 2549 ad
611 2511 765 2551 eam:
794 2515 813 2548 ι
841 2500 1202 2554 ltemittuntur
1234 2501 1321 2554 tibi
1348 2509 1560 2568 peccata
1588 2501 1767 2567 tua”;
1800 2521 1819 2556 ι

271 2586 557 2638 etiterum
605 2602 620 2638 :
669 2604 689 2639 t
747 2587 906 2646 Fides
958 2599 1044 2642 tua
1093 2600 1142 2642 te
1184 2591 1384 2644 salvam
1429 2589 1571 2653 fecit,
1608 2593 1742 2648 vade
1772 2595 1822 2646 in

273 2689 416 2744 pace
449 2677 489 2729 '.
522 2694 542 2727 ι
579 2675 684 2731 Sed
715 2689 770 2731 et
805 2681 854 2732 in
895 2679 1073 2734 multis
1100 2679 1369 2750 Evangelii
1417 2682 1547 2737 locis
1581 2685 1681 2738 hoc
1711 2699 1824 2737 ser-

271 2781 438 2820 mone
468 2781 624 2822 usutn
661 2769 884 2836 legimus
907 2769 1256 2836 Salvatorem,
1286 2781 1343 2825 ut
1368 2775 1636 2828 credentis
1661 2774 1820 2828 ﬁdem

270 2872 494 2911 causam
522 2859 671 2912 dicat
697 2875 815 2914 esse
845 2863 1035 2916 salutis
1062 2863 1194 2930 ejus.
1227 2863 1304 2916 Ex
1352 2865 1546 2933 quibus
1576 2867 1822 2921 omnibus

269 2948 443 3001 claret
486 2950 629 3017 quod
683 2959 826 3005 recte
868 2953 1160 3007 arbitratur
1201 2955 1483 3022 Apostolus
1539 2955 1818 3023 justiﬁcari
1845 2988 1885 3044 ε

269 3035 548 3089 hominem
590 3051 684 3104 per
717 3038 874 3091 ﬁdem
902 3041 1018 3093 sine
1065 3043 1314 3110 operibus
1344 3043 1476 3112 legis
1505 3046 1548 3098 ⁸.
1577 3043 1678 3098 Sed
1710 3046 1818 3098 for-

269 3127 435 3180 tassis
453 3127 568 3179 haec
591 3127 788 3196 aliquis
808 3129 1033 3184 audiens
1055 3132 1368 3194 resolvatur,
1391 3144 1444 3187 et
1473 3136 1603 3188 bene
1628 3137 1816 3204 agendi

265 3216 656 3286 negligentiam
710 3218 924 3286 capiat,
998 3221 1256 3289 siquidem
1320 3223 1385 3276 ad
1424 3223 1816 3290 justiﬁcandum

264 3306 403 3360 ﬁdes
438 3305 552 3360 sola
605 3305 851 3362 suﬂiciat.
909 3308 990 3362 Ad
1043 3323 1200 3378 quem
1249 3311 1488 3366 dicemus
1542 3315 1664 3380 quia
1697 3323 1816 3381 post

256 3395 712 3466 justiﬁcationem
766 3398 813 3452 si
867 3399 1065 3466 injuste
1116 3400 1236 3468 quis
1291 3411 1434 3469 agat,
1481 3403 1596 3457 sine
1652 3403 1813 3458 dubio

257 3490 677 3556 justiﬁcationis
705 3490 936 3558 gratiam
965 3491 1185 3558 sprevit.
1219 3491 1400 3560 Neque
1440 3493 1579 3545 enim
1613 3493 1680 3545 oh
1716 3495 1815 3546 hoc

260 3580 388 3648 quis
433 3578 631 3646 accipit
678 3579 887 3632 veniam
937 3588 1301 3648 peccatorum,
1351 3589 1408 3632 ut
1454 3595 1661 3633 rursum
1712 3580 1811 3634 sibi

260 3678 417 3738 putet
450 3669 717 3735 peccandi
750 3669 1021 3722 licentiam
1068 3668 1266 3722 datam.
1311 3670 1637 3740 indulgentia
1665 3686 1814 3722 nant-

258 3774 368 3828 que
425 3774 532 3812 non
573 3757 898 3821 futurorum,
939 3757 1029 3811 sed
1083 3759 1473 3827 praeteritorum
1518 3760 1805 3814 criminum

257 3850 446 3904 datur.
487 3849 660 3917 Igitur
699 3857 756 3901 ut
780 3848 845 3900 ad
876 3848 1204 3916 propositum
1235 3849 1530 3914 redeamus,
1551 3850 1811 3919 justiﬁca-

259 3950 350 3994 tur
384 3943 548 3993 homo
575 3953 672 4006 per
703 3937 884 3997 ﬁdem,
906 3939 987 3990 cui
1014 3938 1501 4003 adjustiﬁcandnm
1527 3941 1658 3994 nihil
1682 3957 1810 3996 con-

254 4027 442 4083 ferunt
473 4041 637 4094 opera
665 4025 815 4094 legis.
851 4023 947 4079 Ubi
977 4041 1104 4080 vero
1139 4026 1270 4080 ﬁdes
1317 4042 1416 4080 non
1442 4039 1524 4082 est
1546 4045 1663 4098 quae
1693 4046 1810 4085 cre-

253 4119 480 4172 dentem
517 4115 812 4185 justiﬁcet,
857 4114 1066 4166 etiamsi
1113 4129 1274 4183 opera
1321 4116 1443 4184 quis
1491 4116 1686 4172 habeat
1743 4134 1806 4174 ex

252 4207 396 4277 lege,
430 4217 610 4260 tamen
642 4205 768 4274 quia
808 4219 909 4257 non
947 4213 1071 4257 sunt
1115 4204 1375 4260 :ediﬁcata
1416 4222 1576 4276 supra
1620 4209 1808 4262 funda-

1927 2166 2088 2219 super
2125 2153 2382 2221 sapientia
2403 2193 2418 2212 .
2448 2167 2618 2220 neque
2650 2169 2808 2222 super
2831 2154 3040 2207 casteris
3069 2154 3358 2208 virtutibus
3379 2155 3466 2210 vel

1926 2244 2134 2297 actibus
2159 2245 2291 2306 suis,
2318 2245 2410 2298 sed
2464 2244 2798 2311 apertissime
2839 2244 3267 2310 pronuntiantem
3303 2253 3356 2296 et
3387 2245 3465 2297 di-

1926 2342 2134 2386 centem
2163 2349 2178 2386 :
2215 2350 2233 2382 t
2278 2331 2376 2398 Qui
2406 2333 2687 2401 gloriatur,
2736 2333 2787 2385 in
2817 2332 3043 2385 Domino
3067 2333 3328 2400 glorietur
3355 2335 3397 2388 ⁷.
3437 2352 3461 2388 s

1927 2422 1990 2475 Et
2013 2422 2090 2476 sic
2129 2421 2346 2476 exclusa
2375 2431 2456 2474 est
2481 2421 2696 2476 Judaica
2723 2423 2988 2488 gloriatio,
3020 2438 3122 2476 non
3149 2438 3243 2492 per
3283 2423 3453 2492 legem

1923 2525 2163 2578 operum,
2195 2511 2285 2564 sed
2324 2525 2421 2579 per
2458 2511 2624 2580 legem
2669 2511 2787 2566 ﬁdei
2835 2513 2856 2543 ⁸
2902 2526 3018 2580 qua:
3053 2513 3210 2567 estin
3245 2513 3462 2568 Christo

1922 2601 2066 2666 Jesu,
2101 2602 2152 2654 in
2177 2601 2329 2667 cujus
2352 2617 2510 2655 cruce
2538 2602 2795 2671 gloriatur
2820 2601 3124 2666 Apostolus.
3163 2603 3294 2668 Quis
3313 2605 3454 2658 enim

1925 2697 2066 2743 recte
2093 2689 2178 2743 vel
2204 2704 2368 2758 super
2390 2693 2638 2744 castitate
2667 2705 2759 2744 sua
2800 2691 3139 2759 gloriabitur,
3177 2705 3295 2745 cum
3323 2695 3459 2748 scri-

1920 2788 2068 2846 ptum
2122 2777 2278 2846 legat,
2307 2778 2431 2847 quia
2466 2796 2484 2828 ι
2515 2779 2557 2831 si
2592 2779 2712 2847 quis
2759 2781 3028 2846 aspexerit
3061 2781 3337 2836 mulierem
3393 2787 3454 2836 ad

1921 2869 2404 2936 concupiscendum
2447 2883 2583 2931 eam,
2627 2867 2740 2935 jam
2784 2869 3080 2923 mmchatus
3123 2881 3207 2925 est
3251 2886 3370 2925 eam
3405 2874 3454 2924 in

1919 2960 2081 3011 corde
2109 2974 2206 3011 suo
2239 2958 2295 3010 ’?
2330 2977 2348 3009 ι
2380 2956 2530 3010 Unde
2555 2967 2608 3011 et
2640 2961 2894 3027 propheta
2923 2960 3088 3014 dicit:
3123 2977 3145 3010 ι
3183 2960 3457 3024 Quomodo

1918 3047 2231 3115 gloriabitur
2253 3049 2375 3116 quis
2396 3058 2599 3102 castum
2622 3063 2679 3100 se
2706 3047 2902 3102 habere
2927 3063 3020 3101 cor
3046 3048 3128 3100 '°?
3159 3065 3177 3098 ι
3202 3049 3308 3101 Aut
3332 3049 3456 3115 quis

1917 3135 2232 3204 gloriabitur
2259 3150 2420 3203 super
2473 3137 2730 3203 sapientia
2754 3175 2770 3199 ,
2819 3149 2940 3189 cum
2969 3137 3222 3204 scriptum
3255 3136 3453 3202 videat,

1916 3223 2042 3291 quia
2077 3241 2096 3274 ι
2133 3224 2360 3276 mundus
2381 3238 2476 3290 per
2497 3225 2808 3290 sapientiam
2837 3239 2940 3278 non
2967 3226 3209 3292 cognovit
3244 3225 3407 3279 Deum
3433 3242 3450 3279 :

1913 3319 1966 3362 et
1991 3312 2108 3363 ideo
2144 3310 2340 3379 placuit
2373 3311 2478 3365 Deo
2501 3326 2594 3379 per
2619 3309 2898 3364 stultitiam
2925 3311 3321 3379 prtedicationis
3345 3312 3453 3366 sal-

1915 3417 2006 3452 vos
2041 3398 2217 3454 facere
2247 3401 2523 3455 credentes
2551 3401 2633 3452 “1'
2664 3417 2684 3451 ι
2718 3399 2786 3453 Ει
2815 3401 3004 3454 iterum
3030 3419 3044 3454 :
3083 3419 3100 3453 t
3130 3402 3257 3468 Qua:
3284 3404 3445 3456 stulta

1911 3498 2034 3540 sunt
2063 3490 2240 3542 tnundi
2263 3489 2420 3558 elegit
2447 3492 2603 3552 Deus,
2629 3499 2685 3542 ttt
2713 3489 3004 3544 confundat
3029 3492 3293 3560 sapientes
3316 3493 3394 3547 “1’
3421 3512 3444 3548 ι

1910 3578 2040 3641 Quis
2068 3587 2243 3630 autem
2271 3578 2351 3631 vel
2379 3595 2542 3646 super
2571 3579 2779 3645 justitia
2821 3594 2914 3632 sua
2955 3581 3289 3649 gloriabitur,
3323 3598 3447 3635 cum

1909 3669 2089 3722 audiat
2111 3670 2270 3721 Deum
2293 3684 2386 3736 per
2409 3671 2721 3737 prophetam
2746 3670 3032 3732 dicentem,
3063 3671 3186 3738 quia
3227 3688 3247 3722 t
3273 3674 3450 3726 omnis

1902 3756 2103 3823 justitia
2127 3768 2297 3811 vestra
2325 3759 2462 3811 sicut
2479 3774 2684 3826 pannus
2707 3758 2946 3812 mulieris
2969 3770 3309 3811 menstruam:
3333 3760 3404 3812 ιιι
3420 3777 3442 3811 s

1910 3847 2031 3899 Sola
2065 3847 2384 3916 igiturjusta
2419 3847 2663 3913 gloriatio
2690 3857 2771 3898 est
2803 3846 2853 3898 in
2891 3847 2991 3898 ﬁde
3015 3847 3196 3900 crucis
3221 3847 3444 3912 Christi,

1907 3951 2024 4003 qua:
2054 3936 2288 3988 excludit
2313 3934 2473 4004 518
2494 3951 2704 3988 omnem
2743 3936 2883 3987 illam
2914 3936 3302 4003 gloriationem,
3327 3951 3445 4003 quae

1907 4025 2180 4078 descendit
2231 4040 2296 4076 ex
2327 4028 2574 4092 uperibus
2629 4026 2778 4092 legis.
2819 4024 2941 4078 Hzec
2986 4035 3166 4078 autem
3213 4041 3241 4078 a
3293 4026 3446 4079 nobis

1907 4115 2047 4168 dicta
2073 4125 2198 4167 sunt
2225 4131 2320 4182 prn
2358 4131 2422 4168 eo
2451 4115 2591 4184 quod
2633 4126 2882 4184 tanquam
2920 4115 3296 4184 interrogantis
3338 4130 3445 4168 ser-

1907 4219 2062 4257 mone
2088 4205 2222 4257 dixit
2253 4203 2330 4272 (2)
2359 4203 2643 4272 Apostolus
2675 4225 2688 4258 :
2733 4224 2750 4255 ι
2795 4203 2890 4258 Ubi
2929 4214 3010 4257 est
3039 4219 3168 4272 ergo
3197 4203 3443 4274 gloriatio

251 4306 496 4351 mentum
523 4295 666 4358 ﬁdei,
696 4291 941 4360 quamvis
965 4292 1246 4348 videantur
1273 4309 1392 4350 esse
1423 4297 1584 4360 bona,
1626 4305 1804 4352 tamen
1833 4307 1880 4364 ι)
1909 4301 1995 4344 tua
2025 4292 2108 4345 “’i
2143 4310 2162 4343 ι
2197 4293 2262 4346 Et
2285 4295 2350 4346 ad
2387 4296 2500 4347 haec
2537 4295 2636 4348 sibi
2672 4297 2782 4363 ipse
2815 4294 3086 4361 respondit
3115 4312 3128 4346 :
3160 4313 3177 4344 ι
3215 4295 3438 4348 Exclusa

249 4395 596 4456 operatorem
625 4398 778 4437 suum
810 4381 1232 4452 (99)justiﬁcare
1261 4399 1365 4438 non
1397 4396 1636 4454 possunt,
1661 4388 1798 4455 quod

248 4463 335 4532 eis
362 4477 516 4531 deest
544 4474 696 4538 ﬁdes,
725 4487 844 4541 qua:
871 4483 950 4527 est
975 4474 1303 4542 signaculum
1325 4489 1506 4529 eorum
1537 4479 1628 4544 qui
1651 4475 1803 4544 justi-

248 4566 492 4620 ﬁcantnr
517 4580 547 4617 a
585 4565 714 4625 Deo,
739 4563 880 4617 sicut
908 4564 1152 4632 superius
1189 4565 1438 4627 diximus,
1481 4567 1604 4634 quia
1633 4586 1653 4618 ι
1685 4583 1800 4622 cre-

248 4657 391 4710 didit
431 4655 706 4708 Abraham
746 4655 875 4716 Deo,
928 4663 980 4707 et
1009 4663 1305 4721 reputatnm
1337 4663 1422 4708 est
1459 4656 1506 4708 ei
1540 4656 1604 4707 ad
1641 4655 1796 4723 justi-

250 4747 384 4800 tiam
415 4745 456 4798 ³.
494 4763 512 4795 ι
545 4743 778 4796 Tantum
812 4751 917 4805 est,
951 4750 1007 4794 ut
1031 4742 1075 4794 is
1096 4741 1182 4808 qui
1206 4741 1532 4808 justiﬁcatur
1553 4757 1645 4810 per
1671 4759 1796 4810 gra-

249 4836 386 4889 tiam
427 4834 576 4902 ﬁdei,
607 4833 750 4886 dicat
787 4833 1076 4886 secundum
1119 4829 1369 4897 Paulum,
1415 4831 1537 4899 quia
1567 4851 1586 4882 ι
1624 4835 1790 4900 gratia

323 4971 368 5004 "
392 4971 552 5027 Rom.
589 4985 674 5034 ιιι.
698 4967 788 5021 27.
862 4967 907 4998 ⁸⁸
933 4967 1059 5021 an.
1089 4981 1182 5030 vtt,
1213 4966 1279 5020 57
1306 4981 1418 5032 seq.

243 5055 344 5097 xv.
379 5041 469 5093 10.
597 5041 621 5071 ⁸
655 5037 782 5090 Luc.
830 5051 978 5100 xvut,
1020 5035 1198 5089 10-“.
1303 5035 1323 5064 ⁸
1360 5034 1533 5088 Galat.
1580 5052 1649 5100 vt,
1685 5039 1768 5090 14.

247 5108 297 5140 ⁸⁸
330 5107 489 5164 Prov.
515 5124 609 5173 xx,
641 5107 694 5160 9.
771 5105 811 5136 “
837 5105 853 5157 l
883 5105 1008 5158 Cor.
1049 5120 1088 5170 t,
1115 5104 1204 5157 21.
1283 5104 1324 5135 ¹¹
1369 5103 1496 5156 ibid.
1529 5102 1620 5158 27.

325 5225 410 5295 (97
442 5225 610 5288 Editi,
653 5249 670 5275 ι
713 5225 964 5295 Aptemus
993 5238 1150 5295 nunc,
1177 5224 1220 5277 si
1273 5224 1499 5286 videtur,
1530 5225 1684 5293 hujus
1713 5227 1791 5283 la-

246 5292 425 5348 tronis
456 5295 618 5347 verba
647 5310 822 5346 causa:
847 5292 1102 5357 Apostuli,
1145 5312 1161 5342 ι
1201 5305 1304 5346 etc.

349 5363 436 5426 98)
461 5363 602 5418 Editi
625 5401 642 5424 ,
677 5379 696 5411 ι
729 5361 1083 5426 comitemque
1119 5361 1217 5412 sibi
1269 5361 1594 5428 paradisum,
1629 5380 1646 5412 ι
1681 5373 1786 5420 etc.

349 5364 436 5426 98)
461 5364 602 5418 Editi
625 5401 642 5424 ,
677 5379 696 5411 ι
729 5364 1083 5426 comitemque
1119 5364 1217 5412 sibi
1269 5364 1594 5428 paradisum,
1629 5380 1646 5412 ι
1681 5373 1786 5420 etc.

324 5364 432 5502 (99)
466 5430 626 5494 Editi,
663 5449 680 5481 t
711 5431 844 5482 bona
879 5443 1060 5502 opera,
1092 5441 1424 5502 Operaturetu
1459 5443 1609 5480 suum
1633 5469 1647 5490 ,
1684 5450 1703 5482 ι
1735 5445 1791 5487 et

245 5496 513 5556 οηίῑιιὴηι
537 5518 557 5552 ι
591 5509 804 5561 tamen,
846 5515 864 5548 ι
893 5496 1115 5558 deinde,
1151 5513 1168 5544 t
1206 5498 1247 5548 si
1283 5499 1360 5550 eis
1404 5514 1422 5549 ›
1457 5513 1552 5565 pro
1585 5515 1603 5548 t
1649 5503 1790 5568 quod

286 5573 295 5580 ο

1490 4967 1535 5001 ⁶⁹
1573 4967 1700 5020 ibid.
1726 4969 1813 5022 48.

1879 5038 1943 5091 "l
1985 5042 2108 5094 Cor.
2150 5055 2188 5102 ι,
2221 5039 2307 5092 51.

1700 5106 1742 5136 ⁸³
1772 5105 1868 5160 Isa.
1909 5123 2053 5174 thv,
2081 5106 2132 5162 6.
2212 5107 2254 5138 “
2284 5109 2434 5160 ltom.
2465 5123 2543 5169 ut,
2577 5107 2667 5168 27,
2695 5106 2785 5158 98.
2861 5107 2903 5139 “
2931 5107 3056 5161 ibid.
3082 5105 3172 5164 29.
3197 5102 3286 5158 50.

1904 4391 2008 4436 est.
2039 4401 2058 4434 ι
2088 4383 2154 4435 Ει
2193 4398 2403 4438 rursum
2449 4385 2600 4454 quasi
2651 4388 2760 4451 ipse
2790 4400 2846 4438 se
2875 4384 2951 4452 (5)
2983 4384 3275 4453 interroget
3311 4387 3386 4438 ait
3423 4400 3437 4436 :

1907 4491 1926 4522 ι
1959 4473 2059 4526 Per
2095 4489 2254 4541 quam
2306 4473 2514 4541 legem?
2562 4475 2832 4538 Operum?
2863 4494 2881 4527 ι
2916 4475 2978 4528 Et
3029 4475 3300 4543 respondit
3339 4475 3438 4530 sibi

1902 4565 2000 4630 ipsi
2027 4581 2040 4616 :
2073 4583 2091 4614 ι
2128 4563 2238 4617 Non
2273 4583 2287 4620 :
2318 4568 2409 4619 sed
2445 4581 2538 4635 per
2564 4565 2730 4632 legem
2763 4566 2903 4619 ﬁdei.
2934 4565 3273 4619 Arbitrantur
3293 4566 3436 4620 enim

1896 4653 2172 4722 justiﬁcari
2203 4656 2466 4708 hominem
2492 4671 2584 4722 per
2603 4658 2754 4708 Iidem
2775 4657 2888 4708 sine
2911 4657 3161 4721 operibus
3187 4657 3316 4723 legis
3335 4656 3431 4707 “.t

1903 4742 1974 4796 De
2008 4743 2087 4796 bis
2110 4743 2219 4811 jam
2253 4745 2496 4811 superius
2523 4744 2754 4796 diximus
2789 4745 2886 4815 (4).
2937 4744 3086 4810 Quod
3114 4758 3240 4798 vero
3271 4743 3432 4796 etiam

1898 4834 1948 4886 in
1995 4835 2237 4902 praesenti
2272 4835 2386 4888 loco
2418 4837 2640 4888 duarum
2689 4835 2859 4904 legum
2903 4834 3031 4887 facit
3064 4834 3252 4887 iterum
3283 4849 3432 4887 men-

1891 4969 1907 5000 ί
1950 4971 2076 5024 ibid.
2119 4971 2207 5027 50.
2281 4973 2301 5001 ²
2332 4968 2692 5030 liom.ut,‘28.
2767 4969 2788 5000 ⁸
2816 4967 2968 5026 Rom.
2999 4985 3070 5029 Iv,
3095 4969 3148 5021 5.
3219 4966 3429 5024 ‘lCor.

2419 5040 2440 5070 ⁸
2487 5039 2639 5092 Rom.
2674 5053 2753 5096 ιιι,
2789 5038 2878 5090 27.
2996 5040 3016 5070 ⁸
3046 5037 3228 5090 Matth.
3257 5050 3309 5100 v,
3337 5040 3430 5092 28.

1925 5301 1935 5311 .
1967 5231 2040 5300 (l)
2079 5229 2410 5283 Excludiiur.
2451 5228 2789 5282 Desideratur
2836 5230 2890 5283 in
2942 5230 3087 5283 libris
3123 5239 3280 5283 antea
3317 5233 3430 5286 edi.

1900 5309 2040 5430 us(.2)
2074 5364 2242 5422 Alias.
2273 5379 2292 5412 ι
2325 5361 2664 5430 interrogans
2692 5362 2846 5414 dixit.
2886 5379 2905 5412 ι

1986 5427 2037 5497 ὅ)
2066 5433 2185 5498 Ipse
2228 5447 2300 5483 se.
2364 5429 2484 5481 Ihec
2535 5427 2691 5481 verba
2759 5431 2809 5480 in
2865 5430 3020 5485 editis
3071 5427 3407 5484 omittuntur

1966 5498 2040 5572 (ὦ)
2069 5502 2175 5566 AL,
2208 5518 2224 5550 t
2260 5499 2329 5551 De
2359 5499 2439 5550 his
2465 5499 2705 5567 superius
2730 5498 2879 5551 dixit.
2917 5516 2937 5551 ι
