3836 6228
371 251 478 308 955

377 367 596 426 tionem,
641 372 696 417 et
739 359 867 414 dicit
914 358 1082 425 legem
1129 370 1347 426 aperum
1377 365 1430 410 ct
1451 356 1618 424 legem
1650 355 1771 409 ﬁdei
1799 353 1896 425 (5),
1925 357 1970 410 A

377 453 649 504 considera
695 449 855 500 etiam
900 447 1030 514 ipse,
1068 446 1156 514 qui
1208 445 1362 515 legis,
1411 455 1584 498 utrum
1631 445 1696 498 ad
1728 445 1894 512 legem

379 535 540 602 Moysi
574 546 628 587 et
674 534 838 600 legem
887 532 1178 586 naturalem
1209 548 1384 586 sermo
1407 533 1492 587 hic
1522 534 1710 586 debeat
1739 531 1896 585 incli-

379 623 526 682 nari;
552 636 618 674 an
656 622 720 674 ad
762 622 926 690 legem
954 620 1156 686 ;littera*
1187 631 1240 676 et
1285 622 1453 690 legem
1483 621 1700 690 spiritus
1732 637 1745 671 :
1772 620 1896 688 quia

375 708 458 760 lex
491 709 678 762 litterae
701 708 916 771 occidit,
940 717 995 761 et
1019 717 1260 776 mortem;
1282 718 1566 776 operatur;
1611 708 1696 762 lex
1721 715 1896 760 autem

374 794 593 862 Spiritus
616 796 736 849 vitae
759 795 949 850 liberat
975 813 1004 849 a
1029 796 1143 866 lege
1176 797 1381 865 peccati
1416 806 1470 850 et
1496 795 1703 849 mortis.

441 884 528 938 £0.
556 884 704 939 Unde
739 893 792 938 et
817 886 1195 940 convenienter
1236 886 1289 940 in
1322 887 1768 954 consequentibus
1806 899 1898 952 po—

373 972 452 1026 nit
486 987 499 1024 :
530 990 549 1022 ι
588 974 666 1026 An
688 972 985 1028 Judzeorum
1015 975 1151 1028 Deus
1179 975 1422 1028 tantum?
1473 975 1656 1034 Nonne
1685 985 1739 1030 et
1768 992 1897 1044 gen-

375 1061 538 1114 tium?
568 1061 675 1114 lmo
703 1069 757 1116 et
781 1065 1034 1132 gentium.
1063 1064 1321 1128 Quoniam
1349 1066 1562 1134 quidem
1591 1080 1725 1118 unus
1759 1067 1901 1118 Dens

374 1150 462 1214 qui
480 1147 741 1214 justiﬁcat
763 1151 1220 1204 circumcisionem
1251 1167 1313 1205 ex
1342 1153 1444 1205 ﬁde
1465 1190 1481 1214 ,
1508 1161 1564 1207 et
1590 1156 1898 1220 praeputium

374 1250 470 1302 per
499 1237 652 1289 ﬁdem
705 1237 768 1288 ⁸⁸.
808 1255 827 1288 ι
865 1236 958 1291 His
1003 1240 1211 1305 quidem
1254 1240 1344 1306 qui
1387 1239 1545 1292 alium
1578 1240 1902 1294 voluntesse

376 1321 674 1376 Judaorum
715 1325 899 1387 Deum,
940 1334 993 1378 et
1023 1327 1179 1378 alium
1205 1329 1463 1395 gentium,
1513 1329 1563 1381 id
1601 1337 1684 1384 est
1735 1329 1896 1381 alium

379 1411 554 1475 Legis,
584 1423 638 1468 et
680 1414 840 1467 alium
893 1415 1320 1483 Evangeliorum,
1371 1420 1503 1472 satis
1547 1417 1613 1472 de
1661 1419 1760 1474 hoc
1799 1419 1904 1472 erit

379 1510 602 1566 angusta
644 1512 698 1556 et
735 1515 880 1558 arcta
931 1507 1222 1572 responsio,
1261 1509 1503 1575 apostolo
1531 1507 1692 1563 Paulo
1736 1510 1903 1563 abun-

381 1588 590 1643 dantius
636 1593 765 1647 satis
818 1596 974 1648 dante
1005 1598 1322 1650 sententiam
1357 1613 1506 1652 suam
1533 1599 1606 1667 (6)
1636 1615 1756 1652 cum
1794 1615 1899 1652 non

382 1678 551 1730 solum
582 1694 738 1734 unum
787 1683 924 1736 dicat
970 1698 1087 1738 esse
1134 1685 1296 1739 Deum
1351 1686 1651 1740 Judaaorum
1690 1698 1744 1742 et
1773 1704 1900 1756 gen-
1931 1673 1974 1727 Β

383 1764 537 1830 tium,
580 1769 671 1821 sed
700 1778 754 1822 et
798 1772 954 1824 addat
995 1775 1132 1840 quod
1178 1774 1314 1826 idem
1357 1785 1514 1842 atque
1559 1778 1668 1844 ipse
1709 1777 1779 1830 sit
1815 1777 1903 1843 qui

379 1849 631 1918 justiﬁcat
659 1855 1114 1911 circmncisionem
1153 1861 1365 1928 ex'ﬁde,
1395 1871 1448 1916 et
1475 1866 1787 1932 praeputium
1814 1879 1907 1932 per

385 1941 566 1993 ﬁdem.
613 1943 760 2007 Quod
789 1955 842 1998 et
874 1949 917 1999 si
962 1949 1420 2004 circumcisionem
1468 1967 1565 2020 per
1597 1953 1905 2021 allegoriam

386 2030 658 2098 suscipere
708 2034 990 2101 voluerint,
1047 2039 1116 2090 ita
1173 2049 1229 2091 ut
1287 2049 1500 2094 sanctos
1546 2051 1598 2094 et
1641 2043 1908 2109 Spiritales

386 2132 622 2187 quosque
653 2122 719 2176 ab
748 2137 812 2175 eo
833 2125 1285 2180 circumcisionem
1310 2130 1487 2181 dicant
1515 2144 1632 2182 esse
1673 2132 1902 2198 appella-

387 2217 490 2270 tos,
519 2213 693 2263 statim
741 2215 789 2266 in
824 2216 1260 2282 consequentibus
1293 2218 1559 2272 invenient
1584 2220 1787 2272 obicem
1811 2219 1907 2288 (7).

389 2299 444 2351 Si
471 2301 609 2352 enim
641 2303 1095 2359 circumcisionem
1145 2320 1379 2372 sanctos,
1417 2310 1521 2375 vel,
1549 2319 1607 2362 ut
1637 2309 1708 2362 illi
1740 2311 1901 2362 nomi-

389 2396 535 2452 nant,
562 2391 825 2456 spiritales
871 2395 1166 2462 appellavit,
1199 2413 1525 2467 consequens
1573 2408 1652 2452 est
1685 2409 1739 2450 ut
1772 2414 1908 2466 prae-

388 2478 592 2543 putium
644 2489 948 2546 peccatores
982 2486 1194 2548 dixerit,
1245 2501 1375 2552 quos
1422 2487 1497 2540 illi
1526 2489 1786 2542 animales
1815 2503 1908 2541 vo-

388 2577 511 2618 cant
537 2566 632 2637 (8).
664 2569 726 2620 Et
752 2575 1014 2636 quomodo
1043 2577 1338 2638 conveniet,
1369 2585 1424 2629 ut
1449 2578 1616 2631 bonus
1644 2579 1782 2632 Deus
1815 2593 1907 2646 pa-

393 2653 522 2704 riter
565 2657 830 2719 spiritales
871 2659 1233 2729 animalcsque
1282 2665 1577 2731 justilicet?
1626 2666 1732 2719 lllis
1783 2681 1910 2734 ergo

391 2737 445 2790 in
493 2742 574 2794 his
620 2745 852 2809 Apostoli
909 2752 1247 2803 sermonibus
1292 2752 1459 2811 nodus
1524 2754 1911 2809 inextricabilis

393 2829 512 2880 erit.
563 2831 856 2886 Secundum
886 2852 978 2888 nos
1007 2853 1152 2901 vero,
1184 2841 1272 2909 qui
1315 2842 1769 2897 circumcisionem
1821 2861 1911 2900 eos

392 2918 481 2984 qui
521 2934 583 2971 ex
611 2917 803 2976 Iudaeis
825 2926 1184 2994 crediderunt,
1213 2942 1265 2984 et
1311 2935 1620 3000 praeputium
1651 2936 1912 2990 nihilomi-

397 3019 495 3058 nus
521 3022 612 3060 eos
632 3010 719 3075 qui
752 3012 816 3063 ad
852 3013 1008 3066 ﬁdem
1041 3030 1104 3068 ex
1139 2999 1384 3082 gentibus
1422 2999 1596 3074 vocati
1632 3032 1755 3074 sunt
1791 3023 1915 3076 dici—
1938 2999 1980 3056 ο

400 3107 540 3159 mus,
565 3096 718 3162 plana
742 3101 844 3154 erit
864 3112 916 3154 et
951 3103 1120 3157 facilis
1140 3108 1419 3174 expositio.
1464 3108 1603 3162 Idem
1632 3112 1774 3164 enim
1802 3111 1914 3180 ipse

395 3182 532 3237 Deus
557 3199 621 3237 ex
647 3195 866 3256 utroque
893 3193 1082 3259 populo
1104 3197 1379 3249 credentes
1407 3211 1510 3251 non
1545 3199 1911 3254 circumcisio-

395 3271 478 3324 nis
511 3283 600 3324 ant
628 3280 867 3344 praeputii
897 3281 1192 3350 privilegio,
1214 3287 1303 3337 sed
1335 3285 1500 3340 solius
1526 3287 1645 3340 ﬁdei
1671 3298 1912 3343 contem-

394 3357 623 3423 platione
642 3362 916 3429 jnstiﬁcat.
953 3368 1205 3436 Superest
1237 3382 1289 3424 et
1322 3373 1476 3426 unius
1512 3375 1730 3444 syllabae
1763 3377 1914 3430 diﬂ‘e—

395 3448 584 3511 rentia,
612 3449 664 3502 in
696 3467 795 3518 qua
822 3456 1053 3511 variasse
1081 3459 1290 3513 videtur
1319 3463 1621 3529 Apostolus.
1674 3465 1788 3520 Non
1817 3481 1914 3521 nos

395 3534 562 3589 otiose
586 3549 863 3605 praetereat
887 3547 1023 3610 quod
1050 3548 1175 3601 dicit
1197 3549 1292 3620 (9),
1313 3552 1433 3620 quia
1459 3553 1913 3610 circumcisionem

395 3636 458 3714 ex
484 3625 586 3679 ﬁde
603 3626 856 3692 justiﬁcet
884 3634 1039 3697 Deus,
1074 3647 1128 3690 et
1161 3654 1262 3692 non
1294 3655 1388 3707 per
1415 3644 1570 3696 Iidem
1602 3646 1676 3708 ¹⁶ς
1708 3661 1916 3714 prmpu-

397 3712 526 3765 tium
554 3728 680 3769 vero
697 3733 792 3785 per
819 3721 993 3786 ﬁdem,
1026 3732 1201 3779 etnon
1233 3742 1293 3780 ex
1327 3731 1446 3782 lidc.
1473 3729 1585 3784 Non
1614 3712 1754 3785 enim
1787 3712 1914 3785 mihi

397 3802 604 3854 videtur
636 3809 896 3874 superﬂua
932 3814 1066 3877 apud
1091 3827 1211 3865 eum
1242 3815 1424 3868 haberi
1457 3817 1559 3870 ista
1593 3820 1916 3886 praepositio-

397 3906 520 3944 num
547 3899 886 3951 commutatio
917 3900 1046 3969 (10),
1076 3902 1196 3968 quia
1241 3904 1536 3958 invenimus
1571 3910 1636 3959 ab
1676 3921 1739 3961 eo
1781 3917 1833 3961 et
1861 3909 1913 3961 in

383 3980 516 4034 .aliis
535 3982 686 4046 locis,
709 4001 812 4038 non
841 3997 892 4039 ut
921 3988 1063 4051 libet,
1091 3991 1182 4044 sed
1211 3993 1555 4046 observanter
1582 3995 1696 4048 haec
1729 3997 1913 4063 posita,

396 4080 451 4122 et
481 4077 779 4130 necessario
825 4077 1175 4131 diﬁcrentiam
1222 4080 1579 4135 distinctionis
1617 4081 1774 4150 hujus
1800 4099 1917 4139 esse

397 4171 686 4228 servatam,
721 4166 858 4219 sicut
882 4181 999 4219 cum
1030 4166 1096 4219 de
1120 4166 1228 4219 Deo
1259 4165 1481 4234 loquens
1510 4169 1638 4222 dicit
1671 4187 1686 4222 :
1721 4189 1741 4222 ι
1777 4171 1918 4236 Quo-

397 4249 538 4302 niam
588 4266 654 4304 ex
707 4253 838 4320 ipso,
901 4263 957 4308 et
1011 4271 1106 4323 per
1152 4260 1406 4325 seipsum,
1439 4265 1492 4311 et
1539 4258 1590 4310 in
1646 4257 1760 4325 ipso
1793 4271 1916 4312 sunt

397 4340 575 4392 omnia
601 4341 663 4388 ".
710 4358 729 4392 ι
769 4343 833 4394 Et
878 4345 1069 4397 iterum
1123 4348 1247 4399 alibi
1307 4349 1474 4400 dicit:
1513 4364 1531 4396 ι
1573 4347 1723 4401 Sicut
1771 4351 1912 4403 enim

399 4427 588 4481 mulier
629 4445 692 4484 ex
749 4431 884 4493 viro,
921 4435 998 4487 sic
1038 4444 1092 4488 et
1125 4435 1204 4486 vir
1258 4451 1350 4504 per
1394 4435 1663 4490 mulierem
1698 4440 1916 4492 :omnia

398 4527 573 4570 autem
598 4535 660 4573 ex
693 4523 794 4574 Deo
821 4525 881 4577 ¹⁸.
913 4541 932 4574 ι
966 4523 1092 4576 Tale
1121 4534 1198 4576 est
1249 4533 1301 4575 et
1353 4527 1492 4592 quod
1519 4527 1584 4579 ad
1617 4525 1919 4580 Corinthios

397 4601 580 4654 scribit
610 4619 624 4655 :
659 4623 677 4656 ι
708 4606 811 4660 Alii
862 4609 1072 4676 quidem
1129 4623 1221 4676 per
1273 4608 1526 4678 Spiritum
1555 4611 1709 4664 datur
1741 4627 1916 4668 sermo

470 4738 912 4833 "Rgom;.1:t,‘§tl.
943 4743 1014 4833 _‘_’
1039 4743 1188 4833 l‘lont.
1220 4745 1442 4833 si,l§ii'._‘
1485 4745 1710 4833 1i’ulclor.
1738 4763 1813 4812 xl,
1841 4748 1927 4802 12.
1999 4749 2041 4780 "
2067 4748 2087 4802 ι
2115 4749 2238 4805 Cor.
2261 4768 2360 4818 xu,
2383 4757 2441 4816 8.
2513 4760 2564 4793 ³⁸
2592 4761 2755 4820 Joan.
2789 4778 2831 4833 ι,
2865 4769 2904 4824 3

400 4819 476 4870 ιι,
503 4808 591 4862 36.
663 4809 756 4863 "l
789 4809 910 4866 Cor.
941 4826 1017 4875 xl,
1047 4813 1131 4866 l2.

465 4927 541 4997 (εξ)
564 4928 721 4997 sum,
756 4945 775 4979 ι
812 4929 923 4984 Dei.
963 4948 983 4982 ι

467 4996 542 5065 (6)
568 4996 655 5050 Sic
678 5011 860 5050 omnes
893 5014 1018 5053 mss.
1055 5001 1239 5056 nostri.
1288 5001 1425 5055 Editi
1456 5015 1600 5064 vero,
1634 5015 1657 5053 ι
1687 5001 1820 5055 satis
1849 5001 1916 5056 de

402 5063 759 5132 hoc'angusta
805 5075 859 5137 et
898 5077 1043 5120 arcta
1075 5070 1345 5136 responsio
1385 5071 1450 5124 ab
1487 5063 1726 5137 apostolo
1754 5069 1915 5125 Paulo

403 5142 680 5197 praestatur
707 5146 722 5185 :
752 5135 886 5188 satis
915 5137 1146 5189 ostendit
1168 5135 1486 5192 sententiam
1514 5135 1686 5192 Suam.
1720 5155 1740 5189 υ

469 5198 544 5266 (7)
569 5200 672 5260 ΔΙ..
705 5218 725 5250 ι
758 5203 988 5268 objicere
1009 5243 1024 5265 .
1061 5223 1080 5256 ι
1110 5207 1266 5259 male.

473 5268 549 5399 es;
572 5269 740 5332 Alias,
770 5285 788 5318 ι
825 5285 958 5336 quos
980 5272 1066 5324 ille
1090 5273 1344 5328 animales
1367 5282 1540 5328 vocat.
1571 5290 1590 5324 ι

475 5331 528 5395 (9
576 5335 680 5397 ΑΙ.,
732 5353 753 5386 ι
803 5336 1056 5399 Superest
1114 5349 1172 5392 ut
1217 5343 1439 5396 unius...
1495 5357 1590 5396 non

475 5331 549 5399 (9)
576 5335 680 5397 AL,
803 5331 1056 5410 Superest
1114 5349 1172 5392 ut
1217 5343 1439 5396 unius...
1495 5357 1600 5396 non
1648 5354 1744 5394 nos
1788 5340 1915 5410 [al.,

414 5413 432 5445 ο
463 5412 674 5474 necatos
703 5401 750 5473 ο]
779 5401 948 5459 otiose
969 5416 1250 5473 praetereat
1278 5412 1402 5474 quid
1428 5411 1574 5464 dicit.
1611 5428 1630 5460 ι

476 5467 761 5537 (“DARE
795 5467 1178 5540 praepositionis
1206 5494 1226 5535 ι
1254 5467 1392 5532 nunc
1435 5495 1454 5529 ι
1487 5477 1847 5533 commulatio.
1892 5495 1913 5529 ο

1224 4813 1270 4845 ⁸⁵
1297 4814 1467 4868 Galat.
1502 4830 1575 4880 tv,
1602 4815 1658 4868 4.

1800 231 2110 291 ORIGENIS

3520 203 3621 260 956

1996 349 2288 418 sapientiae,
2341 344 2430 398 alii
2467 354 2648 397 sermo
2678 336 2940 394 scientiae
2993 327 3328 418 secundum
3366 320 3620 418 eumdem

2000 411 2281 506 spiritum,
2318 435 2403 488 alii
2449 433 2582 484 ﬁdes
2615 431 2670 482 in
2705 428 2906 481 eodem
2952 415 3301 506 Spiritu".
3353 430 3376 464 ι
3411 411 3498 506 Et.
3520 426 3621 464 non

1998 498 2142 581 solus
2174 498 2368 577 Paulus
2399 518 2678 590 apostolus
2700 516 2905 568 harum
2935 504 3403 590 distinctionum
3447 498 3625 590 obser-

1997 613 2206 667 vantias
2253 586 2558 675 tenet,‘sed
2599 615 2656 660 et
2699 603 2976 660 Joannes,
3015 595 3122 664 qui
3175 605 3314 646 cum
3345 589 3416 644 de
3453 586 3626 675 verbo

2000 700 2094 755 Dei
2136 699 2278 753 dicat
2302 673 2426 766 quia
2465 711 2487 746 ι
2536 691 2722 748 omnia
2749 702 2852 758 per
2879 686 3077 754 ipsum
3136 678 3300 731 facta
3336 681 3475 730 sunt
3505 673 3572 736 ”,
3603 690 3622 725 ι

1999 791 2160 842 vitam
2189 801 2294 840 non
2324 800 2419 855 per
2447 783 2648 851 ipsum,
2678 779 2775 833 sed
2800 777 2856 830 in
2886 775 3015 843 ipso
3053 770 3281 823 faetam
3317 777 3450 819 esse
3473 771 3630 817 testa-

2002 889 2107 941 tur,
2128 854 2356 931 dicens:
2385 891 2404 925 ι
2431 870 2582 938 Quod
2605 869 2814 922 factum
2843 874 2955 928 est,
2982 864 3046 917 in
3079 862 3216 929 ipso
3239 857 3360 910 vita
3387 863 3512 909 erat
3532 854 3626 907 ³⁸.»

2002 967 2067 1021 Et
2102 965 2354 1034 quoniam
2408 962 2635 1015 multum
2685 965 2774 1011 est
2823 964 2890 1008 ut
2913 967 2983 1008 ea
3019 965 3158 1020 quae
3195 959 3358 1001 nunc
3399 941 3631 1011 exempli

2003 1069 2162 1109 causa
2217 1052 2536 1123 protulimus
2566 1054 2948 1115 exponantur,
3009 1054 3259 1097 sensum
3297 1051 3501 1090 eorum
3543 1049 3633 1102 pro

2003 1153 2159 1212 captu
2192 1152 2380 1197 nostro
2407 1140 2647 1194 breviter
2674 1135 3043 1203 colligamus.
3081 1129 3237 1184 Cum
3274 1125 3513 1187 dicitur,
3533 1141 3553 1174 ι
3571 1137 3633 1176 ex

2003 1234 2140 1304 ipso,
2175 1252 2195 1286 ι
2227 1231 2522 1301 principale
2553 1227 2762 1296 aliquid
2805 1223 2983 1291 hujus
3018 1217 3473 1289 prmpositionis
3501 1216 3635 1268 indi-

2003 1325 2086 1377 cio
2134 1322 2342 1375 videtur
2375 1318 2608 1374 ostendi.
2647 1314 2786 1370 Cum
2821 1325 2963 1367 vero
3009 1327 3031 1360 ι
3067 1324 3181 1378 per
3238 1308 3428 1375 ipsum
3465 1321 3486 1356 ι
3520 1304 3637 1358 dici-

2005 1420 2111 1473 tur,
2137 1409 2406 1478 sequentis
2433 1419 2633 1466 causte,
2663 1403 2720 1456 id
2758 1410 2849 1456 est
2906 1399 3050 1468 ejus
3089 1413 3229 1465 quae
3262 1403 3396 1464 post
3443 1393 3637 1461 princi-

2006 1500 2175 1569 palem
2226 1507 2331 1559 est,
2389 1493 2747 1564 intelligentia
2802 1491 3168 1560 designatur
3201 1485 3351 1554 (ll).
3385 1483 3458 1538 Ut
3491 1482 3636 1539 verbi

2006 1604 2168 1643 causa
2195 1587 2436 1641 dicamus
2465 1586 2608 1654 quod
2648 1583 2746 1647 ait,
2783 1600 2804 1633 ι
2836 1581 2922 1636 Ex
2951 1581 3120 1648 ipso,
3143 1587 3206 1632 et
3233 1592 3340 1644 per
3369 1577 3568 1640 ipsum,
3587 1583 3638 1628 et

2000 1679 2050 1730 in
2082 1679 2195 1744 ipso
2218 1682 2338 1728 sunt
2375 1675 2554 1727 omnia
2575 1673 2620 1703 ¹²
2641 1690 2656 1725 :
2679 1686 2810 1723 ι-ι
2835 1683 2906 1722 ex
2930 1669 3098 1736 ipso,
3123 1685 3145 1718 ι
3173 1666 3382 1734 primae
3412 1664 3638 1718 creatio-

2006 1767 2088 1819 nis
2114 1765 2373 1827 omnium,
2400 1773 2456 1817 et
2486 1764 2591 1816 hoc
2618 1763 2801 1830 ipsum
2829 1759 2995 1828 quod
3033 1772 3175 1826 qua:
3215 1763 3376 1819 sunt,
3415 1771 3482 1810 ex
3529 1754 3632 1808 Deo

2004 1871 2123 1910 esse
2151 1864 2454 1923 coeperunt,
2479 1850 2922 1920 signiﬁcantiam
2957 1848 3180 1905 dedit;
3213 1865 3234 1897 ι
3269 1860 3374 1913 per
3397 1845 3588 1913 ipsum,
3613 1859 3632 1894 ι

2005 1946 2140 2013 quod
2168 1959 2229 1997 ea
2259 1957 2376 2010 quae
2418 1942 2568 2010 prius
2615 1938 2768 1993 facta
2811 1937 3090 1998 fuerant,
3137 1947 3424 2005 reguntur
3453 1944 3508 1988 et
3533 1935 3634 1989 dis-

2005 2043 2291 2102 pensantur
2329 2047 2424 2100 per
2449 2047 2571 2086 eum
2624 2046 2653 2083 a
2687 2043 2801 2096 quo
2856 2027 3247 2082 subsistendi
3287 2026 3508 2081 initium
3533 2035 3633 2078 tra-

2005 2124 2168 2189 bunt;
2209 2141 2226 2174 ‹
2261 2123 2314 2176 in
2369 2123 2504 2190 ipso,
2544 2140 2565 2173 ι
2604 2120 2751 2188 quod
2808 2118 2869 2172 hi
2941 2118 3053 2185 qui
3104 2116 3234 2184 jam
3302 2115 3537 2172 correcti
3585 2125 3634 2169 et

2005 2212 2268 2268 emendati
2295 2220 2439 2276 sunt,
2468 2211 2522 2263 in
2553 2210 2724 2279 ipsius
2755 2206 3145 2276 perfectione
3183 2207 3523 2262 consistunt.
3551 2205 3631 2258 Sic

2005 2317 2130 2370 ergo
2168 2303 2277 2355 haec
2324 2301 2650 2367 plenissima:
2708 2302 2961 2355 rationis
3025 2309 3241 2354 tenere
3306 2295 3632 2351 diﬂ’erentias

2005 2390 2289 2444 edocentur
2315 2390 2448 2459 (12),
2508 2398 2566 2444 ut
2617 2390 2767 2458 quod
2825 2391 3254 2454 subsistimus,
3291 2406 3312 2439 ι
3347 2401 3420 2441 ex
3478 2385 3626 2439 Deo:

2009 2478 2203 2532 habere
2254 2478 2499 2532 dicamur
2547 2477 2744 2546 :quod
2798 2479 3240 2546 dispensamur
3293 2484 3353 2532 et
3384 2475 3627 2543 regimur,

2013 2589 2032 2622 ι
2072 2582 2168 2639 per
2197 2569 2366 2637 ipsum
2389 2587 2409 2620 ι
2438 2569 2555 2622 ﬁeri
2585 2569 2960 2638 designetur:
2993 2573 3164 2636 quod
3199 2581 3338 2621 vero
3362 2566 3415 2619 in
3432 2579 3625 2618 summa

2009 2659 2350 2726 perfectionis
2371 2659 2744 2723 consistimus,
2772 2677 2792 2708 ι
2835 2657 2894 2711 in
2930 2657 3074 2726 ipso
3103 2677 3124 2710 ι
3151 2672 3288 2712 esse
3309 2655 3624 2711 declaretur.

2010 2748 2191 2803 Potest
2219 2759 2273 2802 et
2301 2749 2353 2800 in
2393 2748 2650 2816 prmsenti
2688 2747 2814 2802 loco
2859 2748 3010 2804 talis
3064 2749 3342 2818 quadam
3370 2743 3625 2802 observari

2012 2838 2324 2902 diﬁ'erentia,
2342 2848 2398 2891 ut
2417 2838 2768 2892 circumcisio
2787 2853 2924 2907 qua:
2943 2839 3122 2894 velut
3140 2840 3332 2909 primo
3351 2838 3464 2893 loco
3486 2847 3627 2891 etor-

2015 2927 2566 2994 dinejustiﬁcatur,ex
2585 2927 2710 2990 ﬁde,
2729 2937 2787 2980 et
2811 2943 2931 2981 non
2959 2944 3075 2997 per
3105 2930 3282 2984 ﬁdem
3300 2925 3623 2996 justiﬁcanda

2013 3026 2334 3070 memoretur
2375 3032 2388 3068 :
2437 3017 2763 3085 praeputium
2815 3033 2970 3072 vero
3028 3021 3196 3088 quod
3238 3019 3480 3074 secundo
3520 3017 3624 3071 loco

2013 3107 2076 3159 ad
2126 3104 2563 3172 justiﬁeationem
2632 3106 2926 3172 trahitur,
2991 3125 3120 3163 non
3184 3125 3257 3164 ex
3333 3110 3469 3174 ﬁde,
3541 3107 3620 3161 sed

2013 3193 2170 3262 519
2197 3208 2290 3261 per
2315 3193 2469 3247 ﬁdem
2496 3192 2928 3262 iustiﬁcandum
2963 3198 3243 3256 dicatur.
3285 3202 3423 3255 Puto
3467 3207 3624 3252 autem

2011 3284 2153 3352 quod
2187 3291 2240 3337 et
2284 3281 2337 3336 in
2379 3295 2441 3336 ea
2496 3281 2837 3349 differentia,
2883 3301 3085 3356 quam
3142 3307 3322 3362 supra
3374 3293 3622 3346 diximus:

2019 3389 2037 3422 ι
2067 3371 2218 3425 Sicut
2242 3371 2384 3424 enim
2428 3372 2624 3426 mulier
2657 3387 2728 3428 ex
2760 3374 2917 3440 viro,
2963 3377 3058 3433 ita
3093 3390 3154 3435 et
3209 3383 3302 3435 vir
3336 3397 3432 3450 per
3460 3378 3625 3434 mulie-

2013 3475 2123 3513 rem
2141 3460 2249 3522 η.»
2295 3459 2503 3528 plenius
2541 3461 2646 3515 ista
2694 3462 3129 3532 designentur.
3200 3469 3395 3525 Primo
3452 3469 3624 3525 etenim

2012 3548 2128 3604 loco
2169 3549 2253 3601 vir
2281 3557 2385 3616 est,
2412 3564 2480 3629 ex
2527 3563 2637 3618 quo
2684 3550 3074 3612 descendere
3103 3561 3322 3615 mulier
3347 3561 3553 3622 dicitur,
3580 3563 3626 3609 et

2013 3652 2117 3689 non
2145 3651 2240 3705 per
2267 3638 2460 3690 virum.
2487 3637 2740 3692 Secundo
2765 3654 2912 3696 vero
2951 3645 3019 3699 in
3062 3647 3198 3704 loco
3240 3664 3345 3719 per
3376 3649 3624 3703 mulierem

2013 3727 2281 3794 vir;quia
2331 3725 2525 3780 mulier
2579 3728 2912 3788 ministrare
2962 3739 3414 3803 quodammodo
3444 3738 3629 3790 videtur

2015 3816 2218 3870 auctori
2249 3815 2384 3881 viro,
2415 3824 2471 3870 et
2519 3816 2643 3871 ideo
2684 3832 2786 3886 per
2823 3823 3163 3882 mulierem
3197 3829 3293 3884 vir
3335 3831 3529 3884 dicitur
3550 3840 3631 3879 na-

2014 3907 2110 3972 sci,
2128 3913 2182 3958 et
2209 3919 2313 3957 non
2334 3918 2398 3957 ex
2426 3903 2675 3960 muliere.
2697 3906 2812 3961 Sed
2841 3908 3142 3971 fortassis
3167 3928 3437 3973 occurrat
3462 3914 3632 3982 aliquit

2017 3994 2136 4048 huic
2171 3993 2236 4046 de
2273 3992 2496 4046 muliere
2528 4001 2585 4045 et
2631 3993 2755 4049 viro
2787 4003 3180 4066 expositioni
3223 4000 3450 4068 nostrae,
3475 4013 3524 4059 et
3551 4001 3633 4056 ob-

2009 4083 2163 4149 jieiat
2190 4079 2339 4141 illud,
2369 4081 2511 4149 quod
2546 4081 2685 4136 dixit
2715 4085 3053 4154 Apostolus
3080 4094 3160 4147 de
3196 4095 3462 4150 Christo:
3497 4112 3515 4146 ι
3538 4091 3629 4146 1⁵η--

2014 4179 2158 4223 ctum
2187 4184 2252 4222 ex
2287 4169 2532 4236 muliere,
2565 4170 2772 4225 factum
2803 4175 2919 4230 sub
2950 4178 3091 4250 lege
3110 4183 3205 4250 ἰς
3239 4203 3261 4238 ι
3287 4195 3469 4240 etnon
3496 4184 3632 4246 dixit,

2017 4257 2216 4310 factum
2236 4271 2332 4324 per
2359 4257 2663 4316 mulierem.
2693 4261 2798 4316 Cui
2829 4265 2948 4321 hoc
2987 4273 3179 4328 modo
3207 4272 3633 4343 respondendum

2018 4355 2160 4416 puto.
2187 4345 2262 4400 De
2299 4347 2444 4401 omni
2484 4351 2704 4418 quidem
2737 4353 2986 4414 homine
3019 4367 3346 4422 conveniet
3381 4365 3482 4421 dici
3509 4361 3634 4432 quod

2017 4450 2110 4504 per
2135 4436 2410 4525 mulierem
2432 4437 2615 4494 factus
2637 4441 2730 4508 sit,
2748 4449 3040 4512 quoniam
3067 4456 3316 4522 quidem
3340 4459 3636 4525 priusquam

2017 4537 2112 4590 per
2138 4523 2413 4579 mulierem
2435 4540 2785 4596 nasceretur,
2809 4547 2881 4588 ex
2907 4539 3041 4595 viro
3071 4547 3309 4615 accepit
3327 4523 3597 4603 exordium
3621 4559 3636 4608 ἱ

2018 4613 2265 4671 Christus
2297 4631 2446 4684 vero,
2483 4624 2578 4690 qui
2615 4641 2722 4680 non
2756 4641 2827 4682 ex
2859 4635 3102 4691 semine
3159 4613 3274 4695 viri
3320 4641 3503 4696 carnis
3539 4651 3640 4692 sua:

2911 4809 2930 4826 .
3009 4773 3060 4806 ¹¹
3100 4777 3248 4833 ibid.
3272 4778 3334 4834 6.
3414 4780 3460 4810 ²¹
3491 4778 3638 4830 Rom.

2019 4929 2297 5020 Rullianus,
2319 4945 2793 5020 :rprgpositionis
2835 4968 2854 5002 ι
2886 4965 2988 5020 per
3016 4970 3037 5004 ι
3075 4962 3478 5017 commutatio.
3514 4980 3534 5014 ι

2087 4997 2802 5098 ρῇςθᾱθξβὺςιῖίὲξῇξίξ
2835 4997 2918 5098 ef
3514 4997 3637 5095 'post

2020 5069 2485 5165 Rﬂ'ﬂlflg‘est,
2539 5069 2907 5160 nauigaui.
2954 5069 3342 5165 assignat.)
3369 5069 3637 5153 Ἶᾟᾶἷέἶ

2019 5135 2263 5238 3:22:93:
2291 5135 2532 5238 νῗτξδίς,
2570 5135 2862 5238 quiest
2900 5135 3634 5238 ιπίιιὲίὗε,ῐὲ”’ίὶιὶειῖίε“ἑιῖἰὲ;.

2019 5205 2292 5324 ἶὲεχεέξηει,
2332 5229 2354 5265 ι
2393 5205 2610 5287 rectius|

2023 5424 2041 5458 ε
2077 5339 2340 5466 έᾶξξξίθ
2385 5365 2648 5432 Poliorcs
2690 5389 2818 5432 mss.
2864 5371 3035 5429 nostri
3073 5378 3128 5426 et
3174 5369 3473 5429 Rabanus.
3532 5374 3635 5438 AL,

2273 5434 2389 5466 11111·
2463 5454 2482 5466 ι

2182 5428 2412 5485 cemur.
2463 5454 2484 5489 ι

2665 5234 2757 5288 alii
2802 5245 2940 5287 mss.
2985 5233 3167 5287 nostri
3232 5245 3298 5308 μι
3347 5237 3406 5290 in
3446 5233 3637 5292 'nostro
