3836 6226
380 264 484 321 959

377 483 433 526 et
467 471 600 523 ﬁlius
624 466 712 534 qui
741 463 1020 531 aliquando
1054 461 1183 514 nihil
1226 460 1504 513 dill‘erebat
1529 475 1557 511 a
1586 473 1760 522 servo,
1795 457 1902 510 hae-

378 576 465 614 res
492 559 661 610 factus
681 563 762 607 est
789 561 1022 621 paternae
1047 550 1376 603 substantiae.
1407 549 1555 614 Quod
1588 559 1763 601 autem
1789 547 1902 599 haec

377 651 447 704 ita
473 648 582 717 (2l)
611 646 839 699 debeant
875 640 1096 708 intelligi
1124 654 1243 708 qua:
1295 639 1616 692 destruenda
1671 635 1903 705 appellat

375 735 678 805 Apostolus,
702 730 1138 785 consuetudinem
1167 728 1284 795 ejus
1323 741 1486 793 super
1519 727 1618 778 hoc
1648 724 1901 778 vocabulo

375 828 530 880 etiam
565 825 615 876 in
655 823 776 874 aliis
808 822 972 880 disce,
1001 820 1086 870 ubi
1135 819 1296 871 dicit:
1334 835 1352 867 ι
1381 818 1455 869 Ex
1499 825 1646 884 parte
1677 817 1898 878 scimus,

375 925 424 968 et
450 929 513 966 ex
550 921 697 980 parte
727 910 1126 978 prophetamus.
1154 908 1284 960 Cum
1316 918 1493 959 autem
1523 906 1723 959 venerit
1757 907 1898 973 quod

374 1004 658 1070 perfectum
677 1009 777 1064 est,
796 1001 1134 1051 destruentur
1157 1012 1220 1051 ea
1250 1011 1366 1065 qua:
1393 1012 1455 1050 ex
1486 1006 1636 1062 parte
1653 1005 1778 1048 sunt
1797 996 1858 1047 ³⁷.
1875 1013 1893 1044 ι

373 1093 437 1145 Ει
459 1092 511 1144 in
547 1092 644 1143 hoc
670 1089 785 1143 loco
814 1088 1036 1145 scientia
1069 1087 1216 1141 Pauli
1257 1087 1340 1139 vel
1371 1087 1648 1155 prophetia
1698 1084 1896 1138 destrui

371 1181 566 1234 dicitur
589 1181 793 1247 absque
845 1179 1037 1244 injuria
1071 1177 1374 1244 apostolica
1399 1177 1584 1246 gratiae
1613 1191 1625 1226 :
1658 1191 1762 1243 quo
1794 1175 1898 1228 sci-

371 1269 496 1322 licet
547 1269 906 1337 intelligamus
955 1267 1018 1320 atl
1070 1266 1518 1333 comparationem
1544 1264 1898 1332 perfecturum

369 1371 565 1413 vacare
593 1369 647 1410 et
676 1359 844 1411 otiosa
875 1371 992 1410 esse
1029 1371 1091 1411 ea
1128 1371 1245 1423 quae
1290 1353 1598 1423 imperfecta
1640 1362 1779 1406 sunt.
1822 1351 1898 1407 Ita

369 1461 496 1514 ergo
528 1456 582 1500 et
609 1447 662 1499 in
693 1446 940 1513 praesenti
983 1460 1234 1499 sermone
1263 1444 1456 1497 Paulus
1487 1443 1698 1510 quidem
1731 1441 1896 1511 legem

371 1551 477 1590 non
511 1535 765 1594 destruit.
816 1533 908 1588 sed
959 1534 1256 1588 conlirmat.
1287 1533 1467 1587 Gloria
1497 1544 1670 1585 autem
1700 1529 1898 1584 Christi

367 1642 487 1681 cum
509 1625 745 1679 revelata
780 1625 961 1686 fuerit,
985 1640 1101 1678 eam
1132 1624 1357 1690 gloriam
1393 1636 1511 1691 qua:
1551 1620 1803 1689 apparuit
1844 1620 1897 1672 in

1802 246 2112 303 ORIGENIS

373 383 482 451 jam
504 393 635 448 opus
655 376 781 444 legis
812 391 832 420 ο
857 373 943 427 ubi
972 370 1188 425 advenit
1214 368 1488 438 plenitudo
1525 367 1776 434 temporis
1793 367 1858 428 ³⁸,
1880 382 1898 413 ι
1931 373 1976 426 Α
2004 367 2142 434 quod
2183 363 2306 419 alibi
2346 361 2546 416 dicitur
2592 376 2607 412 :

3525 224 3623 279 960

2659 355 2860 410 «Illum
2911 353 3155 418 oportet
3205 356 3496 402 crescere,
3543 358 3621 396 me

2004 433 2180 511 autem
2207 455 2369 508 minui
2391 454 2470 516 '9;
2502 469 2522 502 ι
2553 459 2612 504 et
2638 446 2786 516 quod
2818 444 2950 511 ipse
2984 437 3206 492 Paulus
3235 434 3380 488 dicit
3410 451 3425 487 :
3450 451 3470 484 t
3493 433 3619 486 Cum

2003 557 2179 599 autem
2213 543 2386 594 factus
2419 556 2540 594 sum
2585 539 2692 598 vir,
2727 531 2990 590 destruxi
3037 543 3174 598 quze
3221 534 3393 578 erant
3436 539 3624 591 parvu-

2004 634 2161 688 li".i
2201 631 2311 684 Hoc
2353 629 2594 683 Ostendit
2636 635 2693 681 et
2736 620 3068 678 similitudo
3120 615 3449 687 pmdagogi,
3477 614 3624 686 cujus

2003 739 2136 792 opus
2170 722 2463 775 destruitur
2485 729 2537 772 et
2567 725 2751 772 cessat
2781 729 2912 768 cum
2945 711 3021 764 ad
3049 708 3380 778 perfectam
3423 713 3626 756 a-tatem

2003 815 2216 867 venerit
2244 810 2525 879 parvulus.
2575 807 2882 874 Propterea
2922 815 3074 869 ergo
3109 796 3452 853 cautissime
3503 796 3630 849 dixit

2003 902 2335 971 Apostolus:
2394 917 2413 950 t
2461 899 2634 966 legem
2676 910 2811 962 ergo
2862 891 3241 946 destruimus
3291 901 3396 953 per
3447 884 3630 938 ﬁdem?

2001 992 2250 1046 Absit“!
2289 1009 2306 1041 ι
2341 998 2414 1052 et,
2449 1004 2554 1040 non
2598 986 2780 1038 dixit:
2837 983 2931 1037 lex
2994 995 3148 1048 ergo
3196 975 3520 1030 destruitur
3546 991 3630 1038 per

2005 1083 2187 1142 ﬁdem,
2218 1083 2307 1135 sed
2344 1099 2357 1134 :
2425 1099 2443 1130 ι
2470 1080 2642 1146 legcm
2671 1091 2807 1144 ergo
2842 1067 3266 1126 destruitnus?
3298 1085 3319 1118 ι
3356 1064 3430 1118 Et
3456 1080 3631 1118 rursus

2005 1173 2056 1226 in
2086 1170 2437 1239 Sequentibtts
2468 1187 2481 1222 :
2515 1186 2534 1218 ι
2561 1165 2713 1230 Νοιι;
2751 1165 2850 1219 sed
2884 1161 3082 1231 legem
3112 1157 3487 1212 statuimus.»
3510 1154 3629 1209 Nam

2003 1271 2057 1316 et
2087 1261 2131 1314 si
2171 1260 2466 1312 destruitur
2500 1257 2609 1320 lex,
2645 1270 2754 1308 non
2800 1267 2905 1321 per
2941 1249 3131 1303 ﬁdem
3177 1246 3522 1309 destruitur,
3550 1248 3632 1300 sed

2004 1366 2100 1419 per
2129 1348 2622 1416 supereminentem
2653 1343 2914 1412 gloriam.
2945 1341 3075 1394 Per
3111 1337 3293 1392 ﬁdem
3324 1345 3510 1390 autem
3534 1351 3630 1390 non

2005 1441 2177 1494 solum
2209 1455 2313 1493 non
2343 1438 2642 1492 destruitur
2672 1434 2784 1497 lex,
2817 1433 2919 1487 sed
2968 1429 3269 1484 statuitur
3295 1443 3395 1497 per
3429 1438 3634 1494 aposto-

2002 1528 2082 1583 los
2123 1539 2176 1582 et
2223 1528 2614 1582 conﬁrmatur:
2646 1524 2778 1592 quia
2835 1521 3162 1576 Christum
3219 1531 3391 1585 quem
3450 1517 3534 1570 lex
3586 1524 3634 1569 et

2004 1620 2280 1688 propheta:
2332 1629 2624 1671 venturum
2691 1613 3137 1683 praedixerunt,
3181 1609 3278 1662 isti
3344 1609 3631 1676 praedicant

370 1715 569 1783 Moyse,
594 1723 650 1768 et
673 1728 737 1768 ex
765 1729 867 1781 qtta
897 1713 1224 1782 gloriﬁcatus
1253 1711 1446 1773 fuerat,
1477 1711 1589 1777 ipsa
1616 1723 1899 1781 compara;
1931 1699 1972 1754 Β
1995 1709 2104 1776 jam
2132 1708 2346 1763 venisse
2378 1725 2393 1761 :
2425 1717 2479 1762 et
2501 1703 2862 1759 conﬁrmatio
2901 1701 3123 1770 utique
3181 1698 3504 1770 prophetia:
3554 1697 3628 1750 vel

371 1807 516 1857 tione
541 1804 622 1857 sui
657 1819 760 1872 qua
789 1802 1172 1866 supereminet,
1206 1811 1259 1854 et
1300 1801 1568 1862 confutat,
1603 1810 1659 1851 et
1700 1798 1896 1866 arguit,

370 1901 422 1946 et
445 1892 679 1946 ostendit
707 1906 803 1946 nec
826 1891 1049 1960 gloriam
1092 1892 1522 1959 ωιιιριιιςιιιιιειιη.
1574 1888 1702 1942 Tale
1733 1898 1814 1942 est
1844 1895 1900 1941 et

2002 1797 2136 1866 legis
2182 1807 2284 1861 est,
2314 1812 2436 1852 cum
2461 1810 2580 1864 qua:
2605 1793 2883 1864 praedicta
2940 1790 3220 1855 fuerant,
3262 1796 3630 1844 monstrantur

2001 1885 2235 1952 impleta.

370 2029 3596 2063 _______________________________________________.

1462 2222 1804 2309 LIBER
1875 2211 2455 2316 QUARTUS.

439 2595 493 2649 I.
524 2611 543 2645 t
572 2593 710 2660 Quid
739 2608 867 2662 ergo
895 2594 1132 2646 dicemus
1172 2591 1442 2646 invenisse
1487 2590 1752 2642 Abraham
1805 2605 1901 2657 pa-

369 2692 505 2736 trem
555 2693 794 2734 nostrum
845 2683 1133 2734 secundum
1181 2680 1434 2733 carnem?
1481 2677 1536 2732 Si
1567 2681 1708 2731 enim
1740 2681 1904 2730 Abra-

368 2769 491 2824 ham
537 2786 602 2824 ex
659 2771 910 2838 operibus
946 2769 1269 2836 justiﬁcatus
1312 2778 1420 2830 est,
1464 2769 1624 2822 habet
1653 2768 1895 2838 gloriam,

368 2859 461 2914 sed
507 2873 610 2912 non
650 2859 788 2926 apud
827 2861 1012 2914 Deum.
1045 2859 1184 2925 Quid
1226 2858 1368 2912 enim
1400 2856 1676 2926 Scriptura
1715 2857 1893 2912 dicit?

367 2945 603 3000 Credidit
634 2947 902 3000 Abraham
956 2948 1097 3013 Deo,
1152 2957 1208 3001 et
1258 2955 1555 3016 reputatunt
1603 2954 1686 3000 est
1732 2946 1804 3000 illi
1831 2946 1896 3000 ad

2001 2584 2136 2650 Quia
2165 2603 2183 2634 ε
2224 2583 2458 2638 credidit
2484 2582 2769 2637 Abraham
2806 2584 2954 2647 Deo,
2993 2591 3060 2638 et
3093 2591 3424 2651 reputatum
3448 2592 3527 2636 est
3557 2582 3625 2636 ili

2001 2677 2065 2727 ad
2087 2675 2352 2742 justitiam
2382 2675 2450 2729 “.
2481 2695 2498 2726 ι
2531 2674 2686 2740 Quod
2717 2677 2764 2729 si
2809 2674 2970 2728 Deus
3013 2675 3318 2744 reputavit
3349 2673 3424 2728 illi
3451 2674 3514 2728 ad
3547 2674 3627 2742 ju-

1999 2765 2226 2828 stitiam,
2258 2766 2376 2819 sine
2401 2765 2567 2819 dubio
2616 2775 2674 2819 et
2720 2765 2908 2836 gloria
2943 2765 3092 2832 ejus
3135 2766 3292 2835 apud
3334 2765 3495 2819 Deum
3527 2776 3622 2820 est.

1998 2853 2286 2924 Propterea
2313 2870 2444 2924 ergo
2479 2856 2783 2924 Apostolus
2815 2858 3186 2911 testimonio
3227 2857 3364 2911 huic
3385 2857 3522 2926 quod
3545 2870 3626 2912 at-

1998 2947 2225 3014 sumpsit
2251 2961 2315 3000 ex
2343 2945 2481 2998 libro
2501 2945 2736 3000 Genesis
2755 2947 3042 3017 adjungit
3077 2958 3139 3003 et
3170 2963 3490 3003 sermonem
3507 2963 3620 3017 pro-

362 3031 647 3100 justitiam.
677 3033 736 3087 Ei
773 3046 947 3088 autem
976 3036 1065 3104 qui
1092 3047 1364 3104 operatur,
1392 3050 1596 3091 merces
1641 3051 1744 3089 non
1801 3036 1898 3089 im-
1924 3021 1965 3078 Β
1999 3035 2192 3102 prium,
2211 3043 2262 3087 et
2284 3033 2414 3087 dicit
2440 3034 2565 3101 quia
2588 3052 2607 3085 ι
2632 3035 2682 3087 ei
2706 3037 2804 3103 qui
2824 3049 3155 3104 operatur,
3173 3053 3399 3092 merces
3415 3053 3512 3091 nou
3532 3037 3622 3090 im-

367 3134 584 3193 putatur
610 3127 900 3178 secundum
931 3129 1178 3196 gratiam,
1205 3127 1298 3181 sed
1326 3127 1617 3181 secundum
1637 3127 1898 3179 debitum.

368 3213 426 3266 Ei
456 3229 580 3269 vero
606 3218 696 3283 qui
729 3232 830 3270 non
860 3230 1134 3286 operatur,
1159 3220 1327 3272 credit
1351 3229 1530 3271 autem
1566 3217 1618 3268 in
1651 3230 1774 3268 eum
1804 3216 1898 3286 qui

361 3303 618 3370 jttstiﬁcat
648 3306 887 3374 impium,
920 3315 1191 3374 reputatur
1221 3307 1352 3362 ﬁdes
1367 3309 1484 3374 ejus
1517 3308 1582 3360 ad
1610 3306 1895 3375 justitiam.

369 3391 518 3445 Sicut
537 3403 589 3446 et
618 3393 779 3448 David
801 3395 932 3449 dicit
956 3397 1335 3451 beatitudinem
1359 3397 1616 3460 hominis,
1648 3397 1735 3450 cui
1760 3396 1898 3450 Deus

367 3490 584 3548 accepto
605 3481 708 3536 fert
759 3482 1021 3550 justitiam
1067 3487 1181 3539 sine
1205 3488 1472 3554 cperibus.
1494 3485 1643 3538 Beati
1673 3499 1896 3553 quorum

368 3567 600 3622 remissa:
628 3577 751 3621 sunt
798 3569 1127 3637 iniquitates,
1151 3579 1204 3624 et
1219 3587 1441 3639 quorum
1466 3581 1602 3627 tecta
1636 3582 1898 3640 suutpec-

366 3665 510 3712 cata.
532 3655 728 3712 Beatus
761 3658 842 3709 vir
868 3659 954 3711 cui
979 3673 1083 3712 non
1109 3660 1389 3728 imputavit
1412 3660 1673 3716 Dominus
1705 3677 1898 3726 pecca-

369 3753 476 3797 tum
494 3745 557 3797 “.
572 3764 589 3796 ι
609 3746 738 3800 Cum
757 3749 1057 3815 superius“
1077 3749 1212 3803 duas
1226 3754 1561 3819 pr0posuerit
1579 3752 1743 3819 leges.
1766 3767 1895 3817 qua-

369 3851 483 3889 rum
508 3852 667 3889 unam
684 3839 1102 3906 Operttm,aliam
1134 3841 1251 3893 ﬁdei
1283 3841 1597 3905 nominavit,
1620 3857 1711 3908 per
1739 3855 1896 3907 quam

369 3925 536 3993 legem
570 3925 688 3980 ﬁdei
714 3929 922 3982 excludi
959 3929 1327 3994 gloriatioaem
1360 3930 1697 3983 diciteorum
1724 3929 1813 3996 qui
1848 3930 1897 3982 in

368 4016 501 4084 legis
552 4018 806 4084 operibus
859 4019 1184 4084 gloriantur;
1217 4028 1272 4074 et
1316 4018 1744 4088 pronuntiaverit
1796 4019 1898 4071 ﬁde

367 4104 520 4174 52],
542 4107 818 4174 justiﬁcari
857 4109 1120 4163 hominem
1142 4111 1257 4163 siue
1280 4109 1528 4176 operibus
1554 4108 1686 4174 legis
1714 4127 1727 4161 :
1755 4123 1889 4160 con-

367 4206 648 4262 sequenter
696 4212 836 4251 nunc
868 4209 926 4252 ut
959 4200 1069 4253 haec
1103 4201 1166 4252 de
1214 4199 1511 4266 Scripturis
1557 4207 1895 4257 asserantur,

1998 3131 2216 3191 putatur
2244 3122 2537 3174 secundum
2563 3125 2830 3192 gratiam,
2861 3127 2974 3180 sed
2999 3130 3337 3182 secundum
3357 3129 3615 3189 debitum;

1998 3215 2046 3268 ei
2070 3229 2198 3268 vero
2232 3215 2321 3282 qui
2353 3230 2458 3269 non
2483 3224 2774 3283 operatur,
2809 3220 3024 3273 credit
3063 3231 3265 3276 autem
3316 3221 3372 3276 in
3401 3236 3518 3276 eum
3543 3219 3623 3289 qui

1993 3301 2256 3371 justillcat
2305 3305 2555 3373 impium,
2615 3317 2927 3374 reputatur
2983 3311 3144 3366 ﬁdes
3193 3313 3322 3382 ejus
3370 3310 3622 3378 ad'jtlsti-

2003 3394 2126 3446 tiam
2155 3393 2219 3446 “.
2253 3412 2271 3443 ι
2302 3393 2402 3447 Per
2428 3408 2646 3448 omnem
2676 3395 2878 3465 itaque
2918 3399 3098 3456 hunc
3135 3403 3330 3457 locum
3363 3401 3623 3473 Apostolus

1999 3485 2098 3537 hoc
2133 3483 2342 3536 videtur
2369 3484 2684 3549 ostendere,
2711 3489 2869 3557 quod
2921 3491 3074 3546 duae
3112 3495 3382 3563 quaedam
3413 3495 3517 3548 sint
3544 3491 3621 3558 ju-

1999 3573 2373 3636 stiﬁcationes,
2419 3589 2647 3641 quarum
2687 3592 2862 3630 unam
2897 3594 2978 3633 ex
3035 3585 3331 3653 operibus
3365 3584 3615 3644 nominat.

1996 3662 2154 3715 aliam
2180 3677 2307 3716 vero
2339 3678 2404 3716 ex
2448 3664 2573 3717 ﬁde.
2610 3664 2677 3717 Et
2709 3666 2864 3720 illam
2909 3673 3176 3738 quidem
3207 3691 3337 3745 qua:
3360 3691 3427 3729 ex
3467 3674 3620 3743 operi-

1999 3753 2096 3803 bus
2124 3763 2224 3813 est,
2253 3753 2382 3804 dicit
2411 3753 2610 3805 habere
2633 3755 2862 3820 quidem
2893 3762 3199 3829 gloriam,
3229 3766 3330 3821 sed
3364 3767 3416 3820 in
3448 3773 3623 3819 semet-

1998 3840 2110 3906 ipsa
2136 3877 2152 3902 ,
2185 3849 2237 3892 et
2272 3856 2374 3891 non
2409 3846 2547 3909 apud
2595 3843 2769 3896 Deum
2813 3862 2830 3910 ;
2879 3850 3060 3907 illaut
3097 3871 3242 3910 vero
3287 3872 3412 3924 qua:
3440 3871 3501 3909 ex
3534 3853 3624 3907 lida

1997 3941 2101 3995 est,
2129 3930 2328 3984 habere
2359 3931 2585 4000 gloriam
2611 3937 2755 4002 apud
2792 3939 3018 4006 Deum,
3061 3956 3273 4014 utpote
3300 3948 3444 4017 apud
3473 3945 3624 4014 inspi-

1998 4021 2226 4072 cientem
2258 4022 2419 4074 corda
2457 4023 2769 4089 hominum,
2813 4038 2876 4082 et
2929 4034 3244 4092 scientem
3273 4040 3400 4108 quis
3433 4046 3512 4092 est
3545 4035 3625 4104 qui

2002 4109 2174 4161 credit
2209 4108 2262 4162 in
2297 4110 2512 4164 occulto
2540 4152 2556 4177 ,
2593 4121 2649 4167 et
2681 4117 2811 4184 quis
2871 4132 2972 4176 est
3017 4128 3128 4195 qui
3168 4143 3287 4182 non
3338 4129 3529 4184 credit.
3570 4125 3628 4179 Et

1997 4196 2115 4288 ideo
2160 4201 2370 4288 merito
2434 4203 2576 4268 apud
2627 4205 2806 4259 solum
2863 4211 3066 4268 Deum
3133 4219 3317 4273 habet
3373 4219 3625 4288 gloriam,

366 4287 594 4340 Abrahae
624 4288 868 4353 producit
899 4290 1233 4356 exemplum,
1263 4299 1318 4341 et
1346 4289 1474 4342 dicit
1509 4289 1631 4356 quia
1672 4307 1690 4338 ι
1724 4288 1896 4340 Abra-
1929 4335 1970 4386 D
1997 4287 2085 4353 qui
2117 4286 2362 4340 aﬂ‘ectum
2411 4291 2531 4343 ﬁdei
2583 4293 2704 4360 ejus
2762 4302 3051 4365 pervidet
3109 4309 3236 4378 (24)
3277 4311 3334 4363 in
3369 4286 3625 4363 occultis:

367 4378 508 4437 ham,
537 4379 579 4430 si
633 4395 696 4430 ex
741 4379 992 4445 operibus
1034 4377 1355 4446 jnstiﬁcatus
1400 4388 1526 4441 est,
1577 4378 1737 4431 habet
1783 4376 1896 4444 glo-

368 4466 501 4516 riam
538 4465 670 4534 (22),
704 4468 795 4519 sed
836 4482 938 4519 non
972 4469 1108 4536 apud
1142 4467 1304 4522 Deum
1331 4467 1397 4521 “.
1429 4488 1446 4520 ι
1486 4469 1634 4531 Quod
1679 4467 1892 4534 quidem

368 4567 472 4605 non
503 4555 619 4606 sine
649 4565 764 4608 arte
785 4555 1064 4611 dialectica
1097 4558 1334 4612 disserit.
1361 4557 1493 4612 Nam
1526 4558 1572 4612 si
1634 4559 1680 4610 is
1713 4556 1801 4625 qui
1829 4570 1896 4608 ex

365 4643 614 4708 operibus
633 4643 973 4711 justiﬁcatur,
1001 4663 1102 4700 nou
1144 4649 1302 4702 habet
1349 4648 1576 4716 gloriam
1603 4647 1722 4718 (25)
1757 4646 1897 4715 apud

365 4727 532 4784 Deum
562 4769 580 4794 .
629 4734 895 4788 Abraham
950 4748 1127 4792 autem
1174 4748 1383 4792 constat
1419 4739 1614 4792 habere
1666 4737 1890 4806 gloriam

367 4823 502 4889 apud
530 4822 710 4884 Deum.
738 4841 866 4894 ergo
891 4843 992 4880 non
1025 4846 1089 4883 ex
1125 4834 1394 4899 operibus,
1430 4833 1524 4884 sed
1551 4844 1617 4883 ex
1666 4827 1768 4880 ﬁde
1798 4824 1890 4890 ju—

365 4912 621 4967 stilicattts
663 4925 745 4968 est
774 4918 1040 4971 Abraham
1068 4959 1083 4983 ,
1113 4931 1170 4974 ut
1203 4921 1506 4975 necessario
1559 4917 1750 4970 habeat
1777 4915 1891 4984 glo-

366 5001 497 5054 riam
530 5005 668 5071 apud
703 5006 888 5062 Deum.
929 5009 1022 5063 Sic
1044 5011 1184 5064 enim
1223 5010 1496 5079 Scriptura
1529 5003 1836 5075 pronuntiat
1872 5021 1886 5057 :

437 5163 774 5235 "ﬁelal-JV.
805 5169 856 5222 ι.
944 5170 986 5202 ³⁷
1014 5171 1031 5224 Ι
1067 5171 1191 5226 Cor.
1225 5186 1341 5235 xm,
1371 5172 1424 5234 9,
1454 5171 1539 5226 10.

370 5243 444 5292 tv,
471 5231 520 5295 l,
550 5233 601 5286 8.
675 5234 719 5266 "
744 5231 901 5292 Rom.
931 5254 1010 5304 Ill,
1033 5241 1121 5302 27,
1149 5242 1238 5296 28.
1310 5231 1355 5273 ⁸³
1379 5231 1526 5295 Rom.
1552 5253 1626 5303 tv,
1652 5239 1708 5291 2.

441 5379 550 5448 (ἳὶ)
581 5385 690 5438 tlta
715 5405 734 5439 ι
760 5389 904 5440 deest
929 5389 981 5442 in
1012 5390 1160 5446 libris
1185 5403 1340 5448 antea
1364 5393 1542 5448 editis.

447 5450 558 5584 (12g
579 5451 710 5532 E‘diti
735 5469 830 5522 per
865 5472 1009 5510 erant
1047 5459 1242 5514 habent
1281 5481 1298 5512 t
1339 5463 1660 5517 mercedem.
1692 5477 1714 5511 ι

448 5515 536 5579 (‘23
585 5519 744 5584 Ldtti,
780 5540 797 5572 t
831 5471 964 5577 tatam
993 5529 1036 5580 si
1084 5528 1398 5584 institit-atus
1437 5547 1540 5584 non
1590 5528 1714 5584 habt

448 5515 558 5584 (ὶῦ)
585 5515 752 5584 ΕιΙίιίξ
780 5540 797 5572 t
833 5515 964 5577 Nam
993 5529 1036 5580 si
1084 5515 1413 5595 justilit-atus
1437 5515 1540 5584 non
1590 5515 1749 5584 habet
1778 5526 1888 5594 glu-

1637 5169 1683 5200 as
1709 5166 1983 5238 ,ποίην-ιιι.
2022 5164 2112 5218 30.
2154 5165 2234 5238 "’
2265 5166 2282 5238 l_
2317 5167 2447 5238 Cor.
2477 5187 2606 5238 xm,
2634 5174 2726 5231 ll.

1791 5236 1836 5266 ιι
1865 5233 1998 5288 ρειι.
2025 5247 2110 5296 xv,
2147 5233 2202 5288 6.
2269 5236 2314 5268 ⁸⁸
2340 5237 2503 5295 Rout.
2534 5233 2612 5310 tv,
2641 5245 2698 5311 4,
2736 5247 2796 5303 5.

1997 4375 2237 4470 qui-vero
2264 4379 2717 4445 justiﬁcationetn
2749 4402 2821 4440 ex
2854 4375 3162 4458 operibus
3213 4375 3434 4470 sperat,
3470 4409 3628 4469 potest

1991 4468 2104 4521 ﬁeri
2130 4479 2186 4560 u‘t
2224 4485 2382 4560 opera
2415 4472 2532 4541 ejus
2564 4476 2735 4530 etiam
2766 4481 2841 4533 ab
2877 4468 3628 4560 hominibuscomproben-

1995 4569 2115 4653 tur.‘
2151 4557 2332 4653 Palam
2386 4578 2621 4632 namque
2673 4579 2798 4632 est,
2854 4584 2918 4626 et
2981 4579 3184 4636 videri
3247 4557 3428 4638 oculis
3464 4589 3630 4653 potest

1992 4648 2247 4717 quidquid
2275 4665 2438 4717 opere
2483 4656 2846 4713 manifestum
2881 4675 2978 4717 est
3012 4684 3032 4733 ;
3087 4681 3149 4723 et
3182 4672 3232 4725 si
3292 4675 3430 4727 ﬁdes
3464 4648 3518 4725 in
3546 4685 3629 4723 oc-

1995 4737 2138 4792 culto
2167 4747 2290 4804 est,
2319 4755 2484 4808 opera
2532 4756 2719 4799 autem
2765 4751 2962 4818 palam
3002 4771 3153 4813 sunt
3183 4799 3203 4824 ,
3252 4766 3548 4817 conveniet
3576 4761 3627 4813 in

2000 4825 2098 4878 hoc
2129 4828 2332 4918 assumi
2357 4829 2486 4884 illud
2513 4835 2658 4901 quod
2689 4840 2973 4908 scriptum
3011 4859 3110 4902 est
3146 4867 3164 4904 :
3207 4870 3228 4904 ι
3266 4853 3403 4918 Qua:
3428 4854 3625 4907 occulta

1995 4925 2119 4967 sunt
2147 4915 2375 4970 Domino
2428 4921 2539 4976 Deo
2573 4933 2689 4988 tuo,
2715 4943 2848 4995 qua:
2883 4945 3094 4990 autem
3152 4915 3464 4998 manifesta
3508 4950 3628 4996 sunt

1995 5005 2147 5057 vobis
2177 5015 2230 5060 et
2275 5008 2399 5064 ﬁliis
2431 5017 2630 5068 vestris
2667 5016 2738 5071 ⁸⁸.
2789 5039 2809 5072 ι
2845 5022 2966 5077 Sed
3027 5038 3092 5081 et
3130 5031 3274 5085 illud
3307 5033 3398 5086 his
3444 5043 3625 5100 aptare

2806 5179 2858 5212 λθ
2885 5180 3059 5240 ltom.
3098 5202 3191 5250 Ill,
3227 5189 3322 5245 3|.
3407 5189 3623 5244 “Boni.

2878 5253 2926 5283 “
2957 5254 3122 5309 Deut.
3155 5273 3319 5324 χχιχ,
3355 5261 3449 5316 29.

2001 5394 2153 5458 riam,
2204 5417 2222 5449 ι
2245 5411 2350 5458 etc.

2067 5464 2180 5537 (24)
2219 5471 2391 5540 Alias,
2426 5492 2446 5527 t
2478 5481 2780 5544 praevidet.
2821 5503 2850 5544 ι
