3836 6230
277 261 371 314 961

1202 268 1546 324 COMMENT.
1584 271 1646 324 IN
1681 266 1892 326 EPiST.
1933 275 2022 328 AD
2053 275 2218 331 ROM.
2249 277 2372 335 LIB.
2414 280 2499 334 ιν.

3314 287 3420 341 962

275 371 561 466 conveniet
587 376 729 466 quod
758 378 1017 466 scriptum
1046 389 1128 435 est
1155 421 1170 446 ,
1201 381 1323 450 quia
1355 399 1374 432 ι
1409 381 1584 448 justus
1614 397 1677 436 ex
1707 383 1807 436 ﬁde
1834 388 1878 443 Α
1901 385 2065 439 etiam
2121 390 2412 442 secundum
2470 403 2686 443 carnem
2736 399 2938 458 patrem
2985 391 3258 448 nominare
3306 395 3418 466 (29)

274 476 391 515 ntea
422 463 567 517 vivet
588 462 654 517 ".
693 482 714 516 ι
749 464 1121 537 Competenter
1166 471 1326 538 igitur
1349 469 1575 525 dicimus
1599 472 1721 540 quia
1747 472 1802 525 hi

275 552 366 620 qui
418 555 708 608 secundum
748 556 1056 612 interiorem
1093 559 1356 612 hominem
1411 560 1804 614 circumcidun-

264 651 379 704 tur,
417 650 474 695 et
517 642 568 694 in
602 645 820 699 occulto
861 645 1025 701 Judtei
1056 656 1198 710 sunt,
1227 649 1437 716 spiritu.
1470 665 1572 702 non
1605 650 1799 714 littera,

271 733 466 786 horum
490 732 612 788 laus
632 744 688 788 et
718 737 888 805 gloria
923 752 1028 790 non
1071 739 1206 806 apud
1250 739 1508 804 homines,
1541 740 1631 794 sed
1663 743 1799 808 apud

271 823 440 876 Deum
467 833 572 878 est.
597 826 700 890 Qui
727 841 857 880 vero
887 843 955 882 ex
984 829 1233 896 operibus
1263 828 1640 895 justilicantur,
1673 845 1802 897 quo-

266 913 413 967 niam
438 915 614 980 palam
645 925 770 968 sunt
799 926 853 970 et
889 917 1169 971 manifesta
1207 933 1363 986 opera
1396 933 1599 981 eorum,
1631 929 1799 986 potest

264 1015 386 1053 esse
414 1001 588 1069 gloria
611 1017 797 1055 eorum
830 1005 909 1058 vel
940 1005 1076 1071 apud
1123 1015 1337 1058 sanctos
1361 1020 1600 1073 quosque
1638 1017 1687 1058 et
1714 1006 1801 1072 ju-

266 1099 378 1144 ειυς
420 1092 513 1159 qui
557 1094 830 1160 accipiunt
867 1109 897 1148 a
932 1094 1041 1147 Deo
1088 1103 1404 1164 potestatem
1437 1096 1502 1148 de
1556 1096 1802 1152 humanis

261 1179 524 1243 operibus
551 1181 856 1236 visibilibus
899 1182 1170 1250 judicandi
1191 1221 1208 1245 ,
1241 1181 1322 1236 vel
1354 1183 1512 1236 etiam
1540 1183 1678 1251 apud
1706 1198 1801 1234 an-

267 1269 444 1336 gelos.
496 1279 837 1338 ceterasque
863 1274 1114 1324 virtutum
1159 1271 1450 1324 caelestium
1491 1281 1797 1340 potestates.

261 1358 347 1424 qui
384 1358 578 1426 utique
601 1359 899 1428 gloriﬁcare
932 1375 1050 1414 eum
1084 1361 1233 1430 cujus
1261 1374 1419 1428 Opera
1445 1361 1800 1430 probaverunt

263 1457 513 1514 possunt.
549 1447 772 1502 Occulta
795 1464 920 1502 vero
942 1450 1120 1503 cordis
1151 1449 1394 1516 quoniam
1421 1448 1582 1502 solius
1604 1449 1692 1501 Dei
1717 1459 1799 1502 est

263 1551 516 1600 noscere,
539 1537 654 1604 ipse
686 1537 926 1606 pervidet
952 1537 994 1590 si
1025 1539 1075 1590 in
1110 1551 1427 1605 unoquoque
1450 1537 1566 1590 ﬁdei
1596 1536 1799 1590 habitat

261 1626 464 1692 aliquis
492 1625 722 1679 aﬁ'ectus
755 1627 866 1695 (25)
901 1644 914 1680 :
948 1638 1001 1679 et
1029 1627 1147 1679 ideo
1176 1628 1261 1692 qui
1300 1641 1366 1678 ex
1405 1625 1505 1679 ﬁde
1532 1625 1792 1692 iustiﬁca-

1899 475 2071 544 potuit
2119 475 2430 542 Abraham;
2476 488 2682 534 canem
2722 496 2846 535 vero
2897 492 3078 550 gentes
3127 482 3179 535 in
3229 486 3415 554 spiritu

1897 577 2018 616 eum
2043 576 2266 632 patrem,
2297 579 2400 618 non
2433 567 2482 618 in
2513 581 2672 621 carne
2691 568 3035 622 nominabant
3065 586 3078 622 :
3113 569 3209 622 nisi
3237 581 3418 639 tllpnle

1897 653 1951 706 in
1981 651 2110 706 locis
2135 651 2207 704 ita
2242 653 2480 722 angustis
2506 655 2570 707 ad
2620 655 2914 722 allegorica:
2942 655 3298 726 intelligentiae
3341 659 3418 710 la-

1899 741 2175 794 titudinem
2219 751 2619 806 convertamur,
2655 745 2742 797 ubi
2790 754 2942 813 pater
2984 747 3267 799 secundum
3294 761 3418 800 car-

1896 845 2018 882 nem
2042 830 2205 898 accipi
2244 838 2414 897 potest
2443 831 2488 885 is
2531 833 2619 900 qui
2653 834 2908 887 doctrina:
2963 834 3217 898 carnalis,
3255 835 3305 888 id
3337 847 3420 889 est

1895 918 2026 986 legis
2057 923 2341 972 secundum
2374 921 2606 974 litteram
2632 923 2797 988 prima
2819 924 3414 990 elementa'tradiderit,

1895 1019 1950 1060 et
1981 1009 2232 1075 magister
2271 1008 2327 1060 in
2370 1009 2546 1062 divina
2598 1009 2714 1077 lege
2746 1010 2928 1078 prima
2955 1011 3298 1065 institutionis
3322 1027 3417 1064 ex-

1893 1095 2109 1149 stiterit.
2145 1095 2292 1161 Quod
2339 1107 2514 1152 autem
2547 1100 2786 1167 magistri
2832 1099 2991 1152 etiam
3038 1110 3215 1169 patres
3257 1100 3414 1170 522

1893 1183 2226 1249 appellentur
2270 1195 2322 1236 et
2371 1185 2641 1250 apostolus
2686 1185 2878 1240 Paulus
2931 1189 3094 1253 dicit,
3144 1191 3268 1257 quia
3299 1207 3318 1238 ι
3363 1193 3415 1242 in

1894 1269 2105 1322 Christo
2154 1268 2278 1324 Jesu
2319 1285 2412 1338 per
2447 1271 2782 1340 Evangelinnt
2814 1288 2914 1341 ego
2961 1289 3052 1328 vos
3085 1277 3238 1344 genui
3287 1277 3353 1331 “.
3390 1295 3408 1328 ο

1895 1357 2000 1411 Sed
2023 1369 2075 1411 et
2106 1369 2156 1410 tu
2185 1361 2270 1426 qui
2303 1359 2453 1428 legis,
2484 1375 2546 1413 ex
2574 1361 2765 1414 divinis
2792 1360 3155 1417 Voluminibus
3181 1365 3292 1432 ipse
3319 1365 3414 1419 tibi

1897 1448 2196 1500 testimonia
2226 1448 2275 1499 in
2322 1449 2420 1501 hoc
2481 1449 2790 1517 aspicientia
2817 1461 3153 1520 congregato.
3183 1453 3414 1508 Additur

1895 1536 1948 1588 in
1977 1538 2420 1603 consequentibus
2457 1553 2471 1590 :
2512 1555 2530 1588 ‹
2569 1538 2805 1593 Credidit
2857 1542 3127 1594 Abraham
3177 1540 3286 1598 Deo
3309 1581 3326 1607 ,
3359 1553 3416 1598 et

1897 1630 2194 1690 reputatum
2236 1631 2318 1676 est
2348 1622 2420 1676 illi
2462 1625 2528 1678 ad
2550 1625 2804 1693 justitiam
2842 1627 2906 1680 ⁸³.
2942 1645 2962 1678 ι
2995 1629 3091 1682 Hic
3132 1645 3308 1684 sermo
3352 1645 3420 1684 ex

263 1724 368 1778 tur,
403 1715 550 1782 apud
583 1714 753 1768 selum
790 1714 956 1767 Deum
985 1714 1144 1767 habet
1173 1714 1390 1782 gloriam
1426 1714 1515 1782 qui
1557 1715 1796 1768 occulto-
1825 1706 1870 1766 Β
1896 1711 2030 1764 libro
2065 1712 2282 1765 Genesis
2325 1713 2574 1778 sumitur,
2615 1730 2678 1768 eo
2713 1731 2779 1768 ex
2819 1715 2935 1770 loco
2973 1717 3060 1771 ubi
3098 1733 3205 1772 non
3254 1719 3420 1773 Abra-

260 1818 375 1857 rum
433 1805 684 1858 notitiam
729 1805 888 1858 habet
929 1803 1076 1872 (26).
1108 1813 1162 1857 et
1207 1803 1324 1857 tidei
1355 1803 1498 1858 solus
1531 1805 1796 1870 inspector

258 1903 356 1946 est.
396 1892 567 1960 Igitur
609 1901 662 1946 et
699 1910 718 1942 ι
752 1892 1019 1945 Abraham
1059 1892 1100 1945 si
1151 1906 1215 1944 ex
1252 1891 1500 1959 operibus
1525 1931 1540 1956 ,
1591 1892 1794 1960 inquit,

253 1982 587 2050 justilicatus
613 1990 714 2041 est.
746 1981 905 2033 habet
937 1998 956 2030 ι
987 1981 1200 2048 quidem
1234 1997 1252 2030 ι
1287 1980 1508 2047 gloriam
1541 1997 1560 2030 ι
1583 1995 1645 2033 ex
1667 1994 1794 2047 ope-

259 2069 404 2120 ribus
443 2068 770 2130 venientem,
810 2083 828 2116 ι
861 2069 952 2120 sed
997 2081 1102 2118 non
1150 2085 1169 2118 ι
1201 2066 1342 2119 illam
1379 2080 1496 2134 quae
1539 2085 1558 2116 ι
1599 2070 1734 2134 apud
1770 2086 1790 2120 ι

255 2157 435 2211 solum
467 2155 580 2225 (27)
608 2174 626 2204 ι
665 2153 830 2208 Demn
873 2173 892 2204 ι
926 2165 1005 2208 est
1030 2171 1045 2218 ;
1069 2167 1120 2208 at
1158 2167 1361 2209 certum
1402 2164 1484 2208 est
1513 2156 1782 2209 Abraham

256 2252 390 2318 apud
425 2251 596 2303 solum
627 2249 790 2302 Deum
823 2251 1016 2302 habere
1033 2249 1253 2316 gloriam
1283 2268 1298 2304 :
1329 2265 1654 2319 consequens
1671 2267 1795 2320 ergo

260 2349 340 2392 est
371 2347 440 2391 ut
467 2353 572 2392 non
601 2352 668 2392 ex
714 2340 985 2406 operibus,
1011 2341 1103 2392 sed
1131 2355 1195 2392 ex
1228 2338 1329 2392 ﬁde
1353 2340 1671 2409 justilicatus
1704 2345 1794 2395 sit.

256 2428 365 2482 Non
424 2438 604 2481 autem
631 2437 786 2494 putes
833 2429 971 2494 quod
999 2429 1043 2481 si
1077 2431 1196 2495 quis
1231 2431 1418 2483 habeat
1450 2432 1602 2483 talem
1640 2433 1792 2484 Iidem

256 2535 319 2574 ex
349 2535 460 2587 qua
487 2520 812 2587 justilicatus
840 2519 1031 2572 habeat
1062 2521 1278 2585 gloriam
1302 2520 1440 2588 apud
1469 2519 1656 2582 Deum,
1681 2536 1798 2590 pos-

254 2611 324 2664 sit
353 2611 518 2663 simul
553 2623 676 2661 Clltll
713 2623 776 2661 ea
808 2607 1006 2661 habere
1034 2617 1088 2659 et
1123 2607 1452 2674 injustitiam.
1481 2606 1632 2660 Nulla
1653 2610 1792 2662 enim

254 2714 377 2768 pars
406 2707 498 2752 est
543 2697 663 2750 ﬁdei
696 2695 858 2750 simul
895 2711 1016 2749 eum
1046 2695 1376 2759 inﬁdelitate,
1405 2696 1546 2749 nulla
1571 2697 1794 2766 justitia

252 2805 370 2842 cum
402 2789 695 2854 iniquitate
723 2787 1044 2849 communio,
1072 2789 1212 2839 sicut
1244 2799 1340 2839 nec
1372 2785 1476 2840 luci
1505 2801 1622 2838 cum
1655 2796 1795 2840 tene-

255 2879 364 2932 bris
408 2888 592 2945 potest
641 2891 760 2928 esse
809 2875 1035 2929 societas
1073 2875 1137 2927 ⁸³.
1171 2876 1226 2928 Si
1261 2875 1400 2927 enim
1454 2891 1474 2926 ι
1509 2876 1597 2944 qui
1625 2878 1793 2930 credit

252 2971 390 3037 quod
429 2969 591 3021 Jesus
636 2974 720 3020 est
751 2966 994 3020 Christus
1021 3003 1036 3028 ,
1082 2981 1148 3018 ex
1192 2965 1296 3018 Deo
1329 2974 1484 3020 natus
1519 2975 1636 3030 est,
1666 2984 1686 3016 ι
1715 2975 1790 3027 et.

253 3073 271 3108 ι
309 3057 397 3126 qui
437 3071 502 3109 ex
539 3057 648 3108 Deo
679 3063 835 3107 natus
866 3061 984 3116 est,
1017 3069 1118 3104 non
1151 3061 1354 3119 peccat,
1400 3069 1420 3104 ι
1454 3052 1786 3106 manifestum

249 3158 328 3201 est
355 3147 486 3215 quia
521 3147 611 3213 qui
641 3143 810 3197 credit
839 3141 962 3196 Jesu
1001 3141 1232 3204 Christo,
1265 3156 1367 3194 non
1399 3151 1584 3211 peccat
1613 3141 1790 3208 :quod

249 3236 293 3289 si
319 3243 536 3304 peccat,
568 3242 774 3287 certum
804 3241 887 3286 est
912 3233 1037 3299 quia
1064 3247 1166 3284 non
1217 3232 1384 3284 credit
1411 3233 1484 3285 ei.
1531 3231 1789 3284 Iudicium

248 3315 414 3394 igitur
449 3336 597 3376 vera:
645 3321 772 3376 ﬁdei
823 3327 906 3374 est
968 3320 1055 3372 ubi
1091 3334 1193 3373 non
1244 3320 1590 3388 delinquitur,
1653 3321 1791 3374 sicut

247 3424 475 3467 econtra
498 3412 587 3466 ubi
604 3409 933 3478 delinquitur
950 3409 1274 3463 inﬁdelitatis
1287 3409 1536 3463 indicium
1558 3421 1638 3464 est
1657 3408 1788 3480 (28).

243 3503 543 3573 Propterea
574 3515 703 3571 ergo
731 3510 786 3554 et
817 3501 869 3552 in
900 3498 1007 3553 alio
1043 3499 1332 3564 Scriptura:
1379 3499 1498 3552 loco
1523 3497 1568 3530 δ’
1598 3499 1794 3553 dicitur

245 3594 312 3646 de
348 3593 678 3653 Abraham,
713 3589 852 3657 quod
897 3603 965 3642 ex
1022 3589 1272 3656 operibus
1315 3588 1434 3641 lidei
1464 3587 1790 3654 justiﬁcatus

241 3685 312 3738 sit
345 3697 362 3735 :
394 3683 528 3751 quia
579 3689 788 3735 certum
820 3687 903 3733 est
931 3692 1053 3731 eum
1104 3678 1192 3745 qui
1227 3691 1351 3732 vere
1398 3680 1610 3744 credit,
1657 3695 1790 3749 opus

244 3774 393 3838 ﬁdei,
423 3783 483 3828 et
505 3771 752 3839 justitia,
782 3777 836 3823 et
869 3770 1035 3822 totius
1073 3767 1324 3821 bonitatis
1352 3771 1586 3834 operari,
1620 3782 1673 3824 et
1702 3787 1792 3824 ca-

243 3881 436 3933 pacem
477 3861 596 3916 lieri
643 3861 926 3927 utriusque
967 3859 1166 3926 gloriae,
1203 3868 1306 3910 tam
1356 3858 1467 3926 ejus
1492 3878 1608 3929 qua:
1651 3869 1790 3930 apud

245 3955 415 4008 Deum
455 3955 511 4007 in
537 3951 754 4004 occulto
794 3964 899 4014 est,
931 3964 1088 4018 quam
1118 3950 1276 4002 etiam
1316 3963 1430 4014 ejus
1472 3965 1588 4018 quae
1618 3951 1788 4020 palam

240 4053 350 4106 est,
379 4053 436 4095 et
471 4055 584 4095 non
610 4039 780 4092 solum
816 4042 951 4106 apud
985 4036 1148 4088 Deum
1171 4045 1271 4089 est.
1310 4035 1408 4092 liis
1436 4039 1506 4090 ita
1539 4054 1633 4108 pro
1661 4039 1790 4092 viri-

236 4136 343 4188 bus
379 4131 716 4202 explanatis,
755 4129 916 4182 etiam
959 4128 1085 4182 illud
1117 4130 1543 4196 praetereundum
1575 4130 1790 4183 minime

233 4223 462 4278 videtur
509 4221 656 4290 quod
706 4227 908 4286 patrem
959 4229 1196 4270 nostrum
1248 4219 1537 4272 secundum
1576 4233 1787 4271 carnem

1898 1801 2040 1863 bam,
2063 1800 2154 1853 sed
2175 1799 2368 1852 Abram
2389 1801 2514 1855 dicit
2539 1803 2604 1856 ad
2629 1803 2904 1857 Dominum
2930 1806 3036 1875 (50)
3066 1821 3080 1857 :
3112 1826 3130 1858 ι
3159 1808 3416 1872 Quoniam

1891 1907 1998 1946 non
2024 1891 2215 1947 dedisti
2259 1893 2387 1946 mihi
2420 1907 2624 1956 semen,
2656 1894 2742 1946 hic
2765 1893 3080 1946 vernaculus
3112 1907 3259 1946 mens
3307 1893 3416 1947 hze-

1887 1975 2142 2034 'reditabit
2172 1996 2273 2036 me.
2323 1981 2385 2035 Et
2413 1982 2550 2035 dixit
2582 1983 2834 2035 Dominus
2866 1983 2931 2034 ad
2972 1996 3091 2035 eum
3124 2001 3136 2037 :
3162 1981 3276 2036 Non
3312 1983 3417 2036 erit

1891 2073 2063 2127 haeres
2090 2083 2211 2126 tuus
2239 2074 2361 2137 iste,
2396 2075 2486 2127 sed
2516 2076 2607 2141 qui
2634 2075 2826 2127 exierit
2875 2076 2939 2126 de
2971 2083 3042 2136 te,
3071 2074 3156 2126 hic
3185 2073 3288 2127 erit
3309 2074 3416 2126 hzc-

1894 2177 1979 2216 res
2010 2171 2154 2215 tuus.
2187 2161 2251 2214 Et
2278 2162 2486 2224 eduxit,
2520 2163 2690 2229 inquit
2717 2201 2732 2224 ,
2764 2177 2882 2215 eum
2911 2161 3020 2232 (51)
3047 2161 3189 2215 l'oras
3213 2200 3228 2224 ,
3258 2171 3310 2215 et
3333 2161 3417 2214 di-

1894 2255 2052 2305 xitad
2081 2266 2200 2304 eum
2234 2269 2247 2305 :
2280 2252 2501 2320 ltespice
2523 2253 2587 2304 ad
2623 2251 2838 2314 uelum,
2878 2262 2932 2304 et
2966 2266 3184 2305 numera
3214 2249 3414 2312 stellas.

1890 2345 1934 2396 si
1969 2343 2206 2410 potueris
2256 2343 2597 2396 dinumerare
2641 2357 2752 2396 eas.
2795 2343 2856 2394 Et
2903 2342 2978 2395 ait
3010 2342 3074 2394 ad
3123 2355 3286 2396 eum:
3324 2340 3415 2395 Sic

1891 2434 1994 2486 erit
2024 2443 2203 2486 semen
2232 2443 2400 2486 tuum.
2428 2431 2490 2484 Et
2515 2432 2743 2484 credidit
2778 2432 2904 2493 Deo,
2930 2442 2984 2485 et
3008 2440 3304 2499 reputatum
3330 2441 3414 2484 est

1890 2522 1940 2575 ei
1966 2522 2031 2575 ad
2057 2521 2316 2586 justitiam
2343 2519 2412 2572 ".
2447 2538 2464 2570 ι
2504 2519 2683 2574 Latius
2729 2520 2842 2573 loca
2872 2520 2982 2590 ipsa
3017 2519 3240 2590 exempli
3287 2534 3414 2590 gra-

1893 2613 1966 2665 tia
2001 2611 2110 2682 (52)
2146 2611 2212 2666 de
2263 2610 2399 2663 libro
2425 2609 2651 2664 Genesis
2680 2609 3042 2677 repetivimus,
3080 2618 3136 2662 ut
3176 2624 3292 2675 quze
3328 2607 3420 2677 ju-

1891 2701 2226 2756 stiﬁcationis
2283 2699 2439 2767 hujus
2481 2713 2638 2751 causa
2671 2698 2828 2751 fuerit
2875 2712 3231 2752 nosceremus.
3266 2697 3418 2754 Unde

1889 2801 1944 2846 et
1969 2789 2146 2844 acrius
2171 2789 2550 2843 intendendum
2594 2796 2695 2854 est,
2743 2788 2786 2841 si
2819 2789 2889 2842 ob
2922 2789 3021 2840 hoc
3055 2787 3222 2841 solum
3272 2789 3412 2857 quod

1890 2883 2118 2936 dandum
2149 2881 2248 2936 sibi
2279 2881 2507 2935 credidit
2528 2881 2716 2944 ﬁlium,
2752 2888 2807 2933 et
2835 2893 2901 2933 ex
2929 2893 2991 2933 eo
3019 2878 3322 2947 progeniem
3346 2877 3415 2931 ad

1893 2971 2282 3025 multitudinem
2313 2971 2546 3024 siderum
2578 2969 2968 3038 propagandam
2997 3005 3013 3031 ,
3060 2967 3254 3020 dicitur
3286 2967 3412 3035 quia

1892 3068 2134 3128 reputata
2156 3068 2237 3112 est
2263 3059 2392 3112 ﬁdes
2421 3059 2536 3126 ejus
2560 3059 2625 3110 ad
2652 3057 2914 3126 justitiam
2949 3074 2962 3109 :
2993 3070 3059 3108 an
3098 3069 3194 3122 pro
3236 3055 3336 3109 hoc
3361 3063 3418 3108 et

1889 3162 1983 3218 pro
2007 3148 2252 3201 onmibus
2274 3161 2390 3214 quae
2415 3146 2524 3214 jam
2549 3153 2671 3198 ante
2707 3144 3021 3198 crediderat.
3059 3142 3239 3210 Neque
3270 3142 3414 3195 enim

1888 3237 2177 3306 putandum
2217 3237 2354 3303 quod
2385 3235 2587 3302 absque
2622 3233 2726 3288 ﬁde
2751 3233 2914 3287 fuerit
2956 3232 3107 3297 illud,
3156 3241 3209 3285 ut
3243 3231 3416 3285 exiret

1889 3328 1954 3380 de
1993 3336 2134 3380 terra
2159 3339 2273 3388 sua,
2301 3333 2355 3378 et
2382 3326 2448 3376 de
2481 3325 2796 3392 cognatione
2823 3324 2986 3392 patris
3008 3321 3110 3384 sui,
3134 3331 3188 3374 et
3206 3321 3414 3374 veniret

1887 3415 1942 3468 in
1978 3423 2173 3469 terram
2193 3431 2349 3484 quam
2373 3413 2419 3466 ei
2447 3411 3052 3464 demonstraveratDeus
3066 3411 3132 3474 ἰς
3153 3411 3237 3464 vel
3263 3407 3412 3473 illud,

1887 3519 2007 3558 cum
2055 3511 2304 3572 separato
2344 3517 2374 3554 a
2414 3513 2472 3554 se
2522 3501 2640 3564 Lot,
2677 3500 2807 3554 dicit
2854 3500 2918 3554 ad
2957 3513 3076 3553 eum
3110 3499 3366 3552 Dominus
3393 3515 3411 3552 :

1894 3611 1914 3645 ι
1951 3593 2143 3662 Aspice
2167 3592 2336 3646 oculis
2360 3593 2483 3654 tuis,
2509 3603 2562 3646 et
2579 3593 2697 3646 vide
2720 3607 2784 3645 ex
2811 3590 2912 3645 hoc
2933 3590 3047 3644 loco
3074 3590 3124 3643 in
3149 3602 3254 3657 quo
3278 3597 3412 3651 stas.

1888 3694 1942 3738 et
1971 3684 2180 3737 intuere
2221 3685 2286 3735 ad
2313 3681 2748 3750 septentrionem,
2780 3691 2832 3733 et
2856 3679 3226 3742 meridianum,
3252 3687 3303 3731 et
3349 3678 3417 3730 ad

1889 3774 2254 3834 occidentem,
2306 3781 2463 3838 atque
2492 3773 2554 3823 ad
2588 3771 2868 3831 orientem,
2910 3769 3029 3836 quia
3067 3781 3278 3819 omnem
3303 3773 3416 3818 ter-

1891 3880 2005 3918 ram
2039 3863 2175 3916 hanc
2202 3876 2360 3930 quam
2390 3861 2536 3914 vides
2575 3860 2669 3913 tibi
2700 3859 2834 3912 dabo
2864 3873 3003 3917 eam,
3037 3855 3294 3910 etsemini
3325 3865 3415 3907 tuo

1889 3953 1941 4006 in
1971 3961 2224 4006 aeternum
2248 3950 2315 4002 ⁸⁸.
2340 3969 2358 4000 ι
2392 3949 2494 4002 Sed
2524 3957 2578 4002 et
2604 3947 2731 4001 illud
2768 3947 2885 4014 quis
2914 3945 3054 3998 dicat
3077 3944 3281 4011 absque
3311 3941 3416 3995 ﬁde

1890 4041 2134 4106 factum,
2175 4039 2314 4108 quod
2365 4036 2584 4091 veniens
2635 4036 2907 4090 Abraham
2959 4031 3221 4086 habitavit
3271 4029 3415 4098 apud

1888 4144 2142 4197 quercum
2163 4129 2398 4183 Mambre
2427 4129 2475 4181 in
2509 4126 2740 4186 llebron,
2767 4133 2818 4178 et
2840 4122 3122 4176 aediﬁcavit
3145 4119 3213 4172 ibi
3243 4118 3415 4172 altare

1890 4220 2112 4275 Domino
2135 4222 2228 4274 “‘3
2257 4221 2533 4286 Quomodo
2566 4228 2742 4270 autem
2773 4226 2825 4268 et
2855 4215 2983 4267 illud
3013 4227 3116 4266 non
3147 4220 3263 4264 erat
3291 4207 3414 4262 ﬁdei

236 4317 552 4371 nominavit
573 4313 839 4366 Abraham
857 4309 924 4360 '°.
951 4307 1200 4362 Gentium
1233 4309 1428 4362 etenim
1463 4319 1609 4378 pater
1623 4311 1792 4363 Abra-
1822 4307 1865 4361 Ι)
1891 4326 2024 4379 opus
2052 4351 2068 4376 ,
2102 4327 2221 4364 cum
2255 4309 2637 4363 Melchisedech
2681 4303 2954 4361 benedixit
3001 4301 3313 4364 Abraham,
3361 4305 3418 4352 et

233 4407 367 4461 ham
405 4404 713 4461 secundum
749 4401 904 4454 ﬁdem
927 4438 943 4463 ,
992 4415 1094 4451 non
1142 4399 1430 4450 secundum
1463 4413 1676 4452 carnem
1711 4400 1789 4451 vi-

1891 4401 1963 4454 ait
1993 4419 2006 4455 :
2039 4418 2058 4451 t
2090 4401 2404 4454 Benedictus
2427 4399 2697 4452 Abraham
2730 4394 2840 4448 Deo
2861 4391 3072 4447 excelso
3101 4389 3192 4458 qui
3215 4387 3418 4441 creavit

234 4495 423 4549 detur.
480 4492 618 4546 Nam
668 4490 839 4558 ipsius
871 4487 1080 4556 quidem
1119 4487 1353 4554 Apostoli
1403 4497 1576 4554 potest
1602 4499 1656 4541 et
1704 4505 1790 4542 se-
1893 4491 2087 4544 cmlum
2124 4497 2176 4542 et
2225 4499 2422 4541 terram
2457 4505 2472 4542 :
2509 4499 2564 4541 et
2611 4483 2922 4539 benedictus
2965 4479 3106 4534 Deus
3135 4477 3416 4538 excelsus.

229 4587 483 4642 cundum
517 4595 738 4636 carnem
774 4579 878 4632 dici
907 4595 922 4631 :
953 4592 1019 4631 ex
1064 4592 1260 4645 genere
1307 4577 1448 4632 enim
1498 4577 1789 4633 Israelitico

308 4744 358 4775 ⁵⁷
389 4740 605 4795 Hahae.
637 4751 697 4802 tt,
726 4735 793 4799 4;
823 4731 984 4788 Hebr.
1013 4745 1067 4790 x,
1099 4730 1188 4784 '58.
1275 4729 1320 4762 “
1344 4730 1385 4783 ll
1409 4731 1532 4785 Cor.
1561 4747 1634 4790 Vl.
1661 4733 1742 4794 ω,
1777 4732 1858 4786 15.
1955 4737 1976 4764 ⁵

314 4843 338 4854 κ.
431 4811 483 4842 ⁸³
521 4811 675 4854 noni.
704 4819 777 4854 tv.
811 4803 866 4854 5.
959 4801 1004 4833 ⁸³
1036 4800 1170 4854 Gen.
1210 4814 1298 4854 xv.
1335 4800 1369 4852 5
1397 4815 1511 4854 seu.
1600 4801 1644 4832 “
1671 4801 1803 4854 Gen.
1835 4801 1978 4854 χιιι

1789 4839 1803 4854 .
1837 4839 1929 4866 ...,
1957 4839 2002 4854 ..

231 4813 338 4869 15..
431 4811 483 4842 ⁸⁸
520 4800 778 4871 Βοιιιζιν,
811 4803 866 4856 5.
959 4801 1004 4833 ⁸³
1036 4800 1170 4854 Gen.
1210 4814 1298 4864 xv,
1335 4800 1369 4852 5
1397 4815 1511 4868 seq.

232 4897 359 4946 xw,
391 4881 492 4942 19,
525 4877 616 4930 20.

310 4968 438 5060 (25)
500 4988 598 5060 Sic.
627 4999 775 5060 -mss-
798 4990 886 5060 .eI.
915 4975 1361 5060 R""‘"“923‘,“‘.§
1381 4972 1796 5060 geminae

233 5041 403 5114 enin—ti
418 5041 694 5125 'prazvidet
721 5053 844 5120 quis
875 5051 927 5104 in
975 5056 1290 5112 unoquoque
1327 5041 1448 5096 ﬁdei
1483 5041 1689 5093 habitat
1715 5041 1797 5092 af-

235 5131 450 5264 re‘igiis).
468 5142 730 5264 Qiotitiant
750 5187 918 5264 habet.
938 5183 1059 5264 llaec
1073 5178 1364 5264 “desuntgin
1405 5189 1558 5229 antea
1581 5175 1756 5230 editis.

308 5250 436 5334 (εἳ)
469 5259 680 5334 βριυηι.
715 5257 772 5308 ιιι
793 5250 1331 5334 εαίιὶεμθξὶρςιξᾳξξιξὶ
1358 5309 1651 5334 id:me

307 5309 433 5404 ἰὲέὶ
459 5309 609 5381 Sitit
645 5320 999 5404 ε..εοηι’;ρ.α²ῐί
1021 5309 1676 5404 άείίηίιιίίίυἱέπιῖέιῖἕέταέἱδ
1697 5312 1784 5404 ,δυ’

231 5378 597 5456 didi—timuit".
651 5392 740 5444 Sic
781 5388 905 5457 editi
935 5395 987 5457 et
1026 5399 1150 5435 mss.
1169 5378 1188 5457 ’Δ
1206 5380 1393 5457 nostri.
1443 5378 1568 5457 Mss.
1608 5389 1779 5457 tamen

236 5449 530 5533 uiiusripro
567 5461 648 5514 his
677 5456 855 5511 verbis
880 5454 1076 5514 habet;
1113 5467 1133 5500 ι
1173 5449 1501 5504 inﬁdelitatis
1534 5449 1778 5499 indicium

233 5549 327 5594 est
348 5536 446 5590 ubi
477 5539 752 5600 peccatur.
787 5542 806 5574 ι

1879 4579 1983 4647 .qui
2021 4576 2236 4631 tradidit
2266 4577 2512 4630 inimicos
2541 4573 2655 4642 ejus
2677 4574 2730 4626 in
2760 4571 3000 4624 manibus
3025 4567 3139 4636 ejus
3164 4566 3208 4599 δ’
3235 4566 3261 4619 τ
3289 4583 3307 4616 ι
3337 4564 3417 4618 Ex

2564 4731 2610 4762 ”
2634 4729 2788 4783 Rom.
2813 4741 2886 4787 tv,
2923 4726 2974 4778 l.

1955 4733 1998 4764 ”
2021 4730 2138 4786 Jac.
2166 4747 2222 4795 ιι,
2248 4732 2338 4791 2i.
2366 4731 2454 4785 22.
2564 4731 2610 4762 ”
2634 4730 2788 4783 Rom.
2813 4741 2886 4787 tv,
2923 4730 2974 4778 Ι.
3065 4730 3108 4756 ⁵³

1955 4801 2002 4847 1-
2099 4800 2146 4832 ⁸⁵
2182 4801 2316 4847 Gen.
2350 4815 2466 4847 xm-
2489 4799 2576 4847 IL
2609 4799 2694 4847 15.
2789 4795 2835 4826 ⁸⁸
2863 4793 2988 4847 ibid.
3022 4791 3108 4845 18.

2099 4800 2146 4832 ⁸⁸
2182 4791 2316 4854 Gen.
2350 4815 2466 4864 XIII,
2489 4799 2576 4864 tt,
2609 4799 2694 4850 ts.
2789 4795 2835 4826 ⁸ο
2863 4793 2988 4847 ibid.
3022 4791 3108 4845 t8.
3209 4791 3252 4823 ιτ
3279 4791 3412 4846 Gen.

1969 4970 2079 5042 (29)
2131 4973 2267 5026 Editi
2301 4989 2314 5024 :
2347 4971 2436 5042 alii
2469 4991 2487 5022 ι
2516 4973 2798 5042 nominat,
2833 4986 2856 5042 ξ
2894 4971 2982 5042 alii
3030 4987 3048 5020 ι
3089 4969 3412 5042 nominare,»

1894 5038 2094 5096 omisso
2147 5060 2166 5092 ι
2221 5040 2412 5108 potuit.
2454 5060 2471 5090 ι
2513 5038 2637 5091 Mss.
2673 5054 2810 5108 unus
2842 5039 3001 5092 habet
3031 5055 3050 5087 ι
3093 5039 3224 5090 solet
3261 5054 3282 5086 ι
3319 5052 3417 5104 pro

1901 5127 1924 5160 ς
1956 5112 2147 5179 potuit.
2175 5126 2202 5179 rt
2226 5107 2398 5179 Alter,
2426 5125 2444 5156 ι
2479 5107 2789 5179 norninajit.
2831 5125 2851 5179 ι

1967 5171 2078 5247 (50)
2111 5177 2246 5229 Editi
2272 5213 2301 5247 ,Α
2325 5191 2360 5247 μ(
2392 5190 2456 5226 ex
2495 5173 2892 5247 lihrisAGcnesis
2937 5171 3211 5247 sumitur,
3252 5184 3320 5224 ex
3351 5185 3420 5225 eo

1898 5239 2015 5300 loco
2033 5239 2118 5298 n'bi
2145 5258 2247 5296 non
2275 5242 2498 5303 Abram,
2520 5242 2611 5294 :ed
2640 5243 2905 5294 Abraham
2927 5239 3055 5291 dicit
3081 5239 3146 5290 ad
3178 5239 3368 5305 Deum,
3395 5259 3415 5288 ι

1885 5326 1988 5368 etc.
2019 5312 2174 5367 Male.

1955 5383 2066 5450 (3i)
2102 5380 2255 5450 Eum.
2278 5376 2439 5450 Deest
2477 5377 2528 5428 itt
2562 5375 2736 5427 editis.

1965 5438 2086 5520 (52)
2141 5443 2345 5498 Gratia.
2399 5443 2452 5496 ltt
2507 5454 2658 5496 antea
2716 5441 2870 5496 editis
2911 5439 3224 5494 omittitur.
3279 5438 3425 5500 ΔΙ..

1890 5537 1908 5568 ι
1947 5533 2126 5572 causa.
2162 5532 2182 5564 ι

3065 4723 3108 4756 ³³
3137 4723 3154 4775 Ι
3185 4723 3308 4775 (Zor.
3339 4737 3414 4787 Iv,
3526 4745 3531 4754 ·
