3836 6206
507 245 606 301 965

1922 245 2232 301 ORIGENIS
3535 255 3614 313 964

507 357 700 424 quibus
719 355 958 409 omnibus
981 353 1246 422 colligitur
1271 357 1412 424 quod
1439 360 1492 411 in
1516 357 1600 412 his
1636 358 1858 429 singulis
1895 361 2026 413 ﬁdes
2051 365 2099 418 Α
2124 367 2178 411 et
2209 356 2490 424 largitione
2519 356 2799 412 faciamus.
2835 359 2993 425 Quod
3043 373 3172 429 ergo
3199 359 3302 414 erit
3333 360 3546 419 debitum
3565 370 3612 420 il-

507 447 716 514 qnidem
740 444 900 496 fuerit
920 444 1166 506 Abrahar,
1197 448 1288 498 sed
1311 463 1374 501 ex
1419 458 1608 516 parte;
1653 449 1706 502 in
1734 464 1798 503 eo
1843 461 2020 503 autem

509 533 594 584 ubi
645 532 857 592 dicitur,
885 531 1006 598 quia
1052 530 1181 585 ﬁdes
1209 536 1325 601 ejus
1350 546 1587 604 reputata
1625 546 1707 590 est
1751 536 1816 590 ad
1861 536 2020 603 justi-

509 619 630 670 tiam
661 617 728 680 ⁵³,
752 616 879 669 ﬁdes
912 616 1139 683 perfecta
1165 619 1480 675 declaretur.
1510 622 1656 676 Sicut
1684 625 1825 677 enim
1847 625 2021 678 scien-

509 706 632 758 tiam
669 714 722 758 et
765 705 1095 774 prophetiam
1133 722 1196 781 ex
1238 719 1385 776 parte
1413 710 1536 764 dicit
1573 725 1690 765 esse
1719 711 2021 780 Apostolus,

505 805 559 850 et
592 810 801 847 rursum
833 794 961 848 dicit
982 810 1108 849 esse
1135 797 1422 864 perfectam
1447 799 1499 852 in
1527 814 1591 852 eo
1615 815 1733 853 cum
1751 799 2018 854 scribit”:

509 901 529 934 ι
564 885 637 936 Ex
667 893 816 952 parte
843 885 1058 944 scimus,
1095 897 1149 939 et
1180 901 1243 939 ex
1275 897 1426 956 parte
1462 890 1872 956 prophetamus;
1901 907 2019 945 cum

503 982 676 1026 autem
704 972 909 1025 venerit
958 974 1097 1039 quod
1141 975 1431 1040 perfectum
1473 985 1575 1038 est,
1599 978 1933 1032 destruentur
1959 994 2020 1034 ea

501 1077 619 1130 quae
643 1076 706 1115 ex
736 1072 889 1130 parte
936 1071 1062 1116 sunt
1110 1063 1260 1131 (53):
1299 1081 1317 1114 ι
1351 1064 1420 1117 ita
1459 1073 1514 1118 et
1555 1067 1710 1120 ﬁdem
1743 1082 2022 1135 possumus

509 1149 803 1218 intelligere
843 1164 960 1204 esse
1006 1150 1288 1219 aliquando
1328 1168 1392 1206 ex
1439 1164 1626 1220 parte,
1661 1164 1713 1207 et
1740 1155 2022 1223 aliquando

503 1237 819 1306 perfectam.
877 1239 944 1294 Ut
995 1249 1170 1292 autem
1219 1241 1360 1308 quod
1408 1241 1635 1294 dicimus
1682 1242 1800 1296 aliis
1850 1244 2021 1298 adhuc

503 1327 791 1395 Scriptura:
837 1337 1037 1382 sancta:
1092 1328 1410 1382 testimoniis
1457 1329 1752 1393 muniatur,
1789 1331 1910 1384 audi
1966 1331 2018 1385 in

501 1416 785 1484 Evangelia
813 1415 878 1468 ad
920 1417 1200 1472 Dominum
1231 1416 1472 1471 dicentes
1503 1418 1776 1484 apostolos
1807 1436 1821 1472 :
1862 1436 1881 1468 ι
1920 1418 2021 1472 Do-

500 1508 665 1570 mine,
693 1520 827 1574 auge
856 1505 1008 1557 nohis
1035 1505 1258 1558 ﬁdem“.
1293 1523 1311 1556 ι
1347 1504 1528 1558 Nonne
1552 1520 1647 1573 per
1676 1507 1788 1560 hinc
1807 1508 2021 1561 eviden-

502 1603 584 1649 ter
613 1596 899 1648 ostenduut
924 1595 1120 1647 habere
1146 1608 1203 1646 se
1229 1594 1442 1661 quidem
1491 1595 1679 1655 ﬁdem,
1722 1597 1816 1650 sed
1860 1596 2016 1649 talem

497 1700 614 1752 quae
644 1692 821 1750 egeret
852 1683 1178 1752 augmento?
1207 1682 1308 1737 Sed
1339 1679 1416 1736 et'
1436 1683 1549 1751 ipse
1578 1686 1846 1751 apostolus
1879 1685 2016 1740 Pau-
2049 1663 2091 1716 Β

495 1775 581 1828 lus
618 1787 738 1828 cum
781 1773 928 1837 dicit,
967 1791 986 1822 ι
1031 1771 1089 1824 Si
1136 1771 1358 1826 habeam
1388 1785 1597 1825 omnem
1629 1775 1806 1838 ﬁdem,
1843 1775 1914 1826 ita
1959 1783 2016 1827 ut

496 1873 704 1918 montes
736 1862 1051 1916 transferam
1085 1863 1148 1926 “,
1180 1881 1199 1914 ι
1229 1878 1441 1918 omnem
1468 1877 1587 1916 cum
1617 1862 1767 1926 dicit,
1800 1878 1860 1917 ex
1893 1879 2015 1930 par-

496 1952 636 2004 tibus
666 1958 830 2002 totam
858 1948 1011 2003 docet
1045 1941 1178 2002 'esse
1225 1949 1593 2016 compositam.
1645 1946 1825 2016 Neque
1874 1949 2013 2003 enim

493 2055 649 2094 omne
683 2047 856 2107 potest
883 2039 1168 2103 nominari,
1194 2039 1280 2092 ubi
1312 2039 1696 2106 autqualitatis
1727 2048 1815 2092 aut
1847 2054 2015 2107 quan-

495 2129 662 2182 titatis
687 2127 968 2182 diversitas
996 2142 1100 2180 non
1153 2127 1267 2196 (54)
1299 2135 1405 2182 est.
1433 2127 1655 2180 Videtur
1681 2141 1807 2196 ergo
1854 2128 2012 2181 etiam

492 2219 545 2272 in
577 2217 827 2286 praesenti
857 2217 972 2270 loco
999 2229 1115 2269 cum
1152 2214 1328 2268 multa:
1359 2215 1486 2268 fides
1521 2214 1744 2268 Abrahae
1778 2231 2010 2284 praeces-

492 2307 656 2362 serint
684 2321 777 2371 per
806 2305 1010 2373 singula
1058 2317 1279 2373 quaeque
1329 2318 1444 2372 quae
1485 2318 1550 2357 ex
1599 2312 1746 2370 parte
1773 2305 2014 2371 superius

493 2395 922 2456 memoravimus,
958 2394 1008 2445 in
1042 2395 1141 2446 hoc
1173 2407 1308 2445 nunc
1332 2392 1573 2447 universa
1606 2394 1734 2447 ﬁdes
1761 2393 1876 2462 ejus
1897 2409 2015 2447 esse

492 2486 740 2545 collecta,
775 2493 827 2536 et
855 2484 925 2536 ita
973 2482 1024 2535 ei
1058 2483 1122 2534 ad
1151 2481 1412 2548 justitiam
1449 2491 1714 2549 reputata;
1741 2483 1857 2538 Jam
1885 2499 2013 2538 sane

491 2571 870 2634 considerabis,
905 2571 1044 2624 sicut
1080 2570 1144 2623 de
1174 2569 1279 2622 ﬁde
1309 2570 1504 2622 dictum
1526 2579 1606 2624 est
1630 2570 1751 2638 quia
1774 2581 2010 2638 reputata

491 2668 573 2712 est
595 2661 642 2712 ei
678 2660 742 2712 ad
793 2659 1053 2722 justitiam
1079 2696 1094 2721 ,
1125 2659 1193 2710 ita
1243 2668 1296 2711 et
1341 2659 1404 2711 de
1433 2658 1551 2710 aliis
1593 2660 1874 2713 virtutibus
1910 2662 2009 2714 dici

492 2748 664 2816 possit
692 2749 812 2816 quia
839 2786 856 2812 ,
903 2748 1046 2801 verbi
1084 2748 1250 2814 gratia
1277 2785 1291 2808 .
1325 2747 1690 2800 misericordia
1727 2749 2012 2817 unicuique

493 2838 727 2906 reputari
745 2846 916 2905 potest
939 2837 1003 2889 ad
1023 2837 1304 2905 justitiam,
1327 2848 1414 2891 aut
1442 2838 1721 2906 sapientia,
1737 2849 1825 2890 aut
1842 2839 2012 2892 scien-

499 2929 592 2990 tia,
624 2937 715 2980 aut
746 2927 1112 2990 mansuetudo,
1144 2937 1197 2980 et
1223 2927 1513 2989 humilitas,
1542 2927 1622 2980 vel
1661 2935 1806 2980 certe
1833 2927 1876 2980 si
1899 2942 2012 2981 om-

492 3018 546 3071 ni
574 3017 807 3071 credenti
843 3017 970 3071 ﬁdes
1014 3016 1077 3070 ad
1102 3016 1381 3082 justitiam
1431 3026 1727 3084 reputetur.
1760 3014 1864 3070 Sed
1893 3033 2010 3070 cum

489 3108 558 3160 ad
596 3106 902 3175 Scripturas
930 3106 1106 3169 redeo,
1135 3121 1238 3158 non
1280 3105 1526 3158 omnibus
1558 3104 1895 3158 credentibus
1930 3105 2013 3158 in-

488 3196 644 3250 venio
678 3195 817 3264 quod
865 3193 994 3246 ﬁdes
1042 3195 1104 3246 ad
1148 3193 1406 3261 justitiam
1455 3200 1742 3260 reputetur.
1776 3193 2012 3261 Denique

491 3287 748 3354 scriptum
777 3293 858 3338 est
881 3287 943 3338 de
977 3284 1100 3336 ﬁliis
1135 3281 1320 3346 Israel,
1348 3282 1470 3349 quia
1504 3301 1522 3332 ι
1555 3281 2013 3336 credideruntDo-

488 3377 652 3437 mino,
678 3383 731 3428 et
763 3373 959 3428 famulo
993 3375 1105 3442 ejus
1131 3373 1314 3441 Moysi,
1343 3373 1387 3404 ⁸¹
1415 3390 1432 3422 ι
1466 3387 1562 3426 nec
1591 3381 1768 3425 tamen
1802 3371 2013 3425 additur

489 3463 630 3530 quod
657 3463 724 3516 de
765 3461 1030 3514 Abraham
1076 3463 1329 3526 scriptum
1367 3468 1470 3523 est,
1496 3460 1618 3526 quia
1647 3468 1885 3526 reputata
1931 3467 2013 3510 est

490 3552 594 3604 illis
629 3551 694 3603 ad
719 3549 1010 3616 justitiam.
1040 3547 1119 3602 οι)
1159 3549 1262 3602 hoc
1309 3549 1558 3611 arbitror,
1592 3548 1734 3615 quod
1757 3563 1858 3602 non
1907 3547 2011 3601 illis

489 3648 628 3705 erat,
659 3639 796 3693 sicut
830 3640 880 3692 in
904 3638 1166 3692 Abraham
1198 3637 1490 3701 docuimus,
1523 3652 1587 3690 ex
1621 3637 1804 3691 multis
1849 3637 2008 3705 parti-

490 3729 590 3784 bus
618 3729 736 3782 ﬁdei
781 3729 832 3782 in
868 3743 1029 3782 unum
1059 3737 1370 3782 coacervata
1400 3728 1677 3794 perfectio,
1700 3742 1817 3795 quae
1842 3742 2011 3780 mere—

496 3830 642 3873 retur
665 3820 730 3872 ad
748 3819 1008 3887 justitiam
1035 3819 1291 3888 reputari.
1315 3819 1463 3884 Quod
1491 3827 1662 3870 autem
1697 3819 1826 3872 dicit
1857 3835 1872 3871 :
1899 3836 1917 3867 ι
1951 3817 2008 3870 Ei

488 3923 614 3964 vero
643 3909 1037 3977 quioperatur,
1079 3922 1286 3962 merces
1330 3921 1434 3960 non
1485 3907 1778 3973 imputatur
1819 3920 2008 3960 secun-

487 4000 612 4052 dum
661 3999 922 4068 gratiam,
979 3998 1071 4052 sed
1117 3997 1408 4050 secundum
1455 3996 1685 4048 debitum
1723 4011 1739 4058 ;
1771 3994 2003 4048 credenti

487 4097 660 4144 autem
692 4090 744 4142 in
772 4103 891 4142 eum
912 4087 1000 4155 qui
1023 4085 1273 4155 jusﬁﬁcat
1295 4084 1535 4152 impium,
1567 4091 1838 4149 reputatur
1862 4085 2000 4136 ﬁdes

484 4179 553 4233 ad
590 4177 851 4247 justitiam
877 4177 921 4208 "
959 4197 970 4230 :
1006 4193 1024 4226 ι
1057 4175 1263 4227 videtur
1308 4172 1587 4227 ostendere
1614 4171 1762 4240 quasi
1816 4172 1867 4224 in
1905 4172 2006 4224 ﬁde

2123 445 2247 508 lius,
2273 444 2425 511 cujus
2453 460 2576 515 erga
2617 461 2714 499 nos
2760 446 2916 501 fenus
2945 449 3224 516 princessit
3261 449 3409 520 ('56)?
3442 451 3498 506 Et
3523 454 3612 510 ideo

2123 529 2405 583 videndum
2433 531 2603 600 magis
2639 543 2722 586 est
2764 547 2832 587 ne
2871 531 3016 588 forte
3052 535 3192 601 quod
3221 537 3369 601 dixit,
3397 557 3416 589 ε
3453 539 3504 593 Εἰ
3540 557 3612 595 ιιι.

2124 627 2227 672 tem
2257 619 2345 686 qui
2373 629 2646 688 operatur,
2679 635 2886 677 merces
2917 623 3217 678 secundum
3249 625 3468 681 debitum
3495 645 3612 700 repu-

2128 708 2346 771 tabitur,
2385 727 2403 760 D
2433 709 2638 764 sinistri
2686 712 2857 779 magis
2903 712 3088 781 operis
3139 714 3516 784 intelligendum
3561 723 3613 774 sit

2121 797 2380 851 debitum.
2408 799 2596 852 Debita
2629 801 2825 854 etenim
2862 811 3084 869 peccata
3121 803 3226 858 dici
3257 804 3307 857 in
3331 806 3507 864 divinis
3537 811 3613 868 Vo-

2119 885 2406 940 luniiuibus
2462 887 2777 954 frequenter
2810 889 3053 944 invenies
3079 929 3096 956 ,
3145 899 3205 946 ut
3247 893 3358 960 ipse
3405 896 3614 957 Dominus

2119 974 2172 1027 in
2217 976 2459 1028 oratione
2513 991 2615 1031 nos
2654 977 2912 1031 docuit“
2946 979 3169 1033 dicere:
3204 998 3224 1031 ι
3259 980 3460 1039 Dimitte
3496 991 3614 1046 nobis

2119 1063 2276 1132 523
2309 1065 2480 1118 debita
2513 1075 2698 1120 nostra
2718 1106 2732 1128 ,
2759 1067 2906 1121 sicut
2948 1077 3006 1120 et
3037 1083 3137 1122 nos
3170 1070 3470 1129 dimittimus
3499 1077 3614 1133 debi-

2119 1153 2322 1203 toribus
2363 1151 2561 1205 nostris
2596 1170 2608 1205 :
2649 1170 2668 1203 ι
2701 1162 2756 1206 et
2798 1153 3000 1208 iterum
3027 1171 3150 1209 cum
3186 1157 3314 1213 dicit
3342 1160 3445 1228 ipse
3481 1164 3614 1219 Domi-

2119 1251 2218 1290 nus
2249 1239 2330 1290 ”:
2369 1255 2388 1287 ι
2425 1240 2650 1293 Cuidam
2698 1240 3083 1308 patrifamilias
3117 1255 3273 1301 erant
3317 1249 3415 1303 duo
3451 1251 3614 1306 debito-

2118 1337 2205 1376 res
2235 1342 2249 1376 :
2278 1339 2412 1379 unus
2459 1327 2689 1381 debebat
2743 1329 3000 1384 denarios
3046 1332 3382 1400 quingentos,
3425 1347 3474 1390 et
3512 1339 3611 1395 alius

2117 1413 2501 1482 quinquaginta
2535 1433 2549 1469 :
2583 1434 2603 1467 ι
2639 1424 2696 1470 et
2719 1417 2820 1470 hoc
2843 1419 2913 1472 de
2953 1422 3193 1486 peccatis
3220 1423 3322 1478 dici
3351 1425 3457 1494 ipse
3481 1428 3610 1483 inter-

2117 1512 2356 1568 pretatus
2383 1515 2488 1560 est.
2515 1503 2592 1558 Ne
2609 1505 2754 1561 forte
2782 1522 2916 1576 ergo
2933 1517 2989 1562 et
3021 1510 3073 1562 in
3100 1511 3201 1565 hoc
3227 1511 3338 1566 loco
3359 1517 3607 1570 mercedem

2117 1590 2297 1657 operis
2332 1607 2448 1660 qua:
2486 1593 2786 1646 secundum
2819 1595 3062 1648 debitum
3102 1599 3369 1666 redditur,
3401 1606 3461 1656 ad
3501 1604 3608 1659 hunc

2117 1693 2351 1744 sensum,
2382 1695 2538 1746 quem
2565 1696 2732 1749 supra
2755 1683 3024 1747 diximus,
3049 1687 3330 1753 Apostolus
3360 1695 3608 1748 traxeritde

2119 1766 2199 1820 his
2240 1771 2330 1835 qui
2377 1770 2448 1822 ita
2481 1778 2774 1838 operantur
2818 1774 2964 1827 sicut
3014 1784 3070 1829 et
3123 1777 3250 1830 Cain
3298 1790 3516 1847 operatus
3547 1793 3606 1838 est

2117 1863 2311 1909 terram
2344 1874 2356 1909 :
2389 1866 2444 1910 et
2499 1859 2640 1912 sicut
2683 1860 2816 1914 alibi
2885 1863 3019 1917 dicit
3051 1880 3066 1918 :
3115 1883 3136 1916 ι
3201 1868 3444 1923 Discedite
3478 1886 3503 1923 a
3526 1887 3604 1939 me,

2117 1945 2343 2010 operarii
2378 1946 2675 2012 iniquitatis
2696 1948 2742 1979 “
2768 1966 2784 2003 :
2826 1967 2847 2001 ι
2875 1952 3076 2018 quibus
3100 1955 3284 2023 utique
3309 1960 3442 2025 quasi
3468 1960 3604 2016 debila

2115 2045 2268 2100 postia
2296 2046 2391 2100 pro
2422 2035 2666 2089 mercede
2691 2036 3005 2106 iniquitatis
3040 2042 3342 2098 exsolvitur.
3365 2046 3604 2102 Undeidem

2115 2122 2394 2189 Apostolus
2424 2124 2472 2174 in
2505 2123 2613 2178 alio
2640 2125 2764 2181 loco
2791 2129 2836 2159 ⁸⁷
2873 2147 2888 2182 :
2938 2147 2958 2181 ι
2996 2131 3292 2201 Stipendia,
3319 2137 3488 2206 inquit,
3514 2154 3604 2206 prc-

2115 2212 2218 2264 cati
2255 2227 2432 2276 mors;
2476 2232 2495 2264 ι
2528 2224 2582 2267 et
2631 2231 2738 2269 non
2790 2220 3009 2275 addidit
3039 2233 3097 2274 ut
3142 2226 3385 2280 similiter
3417 2230 3602 2282 diceret:

2119 2297 2386 2367 Stipendia
2418 2313 2594 2356 autem
2611 2303 2840 2370 iustitia:
2859 2312 2966 2361 vita
2993 2321 3218 2378 interna,
3240 2317 3328 2370 sed
3347 2317 3445 2371 ait:
3471 2316 3602 2371 «ϋηο

2118 2389 2188 2442 tia
2220 2402 2393 2444 autem
2422 2391 2513 2446 Dei
2542 2395 2655 2448 vita
2682 2407 2894 2451 aeterna
2925 2400 2971 2431 “
3002 2420 3016 2456 :
3057 2421 3077 2454 ι
3109 2413 3167 2457 ιιι
3193 2405 3483 2473 stipendium
3497 2409 3601 2475 quod

2116 2478 2295 2546 utique
2327 2479 2504 2535 debito
2543 2493 2599 2536 et
2632 2488 2877 2540 mercedi
2915 2490 3094 2546 simile
3121 2502 3228 2559 est,
3263 2494 3597 2549 retributionem

2115 2579 2282 2634 paena:
2307 2583 2424 2621 esse
2447 2570 2664 2625 doceret
2702 2583 2760 2627 et
2797 2578 3024 2645 mortis,
3064 2581 3224 2635 vitam
3263 2597 3380 2638 vero
3401 2592 3597 2637 aeternam

2115 2658 2212 2724 soli
2239 2660 2421 2726 gratia:
2452 2662 2827 2732 consignaret.
2866 2667 3178 2725 Secundum
3213 2672 3346 2727 hunc
3369 2681 3599 2728 sensumet

2114 2745 2242 2800 illud
2283 2748 2424 2815 quod
2470 2749 2520 2802 in
2565 2751 2872 2822 Evangelio
2899 2759 3178 2826 scribitur,
3209 2779 3229 2813 ι
3278 2763 3381 2828 Qua
3409 2777 3598 2817 mensura

2115 2837 2282 2890 mensi
2309 2839 2540 2905 fueritis,
2575 2845 2771 2898 eadem
2791 2851 3112 2904 remetietur
3156 2853 3302 2907 vobis
3329 2855 3392 2918 ",
3427 2874 3443 2906 ι
3468 2855 3519 2908 de
3541 2854 3596 2907 si-

2114 2924 2295 2980 nistris
2337 2929 2591 2995 operibus
2641 2935 3034 3003 accipiendum
3090 2951 3238 3008 puto.
3294 2941 3453 3011 Neque
3489 2944 3592 2997 enim

2111 3013 2295 3081 gratia:
2322 3030 2432 3070 suae
2477 3032 2796 3076 mensuram
2839 3027 3032 3080 statuit
3067 3029 3226 3094 Deus,
3259 3047 3368 3086 cum
3399 3035 3591 3100 Scriptum

2111 3103 2178 3192 sit
2205 3122 2217 3156 :
2242 3121 2260 3153 ι
2281 3104 2390 3157 Non
2409 3109 2551 3158 enim
2573 3109 2637 3162 ad
2664 3127 2986 3169 mensuram
3009 3117 3101 3172 dat
3123 3119 3260 3174 Deus
3282 3122 3488 3192 spiritum
3502 3123 3551 3174 το.
3573 3139 3589 3172 i

2112 3191 2166 3243 Si
2200 3206 2326 3260 ergo
2357 3194 2466 3246 haec
2502 3204 2771 3261 putantur
2806 3212 2956 3256 recte
2986 3205 3254 3272 discussa,
3283 3191 3594 3277 consequenter

2109 3281 2287 3347 utique
2317 3297 2375 3334 ea
2406 3297 2523 3348 qua:
2556 3287 2849 3346 cohaerent
2873 3296 3201 3351 videbuntur
3225 3299 3531 3368 intelligenda,
3549 3305 3590 3349 ut

2107 3372 2344 3437 operanti
2372 3373 2582 3439 quidem
2613 3390 2786 3445 opera
2815 3383 3120 3452 iniquitatis
3145 3404 3344 3444 merces
3364 3389 3586 3443 secundum

2109 3461 2306 3527 peccati
2342 3461 2577 3515 debitum
2616 3473 2992 3539 rependatur;
3027 3480 3266 3532 credenti
3295 3495 3402 3533 vero
3428 3480 3468 3533 in
3499 3491 3584 3531 eum

2108 3548 2195 3614 qui
2222 3548 2478 3616 justilicat
2511 3553 2764 3624 impium,
2796 3560 2932 3616 ﬁdes
2964 3565 3032 3616 ad
3054 3566 3309 3632 justitiam
3343 3578 3579 3636 reputatur:

2108 3638 2150 3690 si
2207 3638 2420 3705 quidem
2468 3642 2606 3696 bene
2657 3649 3014 3708 meminimus
3044 3658 3336 3725 superiora,
3378 3659 3420 3712 in
3441 3656 3580 3724 quibus

2107 3729 2435 3782 ostendimus
2464 3745 2570 3784 non
2596 3734 2650 3786 ei
2682 3739 2776 3804 qui
2813 3753 2881 3793 ex
2910 3752 3087 3810 parte,
3119 3749 3210 3799 sed
3235 3751 3319 3816 qui
3339 3762 3394 3801 ex
3412 3747 3582 3813 integro,

2106 3825 2162 3869 et
2188 3819 2275 3884 qul
2307 3819 2544 3886 perfeCte
2577 3828 2783 3892 credit,
2809 3831 2973 3885 ﬁdem
3001 3849 3160 3902 posse
3188 3839 3250 3891 ad
3282 3837 3498 3907 justitiam
3523 3846 3584 3886 re-

2106 3907 2280 3998 Ρυξέτί
2306 3922 2466 3998 τγίῖυω
2489 3913 2628 3968 ﬁdes
2671 3928 2823 3976 tanta
2862 3937 2969 3991 est,
2995 3941 3054 3982 ut
3077 3927 3326 3998 jllSliﬁf‘Ol
3347 3929 3476 3981 etiam
3499 3937 3583 3976 eum

2105 3996 2192 4084 ΪΨῘ
2222 3996 2413 4084 impius
2441 3998 2631 4070 Ῑυθτίιο
2661 4020 2722 4062 ut
2747 4011 2892 4066 ultra
2919 4015 3031 4082 jam
3067 3996 3170 4072 non
3194 4018 3262 4072 sit
3288 4018 3470 4084 impius,
3489 4014 3586 4066 sicut

2107 4079 2192 4171 in?
2227 4081 2362 4136 1mm
2398 4088 2488 4153 qui
2537 4095 2818 4156 Pendebat
2857 4079 2934 4154 in—
2956 4118 3125 4158 cruce
3153 4115 3207 4159 et
3247 4079 3586 4171 blasphemabal,

2105 4169 2195 4221 sed
2225 4171 2294 4223 δίι
2321 4172 2461 4226 Siet"
2485 4175 2573 4230 ille
2594 4183 2697 4248 qui
2726 4189 3093 4247 conﬁtebatur
3115 4203 3169 4247 et
3200 4169 3429 4248 dicebat:
3464 4207 3480 4241 t
3517 4190 3588 4242 Do-

485 4270 699 4337 quidem
731 4268 898 4335 gratia
936 4265 1004 4318 sit
1055 4265 1396 4330 justiﬁcantis
1419 4301 1434 4324 ,
1485 4263 1535 4313 in
1582 4275 1740 4330 opere
1768 4276 1894 4316 vero
1917 4264 2004 4331 ju—
2037 4279 2080 4332 D
2110 4259 2250 4312 mine
2275 4257 2427 4327 Jesu,
2466 4280 2747 4328 memento
2791 4279 2899 4332 mei
2937 4295 3061 4335 cum
3115 4284 3316 4337 veneris
3343 4283 3390 4336 in
3422 4291 3587 4350 regnum

487 4357 632 4410 stitia
664 4355 1003 4410 retribnentis
1027 4355 1160 4420 (35).
1195 4352 1297 4406 Sed
1325 4366 1420 4420 ego
1443 4366 1562 4404 cum
1596 4351 1870 4405 considero
1891 4368 2003 4406 ser-

488 4444 662 4498 monis
689 4445 1030 4498 eminentiam
1059 4481 1075 4505 ,
1123 4456 1225 4508 qua
1275 4441 1408 4493 dicit
1435 4438 1674 4507 Operanti
1717 4441 1999 4494 secundum

487 4532 722 4587 debitum
765 4532 932 4596 reddi,
963 4531 1048 4584 vix
1084 4530 1212 4583 mihi
1235 4528 1434 4582 suadeo
1471 4527 1608 4596 quod
1641 4527 1809 4594 possit
1838 4527 1997 4580 ullum

486 4634 620 4688 Opus
656 4633 812 4684 esse,
859 4617 996 4686 quod
1047 4631 1111 4670 ex
1161 4617 1339 4669 debito
1374 4614 1852 4668 remuneratibnem
1907 4615 1998 4669 Dei

487 4709 755 4776 deposcat,
787 4724 904 4761 cum
935 4709 1094 4761 etiam
1127 4707 1226 4761 hoc
1257 4707 1422 4773 ipsum
1452 4705 1592 4772 quod
1616 4717 1775 4772 agere
1801 4703 1996 4770 aliquid

485 4812 782 4865 possumus,
810 4798 887 4850 vel
915 4798 1147 4864 cogitare
1166 4834 1181 4858 ,
1213 4793 1298 4848 vel
1341 4791 1582 4862 proloqui
1609 4830 1626 4855 ,
1664 4791 1830 4860 ipsius
1859 4792 1999 4847 dono

553 4971 958 5048 “_R¢_tm._t_v,_5.
999 5044 1010 5048 _
1036 4976 1080 5006 "
1104 4975 1122 5027 l
1150 4975 1273 5048 (lor.
1309 4989 1440 5048 xiii,
1471 4972 1527 5036 9,
1561 4970 1648 5025 10.
1790 4968 1917 5048 Luc.
1947 4988 2011 5048 ξίν

2121 4971 2172 5024 5.
2245 4973 2336 5048 ξι]
2364 4976 2492 5048 _C_or.
2517 4995 2642 5048 xm,
2671 4986 2730 5041 2.

487 5043 646 5118 [3,},
676 5041 728 5094 5.
799 5042 1051 5118 “thlatth.
1080 5059 1151 5118 vi,
1179 5043 1266 5096 1⁵2.
1299 5043 1384 5118 Δ⁶⁸
1418 5041 1544 5118 Duc:
1580 5054 1672 5100 vn,
1701 5038 1789 5091 41.
1861 5039 1922 5118 ξς
1947 5040 2011 5092 LII

2113 5055 2216 5118 tm,
2243 5041 2334 5107 27;
2361 5043 2556 5118 Matth.
2593 5038 2816 5118 νὶιξέὄ.

487 5105 542 5137 ⁸⁸
567 5107 693 5162 Luc.
722 5125 794 5172 VI,
826 5105 1255 5177 38;Matth.vu,
1296 5111 1351 5166 2.

489 5292 665 5407 e$5.255.)
711 5293 810 5347 Ms.
859 5312 1030 5360 unus,
1085 5315 1104 5348 t
1160 5297 1504 5350 evacuabitur
1544 5298 1684 5366 quod
1728 5310 1792 5352 ex
1845 5305 1997 5365 parte

705 5425 844 5504 Non.
876 5429 930 5482 In
965 5432 1120 5485 editis
1147 5433 1588 5500 praetermittitur.

584 5489 668 5554 55)
701 5494 862 5554 Alias,
901 5515 920 5548 ι
956 5501 1255 5554 tribuentis.
1287 5519 1310 5554 ι

584 5489 668 5557 55)
701 5494 862 5559 Alias,
901 5515 920 5548 ι
956 5489 1255 5555 tribuentis.
1287 5519 1310 5554 ι

2109 4359 2253 4402 tuum
2295 4351 2363 4402 '“.
2411 4353 2538 4410 Post
2584 4361 2703 4417 haec
2749 4368 2900 4422 velut
2933 4373 3001 4426 ad
3044 4375 3470 4429 conﬁrmationem
3505 4366 3587 4438 (δη

2105 4440 2365 4495 sermonis
2399 4444 2482 4498 sui
2518 4441 2686 4514 quem
2735 4457 2956 4514 dixerat
2991 4480 3004 4514 :
3033 4481 3053 4513 ι
3099 4464 3157 4517 Ei
3203 4473 3366 4519 autem
3405 4461 3478 4531 qui
3511 4473 3586 4511 no"

2103 4537 2371 4592 operatur,
2388 4535 2564 4623 credit
2589 4550 2776 4598 autem
2800 4547 2852 4600 in
2869 4563 2993 4603 eum
3023 4555 3114 4621 qui
3140 4553 3380 4623 justiﬁcat
3397 4547 3587 4619 impium.

2105 4626 2380 4705 reputatur
2423 4621 2559 4678 ﬁdes
2594 4631 2664 4683 ad
2696 4631 2970 4700 justitiam
2997 4641 3066 4705 7’,
3111 4621 3373 4698 {assumit
3399 4639 3586 4694 testimo-

2102 4704 2246 4757 nium
2281 4707 2346 4762 de
2379 4709 2644 4783 Psalmis,
2679 4734 2740 4776 et
2775 4726 2911 4783 dicit
2944 4745 2962 4785 :
2997 4749 3018 4783 ι
3053 4704 3206 4788 Sicut
3235 4742 3284 4787 et
3322 4730 3464 4787 David
3493 4725 3588 4780 dicit

2102 4795 2485 4858 beatitudinem
2526 4807 2791 4881 hominis,
2827 4824 2918 4873 cui
2948 4819 3090 4876 Deus
3117 4832 3329 4893 accepto
3352 4815 3586 4885 fertjusli-

2830 4991 2877 5023 ⁸³
2908 4993 3080 5065 ﬁxed.
3117 5010 3226 5059 xrv,
3253 4995 3336 5065 ὅ).
3401 4987 3583 5065 {895'}-

2917 5061 2962 5095 "
3003 5063 3157 5118 Rom.
3179 5052 3249 5128 vi,
3275 5062 3354 5116 25.
3419 5057 3456 5089 ⁸⁸
3486 5052 3584 5108 ibid-

1444 5110 1489 5140 ὀ
1515 5107 1667 5162 Joan.
1729 5121 1811 5171 ιιι,
1860 5107 1946 5160 54.
2021 5111 2061 5140 ⁷⁸
2101 5108 2230 5162 Luc.
2282 5127 2446 5180 χχιιι,
2477 5117 2568 5171 42.
2646 5107 2880 5183 "Rom.
2927 5107 3087 5197 ":5:

2172 5300 2285 5381 (ὂβ)
2327 5300 2418 5357 Sic
2444 5320 2638 5361 omnes
2667 5326 2802 5381 mss.
2839 5318 3060 5381 nostri;
3105 5317 3226 5373 editi
3253 5326 3383 5376 vero,
3420 5325 3438 5361 ι
3465 5301 3584 5371 cui”

2104 5379 2277 5439 gratia
2311 5384 2410 5439 nos
2433 5379 2734 5439 praecessit.
2771 5401 2788 5430 ι

2173 5436 2282 5505 (37)
2321 5436 2489 5506 Alias,
2524 5459 2543 5492 ι
2586 5446 2969 5508 lirmittiouem.
3012 5471 3036 5508 ι
