  <div class='ocr_page' id='page_1' title='image "/cluster/home/n/w/nwhite01/storage/ocr_20150623/14 (Origen; pt. 4)/nyp.33433081862280/494.png"; bbox 0 0 3836 6244; ppageno 0'>
   <div class='ocr_carea' id='block_1_1' title="bbox 294 283 3475 368">
    <p class='ocr_par' dir='ltr' id='par_1_1' title="bbox 294 283 3475 368">
     <span class='ocr_line' id='line_1_1' title="bbox 294 283 3475 368; baseline 0.008 -29"><span class='ocrx_word' id='word_1_1' title='bbox 294 283 426 340; x_wconf 82' lang='lat'><strong>965</strong></span> <span class='ocrx_word' id='word_1_2' title='bbox 621 312 633 326; x_wconf 78' lang='grc' dir='ltr'><strong><em>ο</em></strong></span> <span class='ocrx_word' id='word_1_3' title='bbox 1171 363 1176 368; x_wconf 20' lang='grc' dir='ltr'><em>ρ</em></span> <span class='ocrx_word' id='word_1_4' title='bbox 1253 291 1603 352; x_wconf 75' lang='lat' dir='ltr'><strong>COMMENT.</strong></span> <span class='ocrx_word' id='word_1_5' title='bbox 1634 297 1702 352; x_wconf 87' lang='lat' dir='ltr'><strong>lN</strong></span> <span class='ocrx_word' id='word_1_6' title='bbox 1738 295 1947 354; x_wconf 83' lang='lat' dir='ltr'><strong>EPIST.</strong></span> <span class='ocrx_word' id='word_1_7' title='bbox 1984 301 2073 353; x_wconf 73' lang='lat' dir='ltr'><strong>an</strong></span> <span class='ocrx_word' id='word_1_8' title='bbox 2105 300 2269 358; x_wconf 74' lang='lat' dir='ltr'><strong>nou.</strong></span> <span class='ocrx_word' id='word_1_9' title='bbox 2307 303 2431 359; x_wconf 87' lang='lat' dir='ltr'><strong>LIB.</strong></span> <span class='ocrx_word' id='word_1_10' title='bbox 2467 303 2556 359; x_wconf 82' lang='lat' dir='ltr'><strong>tv.</strong></span> <span class='ocrx_word' id='word_1_11' title='bbox 3373 297 3475 364; x_wconf 72' lang='lat'><strong>966</strong></span> 
     </span>
    </p>
   </div>
   <div class='ocr_carea' id='block_1_2' title="bbox 294 398 3472 489">
    <p class='ocr_par' dir='ltr' id='par_1_2' title="bbox 294 398 3472 489">
     <span class='ocr_line' id='line_1_2' title="bbox 294 398 3472 489; baseline 0.007 -38"><span class='ocrx_word' id='word_1_12' title='bbox 294 398 456 454; x_wconf 86' lang='lat' dir='ltr'><strong>tiam</strong></span> <span class='ocrx_word' id='word_1_13' title='bbox 483 400 605 456; x_wconf 89' lang='lat' dir='ltr'><strong>sine</strong></span> <span class='ocrx_word' id='word_1_14' title='bbox 630 403 881 471; x_wconf 76' lang='lat' dir='ltr'><strong>operibus</strong></span> <span class='ocrx_word' id='word_1_15' title='bbox 907 408 956 441; x_wconf 80' lang='lat'>&quot;</span> <span class='ocrx_word' id='word_1_16' title='bbox 989 424 1006 463; x_wconf 86' lang='lat'><strong>:</strong></span> <span class='ocrx_word' id='word_1_17' title='bbox 1034 410 1180 464; x_wconf 87' lang='lat' dir='ltr'><strong>Beati</strong></span> <span class='ocrx_word' id='word_1_18' title='bbox 1211 425 1430 480; x_wconf 87' lang='lat' dir='ltr'><strong>quorum</strong></span> <span class='ocrx_word' id='word_1_19' title='bbox 1466 414 1709 467; x_wconf 83' lang='lat' dir='ltr'><strong>remissae</strong></span> <span class='ocrx_word' id='word_1_20' title='bbox 1737 423 1861 468; x_wconf 91' lang='lat' dir='ltr'><strong>sunt</strong></span> <span class='ocrx_word' id='word_1_21' title='bbox 1885 420 1932 475; x_wconf 79' lang='grc' dir='ltr'><strong>Α</strong></span> <span class='ocrx_word' id='word_1_22' title='bbox 1959 417 2224 485; x_wconf 66' lang='lat' dir='ltr'><strong>nequitiae,</strong></span> <span class='ocrx_word' id='word_1_23' title='bbox 2253 417 2325 471; x_wconf 87' lang='lat' dir='ltr'><strong>ibi</strong></span> <span class='ocrx_word' id='word_1_24' title='bbox 2341 417 2451 485; x_wconf 90' lang='lat' dir='ltr'><strong>jam</strong></span> <span class='ocrx_word' id='word_1_25' title='bbox 2475 430 2679 472; x_wconf 88' lang='lat' dir='ltr'><strong>summa</strong></span> <span class='ocrx_word' id='word_1_26' title='bbox 2704 416 2950 485; x_wconf 72' lang='lat' dir='ltr'><strong>perfecta:</strong></span> <span class='ocrx_word' id='word_1_27' title='bbox 2976 417 3315 472; x_wconf 91' lang='lat' dir='ltr'><strong>beatitudinis</strong></span> <span class='ocrx_word' id='word_1_28' title='bbox 3345 435 3472 489; x_wconf 88' lang='lat' dir='ltr'><strong>pro-</strong></span> 
     </span>
    </p>
   </div>
   <div class='ocr_carea' id='block_1_3' title="bbox 293 489 3474 578">
    <p class='ocr_par' dir='ltr' id='par_1_3' title="bbox 293 489 3474 578">
     <span class='ocr_line' id='line_1_3' title="bbox 293 489 3474 578; baseline 0.008 -38"><span class='ocrx_word' id='word_1_29' title='bbox 293 489 662 558; x_wconf 88' lang='lat' dir='ltr'><strong>iniquitates,</strong></span> <span class='ocrx_word' id='word_1_30' title='bbox 709 502 764 547; x_wconf 89' lang='lat' dir='ltr'><strong>et</strong></span> <span class='ocrx_word' id='word_1_31' title='bbox 789 510 1016 563; x_wconf 88' lang='lat' dir='ltr'><strong>quorum</strong></span> <span class='ocrx_word' id='word_1_32' title='bbox 1061 510 1192 554; x_wconf 87' lang='lat' dir='ltr'><strong>tecta</strong></span> <span class='ocrx_word' id='word_1_33' title='bbox 1221 510 1341 554; x_wconf 92' lang='lat' dir='ltr'><strong>sunt</strong></span> <span class='ocrx_word' id='word_1_34' title='bbox 1375 512 1640 567; x_wconf 86' lang='lat' dir='ltr'><strong>peccata:</strong></span> <span class='ocrx_word' id='word_1_35' title='bbox 1672 505 1856 558; x_wconf 88' lang='lat' dir='ltr'><strong>beatus</strong></span> <span class='ocrx_word' id='word_1_36' title='bbox 1959 508 2216 571; x_wconf 89' lang='lat' dir='ltr'><strong>mittatur,</strong></span> <span class='ocrx_word' id='word_1_37' title='bbox 2280 523 2402 562; x_wconf 91' lang='lat' dir='ltr'><strong>cum</strong></span> <span class='ocrx_word' id='word_1_38' title='bbox 2459 507 2660 560; x_wconf 91' lang='lat' dir='ltr'><strong>nullum</strong></span> <span class='ocrx_word' id='word_1_39' title='bbox 2705 508 2872 575; x_wconf 86' lang='lat' dir='ltr'><strong>possit</strong></span> <span class='ocrx_word' id='word_1_40' title='bbox 2921 509 3171 561; x_wconf 86' lang='lat' dir='ltr'><strong>Dominus</strong></span> <span class='ocrx_word' id='word_1_41' title='bbox 3215 509 3474 578; x_wconf 86' lang='lat' dir='ltr'><strong>imputare</strong></span> 
     </span>
    </p>
   </div>
   <div class='ocr_carea' id='block_1_4' title="bbox 291 580 3472 666">
    <p class='ocr_par' dir='ltr' id='par_1_4' title="bbox 291 580 3472 666">
     <span class='ocr_line' id='line_1_4' title="bbox 291 580 3472 666; baseline 0.007 -37"><span class='ocrx_word' id='word_1_42' title='bbox 291 580 401 631; x_wconf 84' lang='lat' dir='ltr'><strong>vir</strong></span> <span class='ocrx_word' id='word_1_43' title='bbox 429 585 522 636; x_wconf 88' lang='lat' dir='ltr'><strong>cui</strong></span> <span class='ocrx_word' id='word_1_44' title='bbox 542 597 643 636; x_wconf 92' lang='lat' dir='ltr'><strong>non</strong></span> <span class='ocrx_word' id='word_1_45' title='bbox 672 583 954 652; x_wconf 82' lang='lat' dir='ltr'><strong>imputavit</strong></span> <span class='ocrx_word' id='word_1_46' title='bbox 975 589 1223 642; x_wconf 86' lang='lat' dir='ltr'><strong>Dominus</strong></span> <span class='ocrx_word' id='word_1_47' title='bbox 1249 599 1518 657; x_wconf 88' lang='lat' dir='ltr'><strong>peccatum</strong></span> <span class='ocrx_word' id='word_1_48' title='bbox 1540 590 1607 644; x_wconf 76' lang='lat'><strong>&quot;.</strong></span> <span class='ocrx_word' id='word_1_49' title='bbox 1642 610 1660 642; x_wconf 76' lang='grc' dir='ltr'><strong>ι</strong></span> <span class='ocrx_word' id='word_1_50' title='bbox 1694 590 1854 645; x_wconf 79' lang='lat' dir='ltr'><strong>Vides</strong></span> <span class='ocrx_word' id='word_1_51' title='bbox 1955 607 2249 664; x_wconf 85' lang='lat' dir='ltr'><strong>peccatum.</strong></span> <span class='ocrx_word' id='word_1_52' title='bbox 2281 597 2538 666; x_wconf 89' lang='lat' dir='ltr'><strong>lniqnitas</strong></span> <span class='ocrx_word' id='word_1_53' title='bbox 2565 611 2696 652; x_wconf 82' lang='lat' dir='ltr'><strong>sane</strong></span> <span class='ocrx_word' id='word_1_54' title='bbox 2726 612 2755 650; x_wconf 92' lang='lat' dir='ltr'><strong>a</strong></span> <span class='ocrx_word' id='word_1_55' title='bbox 2779 605 2994 665; x_wconf 87' lang='lat' dir='ltr'><strong>peccato</strong></span> <span class='ocrx_word' id='word_1_56' title='bbox 3021 599 3156 651; x_wconf 88' lang='lat' dir='ltr'><strong>hanc</strong></span> <span class='ocrx_word' id='word_1_57' title='bbox 3184 598 3342 652; x_wconf 87' lang='lat' dir='ltr'><strong>habet</strong></span> <span class='ocrx_word' id='word_1_58' title='bbox 3370 598 3472 653; x_wconf 77' lang='lat' dir='ltr'><strong>dif-</strong></span> 
     </span>
    </p>
   </div>
   <div class='ocr_carea' id='block_1_5' title="bbox 289 671 3472 754">
    <p class='ocr_par' dir='ltr' id='par_1_5' title="bbox 289 671 3472 754">
     <span class='ocr_line' id='line_1_5' title="bbox 289 671 3472 754; baseline 0.006 -32"><span class='ocrx_word' id='word_1_59' title='bbox 289 682 414 735; x_wconf 83' lang='lat' dir='ltr'><strong>per</strong></span> <span class='ocrx_word' id='word_1_60' title='bbox 442 671 550 724; x_wconf 89' lang='lat' dir='ltr'><strong>hos</strong></span> <span class='ocrx_word' id='word_1_61' title='bbox 567 687 841 726; x_wconf 90' lang='lat' dir='ltr'><strong>sermones</strong></span> <span class='ocrx_word' id='word_1_62' title='bbox 859 687 1242 746; x_wconf 77' lang='lat' dir='ltr'><strong>consequenter</strong></span> <span class='ocrx_word' id='word_1_63' title='bbox 1257 678 1530 747; x_wconf 86' lang='lat' dir='ltr'><strong>approbari</strong></span> <span class='ocrx_word' id='word_1_64' title='bbox 1551 694 1705 747; x_wconf 86' lang='lat' dir='ltr'><strong>posse</strong></span> <span class='ocrx_word' id='word_1_65' title='bbox 1721 679 1861 748; x_wconf 89' lang='lat' dir='ltr'><strong>quod</strong></span> <span class='ocrx_word' id='word_1_66' title='bbox 1956 684 2255 748; x_wconf 78' lang='lat' dir='ltr'><strong>ferentium,</strong></span> <span class='ocrx_word' id='word_1_67' title='bbox 2280 686 2421 754; x_wconf 88' lang='lat' dir='ltr'><strong>quod</strong></span> <span class='ocrx_word' id='word_1_68' title='bbox 2453 686 2703 754; x_wconf 77' lang='lat' dir='ltr'><strong>iniquitas</strong></span> <span class='ocrx_word' id='word_1_69' title='bbox 2725 687 2777 739; x_wconf 91' lang='lat' dir='ltr'><strong>in</strong></span> <span class='ocrx_word' id='word_1_70' title='bbox 2803 686 2883 739; x_wconf 90' lang='lat' dir='ltr'><strong>his</strong></span> <span class='ocrx_word' id='word_1_71' title='bbox 2906 687 3118 746; x_wconf 88' lang='lat' dir='ltr'><strong>dicitur.</strong></span> <span class='ocrx_word' id='word_1_72' title='bbox 3147 701 3264 753; x_wconf 66' lang='lat' dir='ltr'><strong>qua:</strong></span> <span class='ocrx_word' id='word_1_73' title='bbox 3288 698 3472 742; x_wconf 88' lang='lat' dir='ltr'><strong>contra</strong></span> 
     </span>
    </p>
   </div>
   <div class='ocr_carea' id='block_1_6' title="bbox 288 761 3473 845">
    <p class='ocr_par' dir='ltr' id='par_1_6' title="bbox 288 761 3473 845">
     <span class='ocr_line' id='line_1_6' title="bbox 288 761 3473 845; baseline 0.007 -37"><span class='ocrx_word' id='word_1_74' title='bbox 288 767 609 824; x_wconf 85' lang='lat' dir='ltr'><strong>reputetur</strong></span> <span class='ocrx_word' id='word_1_75' title='bbox 639 761 838 813; x_wconf 86' lang='lat' dir='ltr'><strong>homini</strong></span> <span class='ocrx_word' id='word_1_76' title='bbox 882 763 1080 830; x_wconf 79' lang='lat' dir='ltr'><strong>iustitia</strong></span> <span class='ocrx_word' id='word_1_77' title='bbox 1117 765 1229 819; x_wconf 87' lang='lat' dir='ltr'><strong>sine</strong></span> <span class='ocrx_word' id='word_1_78' title='bbox 1253 767 1518 834; x_wconf 81' lang='lat' dir='ltr'><strong>Operibus.</strong></span> <span class='ocrx_word' id='word_1_79' title='bbox 1544 767 1697 821; x_wconf 86' lang='lat' dir='ltr'><strong>Unde</strong></span> <span class='ocrx_word' id='word_1_80' title='bbox 1731 767 1863 820; x_wconf 89' lang='lat' dir='ltr'><strong>mihi</strong></span> <span class='ocrx_word' id='word_1_81' title='bbox 1955 774 2119 842; x_wconf 79' lang='lat' dir='ltr'><strong>legem</strong></span> <span class='ocrx_word' id='word_1_82' title='bbox 2142 777 2582 830; x_wconf 80' lang='lat' dir='ltr'><strong>committuntur;</strong></span> <span class='ocrx_word' id='word_1_83' title='bbox 2608 777 2743 829; x_wconf 89' lang='lat' dir='ltr'><strong>unde</strong></span> <span class='ocrx_word' id='word_1_84' title='bbox 2762 775 3041 830; x_wconf 68' lang='lat' dir='ltr'><strong>etGrazcus</strong></span> <span class='ocrx_word' id='word_1_85' title='bbox 3062 776 3473 845; x_wconf 72' lang='grc' dir='ltr'><strong>εθιηιοάνομιαν</strong></span> 
     </span>
    </p>
   </div>
   <div class='ocr_carea' id='block_1_7' title="bbox 286 847 3472 937">
    <p class='ocr_par' dir='ltr' id='par_1_7' title="bbox 286 847 3472 937">
     <span class='ocr_line' id='line_1_7' title="bbox 286 847 3472 937; baseline 0.008 -39"><span class='ocrx_word' id='word_1_86' title='bbox 286 847 538 937; x_wconf 81' lang='lat' dir='ltr'><strong>videtur</strong></span> <span class='ocrx_word' id='word_1_87' title='bbox 561 851 666 906; x_wconf 88' lang='lat' dir='ltr'><strong>hoc</strong></span> <span class='ocrx_word' id='word_1_88' title='bbox 691 852 1014 907; x_wconf 79' lang='lat' dir='ltr'><strong>intellexisse</strong></span> <span class='ocrx_word' id='word_1_89' title='bbox 1044 855 1345 924; x_wconf 81' lang='lat' dir='ltr'><strong>Apostolus,</strong></span> <span class='ocrx_word' id='word_1_90' title='bbox 1377 858 1499 925; x_wconf 84' lang='lat' dir='ltr'><strong>quia</strong></span> <span class='ocrx_word' id='word_1_91' title='bbox 1527 857 1852 925; x_wconf 89' lang='lat' dir='ltr'><strong>impossibile</strong></span> <span class='ocrx_word' id='word_1_92' title='bbox 1953 865 2182 931; x_wconf 76' lang='lat' dir='ltr'><strong>appellat</strong></span> <span class='ocrx_word' id='word_1_93' title='bbox 2233 865 2591 932; x_wconf 80' lang='lat' dir='ltr'><strong>iniquitatem,</strong></span> <span class='ocrx_word' id='word_1_94' title='bbox 2628 867 2726 919; x_wconf 90' lang='lat' dir='ltr'><strong>hoc</strong></span> <span class='ocrx_word' id='word_1_95' title='bbox 2762 876 2862 926; x_wconf 90' lang='lat' dir='ltr'><strong>est,</strong></span> <span class='ocrx_word' id='word_1_96' title='bbox 2889 868 3025 933; x_wconf 85' lang='lat' dir='ltr'><strong>quod</strong></span> <span class='ocrx_word' id='word_1_97' title='bbox 3059 868 3170 920; x_wconf 88' lang='lat' dir='ltr'><strong>sine</strong></span> <span class='ocrx_word' id='word_1_98' title='bbox 3209 867 3322 935; x_wconf 84' lang='lat' dir='ltr'><strong>lege</strong></span> <span class='ocrx_word' id='word_1_99' title='bbox 3359 868 3472 937; x_wconf 77' lang='grc'>(45)</span> 
     </span>
    </p>
   </div>
   <div class='ocr_carea' id='block_1_8' title="bbox 284 935 3473 1025">
    <p class='ocr_par' dir='ltr' id='par_1_8' title="bbox 284 935 3473 1025">
     <span class='ocr_line' id='line_1_8' title="bbox 284 935 3473 1025; baseline 0.007 -37"><span class='ocrx_word' id='word_1_100' title='bbox 284 935 373 988; x_wconf 86' lang='lat' dir='ltr'><strong>sit</strong></span> <span class='ocrx_word' id='word_1_101' title='bbox 415 939 478 990; x_wconf 90' lang='lat' dir='ltr'><strong>in</strong></span> <span class='ocrx_word' id='word_1_102' title='bbox 509 940 744 1004; x_wconf 86' lang='lat' dir='ltr'><strong>homine,</strong></span> <span class='ocrx_word' id='word_1_103' title='bbox 791 943 873 995; x_wconf 91' lang='lat' dir='ltr'><strong>cui</strong></span> <span class='ocrx_word' id='word_1_104' title='bbox 910 941 1018 1009; x_wconf 91' lang='lat' dir='ltr'><strong>jam</strong></span> <span class='ocrx_word' id='word_1_105' title='bbox 1053 959 1146 1011; x_wconf 91' lang='lat' dir='ltr'><strong>per</strong></span> <span class='ocrx_word' id='word_1_106' title='bbox 1187 953 1390 998; x_wconf 64' lang='lat' dir='ltr'><strong>aetatem</strong></span> <span class='ocrx_word' id='word_1_107' title='bbox 1425 947 1759 1000; x_wconf 81' lang='lat' dir='ltr'><strong>discernendi</strong></span> <span class='ocrx_word' id='word_1_108' title='bbox 1787 949 1851 1000; x_wconf 87' lang='lat' dir='ltr'><strong>de</strong></span> <span class='ocrx_word' id='word_1_109' title='bbox 1953 955 2330 1020; x_wconf 85' lang='lat' dir='ltr'><strong>committitnr;</strong></span> <span class='ocrx_word' id='word_1_110' title='bbox 2357 954 2515 1025; x_wconf 62' lang='grc'><strong>524</strong></span> <span class='ocrx_word' id='word_1_111' title='bbox 2555 966 2827 1024; x_wconf 89' lang='lat' dir='ltr'><strong>peccatum</strong></span> <span class='ocrx_word' id='word_1_112' title='bbox 2856 971 2981 1008; x_wconf 89' lang='lat' dir='ltr'><strong>vero</strong></span> <span class='ocrx_word' id='word_1_113' title='bbox 3013 957 3172 1009; x_wconf 90' lang='lat' dir='ltr'><strong>etiam</strong></span> <span class='ocrx_word' id='word_1_114' title='bbox 3206 957 3334 1009; x_wconf 93' lang='lat' dir='ltr'><strong>illud</strong></span> <span class='ocrx_word' id='word_1_115' title='bbox 3369 935 3473 1012; x_wconf 86' lang='lat' dir='ltr'><strong>dici</strong></span> 
     </span>
    </p>
   </div>
   <div class='ocr_carea' id='block_1_9' title="bbox 283 1025 3470 1108">
    <p class='ocr_par' dir='ltr' id='par_1_9' title="bbox 283 1025 3470 1108">
     <span class='ocr_line' id='line_1_9' title="bbox 283 1025 3470 1108; baseline 0.006 -31"><span class='ocrx_word' id='word_1_116' title='bbox 283 1025 461 1078; x_wconf 86' lang='lat' dir='ltr'><strong>bono</strong></span> <span class='ocrx_word' id='word_1_117' title='bbox 494 1038 554 1080; x_wconf 92' lang='lat' dir='ltr'><strong>et</strong></span> <span class='ocrx_word' id='word_1_118' title='bbox 601 1029 743 1080; x_wconf 90' lang='lat' dir='ltr'><strong>malo</strong></span> <span class='ocrx_word' id='word_1_119' title='bbox 787 1030 937 1082; x_wconf 87' lang='lat' dir='ltr'><strong>adest</strong></span> <span class='ocrx_word' id='word_1_120' title='bbox 977 1031 1291 1094; x_wconf 90' lang='lat' dir='ltr'><strong>intellectus,</strong></span> <span class='ocrx_word' id='word_1_121' title='bbox 1335 1048 1506 1101; x_wconf 90' lang='lat' dir='ltr'><strong>neque</strong></span> <span class='ocrx_word' id='word_1_122' title='bbox 1540 1034 1847 1101; x_wconf 91' lang='lat' dir='ltr'><strong>injustitiam</strong></span> <span class='ocrx_word' id='word_1_123' title='bbox 1953 1049 2144 1107; x_wconf 88' lang='lat' dir='ltr'><strong>potest,</strong></span> <span class='ocrx_word' id='word_1_124' title='bbox 2177 1041 2220 1093; x_wconf 91' lang='lat' dir='ltr'><strong>si</strong></span> <span class='ocrx_word' id='word_1_125' title='bbox 2245 1051 2427 1094; x_wconf 89' lang='lat' dir='ltr'><strong>contra</strong></span> <span class='ocrx_word' id='word_1_126' title='bbox 2458 1055 2618 1108; x_wconf 86' lang='lat' dir='ltr'><strong>quam</strong></span> <span class='ocrx_word' id='word_1_127' title='bbox 2649 1050 2838 1094; x_wconf 88' lang='lat' dir='ltr'><strong>natura</strong></span> <span class='ocrx_word' id='word_1_128' title='bbox 2861 1043 3031 1105; x_wconf 86' lang='lat' dir='ltr'><strong>docet,</strong></span> <span class='ocrx_word' id='word_1_129' title='bbox 3060 1053 3114 1096; x_wconf 89' lang='lat' dir='ltr'><strong>et</strong></span> <span class='ocrx_word' id='word_1_130' title='bbox 3144 1044 3470 1099; x_wconf 81' lang='lat' dir='ltr'><strong>conscientia</strong></span> 
     </span>
    </p>
   </div>
   <div class='ocr_carea' id='block_1_10' title="bbox 284 1113 2531 1195">
    <p class='ocr_par' dir='ltr' id='par_1_10' title="bbox 284 1113 2531 1195">
     <span class='ocr_line' id='line_1_10' title="bbox 284 1113 2531 1195; baseline 0.008 -30"><span class='ocrx_word' id='word_1_131' title='bbox 284 1113 520 1179; x_wconf 83' lang='lat' dir='ltr'><strong>inesse,</strong></span> <span class='ocrx_word' id='word_1_132' title='bbox 552 1132 723 1180; x_wconf 82' lang='lat' dir='ltr'><strong>neque</strong></span> <span class='ocrx_word' id='word_1_133' title='bbox 744 1117 1024 1184; x_wconf 84' lang='lat' dir='ltr'><strong>justitiam.</strong></span> <span class='ocrx_word' id='word_1_134' title='bbox 1057 1120 1204 1184; x_wconf 86' lang='lat' dir='ltr'><strong>Quod</strong></span> <span class='ocrx_word' id='word_1_135' title='bbox 1227 1122 1271 1174; x_wconf 95' lang='lat' dir='ltr'><strong>si</strong></span> <span class='ocrx_word' id='word_1_136' title='bbox 1315 1122 1384 1174; x_wconf 86' lang='lat' dir='ltr'><strong>ita</strong></span> <span class='ocrx_word' id='word_1_137' title='bbox 1416 1133 1519 1187; x_wconf 82' lang='lat' dir='ltr'><strong>est,</strong></span> <span class='ocrx_word' id='word_1_138' title='bbox 1551 1125 1665 1178; x_wconf 89' lang='lat' dir='ltr'><strong>sine</strong></span> <span class='ocrx_word' id='word_1_139' title='bbox 1684 1127 1848 1179; x_wconf 89' lang='lat' dir='ltr'><strong>altero</strong></span> <span class='ocrx_word' id='word_1_140' title='bbox 1951 1128 2142 1195; x_wconf 79' lang='lat' dir='ltr'><strong>arguit,</strong></span> <span class='ocrx_word' id='word_1_141' title='bbox 2177 1126 2531 1195; x_wconf 87' lang='lat' dir='ltr'><strong>delinquatur.</strong></span> 
     </span>
    </p>
   </div>
   <div class='ocr_carea' id='block_1_11' title="bbox 280 1203 3472 1289">
    <p class='ocr_par' dir='ltr' id='par_1_11' title="bbox 280 1203 3472 1289">
     <span class='ocr_line' id='line_1_11' title="bbox 280 1203 3472 1289; baseline 0.006 -34"><span class='ocrx_word' id='word_1_142' title='bbox 280 1215 321 1255; x_wconf 74' lang='grc' dir='ltr'><strong>θ</strong></span> <span class='ocrx_word' id='word_1_143' title='bbox 354 1203 592 1258; x_wconf 90' lang='lat' dir='ltr'><strong>duobus</strong></span> <span class='ocrx_word' id='word_1_144' title='bbox 616 1205 842 1258; x_wconf 80' lang='lat' dir='ltr'><strong>inveniri</strong></span> <span class='ocrx_word' id='word_1_145' title='bbox 876 1209 1047 1260; x_wconf 87' lang='lat' dir='ltr'><strong>anima</strong></span> <span class='ocrx_word' id='word_1_146' title='bbox 1077 1224 1178 1262; x_wconf 91' lang='lat' dir='ltr'><strong>non</strong></span> <span class='ocrx_word' id='word_1_147' title='bbox 1214 1221 1418 1276; x_wconf 89' lang='lat' dir='ltr'><strong>potest;</strong></span> <span class='ocrx_word' id='word_1_148' title='bbox 1456 1223 1504 1266; x_wconf 82' lang='lat' dir='ltr'><strong>et</strong></span> <span class='ocrx_word' id='word_1_149' title='bbox 1541 1223 1740 1267; x_wconf 89' lang='lat' dir='ltr'><strong>certum</strong></span> <span class='ocrx_word' id='word_1_150' title='bbox 1769 1225 1849 1269; x_wconf 89' lang='lat' dir='ltr'><strong>est</strong></span> <span class='ocrx_word' id='word_1_151' title='bbox 2014 1216 2070 1269; x_wconf 73' lang='grc'><strong>2.</strong></span> <span class='ocrx_word' id='word_1_152' title='bbox 2123 1232 2143 1266; x_wconf 84' lang='lat' dir='ltr'><strong>t</strong></span> <span class='ocrx_word' id='word_1_153' title='bbox 2195 1217 2470 1270; x_wconf 79' lang='lat' dir='ltr'><strong>Beatitudo</strong></span> <span class='ocrx_word' id='word_1_154' title='bbox 2507 1232 2634 1286; x_wconf 82' lang='lat' dir='ltr'><strong>ergo</strong></span> <span class='ocrx_word' id='word_1_155' title='bbox 2676 1218 2786 1272; x_wconf 68' lang='lat' dir='ltr'><strong>haec</strong></span> <span class='ocrx_word' id='word_1_156' title='bbox 2823 1219 2874 1272; x_wconf 92' lang='lat' dir='ltr'><strong>in</strong></span> <span class='ocrx_word' id='word_1_157' title='bbox 2905 1219 3307 1275; x_wconf 79' lang='lat' dir='ltr'><strong>circumcisione</strong></span> <span class='ocrx_word' id='word_1_158' title='bbox 3337 1219 3472 1289; x_wconf 68' lang='grc'>(44),</span> 
     </span>
    </p>
   </div>
   <div class='ocr_carea' id='block_1_12' title="bbox 280 1290 3473 1376">
    <p class='ocr_par' dir='ltr' id='par_1_12' title="bbox 280 1290 3473 1376">
     <span class='ocr_line' id='line_1_12' title="bbox 280 1290 3473 1376; baseline 0.006 -33"><span class='ocrx_word' id='word_1_159' title='bbox 280 1290 338 1344; x_wconf 82' lang='lat' dir='ltr'><strong>si</strong></span> <span class='ocrx_word' id='word_1_160' title='bbox 359 1291 613 1346; x_wconf 85' lang='lat' dir='ltr'><strong>desierit</strong></span> <span class='ocrx_word' id='word_1_161' title='bbox 636 1293 746 1362; x_wconf 78' lang='lat'><strong>(58)</strong></span> <span class='ocrx_word' id='word_1_162' title='bbox 779 1308 809 1346; x_wconf 90' lang='lat' dir='ltr'><strong>a</strong></span> <span class='ocrx_word' id='word_1_163' title='bbox 852 1295 1026 1358; x_wconf 90' lang='lat' dir='ltr'><strong>malis,</strong></span> <span class='ocrx_word' id='word_1_164' title='bbox 1061 1299 1202 1363; x_wconf 91' lang='lat' dir='ltr'><strong>quod</strong></span> <span class='ocrx_word' id='word_1_165' title='bbox 1229 1299 1334 1365; x_wconf 89' lang='lat' dir='ltr'><strong>jam</strong></span> <span class='ocrx_word' id='word_1_166' title='bbox 1358 1301 1654 1355; x_wconf 88' lang='lat' dir='ltr'><strong>inveniatttr</strong></span> <span class='ocrx_word' id='word_1_167' title='bbox 1683 1304 1734 1357; x_wconf 93' lang='lat' dir='ltr'><strong>in</strong></span> <span class='ocrx_word' id='word_1_168' title='bbox 1758 1306 1846 1357; x_wconf 81' lang='lat' dir='ltr'><strong>bo-</strong></span> <span class='ocrx_word' id='word_1_169' title='bbox 1951 1315 2018 1354; x_wconf 90' lang='lat' dir='ltr'><strong>au</strong></span> <span class='ocrx_word' id='word_1_170' title='bbox 2049 1303 2207 1356; x_wconf 90' lang='lat' dir='ltr'><strong>etiam</strong></span> <span class='ocrx_word' id='word_1_171' title='bbox 2241 1303 2290 1356; x_wconf 93' lang='lat' dir='ltr'><strong>in</strong></span> <span class='ocrx_word' id='word_1_172' title='bbox 2331 1303 2879 1370; x_wconf 69' lang='lat' dir='ltr'><strong>prteputio‘lDicimns</strong></span> <span class='ocrx_word' id='word_1_173' title='bbox 2909 1307 3049 1358; x_wconf 91' lang='lat' dir='ltr'><strong>enim</strong></span> <span class='ocrx_word' id='word_1_174' title='bbox 3083 1307 3203 1374; x_wconf 88' lang='lat' dir='ltr'><strong>quia</strong></span> <span class='ocrx_word' id='word_1_175' title='bbox 3234 1317 3473 1376; x_wconf 84' lang='lat' dir='ltr'><strong>reputata</strong></span> 
     </span>
    </p>
   </div>
   <div class='ocr_carea' id='block_1_13' title="bbox 281 1377 3470 1464">
    <p class='ocr_par' dir='ltr' id='par_1_13' title="bbox 281 1377 3470 1464">
     <span class='ocr_line' id='line_1_13' title="bbox 281 1377 3470 1464; baseline 0.006 -34"><span class='ocrx_word' id='word_1_176' title='bbox 281 1377 408 1433; x_wconf 83' lang='lat' dir='ltr'><strong>nis.</strong></span> <span class='ocrx_word' id='word_1_177' title='bbox 452 1379 514 1432; x_wconf 83' lang='lat' dir='ltr'><strong>in</strong></span> <span class='ocrx_word' id='word_1_178' title='bbox 548 1381 703 1435; x_wconf 89' lang='lat' dir='ltr'><strong>malis</strong></span> <span class='ocrx_word' id='word_1_179' title='bbox 731 1389 907 1435; x_wconf 89' lang='lat' dir='ltr'><strong>autem</strong></span> <span class='ocrx_word' id='word_1_180' title='bbox 941 1397 1045 1436; x_wconf 92' lang='lat' dir='ltr'><strong>non</strong></span> <span class='ocrx_word' id='word_1_181' title='bbox 1075 1394 1155 1438; x_wconf 91' lang='lat' dir='ltr'><strong>est</strong></span> <span class='ocrx_word' id='word_1_182' title='bbox 1184 1386 1274 1438; x_wconf 87' lang='lat' dir='ltr'><strong>illa</strong></span> <span class='ocrx_word' id='word_1_183' title='bbox 1304 1389 1502 1452; x_wconf 85' lang='lat' dir='ltr'><strong>anima,</strong></span> <span class='ocrx_word' id='word_1_184' title='bbox 1527 1391 1674 1459; x_wconf 87' lang='lat' dir='ltr'><strong>cujus</strong></span> <span class='ocrx_word' id='word_1_185' title='bbox 1714 1408 1735 1443; x_wconf 79' lang='grc' dir='ltr'><strong>ι</strong></span> <span class='ocrx_word' id='word_1_186' title='bbox 1766 1407 1849 1446; x_wconf 88' lang='lat' dir='ltr'><strong>re-</strong></span> <span class='ocrx_word' id='word_1_187' title='bbox 1949 1400 2033 1444; x_wconf 88' lang='lat' dir='ltr'><strong>est</strong></span> <span class='ocrx_word' id='word_1_188' title='bbox 2052 1391 2279 1445; x_wconf 68' lang='lat' dir='ltr'><strong>Abrahae</strong></span> <span class='ocrx_word' id='word_1_189' title='bbox 2308 1393 2438 1446; x_wconf 83' lang='lat' dir='ltr'><strong>ﬁdes</strong></span> <span class='ocrx_word' id='word_1_190' title='bbox 2467 1396 2530 1444; x_wconf 90' lang='lat' dir='ltr'><strong>ad</strong></span> <span class='ocrx_word' id='word_1_191' title='bbox 2551 1393 2832 1460; x_wconf 83' lang='lat' dir='ltr'><strong>justitiam.</strong></span> <span class='ocrx_word' id='word_1_192' title='bbox 2851 1394 3124 1458; x_wconf 86' lang='lat' dir='ltr'><strong>Quomodo</strong></span> <span class='ocrx_word' id='word_1_193' title='bbox 3147 1408 3273 1464; x_wconf 75' lang='lat' dir='ltr'><strong>ergo</strong></span> <span class='ocrx_word' id='word_1_194' title='bbox 3307 1411 3470 1464; x_wconf 79' lang='lat' dir='ltr'><strong>repu-</strong></span> 
     </span>
    </p>
   </div>
   <div class='ocr_carea' id='block_1_14' title="bbox 281 1469 3470 1548">
    <p class='ocr_par' dir='ltr' id='par_1_14' title="bbox 281 1469 3470 1548">
     <span class='ocr_line' id='line_1_14' title="bbox 281 1469 3470 1548; baseline 0.006 -28"><span class='ocrx_word' id='word_1_195' title='bbox 281 1469 494 1523; x_wconf 86' lang='lat' dir='ltr'><strong>missae</strong></span> <span class='ocrx_word' id='word_1_196' title='bbox 524 1479 652 1522; x_wconf 91' lang='lat' dir='ltr'><strong>sunt</strong></span> <span class='ocrx_word' id='word_1_197' title='bbox 674 1470 998 1538; x_wconf 88' lang='lat' dir='ltr'><strong>iniquitates,</strong></span> <span class='ocrx_word' id='word_1_198' title='bbox 1028 1491 1048 1524; x_wconf 77' lang='grc' dir='ltr'><strong>ι</strong></span> <span class='ocrx_word' id='word_1_199' title='bbox 1084 1481 1138 1527; x_wconf 88' lang='lat' dir='ltr'><strong>et</strong></span> <span class='ocrx_word' id='word_1_200' title='bbox 1165 1474 1318 1542; x_wconf 90' lang='lat' dir='ltr'><strong>cujus</strong></span> <span class='ocrx_word' id='word_1_201' title='bbox 1348 1494 1367 1526; x_wconf 83' lang='lat' dir='ltr'><strong>t</strong></span> <span class='ocrx_word' id='word_1_202' title='bbox 1417 1487 1552 1532; x_wconf 89' lang='lat' dir='ltr'><strong>tecta</strong></span> <span class='ocrx_word' id='word_1_203' title='bbox 1579 1489 1702 1533; x_wconf 90' lang='lat' dir='ltr'><strong>sunt</strong></span> <span class='ocrx_word' id='word_1_204' title='bbox 1727 1495 1848 1548; x_wconf 89' lang='lat' dir='ltr'><strong>pec—</strong></span> <span class='ocrx_word' id='word_1_205' title='bbox 1952 1489 2061 1532; x_wconf 90' lang='lat' dir='ltr'><strong>tata</strong></span> <span class='ocrx_word' id='word_1_206' title='bbox 2103 1480 2368 1534; x_wconf 87' lang='lat' dir='ltr'><strong>est?Cum</strong></span> <span class='ocrx_word' id='word_1_207' title='bbox 2407 1481 2459 1532; x_wconf 88' lang='lat' dir='ltr'><strong>itt</strong></span> <span class='ocrx_word' id='word_1_208' title='bbox 2493 1481 2896 1536; x_wconf 88' lang='lat' dir='ltr'><strong>circumcisione</strong></span> <span class='ocrx_word' id='word_1_209' title='bbox 2927 1493 3101 1548; x_wconf 88' lang='lat' dir='ltr'><strong>esset,</strong></span> <span class='ocrx_word' id='word_1_210' title='bbox 3151 1499 3219 1537; x_wconf 89' lang='lat' dir='ltr'><strong>an</strong></span> <span class='ocrx_word' id='word_1_211' title='bbox 3255 1499 3375 1539; x_wconf 91' lang='lat' dir='ltr'><strong>cum</strong></span> <span class='ocrx_word' id='word_1_212' title='bbox 3416 1486 3470 1539; x_wconf 85' lang='lat' dir='ltr'><strong>in</strong></span> 
     </span>
    </p>
   </div>
   <div class='ocr_carea' id='block_1_15' title="bbox 287 1563 3472 1644">
    <p class='ocr_par' dir='ltr' id='par_1_15' title="bbox 287 1563 3472 1644">
     <span class='ocr_line' id='line_1_15' title="bbox 287 1563 3472 1644; baseline 0.007 -31"><span class='ocrx_word' id='word_1_213' title='bbox 287 1569 496 1626; x_wconf 62' lang='lat' dir='ltr'><strong>cata,»</strong></span> <span class='ocrx_word' id='word_1_214' title='bbox 529 1569 583 1616; x_wconf 91' lang='lat' dir='ltr'><strong>et</strong></span> <span class='ocrx_word' id='word_1_215' title='bbox 607 1578 626 1610; x_wconf 75' lang='grc' dir='ltr'><strong>ι</strong></span> <span class='ocrx_word' id='word_1_216' title='bbox 662 1563 747 1614; x_wconf 91' lang='lat' dir='ltr'><strong>cui</strong></span> <span class='ocrx_word' id='word_1_217' title='bbox 783 1576 885 1614; x_wconf 90' lang='lat' dir='ltr'><strong>non</strong></span> <span class='ocrx_word' id='word_1_218' title='bbox 920 1563 1197 1631; x_wconf 82' lang='lat' dir='ltr'><strong>imputavit</strong></span> <span class='ocrx_word' id='word_1_219' title='bbox 1231 1567 1338 1636; x_wconf 76' lang='lat'><strong>(39)</strong></span> <span class='ocrx_word' id='word_1_220' title='bbox 1373 1568 1625 1623; x_wconf 87' lang='lat' dir='ltr'><strong>Dominus</strong></span> <span class='ocrx_word' id='word_1_221' title='bbox 1663 1586 1848 1638; x_wconf 86' lang='lat' dir='ltr'><strong>pecca—</strong></span> <span class='ocrx_word' id='word_1_222' title='bbox 1950 1569 2201 1636; x_wconf 79' lang='lat' dir='ltr'><strong>praeputio</strong></span> <span class='ocrx_word' id='word_1_223' title='bbox 2225 1567 2496 1638; x_wconf 66' lang='lat' dir='ltr'><strong>(45)?Non</strong></span> <span class='ocrx_word' id='word_1_224' title='bbox 2524 1571 2574 1623; x_wconf 87' lang='lat' dir='ltr'><strong>in</strong></span> <span class='ocrx_word' id='word_1_225' title='bbox 2605 1571 3030 1636; x_wconf 77' lang='lat' dir='ltr'><strong>circumcisiorte,</strong></span> <span class='ocrx_word' id='word_1_226' title='bbox 3057 1573 3149 1628; x_wconf 85' lang='lat' dir='ltr'><strong>sed</strong></span> <span class='ocrx_word' id='word_1_227' title='bbox 3181 1574 3234 1627; x_wconf 85' lang='lat' dir='ltr'><strong>in</strong></span> <span class='ocrx_word' id='word_1_228' title='bbox 3265 1589 3472 1644; x_wconf 67' lang='lat' dir='ltr'><strong>praepu-</strong></span> 
     </span>
    </p>
   </div>
   <div class='ocr_carea' id='block_1_16' title="bbox 280 1650 3467 1732">
    <p class='ocr_par' dir='ltr' id='par_1_16' title="bbox 280 1650 3467 1732">
     <span class='ocr_line' id='line_1_16' title="bbox 280 1650 3467 1732; baseline 0.005 -31"><span class='ocrx_word' id='word_1_229' title='bbox 280 1657 420 1702; x_wconf 85' lang='lat' dir='ltr'><strong>tum</strong></span> <span class='ocrx_word' id='word_1_230' title='bbox 465 1650 516 1682; x_wconf 84' lang='grc'><strong>⁷⁵</strong></span> <span class='ocrx_word' id='word_1_231' title='bbox 549 1672 560 1704; x_wconf 90' lang='lat'>:</span> <span class='ocrx_word' id='word_1_232' title='bbox 588 1669 610 1702; x_wconf 74' lang='grc' dir='ltr'><strong>ι</strong></span> <span class='ocrx_word' id='word_1_233' title='bbox 642 1654 964 1728; x_wconf 77' lang='lat' dir='ltr'><strong>conveniens</strong></span> <span class='ocrx_word' id='word_1_234' title='bbox 1001 1669 1126 1722; x_wconf 83' lang='lat' dir='ltr'><strong>ergo</strong></span> <span class='ocrx_word' id='word_1_235' title='bbox 1151 1666 1233 1708; x_wconf 89' lang='lat' dir='ltr'><strong>est</strong></span> <span class='ocrx_word' id='word_1_236' title='bbox 1264 1668 1316 1709; x_wconf 92' lang='lat' dir='ltr'><strong>ut</strong></span> <span class='ocrx_word' id='word_1_237' title='bbox 1334 1659 1403 1710; x_wconf 90' lang='lat' dir='ltr'><strong>sit</strong></span> <span class='ocrx_word' id='word_1_238' title='bbox 1431 1659 1480 1710; x_wconf 92' lang='lat' dir='ltr'><strong>in</strong></span> <span class='ocrx_word' id='word_1_239' title='bbox 1505 1660 1673 1712; x_wconf 92' lang='lat' dir='ltr'><strong>bonis.</strong></span> <span class='ocrx_word' id='word_1_240' title='bbox 1692 1659 1848 1712; x_wconf 89' lang='lat' dir='ltr'><strong>Com-</strong></span> <span class='ocrx_word' id='word_1_241' title='bbox 1951 1657 2042 1709; x_wconf 91' lang='lat' dir='ltr'><strong>tio.</strong></span> <span class='ocrx_word' id='word_1_242' title='bbox 2070 1657 2133 1711; x_wconf 87' lang='lat' dir='ltr'><strong>Et</strong></span> <span class='ocrx_word' id='word_1_243' title='bbox 2158 1658 2362 1728; x_wconf 77' lang='lat' dir='ltr'><strong>signum</strong></span> <span class='ocrx_word' id='word_1_244' title='bbox 2387 1660 2592 1726; x_wconf 89' lang='lat' dir='ltr'><strong>accepit</strong></span> <span class='ocrx_word' id='word_1_245' title='bbox 2622 1662 3106 1726; x_wconf 89' lang='lat' dir='ltr'><strong>circumcisionem,</strong></span> <span class='ocrx_word' id='word_1_246' title='bbox 3141 1663 3467 1732; x_wconf 79' lang='lat' dir='ltr'><strong>signaculum</strong></span> 
     </span>
    </p>
   </div>
   <div class='ocr_carea' id='block_1_17' title="bbox 277 1742 3471 1822">
    <p class='ocr_par' dir='ltr' id='par_1_17' title="bbox 277 1742 3471 1822">
     <span class='ocr_line' id='line_1_17' title="bbox 277 1742 3471 1822; baseline 0.005 -32"><span class='ocrx_word' id='word_1_247' title='bbox 277 1748 558 1804; x_wconf 85' lang='lat' dir='ltr'><strong>petenter</strong></span> <span class='ocrx_word' id='word_1_248' title='bbox 623 1742 785 1810; x_wconf 74' lang='lat' dir='ltr'><strong>igitur</strong></span> <span class='ocrx_word' id='word_1_249' title='bbox 842 1747 906 1796; x_wconf 82' lang='lat' dir='ltr'><strong>ad</strong></span> <span class='ocrx_word' id='word_1_250' title='bbox 971 1747 1335 1800; x_wconf 81' lang='lat' dir='ltr'><strong>remissionem</strong></span> <span class='ocrx_word' id='word_1_251' title='bbox 1392 1749 1726 1816; x_wconf 77' lang='lat' dir='ltr'><strong>iniquitatum</strong></span> <span class='ocrx_word' id='word_1_252' title='bbox 1793 1760 1847 1804; x_wconf 76' lang='lat' dir='ltr'><strong>et</strong></span> <span class='ocrx_word' id='word_1_253' title='bbox 1877 1744 1918 1797; x_wconf 87' lang='lat' dir='ltr'><strong>B</strong></span> <span class='ocrx_word' id='word_1_254' title='bbox 1941 1746 2162 1814; x_wconf 76' lang='lat' dir='ltr'><strong>justitiae</strong></span> <span class='ocrx_word' id='word_1_255' title='bbox 2189 1748 2330 1812; x_wconf 86' lang='lat' dir='ltr'><strong>lidei,</strong></span> <span class='ocrx_word' id='word_1_256' title='bbox 2357 1763 2478 1816; x_wconf 71' lang='lat' dir='ltr'><strong>quae</strong></span> <span class='ocrx_word' id='word_1_257' title='bbox 2505 1758 2590 1804; x_wconf 90' lang='lat' dir='ltr'><strong>est</strong></span> <span class='ocrx_word' id='word_1_258' title='bbox 2617 1750 2668 1803; x_wconf 92' lang='lat' dir='ltr'><strong>in</strong></span> <span class='ocrx_word' id='word_1_259' title='bbox 2695 1753 2994 1819; x_wconf 63' lang='lat' dir='ltr'><strong>praeputio:</strong></span> <span class='ocrx_word' id='word_1_260' title='bbox 3023 1761 3079 1806; x_wconf 87' lang='grc' dir='ltr'><strong>ιιι</strong></span> <span class='ocrx_word' id='word_1_261' title='bbox 3099 1753 3172 1807; x_wconf 92' lang='lat' dir='ltr'><strong>sit</strong></span> <span class='ocrx_word' id='word_1_262' title='bbox 3192 1764 3340 1822; x_wconf 88' lang='lat' dir='ltr'><strong>pater</strong></span> <span class='ocrx_word' id='word_1_263' title='bbox 3364 1770 3471 1808; x_wconf 81' lang='lat' dir='ltr'><strong>om-</strong></span> 
     </span>
    </p>
   </div>
   <div class='ocr_carea' id='block_1_18' title="bbox 278 1831 3471 1910">
    <p class='ocr_par' dir='ltr' id='par_1_18' title="bbox 278 1831 3471 1910">
     <span class='ocr_line' id='line_1_18' title="bbox 278 1831 3471 1910; baseline 0.005 -29"><span class='ocrx_word' id='word_1_264' title='bbox 278 1831 672 1884; x_wconf 86' lang='lat' dir='ltr'><strong>obtectionem</strong></span> <span class='ocrx_word' id='word_1_265' title='bbox 723 1845 1082 1901; x_wconf 80' lang='lat' dir='ltr'><strong>peccatorum,</strong></span> <span class='ocrx_word' id='word_1_266' title='bbox 1127 1846 1182 1891; x_wconf 90' lang='lat' dir='ltr'><strong>et</strong></span> <span class='ocrx_word' id='word_1_267' title='bbox 1219 1839 1283 1890; x_wconf 90' lang='lat' dir='ltr'><strong>ad</strong></span> <span class='ocrx_word' id='word_1_268' title='bbox 1321 1837 1371 1890; x_wconf 91' lang='lat' dir='ltr'><strong>id</strong></span> <span class='ocrx_word' id='word_1_269' title='bbox 1411 1842 1549 1906; x_wconf 90' lang='lat' dir='ltr'><strong>quod</strong></span> <span class='ocrx_word' id='word_1_270' title='bbox 1590 1854 1692 1893; x_wconf 90' lang='lat' dir='ltr'><strong>non</strong></span> <span class='ocrx_word' id='word_1_271' title='bbox 1735 1839 1843 1908; x_wconf 76' lang='grc'>(40)</span> <span class='ocrx_word' id='word_1_272' title='bbox 1947 1835 2090 1889; x_wconf 87' lang='lat' dir='ltr'><strong>nium</strong></span> <span class='ocrx_word' id='word_1_273' title='bbox 2122 1837 2446 1892; x_wconf 89' lang='lat' dir='ltr'><strong>credentium</strong></span> <span class='ocrx_word' id='word_1_274' title='bbox 2490 1854 2585 1906; x_wconf 87' lang='lat' dir='ltr'><strong>per</strong></span> <span class='ocrx_word' id='word_1_275' title='bbox 2632 1842 2966 1907; x_wconf 72' lang='lat' dir='ltr'><strong>praeputium,</strong></span> <span class='ocrx_word' id='word_1_276' title='bbox 3011 1851 3070 1894; x_wconf 91' lang='lat' dir='ltr'><strong>ut</strong></span> <span class='ocrx_word' id='word_1_277' title='bbox 3113 1851 3388 1910; x_wconf 88' lang='lat' dir='ltr'><strong>reputetur</strong></span> <span class='ocrx_word' id='word_1_278' title='bbox 3413 1852 3471 1899; x_wconf 89' lang='lat' dir='ltr'><strong>et</strong></span> 
     </span>
    </p>
   </div>
   <div class='ocr_carea' id='block_1_19' title="bbox 278 1920 3461 1999">
    <p class='ocr_par' dir='ltr' id='par_1_19' title="bbox 278 1920 3461 1999">
     <span class='ocr_line' id='line_1_19' title="bbox 278 1920 3461 1999; baseline 0.003 -22"><span class='ocrx_word' id='word_1_279' title='bbox 278 1920 542 1988; x_wconf 77' lang='lat' dir='ltr'><strong>imputat</strong></span> <span class='ocrx_word' id='word_1_280' title='bbox 587 1924 842 1978; x_wconf 88' lang='lat' dir='ltr'><strong>Dominus</strong></span> <span class='ocrx_word' id='word_1_281' title='bbox 883 1937 1176 1993; x_wconf 90' lang='lat' dir='ltr'><strong>peccatum,</strong></span> <span class='ocrx_word' id='word_1_282' title='bbox 1224 1929 1349 1981; x_wconf 87' lang='lat' dir='ltr'><strong>dicit</strong></span> <span class='ocrx_word' id='word_1_283' title='bbox 1391 1928 1674 1998; x_wconf 83' lang='lat' dir='ltr'><strong>Apostolus</strong></span> <span class='ocrx_word' id='word_1_284' title='bbox 1707 1933 1844 1999; x_wconf 85' lang='lat' dir='ltr'><strong>quod</strong></span> <span class='ocrx_word' id='word_1_285' title='bbox 1945 1923 2048 1978; x_wconf 89' lang='lat' dir='ltr'><strong>illis</strong></span> <span class='ocrx_word' id='word_1_286' title='bbox 2075 1926 2140 1978; x_wconf 88' lang='lat' dir='ltr'><strong>ad</strong></span> <span class='ocrx_word' id='word_1_287' title='bbox 2179 1926 2464 1994; x_wconf 89' lang='lat' dir='ltr'><strong>justitiam,</strong></span> <span class='ocrx_word' id='word_1_288' title='bbox 2499 1935 2552 1980; x_wconf 90' lang='lat' dir='ltr'><strong>et</strong></span> <span class='ocrx_word' id='word_1_289' title='bbox 2591 1927 2661 1981; x_wconf 90' lang='lat' dir='ltr'><strong>sit</strong></span> <span class='ocrx_word' id='word_1_290' title='bbox 2694 1938 2846 1997; x_wconf 92' lang='lat' dir='ltr'><strong>pater</strong></span> <span class='ocrx_word' id='word_1_291' title='bbox 2876 1929 3331 1995; x_wconf 88' lang='lat' dir='ltr'><strong>circumcisionis,</strong></span> <span class='ocrx_word' id='word_1_292' title='bbox 3359 1949 3461 1986; x_wconf 90' lang='lat' dir='ltr'><strong>non</strong></span> 
     </span>
    </p>
   </div>
   <div class='ocr_carea' id='block_1_20' title="bbox 279 1999 3470 2087">
    <p class='ocr_par' dir='ltr' id='par_1_20' title="bbox 279 1999 3470 2087">
     <span class='ocr_line' id='line_1_20' title="bbox 279 1999 3470 2087; baseline 0.005 -26"><span class='ocrx_word' id='word_1_293' title='bbox 279 2010 516 2064; x_wconf 83' lang='lat' dir='ltr'><strong>homini</strong></span> <span class='ocrx_word' id='word_1_294' title='bbox 543 2010 761 2079; x_wconf 71' lang='lat' dir='ltr'><strong>iustitia:</strong></span> <span class='ocrx_word' id='word_1_295' title='bbox 791 2023 1066 2082; x_wconf 72' lang='lat' dir='ltr'><strong>reputatur</strong></span> <span class='ocrx_word' id='word_1_296' title='bbox 1086 2015 1154 2080; x_wconf 84' lang='grc'><strong>⁷⁸,</strong></span> <span class='ocrx_word' id='word_1_297' title='bbox 1178 2017 1300 2070; x_wconf 88' lang='lat' dir='ltr'><strong>licet</strong></span> <span class='ocrx_word' id='word_1_298' title='bbox 1321 2020 1553 2071; x_wconf 91' lang='lat' dir='ltr'><strong>nondum</strong></span> <span class='ocrx_word' id='word_1_299' title='bbox 1576 2033 1735 2086; x_wconf 89' lang='lat' dir='ltr'><strong>opera</strong></span> <span class='ocrx_word' id='word_1_300' title='bbox 1760 2018 1845 2087; x_wconf 89' lang='lat' dir='ltr'><strong>ju-</strong></span> <span class='ocrx_word' id='word_1_301' title='bbox 1917 1999 2026 2069; x_wconf 23' lang='lat' dir='ltr'><strong>ibis</strong></span> <span class='ocrx_word' id='word_1_302' title='bbox 2061 2025 2259 2069; x_wconf 87' lang='lat' dir='ltr'><strong>tantum</strong></span> <span class='ocrx_word' id='word_1_303' title='bbox 2307 2018 2395 2086; x_wconf 92' lang='lat' dir='ltr'><strong>qui</strong></span> <span class='ocrx_word' id='word_1_304' title='bbox 2433 2027 2555 2072; x_wconf 82' lang='lat' dir='ltr'><strong>sunt</strong></span> <span class='ocrx_word' id='word_1_305' title='bbox 2599 2019 2650 2072; x_wconf 91' lang='lat' dir='ltr'><strong>in</strong></span> <span class='ocrx_word' id='word_1_306' title='bbox 2683 2018 3110 2087; x_wconf 88' lang='lat' dir='ltr'><strong>circumcisione,</strong></span> <span class='ocrx_word' id='word_1_307' title='bbox 3155 2022 3248 2076; x_wconf 87' lang='lat' dir='ltr'><strong>sed</strong></span> <span class='ocrx_word' id='word_1_308' title='bbox 3279 2032 3332 2076; x_wconf 91' lang='lat' dir='ltr'><strong>et</strong></span> <span class='ocrx_word' id='word_1_309' title='bbox 3362 2023 3470 2079; x_wconf 85' lang='lat' dir='ltr'><strong>illis</strong></span> 
     </span>
    </p>
   </div>
   <div class='ocr_carea' id='block_1_21' title="bbox 277 2102 3465 2180">
    <p class='ocr_par' dir='ltr' id='par_1_21' title="bbox 277 2102 3465 2180">
     <span class='ocr_line' id='line_1_21' title="bbox 277 2102 3465 2180; baseline 0.004 -26"><span class='ocrx_word' id='word_1_310' title='bbox 277 2102 466 2154; x_wconf 79' lang='lat' dir='ltr'><strong>stitiae</strong></span> <span class='ocrx_word' id='word_1_311' title='bbox 499 2103 701 2171; x_wconf 79' lang='lat' dir='ltr'><strong>egerit,</strong></span> <span class='ocrx_word' id='word_1_312' title='bbox 750 2106 841 2158; x_wconf 91' lang='lat' dir='ltr'><strong>sed</strong></span> <span class='ocrx_word' id='word_1_313' title='bbox 871 2120 968 2172; x_wconf 87' lang='lat' dir='ltr'><strong>pro</strong></span> <span class='ocrx_word' id='word_1_314' title='bbox 1001 2121 1066 2160; x_wconf 93' lang='lat' dir='ltr'><strong>eo</strong></span> <span class='ocrx_word' id='word_1_315' title='bbox 1101 2116 1302 2160; x_wconf 90' lang='lat' dir='ltr'><strong>tantum</strong></span> <span class='ocrx_word' id='word_1_316' title='bbox 1341 2109 1478 2176; x_wconf 87' lang='lat' dir='ltr'><strong>quod</strong></span> <span class='ocrx_word' id='word_1_317' title='bbox 1512 2110 1740 2163; x_wconf 89' lang='lat' dir='ltr'><strong>credidit</strong></span> <span class='ocrx_word' id='word_1_318' title='bbox 1787 2110 1840 2162; x_wconf 92' lang='lat' dir='ltr'><strong>in</strong></span> <span class='ocrx_word' id='word_1_319' title='bbox 1943 2107 2030 2174; x_wconf 90' lang='lat' dir='ltr'><strong>qui</strong></span> <span class='ocrx_word' id='word_1_320' title='bbox 2057 2116 2324 2160; x_wconf 88' lang='lat' dir='ltr'><strong>sectantur</strong></span> <span class='ocrx_word' id='word_1_321' title='bbox 2351 2109 2569 2177; x_wconf 81' lang='lat' dir='ltr'><strong>vestigia</strong></span> <span class='ocrx_word' id='word_1_322' title='bbox 2593 2106 2710 2174; x_wconf 90' lang='lat' dir='ltr'><strong>ejus</strong></span> <span class='ocrx_word' id='word_1_323' title='bbox 2737 2118 2959 2180; x_wconf 72' lang='lat' dir='ltr'><strong>quaeest</strong></span> <span class='ocrx_word' id='word_1_324' title='bbox 2983 2109 3034 2163; x_wconf 92' lang='lat' dir='ltr'><strong>in</strong></span> <span class='ocrx_word' id='word_1_325' title='bbox 3061 2111 3318 2180; x_wconf 71' lang='lat' dir='ltr'><strong>praeputio</strong></span> <span class='ocrx_word' id='word_1_326' title='bbox 3345 2113 3465 2166; x_wconf 81' lang='lat' dir='ltr'><strong>ﬁdei</strong></span> 
     </span>
    </p>
   </div>
   <div class='ocr_carea' id='block_1_22' title="bbox 276 2179 3466 2268">
    <p class='ocr_par' dir='ltr' id='par_1_22' title="bbox 276 2179 3466 2268">
     <span class='ocr_line' id='line_1_22' title="bbox 276 2179 3466 2268; baseline 0.003 -25"><span class='ocrx_word' id='word_1_327' title='bbox 276 2205 422 2243; x_wconf 89' lang='lat' dir='ltr'><strong>eum</strong></span> <span class='ocrx_word' id='word_1_328' title='bbox 459 2193 553 2258; x_wconf 90' lang='lat' dir='ltr'><strong>qui</strong></span> <span class='ocrx_word' id='word_1_329' title='bbox 592 2190 851 2258; x_wconf 83' lang='lat' dir='ltr'><strong>justiﬁcat</strong></span> <span class='ocrx_word' id='word_1_330' title='bbox 885 2195 1122 2260; x_wconf 89' lang='lat' dir='ltr'><strong>impium.</strong></span> <span class='ocrx_word' id='word_1_331' title='bbox 1163 2196 1373 2248; x_wconf 87' lang='lat' dir='ltr'><strong>initium</strong></span> <span class='ocrx_word' id='word_1_332' title='bbox 1399 2211 1625 2265; x_wconf 88' lang='lat' dir='ltr'><strong>namque</strong></span> <span class='ocrx_word' id='word_1_333' title='bbox 1647 2198 1842 2265; x_wconf 82' lang='lat' dir='ltr'><strong>justiﬁ-</strong></span> <span class='ocrx_word' id='word_1_334' title='bbox 1940 2195 2106 2264; x_wconf 88' lang='lat' dir='ltr'><strong>patris</strong></span> <span class='ocrx_word' id='word_1_335' title='bbox 2143 2197 2309 2249; x_wconf 88' lang='lat' dir='ltr'><strong>nostri</strong></span> <span class='ocrx_word' id='word_1_336' title='bbox 2347 2197 2570 2251; x_wconf 62' lang='lat' dir='ltr'><strong>Abrahae</strong></span> <span class='ocrx_word' id='word_1_337' title='bbox 2593 2197 2661 2250; x_wconf 84' lang='lat'><strong>&quot;.</strong></span> <span class='ocrx_word' id='word_1_338' title='bbox 2696 2214 2715 2248; x_wconf 73' lang='grc' dir='ltr'><strong>ι</strong></span> <span class='ocrx_word' id='word_1_339' title='bbox 2751 2179 2880 2250; x_wconf 70' lang='lat' dir='ltr'><strong>Cum</strong></span> <span class='ocrx_word' id='word_1_340' title='bbox 2927 2199 3147 2253; x_wconf 80' lang='lat' dir='ltr'><strong>dixisset</strong></span> <span class='ocrx_word' id='word_1_341' title='bbox 3176 2179 3466 2268; x_wconf 75' lang='lat' dir='ltr'><strong>superius,</strong></span> 
     </span>
    </p>
   </div>
   <div class='ocr_carea' id='block_1_23' title="bbox 286 2278 3466 2354">
    <p class='ocr_par' dir='ltr' id='par_1_23' title="bbox 286 2278 3466 2354">
     <span class='ocr_line' id='line_1_23' title="bbox 286 2278 3466 2354; baseline 0.004 -25"><span class='ocrx_word' id='word_1_342' title='bbox 286 2278 422 2331; x_wconf 80' lang='lat' dir='ltr'><strong>cari</strong></span> <span class='ocrx_word' id='word_1_343' title='bbox 457 2293 487 2330; x_wconf 90' lang='lat' dir='ltr'><strong>a</strong></span> <span class='ocrx_word' id='word_1_344' title='bbox 517 2279 650 2345; x_wconf 85' lang='lat' dir='ltr'><strong>Deo,</strong></span> <span class='ocrx_word' id='word_1_345' title='bbox 682 2282 812 2335; x_wconf 81' lang='lat' dir='ltr'><strong>ﬁdes</strong></span> <span class='ocrx_word' id='word_1_346' title='bbox 833 2293 911 2336; x_wconf 88' lang='lat' dir='ltr'><strong>est</strong></span> <span class='ocrx_word' id='word_1_347' title='bbox 935 2299 1051 2350; x_wconf 70' lang='lat' dir='ltr'><strong>qua:</strong></span> <span class='ocrx_word' id='word_1_348' title='bbox 1079 2285 1248 2337; x_wconf 85' lang='lat' dir='ltr'><strong>credit</strong></span> <span class='ocrx_word' id='word_1_349' title='bbox 1278 2283 1749 2351; x_wconf 81' lang='lat' dir='ltr'><strong>injustiﬁcantem.</strong></span> <span class='ocrx_word' id='word_1_350' title='bbox 1778 2291 1843 2344; x_wconf 82' lang='grc' dir='ltr'>Ει</span> <span class='ocrx_word' id='word_1_351' title='bbox 1940 2283 2060 2349; x_wconf 84' lang='lat' dir='ltr'><strong>quia</strong></span> <span class='ocrx_word' id='word_1_352' title='bbox 2089 2299 2107 2332; x_wconf 86' lang='lat' dir='ltr'><strong>t</strong></span> <span class='ocrx_word' id='word_1_353' title='bbox 2141 2282 2365 2336; x_wconf 82' lang='lat' dir='ltr'><strong>credidit</strong></span> <span class='ocrx_word' id='word_1_354' title='bbox 2398 2284 2666 2336; x_wconf 82' lang='lat' dir='ltr'><strong>Abraham</strong></span> <span class='ocrx_word' id='word_1_355' title='bbox 2714 2283 2839 2346; x_wconf 86' lang='lat' dir='ltr'><strong>Deo,</strong></span> <span class='ocrx_word' id='word_1_356' title='bbox 2873 2295 2928 2338; x_wconf 92' lang='lat' dir='ltr'><strong>et</strong></span> <span class='ocrx_word' id='word_1_357' title='bbox 2962 2295 3256 2354; x_wconf 86' lang='lat' dir='ltr'><strong>reputatum</strong></span> <span class='ocrx_word' id='word_1_358' title='bbox 3305 2298 3387 2340; x_wconf 89' lang='lat' dir='ltr'><strong>cst</strong></span> <span class='ocrx_word' id='word_1_359' title='bbox 3417 2289 3466 2342; x_wconf 86' lang='lat' dir='ltr'><strong>ei</strong></span> 
     </span>
    </p>
   </div>
   <div class='ocr_carea' id='block_1_24' title="bbox 278 2367 1793 2443">
    <p class='ocr_par' dir='ltr' id='par_1_24' title="bbox 278 2367 1793 2440">
     <span class='ocr_line' id='line_1_24' title="bbox 278 2367 1793 2440; baseline 0.007 -20"><span class='ocrx_word' id='word_1_360' title='bbox 278 2369 414 2420; x_wconf 64' lang='lat' dir='ltr'><strong>haec</strong></span> <span class='ocrx_word' id='word_1_361' title='bbox 447 2367 586 2421; x_wconf 73' lang='lat' dir='ltr'><strong>fides</strong></span> <span class='ocrx_word' id='word_1_362' title='bbox 614 2383 733 2420; x_wconf 92' lang='lat' dir='ltr'><strong>cum</strong></span> <span class='ocrx_word' id='word_1_363' title='bbox 755 2369 1042 2437; x_wconf 78' lang='lat' dir='ltr'><strong>justiﬁcala</strong></span> <span class='ocrx_word' id='word_1_364' title='bbox 1067 2371 1250 2434; x_wconf 79' lang='lat' dir='ltr'><strong>fuerit,</strong></span> <span class='ocrx_word' id='word_1_365' title='bbox 1285 2381 1530 2440; x_wconf 88' lang='lat' dir='ltr'><strong>tanquam</strong></span> <span class='ocrx_word' id='word_1_366' title='bbox 1565 2376 1710 2428; x_wconf 86' lang='lat' dir='ltr'><strong>radix</strong></span> <span class='ocrx_word' id='word_1_367' title='bbox 1740 2377 1793 2430; x_wconf 89' lang='lat' dir='ltr'><strong>in</strong></span> 
     </span>
    </p>
   </div>
   <div class='ocr_carea' id='block_1_25' title="bbox 1952 2367 3467 2443">
    <p class='ocr_par' dir='ltr' id='par_1_25' title="bbox 1952 2370 3467 2443">
     <span class='ocr_line' id='line_1_25' title="bbox 1952 2370 3467 2443; baseline 0.006 -22"><span class='ocrx_word' id='word_1_368' title='bbox 1952 2371 2005 2422; x_wconf 70' lang='lat' dir='ltr'><strong>ad</strong></span> <span class='ocrx_word' id='word_1_369' title='bbox 2029 2370 2284 2437; x_wconf 85' lang='lat' dir='ltr'><strong>justitiam</strong></span> <span class='ocrx_word' id='word_1_370' title='bbox 2313 2371 2378 2435; x_wconf 79' lang='grc' dir='ltr'><strong>⁸ο,</strong></span> <span class='ocrx_word' id='word_1_371' title='bbox 2410 2390 2428 2422; x_wconf 70' lang='grc' dir='ltr'><strong>ι</strong></span> <span class='ocrx_word' id='word_1_372' title='bbox 2455 2381 2509 2424; x_wconf 90' lang='lat' dir='ltr'><strong>et</strong></span> <span class='ocrx_word' id='word_1_373' title='bbox 2532 2373 2892 2438; x_wconf 90' lang='lat' dir='ltr'><strong>hujuscemodi</strong></span> <span class='ocrx_word' id='word_1_374' title='bbox 2930 2374 3059 2429; x_wconf 80' lang='lat' dir='ltr'><strong>ﬁdes</strong></span> <span class='ocrx_word' id='word_1_375' title='bbox 3085 2375 3210 2443; x_wconf 90' lang='lat' dir='ltr'><strong>quid</strong></span> <span class='ocrx_word' id='word_1_376' title='bbox 3248 2376 3467 2430; x_wconf 84' lang='lat' dir='ltr'><strong>haberet</strong></span> 
     </span>
    </p>
   </div>
   <div class='ocr_carea' id='block_1_26' title="bbox 276 2455 3467 2530">
    <p class='ocr_par' dir='ltr' id='par_1_26' title="bbox 276 2455 3467 2530">
     <span class='ocr_line' id='line_1_26' title="bbox 276 2455 3467 2530; baseline 0.003 -22"><span class='ocrx_word' id='word_1_377' title='bbox 276 2455 388 2508; x_wconf 86' lang='lat' dir='ltr'><strong>bre</strong></span> <span class='ocrx_word' id='word_1_378' title='bbox 416 2467 680 2522; x_wconf 86' lang='lat' dir='ltr'><strong>suscepto</strong></span> <span class='ocrx_word' id='word_1_379' title='bbox 710 2458 877 2510; x_wconf 66' lang='lat' dir='ltr'><strong>haeret</strong></span> <span class='ocrx_word' id='word_1_380' title='bbox 897 2459 948 2510; x_wconf 90' lang='lat' dir='ltr'><strong>in</strong></span> <span class='ocrx_word' id='word_1_381' title='bbox 975 2459 1167 2511; x_wconf 84' lang='lat' dir='ltr'><strong>animae</strong></span> <span class='ocrx_word' id='word_1_382' title='bbox 1193 2459 1402 2522; x_wconf 87' lang='lat' dir='ltr'><strong>solo,ut</strong></span> <span class='ocrx_word' id='word_1_383' title='bbox 1430 2462 1840 2530; x_wconf 79' lang='lat' dir='ltr'><strong>cumperlegem</strong></span> <span class='ocrx_word' id='word_1_384' title='bbox 1939 2457 2280 2511; x_wconf 87' lang='lat' dir='ltr'><strong>beatitudinis</strong></span> <span class='ocrx_word' id='word_1_385' title='bbox 2331 2460 2648 2513; x_wconf 79' lang='lat' dir='ltr'><strong>ostendisset</strong></span> <span class='ocrx_word' id='word_1_386' title='bbox 2692 2475 2760 2515; x_wconf 80' lang='lat' dir='ltr'><strong>ex</strong></span> <span class='ocrx_word' id='word_1_387' title='bbox 2808 2461 2892 2514; x_wconf 88' lang='lat' dir='ltr'><strong>his</strong></span> <span class='ocrx_word' id='word_1_388' title='bbox 2937 2475 3057 2529; x_wconf 66' lang='lat' dir='ltr'><strong>qua:</strong></span> <span class='ocrx_word' id='word_1_389' title='bbox 3097 2463 3148 2516; x_wconf 91' lang='lat' dir='ltr'><strong>in</strong></span> <span class='ocrx_word' id='word_1_390' title='bbox 3199 2464 3467 2519; x_wconf 86' lang='lat' dir='ltr'><strong>tricesimo</strong></span> 
     </span>
    </p>
   </div>
   <div class='ocr_carea' id='block_1_27' title="bbox 280 2544 3461 2622">
    <p class='ocr_par' dir='ltr' id='par_1_27' title="bbox 280 2544 3461 2622">
     <span class='ocr_line' id='line_1_27' title="bbox 280 2544 3461 2622; baseline 0.003 -25"><span class='ocrx_word' id='word_1_391' title='bbox 280 2544 389 2597; x_wconf 80' lang='lat' dir='ltr'><strong>Dei</strong></span> <span class='ocrx_word' id='word_1_392' title='bbox 427 2545 609 2596; x_wconf 81' lang='lat' dir='ltr'><strong>excoli</strong></span> <span class='ocrx_word' id='word_1_393' title='bbox 642 2546 891 2609; x_wconf 64' lang='lat' dir='ltr'><strong>coeperit,</strong></span> <span class='ocrx_word' id='word_1_394' title='bbox 922 2557 1140 2615; x_wconf 80' lang='lat' dir='ltr'><strong>surgant</strong></span> <span class='ocrx_word' id='word_1_395' title='bbox 1172 2548 1224 2599; x_wconf 91' lang='lat' dir='ltr'><strong>in</strong></span> <span class='ocrx_word' id='word_1_396' title='bbox 1255 2561 1315 2600; x_wconf 91' lang='lat' dir='ltr'><strong>ea</strong></span> <span class='ocrx_word' id='word_1_397' title='bbox 1346 2549 1477 2600; x_wconf 89' lang='lat' dir='ltr'><strong>rami</strong></span> <span class='ocrx_word' id='word_1_398' title='bbox 1519 2549 1607 2615; x_wconf 91' lang='lat' dir='ltr'><strong>qui</strong></span> <span class='ocrx_word' id='word_1_399' title='bbox 1642 2548 1841 2604; x_wconf 79' lang='lat' dir='ltr'><strong>fructus</strong></span> <span class='ocrx_word' id='word_1_400' title='bbox 1939 2548 2108 2615; x_wconf 89' lang='lat' dir='ltr'><strong>primo</strong></span> <span class='ocrx_word' id='word_1_401' title='bbox 2151 2547 2260 2618; x_wconf 71' lang='grc'>(46)</span> <span class='ocrx_word' id='word_1_402' title='bbox 2299 2551 2493 2618; x_wconf 90' lang='lat' dir='ltr'><strong>scripta</strong></span> <span class='ocrx_word' id='word_1_403' title='bbox 2526 2560 2647 2606; x_wconf 92' lang='lat' dir='ltr'><strong>sunt</strong></span> <span class='ocrx_word' id='word_1_404' title='bbox 2695 2551 2921 2620; x_wconf 86' lang='lat' dir='ltr'><strong>psalmo,</strong></span> <span class='ocrx_word' id='word_1_405' title='bbox 2958 2554 3086 2622; x_wconf 89' lang='lat' dir='ltr'><strong>quia</strong></span> <span class='ocrx_word' id='word_1_406' title='bbox 3117 2554 3190 2607; x_wconf 89' lang='lat' dir='ltr'><strong>ita</strong></span> <span class='ocrx_word' id='word_1_407' title='bbox 3226 2556 3461 2609; x_wconf 87' lang='lat' dir='ltr'><strong>credenti</strong></span> 
     </span>
    </p>
   </div>
   <div class='ocr_carea' id='block_1_28' title="bbox 274 2631 3466 2712">
    <p class='ocr_par' dir='ltr' id='par_1_28' title="bbox 274 2631 3466 2712">
     <span class='ocr_line' id='line_1_28' title="bbox 274 2631 3466 2712; baseline 0.004 -27"><span class='ocrx_word' id='word_1_408' title='bbox 274 2647 528 2697; x_wconf 80' lang='lat' dir='ltr'><strong>Operum</strong></span> <span class='ocrx_word' id='word_1_409' title='bbox 576 2632 770 2685; x_wconf 77' lang='lat' dir='ltr'><strong>ferant.</strong></span> <span class='ocrx_word' id='word_1_410' title='bbox 814 2631 929 2685; x_wconf 88' lang='lat' dir='ltr'><strong>Non</strong></span> <span class='ocrx_word' id='word_1_411' title='bbox 961 2647 1087 2699; x_wconf 81' lang='lat' dir='ltr'><strong>ergo</strong></span> <span class='ocrx_word' id='word_1_412' title='bbox 1126 2649 1190 2685; x_wconf 80' lang='lat' dir='ltr'><strong>ex</strong></span> <span class='ocrx_word' id='word_1_413' title='bbox 1238 2637 1484 2701; x_wconf 89' lang='lat' dir='ltr'><strong>operibus</strong></span> <span class='ocrx_word' id='word_1_414' title='bbox 1518 2636 1662 2689; x_wconf 82' lang='lat' dir='ltr'><strong>radix</strong></span> <span class='ocrx_word' id='word_1_415' title='bbox 1691 2635 1840 2702; x_wconf 83' lang='lat' dir='ltr'><strong>justi-</strong></span> <span class='ocrx_word' id='word_1_416' title='bbox 1938 2654 2040 2690; x_wconf 90' lang='lat' dir='ltr'><strong>non</strong></span> <span class='ocrx_word' id='word_1_417' title='bbox 2069 2649 2335 2705; x_wconf 88' lang='lat' dir='ltr'><strong>reputaret</strong></span> <span class='ocrx_word' id='word_1_418' title='bbox 2362 2638 2613 2694; x_wconf 90' lang='lat' dir='ltr'><strong>Dominus</strong></span> <span class='ocrx_word' id='word_1_419' title='bbox 2639 2649 2914 2709; x_wconf 89' lang='lat' dir='ltr'><strong>peccatum</strong></span> <span class='ocrx_word' id='word_1_420' title='bbox 2940 2642 3007 2707; x_wconf 71' lang='grc' dir='ltr'><strong>ει,</strong></span> <span class='ocrx_word' id='word_1_421' title='bbox 3048 2645 3298 2712; x_wconf 85' lang='lat' dir='ltr'><strong>preponit</strong></span> <span class='ocrx_word' id='word_1_422' title='bbox 3325 2659 3466 2699; x_wconf 88' lang='lat' dir='ltr'><strong>nunc</strong></span> 
     </span>
    </p>
   </div>
   <div class='ocr_carea' id='block_1_29' title="bbox 273 2723 3463 2801">
    <p class='ocr_par' dir='ltr' id='par_1_29' title="bbox 273 2723 3463 2801">
     <span class='ocr_line' id='line_1_29' title="bbox 273 2723 3463 2801; baseline 0.003 -25"><span class='ocrx_word' id='word_1_423' title='bbox 273 2724 402 2784; x_wconf 65' lang='lat' dir='ltr'><strong>tim,</strong></span> <span class='ocrx_word' id='word_1_424' title='bbox 436 2723 534 2776; x_wconf 81' lang='lat' dir='ltr'><strong>sed</strong></span> <span class='ocrx_word' id='word_1_425' title='bbox 565 2736 630 2775; x_wconf 81' lang='lat' dir='ltr'><strong>ex</strong></span> <span class='ocrx_word' id='word_1_426' title='bbox 670 2723 853 2775; x_wconf 84' lang='lat' dir='ltr'><strong>radice</strong></span> <span class='ocrx_word' id='word_1_427' title='bbox 882 2723 1102 2790; x_wconf 65' lang='lat' dir='ltr'><strong>iustitiae</strong></span> <span class='ocrx_word' id='word_1_428' title='bbox 1128 2724 1582 2792; x_wconf 67' lang='lat' dir='ltr'><strong>fructus‘operum</strong></span> <span class='ocrx_word' id='word_1_429' title='bbox 1617 2727 1835 2790; x_wconf 88' lang='lat' dir='ltr'><strong>crescit,</strong></span> <span class='ocrx_word' id='word_1_430' title='bbox 1938 2725 2423 2793; x_wconf 76' lang='lat' dir='ltr'><strong>interrogationem,</strong></span> <span class='ocrx_word' id='word_1_431' title='bbox 2448 2740 2514 2779; x_wconf 80' lang='lat' dir='ltr'><strong>ex</strong></span> <span class='ocrx_word' id='word_1_432' title='bbox 2559 2727 2704 2794; x_wconf 88' lang='lat' dir='ltr'><strong>cujus</strong></span> <span class='ocrx_word' id='word_1_433' title='bbox 2728 2730 3072 2796; x_wconf 85' lang='lat' dir='ltr'><strong>responsione</strong></span> <span class='ocrx_word' id='word_1_434' title='bbox 3096 2729 3287 2784; x_wconf 86' lang='lat' dir='ltr'><strong>doceat</strong></span> <span class='ocrx_word' id='word_1_435' title='bbox 3319 2731 3463 2801; x_wconf 74' lang='grc'>(47),</span> 
     </span>
    </p>
   </div>
   <div class='ocr_carea' id='block_1_30' title="bbox 279 2814 3466 2891">
    <p class='ocr_par' dir='ltr' id='par_1_30' title="bbox 279 2814 3466 2891">
     <span class='ocr_line' id='line_1_30' title="bbox 279 2814 3466 2891; baseline 0.003 -25"><span class='ocrx_word' id='word_1_436' title='bbox 279 2816 388 2866; x_wconf 88' lang='lat' dir='ltr'><strong>illa</strong></span> <span class='ocrx_word' id='word_1_437' title='bbox 421 2814 635 2873; x_wconf 83' lang='lat' dir='ltr'><strong>scilicet</strong></span> <span class='ocrx_word' id='word_1_438' title='bbox 673 2814 852 2868; x_wconf 89' lang='lat' dir='ltr'><strong>radice</strong></span> <span class='ocrx_word' id='word_1_439' title='bbox 888 2814 1142 2880; x_wconf 65' lang='lat' dir='ltr'><strong>justitiaz,</strong></span> <span class='ocrx_word' id='word_1_440' title='bbox 1183 2829 1285 2881; x_wconf 88' lang='lat' dir='ltr'><strong>qua</strong></span> <span class='ocrx_word' id='word_1_441' title='bbox 1320 2816 1454 2869; x_wconf 86' lang='lat' dir='ltr'><strong>Deus</strong></span> <span class='ocrx_word' id='word_1_442' title='bbox 1493 2827 1710 2884; x_wconf 90' lang='lat' dir='ltr'><strong>accepto</strong></span> <span class='ocrx_word' id='word_1_443' title='bbox 1738 2817 1840 2870; x_wconf 78' lang='lat' dir='ltr'><strong>fert</strong></span> <span class='ocrx_word' id='word_1_444' title='bbox 1936 2823 1988 2867; x_wconf 88' lang='lat' dir='ltr'><strong>et</strong></span> <span class='ocrx_word' id='word_1_445' title='bbox 2010 2830 2072 2868; x_wconf 86' lang='lat' dir='ltr'><strong>ex</strong></span> <span class='ocrx_word' id='word_1_446' title='bbox 2115 2815 2226 2883; x_wconf 86' lang='lat' dir='ltr'><strong>ipsa</strong></span> <span class='ocrx_word' id='word_1_447' title='bbox 2250 2823 2547 2884; x_wconf 90' lang='lat' dir='ltr'><strong>temporum</strong></span> <span class='ocrx_word' id='word_1_448' title='bbox 2589 2819 2808 2883; x_wconf 87' lang='lat' dir='ltr'><strong>ratione,</strong></span> <span class='ocrx_word' id='word_1_449' title='bbox 2844 2821 2981 2887; x_wconf 92' lang='lat' dir='ltr'><strong>quod</strong></span> <span class='ocrx_word' id='word_1_450' title='bbox 3008 2821 3287 2876; x_wconf 84' lang='lat' dir='ltr'><strong>&#39;beatitudo</strong></span> <span class='ocrx_word' id='word_1_451' title='bbox 3311 2823 3466 2891; x_wconf 81' lang='lat' dir='ltr'><strong>justi-</strong></span> 
     </span>
    </p>
   </div>
   <div class='ocr_carea' id='block_1_31' title="bbox 272 2901 3463 2974">
    <p class='ocr_par' dir='ltr' id='par_1_31' title="bbox 272 2901 3463 2974">
     <span class='ocr_line' id='line_1_31' title="bbox 272 2901 3463 2974; baseline 0.003 -20"><span class='ocrx_word' id='word_1_452' title='bbox 272 2904 565 2973; x_wconf 79' lang='lat' dir='ltr'><strong>justitiam</strong></span> <span class='ocrx_word' id='word_1_453' title='bbox 599 2903 717 2956; x_wconf 89' lang='lat' dir='ltr'><strong>sine</strong></span> <span class='ocrx_word' id='word_1_454' title='bbox 753 2905 1002 2970; x_wconf 82' lang='lat' dir='ltr'><strong>operibus</strong></span> <span class='ocrx_word' id='word_1_455' title='bbox 1026 2903 1090 2955; x_wconf 78' lang='grc'><strong>⁷⁷.</strong></span> <span class='ocrx_word' id='word_1_456' title='bbox 1137 2903 1282 2958; x_wconf 88' lang='lat' dir='ltr'><strong>Unde</strong></span> <span class='ocrx_word' id='word_1_457' title='bbox 1319 2914 1600 2972; x_wconf 88' lang='lat' dir='ltr'><strong>propterea</strong></span> <span class='ocrx_word' id='word_1_458' title='bbox 1639 2915 1762 2974; x_wconf 92' lang='lat' dir='ltr'><strong>puto</strong></span> <span class='ocrx_word' id='word_1_459' title='bbox 1786 2915 1840 2959; x_wconf 89' lang='lat' dir='ltr'><strong>et</strong></span> <span class='ocrx_word' id='word_1_460' title='bbox 1937 2901 2198 2958; x_wconf 83' lang='lat' dir='ltr'><strong>ﬁcationis</strong></span> <span class='ocrx_word' id='word_1_461' title='bbox 2233 2905 2459 2957; x_wconf 68' lang='lat' dir='ltr'><strong>Abrahae</strong></span> <span class='ocrx_word' id='word_1_462' title='bbox 2490 2920 2595 2958; x_wconf 90' lang='lat' dir='ltr'><strong>non</strong></span> <span class='ocrx_word' id='word_1_463' title='bbox 2632 2908 2685 2960; x_wconf 90' lang='lat' dir='ltr'><strong>in</strong></span> <span class='ocrx_word' id='word_1_464' title='bbox 2708 2907 3130 2973; x_wconf 89' lang='lat' dir='ltr'><strong>circumcisione,</strong></span> <span class='ocrx_word' id='word_1_465' title='bbox 3161 2913 3252 2964; x_wconf 83' lang='lat' dir='ltr'><strong>sed</strong></span> <span class='ocrx_word' id='word_1_466' title='bbox 3287 2913 3463 2968; x_wconf 83' lang='lat' dir='ltr'><strong>adhuc</strong></span> 
     </span>
    </p>
   </div>
   <div class='ocr_carea' id='block_1_32' title="bbox 277 2991 3460 3062">
    <p class='ocr_par' dir='ltr' id='par_1_32' title="bbox 277 2991 3460 3062">
     <span class='ocr_line' id='line_1_32' title="bbox 277 2991 3460 3062; baseline 0.002 -13"><span class='ocrx_word' id='word_1_467' title='bbox 277 2995 472 3049; x_wconf 84' lang='lat' dir='ltr'><strong>David</strong></span> <span class='ocrx_word' id='word_1_468' title='bbox 519 2994 794 3047; x_wconf 90' lang='lat' dir='ltr'><strong>tricesimo</strong></span> <span class='ocrx_word' id='word_1_469' title='bbox 833 2993 1004 3060; x_wconf 87' lang='lat' dir='ltr'><strong>primo</strong></span> <span class='ocrx_word' id='word_1_470' title='bbox 1045 2992 1154 3061; x_wconf 74' lang='lat' dir='ltr'><strong>(tl)</strong></span> <span class='ocrx_word' id='word_1_471' title='bbox 1195 2994 1415 3059; x_wconf 83' lang='lat' dir='ltr'><strong>psalmo,</strong></span> <span class='ocrx_word' id='word_1_472' title='bbox 1461 3009 1617 3062; x_wconf 90' lang='lat' dir='ltr'><strong>quem</strong></span> <span class='ocrx_word' id='word_1_473' title='bbox 1647 3010 1836 3062; x_wconf 87' lang='lat' dir='ltr'><strong>super-</strong></span> <span class='ocrx_word' id='word_1_474' title='bbox 1870 3051 1904 3062; x_wconf 42' lang='grc' dir='ltr'><strong>Α</strong></span> <span class='ocrx_word' id='word_1_475' title='bbox 1938 2991 1990 3046; x_wconf 94' lang='lat' dir='ltr'><strong>iu</strong></span> <span class='ocrx_word' id='word_1_476' title='bbox 2022 2993 2276 3060; x_wconf 71' lang='lat' dir='ltr'><strong>praeputio</strong></span> <span class='ocrx_word' id='word_1_477' title='bbox 2310 2995 2482 3059; x_wconf 90' lang='lat' dir='ltr'><strong>posito</strong></span> <span class='ocrx_word' id='word_1_478' title='bbox 2509 2995 2628 3048; x_wconf 90' lang='lat' dir='ltr'><strong>data</strong></span> <span class='ocrx_word' id='word_1_479' title='bbox 2657 3006 2760 3050; x_wconf 73' lang='lat' dir='ltr'><strong>est.</strong></span> <span class='ocrx_word' id='word_1_480' title='bbox 2796 2996 2947 3062; x_wconf 86' lang='lat' dir='ltr'><strong>Quod</strong></span> <span class='ocrx_word' id='word_1_481' title='bbox 2977 2998 3020 3050; x_wconf 92' lang='lat' dir='ltr'><strong>si</strong></span> <span class='ocrx_word' id='word_1_482' title='bbox 3053 2999 3318 3052; x_wconf 89' lang='lat' dir='ltr'><strong>Abraham</strong></span> <span class='ocrx_word' id='word_1_483' title='bbox 3343 3016 3460 3054; x_wconf 85' lang='lat' dir='ltr'><strong>cum</strong></span> 
     </span>
    </p>
   </div>
   <div class='ocr_carea' id='block_1_33' title="bbox 277 3051 3461 3157">
    <p class='ocr_par' dir='ltr' id='par_1_33' title="bbox 277 3051 3461 3157">
     <span class='ocr_line' id='line_1_33' title="bbox 277 3051 3461 3157; baseline 0.002 -19"><span class='ocrx_word' id='word_1_484' title='bbox 277 3084 543 3150; x_wconf 89' lang='lat' dir='ltr'><strong>scripsit,</strong></span> <span class='ocrx_word' id='word_1_485' title='bbox 563 3102 582 3135; x_wconf 83' lang='lat' dir='ltr'><strong>t</strong></span> <span class='ocrx_word' id='word_1_486' title='bbox 609 3051 912 3139; x_wconf 71' lang='lat' dir='ltr'><strong>intellectus</strong></span> <span class='ocrx_word' id='word_1_487' title='bbox 945 3051 1166 3150; x_wconf 38' lang='lat' dir='ltr'><strong>David,»</strong></span> <span class='ocrx_word' id='word_1_488' title='bbox 1193 3051 1413 3136; x_wconf 17' lang='lat' dir='ltr'><strong>dedisset</strong></span> <span class='ocrx_word' id='word_1_489' title='bbox 1435 3051 1572 3135; x_wconf 76' lang='lat' dir='ltr'><strong>istud</strong></span> <span class='ocrx_word' id='word_1_490' title='bbox 1603 3051 1836 3147; x_wconf 56' lang='lat' dir='ltr'><strong>initi-ml,</strong></span> <span class='ocrx_word' id='word_1_491' title='bbox 1863 3051 1906 3108; x_wconf 63' lang='grc' dir='ltr'><strong>θ</strong></span> <span class='ocrx_word' id='word_1_492' title='bbox 1936 3051 2077 3134; x_wconf 75' lang='lat' dir='ltr'><strong>esset</strong></span> <span class='ocrx_word' id='word_1_493' title='bbox 2105 3051 2277 3134; x_wconf 69' lang='lat' dir='ltr'><strong>adhuc</strong></span> <span class='ocrx_word' id='word_1_494' title='bbox 2305 3051 2357 3134; x_wconf 81' lang='lat' dir='ltr'><strong>in</strong></span> <span class='ocrx_word' id='word_1_495' title='bbox 2387 3085 2644 3151; x_wconf 63' lang='lat' dir='ltr'><strong>praeputio</strong></span> <span class='ocrx_word' id='word_1_496' title='bbox 2668 3098 2735 3137; x_wconf 84' lang='lat' dir='ltr'><strong>ex</strong></span> <span class='ocrx_word' id='word_1_497' title='bbox 2767 3051 2867 3138; x_wconf 70' lang='lat' dir='ltr'><strong>ﬁde</strong></span> <span class='ocrx_word' id='word_1_498' title='bbox 2889 3051 3461 3157; x_wconf 55' lang='lat' dir='ltr'><strong>justilicatusest,po:</strong></span> 
     </span>
    </p>
   </div>
   <div class='ocr_carea' id='block_1_34' title="bbox 277 3171 3460 3246">
    <p class='ocr_par' dir='ltr' id='par_1_34' title="bbox 277 3171 3460 3246">
     <span class='ocr_line' id='line_1_34' title="bbox 277 3171 3460 3246; baseline 0.002 -20"><span class='ocrx_word' id='word_1_499' title='bbox 277 3175 600 3227; x_wconf 85' lang='lat' dir='ltr'><strong>admonens</strong></span> <span class='ocrx_word' id='word_1_500' title='bbox 623 3187 719 3241; x_wconf 89' lang='lat' dir='ltr'><strong>per</strong></span> <span class='ocrx_word' id='word_1_501' title='bbox 739 3173 907 3240; x_wconf 84' lang='lat' dir='ltr'><strong>ipsam</strong></span> <span class='ocrx_word' id='word_1_502' title='bbox 945 3173 1449 3241; x_wconf 89' lang='lat' dir='ltr'><strong>superscriptionem</strong></span> <span class='ocrx_word' id='word_1_503' title='bbox 1475 3173 1717 3227; x_wconf 88' lang='lat' dir='ltr'><strong>altiorem</strong></span> <span class='ocrx_word' id='word_1_504' title='bbox 1741 3173 1835 3226; x_wconf 91' lang='lat' dir='ltr'><strong>de-</strong></span> <span class='ocrx_word' id='word_1_505' title='bbox 1939 3177 2040 3222; x_wconf 89' lang='lat' dir='ltr'><strong>test</strong></span> <span class='ocrx_word' id='word_1_506' title='bbox 2074 3180 2126 3222; x_wconf 88' lang='lat' dir='ltr'><strong>et</strong></span> <span class='ocrx_word' id='word_1_507' title='bbox 2155 3171 2326 3223; x_wconf 92' lang='lat' dir='ltr'><strong>omnis</strong></span> <span class='ocrx_word' id='word_1_508' title='bbox 2362 3172 2452 3238; x_wconf 92' lang='lat' dir='ltr'><strong>qui</strong></span> <span class='ocrx_word' id='word_1_509' title='bbox 2492 3173 2666 3226; x_wconf 89' lang='lat' dir='ltr'><strong>credit</strong></span> <span class='ocrx_word' id='word_1_510' title='bbox 2709 3173 2816 3228; x_wconf 90' lang='lat' dir='ltr'><strong>Deo</strong></span> <span class='ocrx_word' id='word_1_511' title='bbox 2852 3174 3130 3240; x_wconf 80' lang='lat' dir='ltr'><strong>justiﬁcari</strong></span> <span class='ocrx_word' id='word_1_512' title='bbox 3166 3193 3260 3246; x_wconf 86' lang='lat' dir='ltr'><strong>per</strong></span> <span class='ocrx_word' id='word_1_513' title='bbox 3288 3181 3460 3241; x_wconf 82' lang='lat' dir='ltr'><strong>tidem,</strong></span> 
     </span>
    </p>
   </div>
   <div class='ocr_carea' id='block_1_35' title="bbox 281 3259 3459 3333">
    <p class='ocr_par' dir='ltr' id='par_1_35' title="bbox 281 3259 3459 3333">
     <span class='ocr_line' id='line_1_35' title="bbox 281 3259 3459 3333; baseline 0 -15"><span class='ocrx_word' id='word_1_514' title='bbox 281 3265 431 3318; x_wconf 85' lang='lat' dir='ltr'><strong>bere</strong></span> <span class='ocrx_word' id='word_1_515' title='bbox 461 3263 663 3330; x_wconf 88' lang='lat' dir='ltr'><strong>requiri</strong></span> <span class='ocrx_word' id='word_1_516' title='bbox 709 3261 1037 3315; x_wconf 91' lang='lat' dir='ltr'><strong>intellectum</strong></span> <span class='ocrx_word' id='word_1_517' title='bbox 1083 3263 1136 3316; x_wconf 91' lang='lat' dir='ltr'><strong>in</strong></span> <span class='ocrx_word' id='word_1_518' title='bbox 1174 3263 1256 3316; x_wconf 91' lang='lat' dir='ltr'><strong>his</strong></span> <span class='ocrx_word' id='word_1_519' title='bbox 1292 3277 1406 3330; x_wconf 71' lang='lat' dir='ltr'><strong>quae</strong></span> <span class='ocrx_word' id='word_1_520' title='bbox 1430 3264 1667 3316; x_wconf 89' lang='lat' dir='ltr'><strong>dicturus</strong></span> <span class='ocrx_word' id='word_1_521' title='bbox 1699 3270 1832 3327; x_wconf 90' lang='lat' dir='ltr'><strong>erat,</strong></span> <span class='ocrx_word' id='word_1_522' title='bbox 1934 3259 2138 3312; x_wconf 86' lang='lat' dir='ltr'><strong>etiamsi</strong></span> <span class='ocrx_word' id='word_1_523' title='bbox 2166 3260 2236 3312; x_wconf 88' lang='lat' dir='ltr'><strong>sit</strong></span> <span class='ocrx_word' id='word_1_524' title='bbox 2263 3259 2314 3312; x_wconf 92' lang='lat' dir='ltr'><strong>in</strong></span> <span class='ocrx_word' id='word_1_525' title='bbox 2342 3267 2622 3328; x_wconf 65' lang='lat' dir='ltr'><strong>prwputlo,</strong></span> <span class='ocrx_word' id='word_1_526' title='bbox 2645 3271 2700 3315; x_wconf 89' lang='lat' dir='ltr'><strong>et</strong></span> <span class='ocrx_word' id='word_1_527' title='bbox 2722 3261 2991 3329; x_wconf 90' lang='lat' dir='ltr'><strong>pertinere</strong></span> <span class='ocrx_word' id='word_1_528' title='bbox 3012 3263 3169 3316; x_wconf 90' lang='lat' dir='ltr'><strong>etiam</strong></span> <span class='ocrx_word' id='word_1_529' title='bbox 3200 3267 3264 3318; x_wconf 88' lang='lat' dir='ltr'><strong>ad</strong></span> <span class='ocrx_word' id='word_1_530' title='bbox 3292 3267 3459 3333; x_wconf 73' lang='lat' dir='ltr'><strong>ipsum</strong></span> 
     </span>
    </p>
   </div>
   <div class='ocr_carea' id='block_1_36' title="bbox 275 3348 3460 3422">
    <p class='ocr_par' dir='ltr' id='par_1_36' title="bbox 275 3348 3460 3422">
     <span class='ocr_line' id='line_1_36' title="bbox 275 3348 3460 3422; baseline 0.002 -18"><span class='ocrx_word' id='word_1_531' title='bbox 275 3353 422 3422; x_wconf 87' lang='lat' dir='ltr'><strong>quia</strong></span> <span class='ocrx_word' id='word_1_532' title='bbox 464 3368 484 3402; x_wconf 82' lang='lat' dir='ltr'><strong>t</strong></span> <span class='ocrx_word' id='word_1_533' title='bbox 519 3352 662 3405; x_wconf 87' lang='lat' dir='ltr'><strong>beati</strong></span> <span class='ocrx_word' id='word_1_534' title='bbox 691 3365 915 3419; x_wconf 89' lang='lat' dir='ltr'><strong>quorum</strong></span> <span class='ocrx_word' id='word_1_535' title='bbox 956 3353 1298 3405; x_wconf 87' lang='lat' dir='ltr'><strong>remittuntur</strong></span> <span class='ocrx_word' id='word_1_536' title='bbox 1331 3352 1636 3420; x_wconf 83' lang='lat' dir='ltr'><strong>iniquitates</strong></span> <span class='ocrx_word' id='word_1_537' title='bbox 1673 3371 1686 3405; x_wconf 91' lang='lat'>:</span> <span class='ocrx_word' id='word_1_538' title='bbox 1721 3371 1738 3404; x_wconf 76' lang='grc' dir='ltr'><strong>ι</strong></span> <span class='ocrx_word' id='word_1_539' title='bbox 1768 3354 1834 3406; x_wconf 88' lang='lat' dir='ltr'><strong>de</strong></span> <span class='ocrx_word' id='word_1_540' title='bbox 1933 3350 2045 3403; x_wconf 81' lang='lat' dir='ltr'><strong>haec</strong></span> <span class='ocrx_word' id='word_1_541' title='bbox 2073 3348 2343 3402; x_wconf 87' lang='lat' dir='ltr'><strong>beatitudo</strong></span> <span class='ocrx_word' id='word_1_542' title='bbox 2373 3351 2437 3402; x_wconf 92' lang='lat' dir='ltr'><strong>de</strong></span> <span class='ocrx_word' id='word_1_543' title='bbox 2461 3363 2560 3416; x_wconf 90' lang='lat' dir='ltr'><strong>qua</strong></span> <span class='ocrx_word' id='word_1_544' title='bbox 2585 3349 2779 3403; x_wconf 90' lang='lat' dir='ltr'><strong>dicitur</strong></span> <span class='ocrx_word' id='word_1_545' title='bbox 2808 3350 2917 3418; x_wconf 75' lang='grc'>(48)</span> <span class='ocrx_word' id='word_1_546' title='bbox 2945 3368 2958 3403; x_wconf 89' lang='lat'>:</span> <span class='ocrx_word' id='word_1_547' title='bbox 2993 3369 3011 3402; x_wconf 89' lang='lat' dir='ltr'><strong>t</strong></span> <span class='ocrx_word' id='word_1_548' title='bbox 3038 3351 3229 3408; x_wconf 85' lang='lat' dir='ltr'><strong>Beatus</strong></span> <span class='ocrx_word' id='word_1_549' title='bbox 3255 3358 3338 3410; x_wconf 87' lang='lat' dir='ltr'><strong>cui</strong></span> <span class='ocrx_word' id='word_1_550' title='bbox 3359 3372 3460 3411; x_wconf 93' lang='lat' dir='ltr'><strong>non</strong></span> 
     </span>
    </p>
   </div>
   <div class='ocr_carea' id='block_1_37' title="bbox 274 3437 3463 3513">
    <p class='ocr_par' dir='ltr' id='par_1_37' title="bbox 274 3437 3463 3513">
     <span class='ocr_line' id='line_1_37' title="bbox 274 3437 3463 3513; baseline 0.002 -20"><span class='ocrx_word' id='word_1_551' title='bbox 274 3443 515 3513; x_wconf 84' lang='lat' dir='ltr'><strong>quibus,</strong></span> <span class='ocrx_word' id='word_1_552' title='bbox 549 3451 712 3510; x_wconf 89' lang='lat' dir='ltr'><strong>prout</strong></span> <span class='ocrx_word' id='word_1_553' title='bbox 736 3442 1040 3508; x_wconf 91' lang='lat' dir='ltr'><strong>potuimus,</strong></span> <span class='ocrx_word' id='word_1_554' title='bbox 1079 3442 1338 3504; x_wconf 81' lang='lat' dir='ltr'><strong>diximus,</strong></span> <span class='ocrx_word' id='word_1_555' title='bbox 1365 3457 1483 3494; x_wconf 93' lang='lat' dir='ltr'><strong>eum</strong></span> <span class='ocrx_word' id='word_1_556' title='bbox 1517 3442 1583 3494; x_wconf 89' lang='lat' dir='ltr'><strong>de</strong></span> <span class='ocrx_word' id='word_1_557' title='bbox 1614 3442 1835 3497; x_wconf 83' lang='lat' dir='ltr'><strong>Psalmis</strong></span> <span class='ocrx_word' id='word_1_558' title='bbox 1935 3438 2213 3505; x_wconf 86' lang='lat' dir='ltr'><strong>imputavit</strong></span> <span class='ocrx_word' id='word_1_559' title='bbox 2264 3437 2514 3491; x_wconf 90' lang='lat' dir='ltr'><strong>Dominus</strong></span> <span class='ocrx_word' id='word_1_560' title='bbox 2565 3448 2841 3505; x_wconf 89' lang='lat' dir='ltr'><strong>peccatum</strong></span> <span class='ocrx_word' id='word_1_561' title='bbox 2884 3439 2950 3491; x_wconf 79' lang='grc'><strong>⁸⁸.</strong></span> <span class='ocrx_word' id='word_1_562' title='bbox 2991 3457 3011 3491; x_wconf 68' lang='grc' dir='ltr'><strong>ι</strong></span> <span class='ocrx_word' id='word_1_563' title='bbox 3053 3442 3298 3498; x_wconf 89' lang='lat' dir='ltr'><strong>Ostendit</strong></span> <span class='ocrx_word' id='word_1_564' title='bbox 3334 3459 3463 3513; x_wconf 73' lang='lat' dir='ltr'><strong>ergo</strong></span> 
     </span>
    </p>
   </div>
   <div class='ocr_carea' id='block_1_38' title="bbox 273 3522 3460 3605">
    <p class='ocr_par' dir='ltr' id='par_1_38' title="bbox 273 3522 3460 3605">
     <span class='ocr_line' id='line_1_38' title="bbox 273 3522 3460 3605; baseline 0.007 -43"><span class='ocrx_word' id='word_1_565' title='bbox 273 3549 390 3605; x_wconf 61' lang='lat' dir='ltr'><strong>per</strong></span> <span class='ocrx_word' id='word_1_566' title='bbox 413 3534 664 3588; x_wconf 61' lang='lat' dir='ltr'><strong>ordinem</strong></span> <span class='ocrx_word' id='word_1_567' title='bbox 695 3532 1038 3585; x_wconf 49' lang='lat' dir='ltr'><strong>dictarem“.</strong></span> <span class='ocrx_word' id='word_1_568' title='bbox 1070 3531 1174 3584; x_wconf 69' lang='lat' dir='ltr'><strong>sed</strong></span> <span class='ocrx_word' id='word_1_569' title='bbox 1197 3540 1473 3597; x_wconf 73' lang='grc' dir='ltr'><strong>ρι-οηιονει</strong></span> <span class='ocrx_word' id='word_1_570' title='bbox 1503 3547 1599 3586; x_wconf 70' lang='lat' dir='ltr'><strong>nos</strong></span> <span class='ocrx_word' id='word_1_571' title='bbox 1631 3533 1834 3586; x_wconf 64' lang='lat' dir='ltr'><strong>ordinis</strong></span> <span class='ocrx_word' id='word_1_572' title='bbox 1932 3524 2052 3590; x_wconf 86' lang='lat' dir='ltr'><strong>quia</strong></span> <span class='ocrx_word' id='word_1_573' title='bbox 2094 3537 2200 3575; x_wconf 91' lang='lat' dir='ltr'><strong>non</strong></span> <span class='ocrx_word' id='word_1_574' title='bbox 2235 3522 2451 3575; x_wconf 84' lang='lat' dir='ltr'><strong>cuilibet</strong></span> <span class='ocrx_word' id='word_1_575' title='bbox 2484 3523 2741 3577; x_wconf 75' lang='lat' dir='ltr'><strong>Detninus</strong></span> <span class='ocrx_word' id='word_1_576' title='bbox 2780 3539 2883 3578; x_wconf 92' lang='lat' dir='ltr'><strong>non</strong></span> <span class='ocrx_word' id='word_1_577' title='bbox 2915 3526 3139 3593; x_wconf 83' lang='lat' dir='ltr'><strong>imputet</strong></span> <span class='ocrx_word' id='word_1_578' title='bbox 3163 3541 3460 3600; x_wconf 80' lang='lat' dir='ltr'><strong>peceatum,</strong></span> 
     </span>
    </p>
   </div>
   <div class='ocr_carea' id='block_1_39' title="bbox 277 3604 3454 3694">
    <p class='ocr_par' dir='ltr' id='par_1_39' title="bbox 277 3604 3454 3694">
     <span class='ocr_line' id='line_1_39' title="bbox 277 3604 3454 3694; baseline -0.002 -16"><span class='ocrx_word' id='word_1_579' title='bbox 277 3604 467 3694; x_wconf 82' lang='lat' dir='ltr'><strong>ipsius</strong></span> <span class='ocrx_word' id='word_1_580' title='bbox 485 3620 808 3683; x_wconf 74' lang='lat' dir='ltr'><strong>differentia,</strong></span> <span class='ocrx_word' id='word_1_581' title='bbox 847 3620 987 3687; x_wconf 90' lang='lat' dir='ltr'><strong>quod</strong></span> <span class='ocrx_word' id='word_1_582' title='bbox 1013 3619 1182 3686; x_wconf 88' lang='lat' dir='ltr'><strong>primo</strong></span> <span class='ocrx_word' id='word_1_583' title='bbox 1204 3618 1356 3682; x_wconf 79' lang='lat' dir='ltr'><strong>dixit,</strong></span> <span class='ocrx_word' id='word_1_584' title='bbox 1391 3635 1409 3668; x_wconf 86' lang='lat' dir='ltr'><strong>t</strong></span> <span class='ocrx_word' id='word_1_585' title='bbox 1441 3617 1584 3672; x_wconf 87' lang='lat' dir='ltr'><strong>Beati</strong></span> <span class='ocrx_word' id='word_1_586' title='bbox 1608 3604 1829 3687; x_wconf 84' lang='lat' dir='ltr'><strong>quorum</strong></span> <span class='ocrx_word' id='word_1_587' title='bbox 1931 3613 2022 3664; x_wconf 84' lang='lat' dir='ltr'><strong>sed</strong></span> <span class='ocrx_word' id='word_1_588' title='bbox 2070 3613 2117 3673; x_wconf 87' lang='lat' dir='ltr'><strong>ei</strong></span> <span class='ocrx_word' id='word_1_589' title='bbox 2154 3612 2240 3679; x_wconf 91' lang='lat' dir='ltr'><strong>qui</strong></span> <span class='ocrx_word' id='word_1_590' title='bbox 2284 3613 2569 3667; x_wconf 85' lang='lat' dir='ltr'><strong>crediderit</strong></span> <span class='ocrx_word' id='word_1_591' title='bbox 2606 3625 2825 3682; x_wconf 90' lang='lat' dir='ltr'><strong>propter</strong></span> <span class='ocrx_word' id='word_1_592' title='bbox 2852 3610 3007 3671; x_wconf 79' lang='lat' dir='ltr'><strong>ﬁdem</strong></span> <span class='ocrx_word' id='word_1_593' title='bbox 3055 3634 3202 3673; x_wconf 89' lang='lat' dir='ltr'><strong>suam</strong></span> <span class='ocrx_word' id='word_1_594' title='bbox 3244 3634 3454 3688; x_wconf 73' lang='lat' dir='ltr'><strong>peccat:</strong></span> 
     </span>
    </p>
   </div>
   <div class='ocr_carea' id='block_1_40' title="bbox 279 3699 3463 3776">
    <p class='ocr_par' dir='ltr' id='par_1_40' title="bbox 279 3699 3463 3776">
     <span class='ocr_line' id='line_1_40' title="bbox 279 3699 3463 3776; baseline 0.003 -17"><span class='ocrx_word' id='word_1_595' title='bbox 279 3715 537 3767; x_wconf 60' lang='lat' dir='ltr'><strong>remissa</strong></span> <span class='ocrx_word' id='word_1_596' title='bbox 569 3707 1043 3775; x_wconf 88' lang='lat' dir='ltr'><strong>suntiniquitates;</strong></span> <span class='ocrx_word' id='word_1_597' title='bbox 1081 3722 1101 3755; x_wconf 77' lang='grc' dir='ltr'><strong>ι</strong></span> <span class='ocrx_word' id='word_1_598' title='bbox 1139 3706 1392 3768; x_wconf 88' lang='lat' dir='ltr'><strong>secundo,</strong></span> <span class='ocrx_word' id='word_1_599' title='bbox 1431 3723 1446 3755; x_wconf 84' lang='lat' dir='ltr'><strong>t</strong></span> <span class='ocrx_word' id='word_1_600' title='bbox 1486 3707 1719 3770; x_wconf 84' lang='lat' dir='ltr'><strong>Quorum</strong></span> <span class='ocrx_word' id='word_1_601' title='bbox 1758 3716 1833 3758; x_wconf 77' lang='lat' dir='ltr'><strong>te.</strong></span> <span class='ocrx_word' id='word_1_602' title='bbox 1930 3715 2034 3750; x_wconf 87' lang='lat' dir='ltr'><strong>ttou</strong></span> <span class='ocrx_word' id='word_1_603' title='bbox 2079 3710 2302 3764; x_wconf 88' lang='lat' dir='ltr'><strong>reputet.</strong></span> <span class='ocrx_word' id='word_1_604' title='bbox 2344 3699 2496 3754; x_wconf 88' lang='lat' dir='ltr'><strong>Sicut</strong></span> <span class='ocrx_word' id='word_1_605' title='bbox 2524 3703 2663 3755; x_wconf 89' lang='lat' dir='ltr'><strong>enim</strong></span> <span class='ocrx_word' id='word_1_606' title='bbox 2690 3704 2918 3760; x_wconf 66' lang='lat' dir='ltr'><strong>Abrahae</strong></span> <span class='ocrx_word' id='word_1_607' title='bbox 2945 3718 3197 3776; x_wconf 72' lang='lat' dir='ltr'><strong>,reputata</strong></span> <span class='ocrx_word' id='word_1_608' title='bbox 3223 3721 3303 3764; x_wconf 90' lang='lat' dir='ltr'><strong>est</strong></span> <span class='ocrx_word' id='word_1_609' title='bbox 3333 3713 3463 3767; x_wconf 79' lang='lat' dir='ltr'><strong>lides</strong></span> 
     </span>
    </p>
   </div>
   <div class='ocr_carea' id='block_1_41' title="bbox 277 3787 3458 3866">
    <p class='ocr_par' dir='ltr' id='par_1_41' title="bbox 277 3787 3458 3866">
     <span class='ocr_line' id='line_1_41' title="bbox 277 3787 3458 3866; baseline 0.002 -16"><span class='ocrx_word' id='word_1_610' title='bbox 277 3810 376 3855; x_wconf 71' lang='lat' dir='ltr'><strong>csa</strong></span> <span class='ocrx_word' id='word_1_611' title='bbox 399 3807 530 3854; x_wconf 92' lang='lat' dir='ltr'><strong>sunt</strong></span> <span class='ocrx_word' id='word_1_612' title='bbox 560 3803 777 3866; x_wconf 63' lang='lat' dir='ltr'><strong>peccata</strong></span> <span class='ocrx_word' id='word_1_613' title='bbox 807 3813 820 3849; x_wconf 94' lang='lat'>:</span> <span class='ocrx_word' id='word_1_614' title='bbox 858 3814 877 3845; x_wconf 78' lang='grc' dir='ltr'><strong>ι</strong></span> <span class='ocrx_word' id='word_1_615' title='bbox 906 3796 1081 3853; x_wconf 90' lang='lat' dir='ltr'><strong>tertio,</strong></span> <span class='ocrx_word' id='word_1_616' title='bbox 1117 3810 1136 3841; x_wconf 74' lang='grc' dir='ltr'><strong>ι</strong></span> <span class='ocrx_word' id='word_1_617' title='bbox 1165 3792 1262 3846; x_wconf 87' lang='lat' dir='ltr'><strong>Cui</strong></span> <span class='ocrx_word' id='word_1_618' title='bbox 1290 3807 1393 3846; x_wconf 88' lang='lat' dir='ltr'><strong>non</strong></span> <span class='ocrx_word' id='word_1_619' title='bbox 1422 3794 1699 3861; x_wconf 86' lang='lat' dir='ltr'><strong>imputavit</strong></span> <span class='ocrx_word' id='word_1_620' title='bbox 1723 3795 1828 3864; x_wconf 70' lang='grc'>(42)</span> <span class='ocrx_word' id='word_1_621' title='bbox 1929 3789 1992 3839; x_wconf 86' lang='lat' dir='ltr'><strong>ad</strong></span> <span class='ocrx_word' id='word_1_622' title='bbox 2014 3787 2295 3855; x_wconf 82' lang='lat' dir='ltr'><strong>justitiam,</strong></span> <span class='ocrx_word' id='word_1_623' title='bbox 2321 3789 2391 3842; x_wconf 88' lang='lat' dir='ltr'><strong>ita</strong></span> <span class='ocrx_word' id='word_1_624' title='bbox 2419 3800 2472 3843; x_wconf 92' lang='lat' dir='ltr'><strong>et</strong></span> <span class='ocrx_word' id='word_1_625' title='bbox 2500 3792 2644 3846; x_wconf 91' lang='lat' dir='ltr'><strong>omni</strong></span> <span class='ocrx_word' id='word_1_626' title='bbox 2671 3795 2909 3848; x_wconf 87' lang='lat' dir='ltr'><strong>credenti</strong></span> <span class='ocrx_word' id='word_1_627' title='bbox 2941 3797 3027 3849; x_wconf 89' lang='lat' dir='ltr'><strong>cui</strong></span> <span class='ocrx_word' id='word_1_628' title='bbox 3059 3798 3188 3852; x_wconf 88' lang='lat' dir='ltr'><strong>lides</strong></span> <span class='ocrx_word' id='word_1_629' title='bbox 3209 3801 3276 3853; x_wconf 88' lang='lat' dir='ltr'><strong>ad</strong></span> <span class='ocrx_word' id='word_1_630' title='bbox 3300 3799 3458 3866; x_wconf 77' lang='lat' dir='ltr'><strong>justi-</strong></span> 
     </span>
    </p>
   </div>
   <div class='ocr_carea' id='block_1_42' title="bbox 281 3876 3456 3967">
    <p class='ocr_par' dir='ltr' id='par_1_42' title="bbox 281 3876 3456 3967">
     <span class='ocr_line' id='line_1_42' title="bbox 281 3876 3456 3967; baseline 0.004 -39"><span class='ocrx_word' id='word_1_631' title='bbox 281 3887 556 3944; x_wconf 72' lang='lat' dir='ltr'><strong>Dominus</strong></span> <span class='ocrx_word' id='word_1_632' title='bbox 585 3894 864 3954; x_wconf 72' lang='lat' dir='ltr'><strong>peccatum</strong></span> <span class='ocrx_word' id='word_1_633' title='bbox 893 3884 959 3934; x_wconf 71' lang='lat'><strong>78.</strong></span> <span class='ocrx_word' id='word_1_634' title='bbox 993 3900 1012 3931; x_wconf 76' lang='grc' dir='ltr'><strong>ι</strong></span> <span class='ocrx_word' id='word_1_635' title='bbox 1042 3882 1103 3934; x_wconf 78' lang='lat' dir='ltr'><strong>Et</strong></span> <span class='ocrx_word' id='word_1_636' title='bbox 1133 3883 1250 3933; x_wconf 81' lang='lat' dir='ltr'><strong>vide</strong></span> <span class='ocrx_word' id='word_1_637' title='bbox 1280 3882 1322 3934; x_wconf 84' lang='lat' dir='ltr'><strong>si</strong></span> <span class='ocrx_word' id='word_1_638' title='bbox 1350 3881 1485 3934; x_wconf 78' lang='lat' dir='ltr'><strong>forte</strong></span> <span class='ocrx_word' id='word_1_639' title='bbox 1516 3892 1692 3948; x_wconf 77' lang='lat' dir='ltr'><strong>potest</strong></span> <span class='ocrx_word' id='word_1_640' title='bbox 1731 3885 1830 3937; x_wconf 70' lang='lat' dir='ltr'><strong>iste</strong></span> <span class='ocrx_word' id='word_1_641' title='bbox 1931 3876 2058 3929; x_wconf 89' lang='lat' dir='ltr'><strong>tiam</strong></span> <span class='ocrx_word' id='word_1_642' title='bbox 2112 3887 2399 3945; x_wconf 88' lang='lat' dir='ltr'><strong>reputatur,</strong></span> <span class='ocrx_word' id='word_1_643' title='bbox 2459 3891 2674 3946; x_wconf 89' lang='lat' dir='ltr'><strong>peccata</strong></span> <span class='ocrx_word' id='word_1_644' title='bbox 2733 3882 2916 3949; x_wconf 87' lang='lat' dir='ltr'><strong>utique</strong></span> <span class='ocrx_word' id='word_1_645' title='bbox 2957 3898 3063 3937; x_wconf 91' lang='lat' dir='ltr'><strong>non</strong></span> <span class='ocrx_word' id='word_1_646' title='bbox 3109 3885 3456 3967; x_wconf 77' lang='lat' dir='ltr'><strong>imputantur.</strong></span> 
     </span>
    </p>
   </div>
   <div class='ocr_carea' id='block_1_43' title="bbox 277 3963 3456 4040">
    <p class='ocr_par' dir='ltr' id='par_1_43' title="bbox 277 3963 3456 4040">
     <span class='ocr_line' id='line_1_43' title="bbox 277 3963 3456 4040; baseline 0.005 -24"><span class='ocrx_word' id='word_1_647' title='bbox 277 3978 428 4033; x_wconf 70' lang='grc' dir='ltr'><strong>οι-ἀο</strong></span> <span class='ocrx_word' id='word_1_648' title='bbox 453 3977 505 4029; x_wconf 76' lang='lat' dir='ltr'><strong>in</strong></span> <span class='ocrx_word' id='word_1_649' title='bbox 531 3975 714 4027; x_wconf 75' lang='lat' dir='ltr'><strong>anima</strong></span> <span class='ocrx_word' id='word_1_650' title='bbox 746 3987 847 4025; x_wconf 84' lang='lat' dir='ltr'><strong>una</strong></span> <span class='ocrx_word' id='word_1_651' title='bbox 878 3963 1174 4038; x_wconf 80' lang='lat' dir='ltr'><strong>eademque</strong></span> <span class='ocrx_word' id='word_1_652' title='bbox 1194 3969 1412 4038; x_wconf 77' lang='lat' dir='ltr'><strong>intelligi</strong></span> <span class='ocrx_word' id='word_1_653' title='bbox 1443 3989 1455 4023; x_wconf 91' lang='lat'>:</span> <span class='ocrx_word' id='word_1_654' title='bbox 1490 3979 1545 4022; x_wconf 91' lang='lat' dir='ltr'><strong>ut</strong></span> <span class='ocrx_word' id='word_1_655' title='bbox 1573 3971 1694 4039; x_wconf 81' lang='lat' dir='ltr'><strong>quia</strong></span> <span class='ocrx_word' id='word_1_656' title='bbox 1726 3971 1830 4023; x_wconf 83' lang='lat' dir='ltr'><strong>ini-</strong></span> <span class='ocrx_word' id='word_1_657' title='bbox 1928 3965 2107 4034; x_wconf 81' lang='lat' dir='ltr'><strong>Neque</strong></span> <span class='ocrx_word' id='word_1_658' title='bbox 2129 3966 2267 4020; x_wconf 90' lang='lat' dir='ltr'><strong>enim</strong></span> <span class='ocrx_word' id='word_1_659' title='bbox 2285 3967 2350 4020; x_wconf 92' lang='lat' dir='ltr'><strong>de</strong></span> <span class='ocrx_word' id='word_1_660' title='bbox 2371 3966 2530 4034; x_wconf 91' lang='lat' dir='ltr'><strong>justis</strong></span> <span class='ocrx_word' id='word_1_661' title='bbox 2553 3968 2681 4024; x_wconf 91' lang='lat' dir='ltr'><strong>dicit</strong></span> <span class='ocrx_word' id='word_1_662' title='bbox 2703 3971 2829 4038; x_wconf 84' lang='lat' dir='ltr'><strong>quia</strong></span> <span class='ocrx_word' id='word_1_663' title='bbox 2856 3981 3130 4040; x_wconf 89' lang='lat' dir='ltr'><strong>reputatur</strong></span> <span class='ocrx_word' id='word_1_664' title='bbox 3147 3976 3224 4029; x_wconf 83' lang='lat' dir='ltr'><strong>eis</strong></span> <span class='ocrx_word' id='word_1_665' title='bbox 3247 3975 3375 4030; x_wconf 84' lang='lat' dir='ltr'><strong>lides</strong></span> <span class='ocrx_word' id='word_1_666' title='bbox 3391 3964 3456 4032; x_wconf 86' lang='lat' dir='ltr'><strong>ad</strong></span> 
     </span>
    </p>
   </div>
   <div class='ocr_carea' id='block_1_44' title="bbox 279 4056 3459 4132">
    <p class='ocr_par' dir='ltr' id='par_1_44' title="bbox 279 4056 3459 4132">
     <span class='ocr_line' id='line_1_44' title="bbox 279 4056 3459 4132; baseline -0.004 -13"><span class='ocrx_word' id='word_1_667' title='bbox 279 4066 427 4120; x_wconf 89' lang='lat' dir='ltr'><strong>tium</strong></span> <span class='ocrx_word' id='word_1_668' title='bbox 472 4071 558 4118; x_wconf 82' lang='lat' dir='ltr'><strong>est</strong></span> <span class='ocrx_word' id='word_1_669' title='bbox 604 4060 968 4116; x_wconf 87' lang='lat' dir='ltr'><strong>conversionis</strong></span> <span class='ocrx_word' id='word_1_670' title='bbox 1008 4059 1198 4112; x_wconf 67' lang='lat' dir='ltr'><strong>animm</strong></span> <span class='ocrx_word' id='word_1_671' title='bbox 1250 4057 1385 4110; x_wconf 89' lang='lat' dir='ltr'><strong>mala</strong></span> <span class='ocrx_word' id='word_1_672' title='bbox 1441 4059 1826 4126; x_wconf 85' lang='lat' dir='ltr'><strong>derelinquere,</strong></span> <span class='ocrx_word' id='word_1_673' title='bbox 1922 4056 2202 4125; x_wconf 90' lang='lat' dir='ltr'><strong>justitiam.</strong></span> <span class='ocrx_word' id='word_1_674' title='bbox 2237 4057 2388 4123; x_wconf 81' lang='lat' dir='ltr'><strong>Quod</strong></span> <span class='ocrx_word' id='word_1_675' title='bbox 2430 4060 2470 4113; x_wconf 91' lang='lat' dir='ltr'><strong>si</strong></span> <span class='ocrx_word' id='word_1_676' title='bbox 2516 4059 2587 4111; x_wconf 89' lang='lat' dir='ltr'><strong>ita</strong></span> <span class='ocrx_word' id='word_1_677' title='bbox 2639 4070 2851 4128; x_wconf 89' lang='lat' dir='ltr'><strong>putetur</strong></span> <span class='ocrx_word' id='word_1_678' title='bbox 2886 4061 3018 4132; x_wconf 78' lang='grc'>(49),</span> <span class='ocrx_word' id='word_1_679' title='bbox 3051 4079 3168 4132; x_wconf 66' lang='lat' dir='ltr'><strong>qua:</strong></span> <span class='ocrx_word' id='word_1_680' title='bbox 3194 4065 3459 4119; x_wconf 64' lang='lat' dir='ltr'><strong>videbim-</strong></span> 
     </span>
    </p>
   </div>
   <div class='ocr_carea' id='block_1_45' title="bbox 278 4148 3453 4224">
    <p class='ocr_par' dir='ltr' id='par_1_45' title="bbox 278 4148 3453 4224">
     <span class='ocr_line' id='line_1_45' title="bbox 278 4148 3453 4224; baseline 0 -15"><span class='ocrx_word' id='word_1_681' title='bbox 278 4168 390 4224; x_wconf 85' lang='lat' dir='ltr'><strong>pro</strong></span> <span class='ocrx_word' id='word_1_682' title='bbox 438 4153 544 4207; x_wconf 88' lang='lat' dir='ltr'><strong>hoc</strong></span> <span class='ocrx_word' id='word_1_683' title='bbox 585 4150 926 4218; x_wconf 85' lang='lat' dir='ltr'><strong>iniquitatum</strong></span> <span class='ocrx_word' id='word_1_684' title='bbox 973 4148 1338 4201; x_wconf 83' lang='lat' dir='ltr'><strong>remissionem</strong></span> <span class='ocrx_word' id='word_1_685' title='bbox 1377 4156 1642 4201; x_wconf 88' lang='lat' dir='ltr'><strong>mereatur</strong></span> <span class='ocrx_word' id='word_1_686' title='bbox 1691 4149 1829 4202; x_wconf 86' lang='lat' dir='ltr'><strong>acci-</strong></span> <span class='ocrx_word' id='word_1_687' title='bbox 1928 4149 2094 4216; x_wconf 79' lang='lat' dir='ltr'><strong>gratia</strong></span> <span class='ocrx_word' id='word_1_688' title='bbox 2135 4148 2282 4218; x_wconf 88' lang='lat' dir='ltr'><strong>justo</strong></span> <span class='ocrx_word' id='word_1_689' title='bbox 2355 4149 2850 4218; x_wconf 79' lang='lat' dir='ltr'><strong>reputari‘lJustitia</strong></span> <span class='ocrx_word' id='word_1_690' title='bbox 2901 4153 2966 4204; x_wconf 90' lang='lat' dir='ltr'><strong>ad</strong></span> <span class='ocrx_word' id='word_1_691' title='bbox 3015 4151 3324 4218; x_wconf 83' lang='lat' dir='ltr'><strong>justitiam?</strong></span> <span class='ocrx_word' id='word_1_692' title='bbox 3352 4155 3453 4209; x_wconf 87' lang='lat' dir='ltr'><strong>Sed</strong></span> 
     </span>
    </p>
   </div>
   <div class='ocr_carea' id='block_1_46' title="bbox 279 4237 3454 4313">
    <p class='ocr_par' dir='ltr' id='par_1_46' title="bbox 279 4237 3454 4313">
     <span class='ocr_line' id='line_1_46' title="bbox 279 4237 3454 4313; baseline 0.006 -34"><span class='ocrx_word' id='word_1_693' title='bbox 279 4259 418 4313; x_wconf 64' lang='lat' dir='ltr'><strong>pere</strong></span> <span class='ocrx_word' id='word_1_694' title='bbox 445 4257 460 4294; x_wconf 71' lang='grc' dir='ltr'>ε</span> <span class='ocrx_word' id='word_1_695' title='bbox 488 4244 611 4296; x_wconf 71' lang='lat' dir='ltr'><strong>cum</strong></span> <span class='ocrx_word' id='word_1_696' title='bbox 641 4249 819 4292; x_wconf 76' lang='lat' dir='ltr'><strong>autem</strong></span> <span class='ocrx_word' id='word_1_697' title='bbox 841 4239 1064 4306; x_wconf 69' lang='lat' dir='ltr'><strong>crepet-it</strong></span> <span class='ocrx_word' id='word_1_698' title='bbox 1082 4237 1220 4290; x_wconf 84' lang='lat' dir='ltr'><strong>bona</strong></span> <span class='ocrx_word' id='word_1_699' title='bbox 1245 4237 1438 4301; x_wconf 78' lang='lat' dir='ltr'><strong>facere,</strong></span> <span class='ocrx_word' id='word_1_700' title='bbox 1464 4237 1603 4291; x_wconf 91' lang='lat' dir='ltr'><strong>velut</strong></span> <span class='ocrx_word' id='word_1_701' title='bbox 1621 4239 1826 4309; x_wconf 75' lang='lat' dir='ltr'><strong>singula</strong></span> <span class='ocrx_word' id='word_1_702' title='bbox 1927 4237 2109 4305; x_wconf 76' lang='lat' dir='ltr'><strong>utique</strong></span> <span class='ocrx_word' id='word_1_703' title='bbox 2138 4237 2209 4290; x_wconf 90' lang='lat' dir='ltr'><strong>illi</strong></span> <span class='ocrx_word' id='word_1_704' title='bbox 2240 4238 2366 4291; x_wconf 87' lang='lat' dir='ltr'><strong>dicit</strong></span> <span class='ocrx_word' id='word_1_705' title='bbox 2401 4239 2556 4292; x_wconf 73' lang='lat' dir='ltr'><strong>{idem</strong></span> <span class='ocrx_word' id='word_1_706' title='bbox 2597 4249 2891 4306; x_wconf 88' lang='lat' dir='ltr'><strong>reputatatn</strong></span> <span class='ocrx_word' id='word_1_707' title='bbox 2927 4255 3046 4295; x_wconf 88' lang='lat' dir='ltr'><strong>esse</strong></span> <span class='ocrx_word' id='word_1_708' title='bbox 3081 4242 3143 4294; x_wconf 89' lang='lat' dir='ltr'><strong>ad</strong></span> <span class='ocrx_word' id='word_1_709' title='bbox 3167 4242 3454 4310; x_wconf 85' lang='lat' dir='ltr'><strong>justitiam,</strong></span> 
     </span>
    </p>
   </div>
   <div class='ocr_carea' id='block_1_47' title="bbox 278 4326 3453 4414">
    <p class='ocr_par' dir='ltr' id='par_1_47' title="bbox 278 4326 3453 4414">
     <span class='ocr_line' id='line_1_47' title="bbox 278 4326 3453 4414; baseline 0.006 -46"><span class='ocrx_word' id='word_1_710' title='bbox 278 4347 522 4405; x_wconf 52' lang='grc' dir='ltr'><strong>ηυωηυο</strong></span> <span class='ocrx_word' id='word_1_711' title='bbox 559 4345 681 4400; x_wconf 57' lang='lat' dir='ltr'><strong>qua;</strong></span> <span class='ocrx_word' id='word_1_712' title='bbox 724 4337 1103 4396; x_wconf 61' lang='lat' dir='ltr'><strong>praecesserant</strong></span> <span class='ocrx_word' id='word_1_713' title='bbox 1145 4328 1280 4381; x_wconf 81' lang='lat' dir='ltr'><strong>mala</strong></span> <span class='ocrx_word' id='word_1_714' title='bbox 1329 4329 1483 4382; x_wconf 78' lang='lat' dir='ltr'><strong>bonis</strong></span> <span class='ocrx_word' id='word_1_715' title='bbox 1521 4332 1826 4386; x_wconf 70' lang='lat' dir='ltr'><strong>recentibus</strong></span> <span class='ocrx_word' id='word_1_716' title='bbox 1855 4357 1900 4414; x_wconf 69' lang='grc' dir='ltr'>υ</span> <span class='ocrx_word' id='word_1_717' title='bbox 1927 4326 2016 4392; x_wconf 89' lang='lat' dir='ltr'><strong>qui</strong></span> <span class='ocrx_word' id='word_1_718' title='bbox 2055 4334 2335 4394; x_wconf 85' lang='lat' dir='ltr'><strong>antequam</strong></span> <span class='ocrx_word' id='word_1_719' title='bbox 2383 4327 2604 4380; x_wconf 86' lang='lat' dir='ltr'><strong>haberet</strong></span> <span class='ocrx_word' id='word_1_720' title='bbox 2641 4327 2780 4381; x_wconf 88' lang='lat' dir='ltr'><strong>hanc</strong></span> <span class='ocrx_word' id='word_1_721' title='bbox 2823 4328 3004 4393; x_wconf 79' lang='lat' dir='ltr'><strong>(idem,</strong></span> <span class='ocrx_word' id='word_1_722' title='bbox 3036 4327 3302 4396; x_wconf 88' lang='lat' dir='ltr'><strong>justitiam</strong></span> <span class='ocrx_word' id='word_1_723' title='bbox 3350 4347 3453 4386; x_wconf 93' lang='lat' dir='ltr'><strong>nou</strong></span> 
     </span>
    </p>
   </div>
   <div class='ocr_carea' id='block_1_48' title="bbox 281 4412 3452 4494">
    <p class='ocr_par' dir='ltr' id='par_1_48' title="bbox 281 4412 3452 4494">
     <span class='ocr_line' id='line_1_48' title="bbox 281 4412 3452 4494; baseline 0.001 -15"><span class='ocrx_word' id='word_1_724' title='bbox 281 4434 575 4494; x_wconf 68' lang='lat' dir='ltr'><strong>obtegens,</strong></span> <span class='ocrx_word' id='word_1_725' title='bbox 597 4431 655 4476; x_wconf 88' lang='lat' dir='ltr'><strong>et</strong></span> <span class='ocrx_word' id='word_1_726' title='bbox 692 4419 1129 4474; x_wconf 87' lang='lat' dir='ltr'><strong>abundantiorem</strong></span> <span class='ocrx_word' id='word_1_727' title='bbox 1165 4433 1439 4472; x_wconf 90' lang='lat' dir='ltr'><strong>numerum</strong></span> <span class='ocrx_word' id='word_1_728' title='bbox 1471 4420 1826 4474; x_wconf 83' lang='lat' dir='ltr'><strong>bonornmin-</strong></span> <span class='ocrx_word' id='word_1_729' title='bbox 1859 4412 1884 4414; x_wconf 61' lang='grc'><strong><em>“</em></strong></span> <span class='ocrx_word' id='word_1_730' title='bbox 1927 4412 2186 4477; x_wconf 68' lang='lat' dir='ltr'><strong>habebat:</strong></span> <span class='ocrx_word' id='word_1_731' title='bbox 2225 4423 2279 4468; x_wconf 80' lang='grc' dir='ltr'><strong>θι</strong></span> <span class='ocrx_word' id='word_1_732' title='bbox 2315 4415 2413 4468; x_wconf 61' lang='lat' dir='ltr'><strong>me</strong></span> <span class='ocrx_word' id='word_1_733' title='bbox 2452 4425 2532 4468; x_wconf 73' lang='grc' dir='ltr'><strong>εει</strong></span> <span class='ocrx_word' id='word_1_734' title='bbox 2571 4417 2752 4485; x_wconf 72' lang='lat' dir='ltr'><strong>utique</strong></span> <span class='ocrx_word' id='word_1_735' title='bbox 2793 4417 3015 4483; x_wconf 64' lang='lat' dir='ltr'><strong>beatus.</strong></span> <span class='ocrx_word' id='word_1_736' title='bbox 3054 4420 3138 4473; x_wconf 76' lang='lat' dir='ltr'><strong>Clli</strong></span> <span class='ocrx_word' id='word_1_737' title='bbox 3185 4421 3324 4474; x_wconf 72' lang='lat' dir='ltr'><strong>Deus</strong></span> <span class='ocrx_word' id='word_1_738' title='bbox 3358 4434 3452 4475; x_wconf 69' lang='lat' dir='ltr'><strong>ac-</strong></span> 
     </span>
    </p>
   </div>
   <div class='ocr_carea' id='block_1_49' title="bbox 285 4504 3453 4580">
    <p class='ocr_par' dir='ltr' id='par_1_49' title="bbox 285 4504 3453 4580">
     <span class='ocr_line' id='line_1_49' title="bbox 285 4504 3453 4580; baseline 0.001 -19"><span class='ocrx_word' id='word_1_739' title='bbox 285 4517 585 4571; x_wconf 67' lang='lat' dir='ltr'><strong>uoducens</strong></span> <span class='ocrx_word' id='word_1_740' title='bbox 611 4524 769 4580; x_wconf 90' lang='lat' dir='ltr'><strong>quam</strong></span> <span class='ocrx_word' id='word_1_741' title='bbox 794 4509 939 4576; x_wconf 87' lang='lat' dir='ltr'><strong>prius</strong></span> <span class='ocrx_word' id='word_1_742' title='bbox 968 4509 1138 4560; x_wconf 80' lang='lat' dir='ltr'><strong>fuerat</strong></span> <span class='ocrx_word' id='word_1_743' title='bbox 1167 4508 1422 4562; x_wconf 91' lang='lat' dir='ltr'><strong>malorum</strong></span> <span class='ocrx_word' id='word_1_744' title='bbox 1443 4549 1459 4574; x_wconf 91' lang='lat'><strong>,</strong></span> <span class='ocrx_word' id='word_1_745' title='bbox 1500 4518 1674 4577; x_wconf 76' lang='lat' dir='ltr'><strong>tegere</strong></span> <span class='ocrx_word' id='word_1_746' title='bbox 1698 4525 1823 4578; x_wconf 84' lang='lat' dir='ltr'><strong>pec-</strong></span> <span class='ocrx_word' id='word_1_747' title='bbox 1928 4515 2084 4572; x_wconf 91' lang='lat' dir='ltr'><strong>cepto</strong></span> <span class='ocrx_word' id='word_1_748' title='bbox 2119 4504 2222 4558; x_wconf 83' lang='lat' dir='ltr'><strong>fert</strong></span> <span class='ocrx_word' id='word_1_749' title='bbox 2254 4505 2512 4574; x_wconf 87' lang='lat' dir='ltr'><strong>justitiam</strong></span> <span class='ocrx_word' id='word_1_750' title='bbox 2545 4506 2660 4560; x_wconf 88' lang='lat' dir='ltr'><strong>sine</strong></span> <span class='ocrx_word' id='word_1_751' title='bbox 2699 4507 2981 4574; x_wconf 90' lang='lat' dir='ltr'><strong>operibus,</strong></span> <span class='ocrx_word' id='word_1_752' title='bbox 3021 4518 3074 4562; x_wconf 90' lang='lat' dir='ltr'><strong>et</strong></span> <span class='ocrx_word' id='word_1_753' title='bbox 3103 4509 3186 4563; x_wconf 92' lang='lat' dir='ltr'><strong>cui</strong></span> <span class='ocrx_word' id='word_1_754' title='bbox 3217 4524 3321 4563; x_wconf 91' lang='lat' dir='ltr'><strong>non</strong></span> <span class='ocrx_word' id='word_1_755' title='bbox 3349 4511 3453 4563; x_wconf 87' lang='lat' dir='ltr'><strong>im-</strong></span> 
     </span>
    </p>
   </div>
   <div class='ocr_carea' id='block_1_50' title="bbox 283 4594 3458 4667">
    <p class='ocr_par' dir='ltr' id='par_1_50' title="bbox 283 4594 3458 4667">
     <span class='ocr_line' id='line_1_50' title="bbox 283 4594 3458 4667; baseline -0.003 -7"><span class='ocrx_word' id='word_1_756' title='bbox 283 4615 412 4660; x_wconf 86' lang='lat' dir='ltr'><strong>cata</strong></span> <span class='ocrx_word' id='word_1_757' title='bbox 441 4604 654 4656; x_wconf 88' lang='lat' dir='ltr'><strong>dicatur</strong></span> <span class='ocrx_word' id='word_1_758' title='bbox 691 4618 706 4654; x_wconf 91' lang='lat'><strong>:</strong></span> <span class='ocrx_word' id='word_1_759' title='bbox 736 4600 824 4652; x_wconf 90' lang='lat' dir='ltr'><strong>ubi</strong></span> <span class='ocrx_word' id='word_1_760' title='bbox 868 4611 992 4650; x_wconf 90' lang='lat' dir='ltr'><strong>vero</strong></span> <span class='ocrx_word' id='word_1_761' title='bbox 1024 4597 1132 4662; x_wconf 89' lang='lat' dir='ltr'><strong>jam</strong></span> <span class='ocrx_word' id='word_1_762' title='bbox 1176 4595 1242 4649; x_wconf 89' lang='lat' dir='ltr'><strong>ad</strong></span> <span class='ocrx_word' id='word_1_763' title='bbox 1273 4594 1562 4664; x_wconf 83' lang='lat' dir='ltr'><strong>perfectum</strong></span> <span class='ocrx_word' id='word_1_764' title='bbox 1602 4597 1822 4660; x_wconf 89' lang='lat' dir='ltr'><strong>venerit,</strong></span> <span class='ocrx_word' id='word_1_765' title='bbox 1926 4602 2142 4662; x_wconf 84' lang='lat' dir='ltr'><strong>putatur</strong></span> <span class='ocrx_word' id='word_1_766' title='bbox 2170 4605 2466 4662; x_wconf 90' lang='lat' dir='ltr'><strong>peccatum,</strong></span> <span class='ocrx_word' id='word_1_767' title='bbox 2501 4594 2584 4647; x_wconf 91' lang='lat' dir='ltr'><strong>cui</strong></span> <span class='ocrx_word' id='word_1_768' title='bbox 2624 4595 2785 4648; x_wconf 89' lang='lat' dir='ltr'><strong>etiam</strong></span> <span class='ocrx_word' id='word_1_769' title='bbox 2827 4597 3064 4650; x_wconf 63' lang='lat' dir='ltr'><strong>remissae</strong></span> <span class='ocrx_word' id='word_1_770' title='bbox 3101 4606 3227 4651; x_wconf 91' lang='lat' dir='ltr'><strong>sunt</strong></span> <span class='ocrx_word' id='word_1_771' title='bbox 3267 4599 3458 4667; x_wconf 89' lang='lat' dir='ltr'><strong>iniqui-</strong></span> 
     </span>
    </p>
   </div>
   <div class='ocr_carea' id='block_1_51' title="bbox 283 4681 3447 4752">
    <p class='ocr_par' dir='ltr' id='par_1_51' title="bbox 283 4681 3447 4752">
     <span class='ocr_line' id='line_1_51' title="bbox 283 4681 3447 4752; baseline -0.004 -3"><span class='ocrx_word' id='word_1_772' title='bbox 283 4695 446 4749; x_wconf 86' lang='lat' dir='ltr'><strong>itaut</strong></span> <span class='ocrx_word' id='word_1_773' title='bbox 475 4689 654 4746; x_wconf 90' lang='lat' dir='ltr'><strong>omnis</strong></span> <span class='ocrx_word' id='word_1_774' title='bbox 680 4688 746 4742; x_wconf 90' lang='lat' dir='ltr'><strong>de</strong></span> <span class='ocrx_word' id='word_1_775' title='bbox 774 4701 836 4740; x_wconf 89' lang='lat' dir='ltr'><strong>ea</strong></span> <span class='ocrx_word' id='word_1_776' title='bbox 865 4686 1078 4739; x_wconf 68' lang='lat' dir='ltr'><strong>malitiae</strong></span> <span class='ocrx_word' id='word_1_777' title='bbox 1099 4683 1484 4752; x_wconf 81' lang='lat' dir='ltr'><strong>radixpenitus</strong></span> <span class='ocrx_word' id='word_1_778' title='bbox 1498 4690 1821 4751; x_wconf 90' lang='lat' dir='ltr'><strong>amputetur,</strong></span> <span class='ocrx_word' id='word_1_779' title='bbox 1930 4690 2094 4746; x_wconf 87' lang='lat' dir='ltr'><strong>tates,</strong></span> <span class='ocrx_word' id='word_1_780' title='bbox 2140 4693 2194 4735; x_wconf 91' lang='lat' dir='ltr'><strong>et</strong></span> <span class='ocrx_word' id='word_1_781' title='bbox 2235 4681 2438 4736; x_wconf 88' lang='lat' dir='ltr'><strong>obtecta</strong></span> <span class='ocrx_word' id='word_1_782' title='bbox 2472 4681 2514 4734; x_wconf 88' lang='lat' dir='ltr'><strong>si</strong></span> <span class='ocrx_word' id='word_1_783' title='bbox 2557 4696 2661 4748; x_wconf 89' lang='lat' dir='ltr'><strong>qua</strong></span> <span class='ocrx_word' id='word_1_784' title='bbox 2698 4691 2854 4734; x_wconf 86' lang='lat' dir='ltr'><strong>antea</strong></span> <span class='ocrx_word' id='word_1_785' title='bbox 2900 4684 3109 4736; x_wconf 82' lang='lat' dir='ltr'><strong>fuerant</strong></span> <span class='ocrx_word' id='word_1_786' title='bbox 3138 4696 3353 4752; x_wconf 88' lang='lat' dir='ltr'><strong>peccata</strong></span> <span class='ocrx_word' id='word_1_787' title='bbox 3381 4685 3447 4738; x_wconf 78' lang='grc'><strong>⁸³.</strong></span> 
     </span>
    </p>
   </div>
   <div class='ocr_carea' id='block_1_52' title="bbox 285 4771 3481 4851">
    <p class='ocr_par' dir='ltr' id='par_1_52' title="bbox 285 4771 3481 4851">
     <span class='ocr_line' id='line_1_52' title="bbox 285 4771 3481 4851; baseline -0.004 -12"><span class='ocrx_word' id='word_1_788' title='bbox 285 4800 354 4840; x_wconf 89' lang='lat' dir='ltr'><strong>eo</strong></span> <span class='ocrx_word' id='word_1_789' title='bbox 384 4797 554 4851; x_wconf 89' lang='lat' dir='ltr'><strong>usque</strong></span> <span class='ocrx_word' id='word_1_790' title='bbox 591 4790 652 4833; x_wconf 93' lang='lat' dir='ltr'><strong>ut</strong></span> <span class='ocrx_word' id='word_1_791' title='bbox 681 4778 884 4832; x_wconf 92' lang='lat' dir='ltr'><strong>nullum</strong></span> <span class='ocrx_word' id='word_1_792' title='bbox 926 4778 975 4828; x_wconf 89' lang='lat' dir='ltr'><strong>in</strong></span> <span class='ocrx_word' id='word_1_793' title='bbox 1007 4791 1066 4828; x_wconf 88' lang='lat' dir='ltr'><strong>ea</strong></span> <span class='ocrx_word' id='word_1_794' title='bbox 1096 4774 1370 4843; x_wconf 76' lang='lat' dir='ltr'><strong>vestigium</strong></span> <span class='ocrx_word' id='word_1_795' title='bbox 1400 4772 1568 4840; x_wconf 89' lang='lat' dir='ltr'><strong>possit</strong></span> <span class='ocrx_word' id='word_1_796' title='bbox 1597 4772 1822 4825; x_wconf 88' lang='lat' dir='ltr'><strong>inveniri</strong></span> <span class='ocrx_word' id='word_1_797' title='bbox 1929 4771 2094 4825; x_wconf 91' lang='lat' dir='ltr'><strong>Simul</strong></span> <span class='ocrx_word' id='word_1_798' title='bbox 2152 4781 2326 4824; x_wconf 90' lang='lat' dir='ltr'><strong>autem</strong></span> <span class='ocrx_word' id='word_1_799' title='bbox 2368 4780 2423 4824; x_wconf 90' lang='lat' dir='ltr'><strong>et</strong></span> <span class='ocrx_word' id='word_1_800' title='bbox 2470 4773 2656 4824; x_wconf 80' lang='lat' dir='ltr'><strong>edocet</strong></span> <span class='ocrx_word' id='word_1_801' title='bbox 2701 4785 2798 4824; x_wconf 88' lang='lat' dir='ltr'><strong>nos</strong></span> <span class='ocrx_word' id='word_1_802' title='bbox 2835 4771 3139 4839; x_wconf 79' lang='lat' dir='ltr'><strong>diligentius</strong></span> <span class='ocrx_word' id='word_1_803' title='bbox 3183 4773 3481 4846; x_wconf 75' lang='lat' dir='ltr'><strong>intendere</strong></span> 
     </span>
    </p>
   </div>
   <div class='ocr_carea' id='block_1_53' title="bbox 357 4861 3450 4930">
    <p class='ocr_par' dir='ltr' id='par_1_53' title="bbox 357 4861 3450 4930">
     <span class='ocr_line' id='line_1_53' title="bbox 357 4861 3450 4930; baseline -0.004 -3"><span class='ocrx_word' id='word_1_804' title='bbox 357 4879 406 4909; x_wconf 81' lang='grc'><strong>⁷⁸</strong></span> <span class='ocrx_word' id='word_1_805' title='bbox 461 4875 620 4926; x_wconf 80' lang='lat' dir='ltr'><strong>Rom.</strong></span> <span class='ocrx_word' id='word_1_806' title='bbox 646 4883 718 4930; x_wconf 79' lang='lat' dir='ltr'><strong>tv,</strong></span> <span class='ocrx_word' id='word_1_807' title='bbox 743 4865 795 4922; x_wconf 85' lang='lat'><strong>6.</strong></span> <span class='ocrx_word' id='word_1_808' title='bbox 868 4870 913 4901; x_wconf 68' lang='grc'><strong>⁷⁵</strong></span> <span class='ocrx_word' id='word_1_809' title='bbox 945 4868 1083 4923; x_wconf 85' lang='lat' dir='ltr'><strong>Psal.</strong></span> <span class='ocrx_word' id='word_1_810' title='bbox 1118 4883 1268 4930; x_wconf 77' lang='lat' dir='ltr'><strong>xxxi,</strong></span> <span class='ocrx_word' id='word_1_811' title='bbox 1313 4869 1368 4930; x_wconf 79' lang='lat' dir='ltr'><strong>l,</strong></span> <span class='ocrx_word' id='word_1_812' title='bbox 1398 4867 1452 4918; x_wconf 75' lang='lat'><strong>2-.</strong></span> <span class='ocrx_word' id='word_1_813' title='bbox 1525 4866 1569 4898; x_wconf 75' lang='grc'><strong>’⁵</strong></span> <span class='ocrx_word' id='word_1_814' title='bbox 1602 4863 1753 4917; x_wconf 80' lang='lat' dir='ltr'><strong>Rom.</strong></span> <span class='ocrx_word' id='word_1_815' title='bbox 1777 4881 1850 4928; x_wconf 90' lang='lat' dir='ltr'><strong>tv,</strong></span> <span class='ocrx_word' id='word_1_816' title='bbox 1881 4863 1932 4928; x_wconf 84' lang='lat'><strong>7,</strong></span> <span class='ocrx_word' id='word_1_817' title='bbox 1962 4865 2014 4929; x_wconf 88' lang='lat'><strong>8;</strong></span> <span class='ocrx_word' id='word_1_818' title='bbox 2049 4863 2187 4917; x_wconf 82' lang='lat' dir='ltr'><strong>Psal.</strong></span> <span class='ocrx_word' id='word_1_819' title='bbox 2219 4879 2362 4922; x_wconf 73' lang='lat' dir='ltr'><strong>xui,</strong></span> <span class='ocrx_word' id='word_1_820' title='bbox 2388 4862 2509 4928; x_wconf 71' lang='lat'><strong>1,2.</strong></span> <span class='ocrx_word' id='word_1_821' title='bbox 2578 4929 2595 4930; x_wconf 19' lang='grc' dir='ltr'>ί</span> <span class='ocrx_word' id='word_1_822' title='bbox 2649 4862 2697 4893; x_wconf 74' lang='grc' dir='ltr'><strong>τ⁶</strong></span> <span class='ocrx_word' id='word_1_823' title='bbox 2729 4862 2879 4914; x_wconf 74' lang='lat' dir='ltr'><strong>Rom.</strong></span> <span class='ocrx_word' id='word_1_824' title='bbox 2910 4876 2980 4922; x_wconf 89' lang='lat' dir='ltr'><strong>tv,</strong></span> <span class='ocrx_word' id='word_1_825' title='bbox 3023 4863 3075 4918; x_wconf 81' lang='lat'><strong>5.</strong></span> <span class='ocrx_word' id='word_1_826' title='bbox 3150 4863 3193 4894; x_wconf 84' lang='lat'>&quot;</span> <span class='ocrx_word' id='word_1_827' title='bbox 3233 4861 3361 4913; x_wconf 86' lang='lat' dir='ltr'><strong>ibid.</strong></span> <span class='ocrx_word' id='word_1_828' title='bbox 3396 4863 3450 4914; x_wconf 82' lang='lat'><strong>6.</strong></span> 
     </span>
    </p>
   </div>
   <div class='ocr_carea' id='block_1_54' title="bbox 285 4929 1800 5006">
    <p class='ocr_par' dir='ltr' id='par_1_54' title="bbox 285 4929 1800 5006">
     <span class='ocr_line' id='line_1_54' title="bbox 285 4929 1800 5006; baseline -0.009 -7"><span class='ocrx_word' id='word_1_829' title='bbox 285 4944 336 4984; x_wconf 78' lang='grc'><strong>⁷⁸</strong></span> <span class='ocrx_word' id='word_1_830' title='bbox 374 4945 519 4999; x_wconf 89' lang='lat' dir='ltr'><strong>Psal.</strong></span> <span class='ocrx_word' id='word_1_831' title='bbox 571 4929 719 5004; x_wconf 76' lang='lat' dir='ltr'><strong>xxxi,</strong></span> <span class='ocrx_word' id='word_1_832' title='bbox 750 4941 803 5006; x_wconf 80' lang='lat' dir='ltr'><strong>t,</strong></span> <span class='ocrx_word' id='word_1_833' title='bbox 831 4937 885 4991; x_wconf 75' lang='lat'><strong>2.</strong></span> <span class='ocrx_word' id='word_1_834' title='bbox 982 4937 1027 4968; x_wconf 76' lang='grc'><strong>⁷³</strong></span> <span class='ocrx_word' id='word_1_835' title='bbox 1064 4937 1217 4990; x_wconf 83' lang='lat' dir='ltr'><strong>Rom.</strong></span> <span class='ocrx_word' id='word_1_836' title='bbox 1257 4929 1403 5000; x_wconf 63' lang='lat'><strong>“,9</strong></span> <span class='ocrx_word' id='word_1_837' title='bbox 1427 4949 1540 5004; x_wconf 88' lang='lat' dir='ltr'><strong>seq.</strong></span> <span class='ocrx_word' id='word_1_838' title='bbox 1649 4933 1694 4964; x_wconf 78' lang='grc' dir='ltr'><strong>⁸ο</strong></span> <span class='ocrx_word' id='word_1_839' title='bbox 1739 4934 1800 4988; x_wconf 88' lang='lat' dir='ltr'><strong>ibi</strong></span> 
     </span>
    </p>
   </div>
   <div class='ocr_carea' id='block_1_55' title="bbox 1934 4929 3449 5006">
    <p class='ocr_par' dir='ltr' id='par_1_55' title="bbox 1934 4929 3449 4995">
     <span class='ocr_line' id='line_1_55' title="bbox 1934 4929 3449 4995; baseline -0.003 -7"><span class='ocrx_word' id='word_1_840' title='bbox 1934 4958 1958 4988; x_wconf 67' lang='grc' dir='ltr'><strong>ν.</strong></span> <span class='ocrx_word' id='word_1_841' title='bbox 2061 4931 2106 4964; x_wconf 75' lang='grc'>⁸⁸</span> <span class='ocrx_word' id='word_1_842' title='bbox 2157 4933 2284 4986; x_wconf 87' lang='lat' dir='ltr'><strong>ibid.</strong></span> <span class='ocrx_word' id='word_1_843' title='bbox 2332 4936 2388 4985; x_wconf 79' lang='lat'><strong>8.</strong></span> <span class='ocrx_word' id='word_1_844' title='bbox 2492 4932 2537 4962; x_wconf 83' lang='grc'><strong><em>⁵³</em></strong></span> <span class='ocrx_word' id='word_1_845' title='bbox 2576 4929 2714 4984; x_wconf 80' lang='lat' dir='ltr'><strong>Psal.</strong></span> <span class='ocrx_word' id='word_1_846' title='bbox 2763 4945 2911 4994; x_wconf 73' lang='lat' dir='ltr'><strong>xui,</strong></span> <span class='ocrx_word' id='word_1_847' title='bbox 2942 4931 3009 4995; x_wconf 74' lang='lat'><strong>2;</strong></span> <span class='ocrx_word' id='word_1_848' title='bbox 3044 4931 3193 4983; x_wconf 74' lang='lat' dir='ltr'><strong>Itoni.</strong></span> <span class='ocrx_word' id='word_1_849' title='bbox 3254 4943 3330 4991; x_wconf 87' lang='lat' dir='ltr'><strong>tv,</strong></span> <span class='ocrx_word' id='word_1_850' title='bbox 3395 4933 3449 4983; x_wconf 84' lang='lat'><strong>8.</strong></span> 
     </span>
    </p>
   </div>
   <div class='ocr_carea' id='block_1_56' title="bbox 285 5009 692 5074">
    <p class='ocr_par' dir='ltr' id='par_1_56' title="bbox 285 5009 692 5074">
     <span class='ocr_line' id='line_1_56' title="bbox 285 5009 692 5074; baseline -0.007 -9"><span class='ocrx_word' id='word_1_851' title='bbox 285 5014 337 5052; x_wconf 80' lang='grc'><strong>⁸³</strong></span> <span class='ocrx_word' id='word_1_852' title='bbox 391 5014 520 5067; x_wconf 90' lang='lat' dir='ltr'><strong>ibid.</strong></span> <span class='ocrx_word' id='word_1_853' title='bbox 553 5010 605 5074; x_wconf 84' lang='lat'><strong>6,</strong></span> <span class='ocrx_word' id='word_1_854' title='bbox 640 5009 692 5062; x_wconf 86' lang='grc'><strong>7.</strong></span> 
     </span>
    </p>
   </div>
   <div class='ocr_carea' id='block_1_57' title="bbox 385 5093 3319 5168">
    <p class='ocr_par' dir='ltr' id='par_1_57' title="bbox 385 5093 3319 5168">
     <span class='ocr_line' id='line_1_57' title="bbox 385 5093 3319 5168; baseline 0.004 -20"><span class='ocrx_word' id='word_1_855' title='bbox 385 5102 478 5168; x_wconf 74' lang='lat'><strong>38)</strong></span> <span class='ocrx_word' id='word_1_856' title='bbox 506 5101 673 5164; x_wconf 75' lang='lat' dir='ltr'><strong>Alias,</strong></span> <span class='ocrx_word' id='word_1_857' title='bbox 709 5116 728 5149; x_wconf 76' lang='grc' dir='ltr'><strong>ι</strong></span> <span class='ocrx_word' id='word_1_858' title='bbox 760 5095 969 5168; x_wconf 83' lang='lat' dir='ltr'><strong>etcum</strong></span> <span class='ocrx_word' id='word_1_859' title='bbox 993 5109 1112 5168; x_wconf 77' lang='lat' dir='ltr'><strong>esse</strong></span> <span class='ocrx_word' id='word_1_860' title='bbox 1141 5093 1374 5148; x_wconf 68' lang='lat' dir='ltr'><strong>desierit.</strong></span> <span class='ocrx_word' id='word_1_861' title='bbox 1422 5111 1441 5142; x_wconf 74' lang='grc' dir='ltr'><strong>ι</strong></span> <span class='ocrx_word' id='word_1_862' title='bbox 1927 5097 2278 5168; x_wconf 55' lang='grc' dir='ltr'><strong>ιυτῃῃιολιςμο,</strong></span> <span class='ocrx_word' id='word_1_863' title='bbox 2308 5108 2330 5140; x_wconf 71' lang='grc' dir='ltr'><strong>ι</strong></span> <span class='ocrx_word' id='word_1_864' title='bbox 2385 5156 2398 5168; x_wconf 82' lang='grc'><em>,</em></span> <span class='ocrx_word' id='word_1_865' title='bbox 2499 5154 2511 5168; x_wconf 90' lang='grc'><em>,</em></span> <span class='ocrx_word' id='word_1_866' title='bbox 2919 5165 2975 5168; x_wconf 76' lang='lat'><strong><em>__</em></strong></span> <span class='ocrx_word' id='word_1_867' title='bbox 3091 5145 3319 5168; x_wconf 62' lang='lat'><strong>____,..,</strong></span> 
     </span>
    </p>
   </div>
   <div class='ocr_carea' id='block_1_58' title="bbox 358 5102 3457 5312">
    <p class='ocr_par' dir='ltr' id='par_1_58' title="bbox 358 5102 3457 5312">
     <span class='ocr_line' id='line_1_58' title="bbox 385 5102 3319 5168; baseline -0.006 -11"><span class='ocrx_word' id='word_1_868' title='bbox 385 5103 454 5157; x_wconf 74' lang='lat'><strong>38</strong></span> <span class='ocrx_word' id='word_1_869' title='bbox 506 5102 673 5164; x_wconf 85' lang='lat' dir='ltr'><strong>Alias,</strong></span> <span class='ocrx_word' id='word_1_870' title='bbox 709 5116 728 5149; x_wconf 77' lang='grc' dir='ltr'><strong>ι</strong></span> <span class='ocrx_word' id='word_1_871' title='bbox 760 5105 816 5150; x_wconf 89' lang='lat' dir='ltr'><strong>et</strong></span> <span class='ocrx_word' id='word_1_872' title='bbox 849 5110 969 5150; x_wconf 91' lang='lat' dir='ltr'><strong>cum</strong></span> <span class='ocrx_word' id='word_1_873' title='bbox 995 5109 1112 5148; x_wconf 89' lang='lat' dir='ltr'><strong>esse</strong></span> <span class='ocrx_word' id='word_1_874' title='bbox 1141 5102 1374 5148; x_wconf 76' lang='lat' dir='ltr'><strong>desierit.</strong></span> <span class='ocrx_word' id='word_1_875' title='bbox 1422 5111 1441 5142; x_wconf 75' lang='grc' dir='ltr'><strong>ι</strong></span> <span class='ocrx_word' id='word_1_876' title='bbox 1927 5102 2036 5146; x_wconf 91' lang='lat' dir='ltr'><strong>tum</strong></span> <span class='ocrx_word' id='word_1_877' title='bbox 2070 5102 2278 5168; x_wconf 47' lang='lat' dir='ltr'><strong>money.</strong></span> <span class='ocrx_word' id='word_1_878' title='bbox 2308 5108 2330 5140; x_wconf 74' lang='grc' dir='ltr'><strong>ι</strong></span> <span class='ocrx_word' id='word_1_879' title='bbox 2385 5156 2398 5168; x_wconf 47' lang='lat'><strong>.</strong></span> <span class='ocrx_word' id='word_1_880' title='bbox 2499 5154 2511 5168; x_wconf 46' lang='lat'><em>.</em></span> <span class='ocrx_word' id='word_1_881' title='bbox 2702 5152 2715 5166; x_wconf 34' lang='grc' dir='ltr'><strong>ν</strong></span> <span class='ocrx_word' id='word_1_882' title='bbox 2750 5152 2764 5166; x_wconf 49' lang='lat'><strong>.</strong></span> <span class='ocrx_word' id='word_1_883' title='bbox 3013 5150 3027 5163; x_wconf 48' lang='grc' dir='ltr'><strong>ο</strong></span> <span class='ocrx_word' id='word_1_884' title='bbox 3305 5145 3319 5158; x_wconf 60' lang='grc'><em>,</em></span> 
     </span>
     <span class='ocr_line' id='line_1_59' title="bbox 358 5102 3457 5312; baseline -0.008 -87"><span class='ocrx_word' id='word_1_885' title='bbox 358 5102 478 5312; x_wconf 47' lang='grc' dir='ltr'><strong>ἓὸθξ</strong></span> <span class='ocrx_word' id='word_1_886' title='bbox 505 5170 673 5230; x_wconf 87' lang='lat' dir='ltr'><strong>Alias,</strong></span> <span class='ocrx_word' id='word_1_887' title='bbox 705 5184 724 5217; x_wconf 86' lang='lat' dir='ltr'><strong>t</strong></span> <span class='ocrx_word' id='word_1_888' title='bbox 757 5165 1050 5230; x_wconf 89' lang='lat' dir='ltr'><strong>imputabit.</strong></span> <span class='ocrx_word' id='word_1_889' title='bbox 1089 5181 1109 5212; x_wconf 71' lang='grc' dir='ltr'><strong>ι</strong></span> <span class='ocrx_word' id='word_1_890' title='bbox 1995 5158 2104 5228; x_wconf 65' lang='grc'>(45)</span> <span class='ocrx_word' id='word_1_891' title='bbox 2145 5159 2301 5237; x_wconf 70' lang='grc' dir='ltr'>Ειιιιι,</span> <span class='ocrx_word' id='word_1_892' title='bbox 2331 5173 2350 5206; x_wconf 79' lang='grc' dir='ltr'><strong>ι</strong></span> <span class='ocrx_word' id='word_1_893' title='bbox 2386 5170 2437 5208; x_wconf 88' lang='lat' dir='ltr'><strong>tn</strong></span> <span class='ocrx_word' id='word_1_894' title='bbox 2467 5165 2889 5234; x_wconf 67' lang='lat' dir='ltr'><strong>circumcisione,</strong></span> <span class='ocrx_word' id='word_1_895' title='bbox 2915 5165 2981 5204; x_wconf 90' lang='lat' dir='ltr'><strong>an</strong></span> <span class='ocrx_word' id='word_1_896' title='bbox 3015 5165 3064 5202; x_wconf 86' lang='lat' dir='ltr'><strong>tn</strong></span> <span class='ocrx_word' id='word_1_897' title='bbox 3091 5147 3404 5217; x_wconf 65' lang='lat' dir='ltr'><strong>praeputio?</strong></span> <span class='ocrx_word' id='word_1_898' title='bbox 3436 5165 3457 5199; x_wconf 74' lang='grc' dir='ltr'><strong>ι</strong></span> 
     </span>
     <span class='ocr_line' id='line_1_60' title="bbox 359 5224 3295 5312; baseline 0 0"><span class='ocrx_word' id='word_1_899' title='bbox 359 5238 455 5312; x_wconf 69' lang='grc'><strong>(40</strong></span> <span class='ocrx_word' id='word_1_900' title='bbox 515 5238 682 5312; x_wconf 59' lang='grc' dir='ltr'><strong>ι’ξηξιεο</strong></span> <span class='ocrx_word' id='word_1_901' title='bbox 718 5253 738 5285; x_wconf 71' lang='grc' dir='ltr'>ί</span> <span class='ocrx_word' id='word_1_902' title='bbox 761 5243 828 5312; x_wconf 62' lang='grc' dir='ltr'>ει</span> <span class='ocrx_word' id='word_1_903' title='bbox 855 5231 1050 5312; x_wconf 61' lang='lat' dir='ltr'><strong>aliquid</strong></span> <span class='ocrx_word' id='word_1_904' title='bbox 1071 5227 1210 5312; x_wconf 68' lang='lat'><strong>‘1“0“</strong></span> <span class='ocrx_word' id='word_1_905' title='bbox 1236 5243 1361 5312; x_wconf 58' lang='lat'><strong>“.933:</strong></span> <span class='ocrx_word' id='word_1_906' title='bbox 1393 5245 1413 5276; x_wconf 84' lang='lat'>’</span> <span class='ocrx_word' id='word_1_907' title='bbox 1995 5227 2104 5312; x_wconf 51' lang='lat' dir='ltr'><strong>liii?</strong></span> <span class='ocrx_word' id='word_1_908' title='bbox 2143 5224 2300 5312; x_wconf 52' lang='lat'><strong>1232&#39;}?</strong></span> <span class='ocrx_word' id='word_1_909' title='bbox 2332 5232 2636 5312; x_wconf 54' lang='grc' dir='ltr'><strong>(ἓὶίῖίέἯῇ</strong></span> <span class='ocrx_word' id='word_1_910' title='bbox 2664 5238 2704 5312; x_wconf 81' lang='grc'><strong>³-</strong></span> <span class='ocrx_word' id='word_1_911' title='bbox 2746 5287 2791 5312; x_wconf 75' lang='grc' dir='ltr'>,ι</span> <span class='ocrx_word' id='word_1_912' title='bbox 2869 5303 2886 5312; x_wconf 93' lang='grc'><strong>-</strong></span> <span class='ocrx_word' id='word_1_913' title='bbox 2918 5285 3215 5312; x_wconf 50' lang='grc' dir='ltr'><strong>θωνα...</strong></span> <span class='ocrx_word' id='word_1_914' title='bbox 3273 5295 3295 5312; x_wconf 90' lang='grc'><strong>.</strong></span> 
     </span>
    </p>
   </div>
   <div class='ocr_carea' id='block_1_59' title="bbox 359 5224 1874 5319">
    <p class='ocr_par' dir='ltr' id='par_1_59' title="bbox 359 5224 1413 5319">
     <span class='ocr_line' id='line_1_61' title="bbox 359 5224 1413 5319; baseline -0.015 -27"><span class='ocrx_word' id='word_1_915' title='bbox 515 5224 682 5319; x_wconf 62' lang='lat' dir='ltr'><strong>Alias,</strong></span> <span class='ocrx_word' id='word_1_916' title='bbox 718 5253 738 5285; x_wconf 84' lang='lat' dir='ltr'><strong>t</strong></span> <span class='ocrx_word' id='word_1_917' title='bbox 761 5224 1363 5319; x_wconf 25' lang='lat' dir='ltr'><strong>Iet&#39;al‘iquidqu‘odﬂpn:</strong></span> <span class='ocrx_word' id='word_1_918' title='bbox 1393 5245 1413 5276; x_wconf 71' lang='grc' dir='ltr'><strong>ι</strong></span> 
     </span>
    </p>
   </div>
   <div class='ocr_carea' id='block_1_60' title="bbox 1167 5224 2682 5319">
    <p class='ocr_par' dir='ltr' id='par_1_60' title="bbox 1167 5224 2682 5319">
     <span class='ocr_line' id='line_1_62' title="bbox 1167 5224 2682 5319; baseline 0 0"><span class='ocrx_word' id='word_1_919' title='bbox 1167 5227 1210 5281; x_wconf 72' lang='grc' dir='ltr'><strong>ιιι</strong></span> <span class='ocrx_word' id='word_1_920' title='bbox 1236 5243 1359 5319; x_wconf 65' lang='grc' dir='ltr'><strong>πιρηο</strong></span> <span class='ocrx_word' id='word_1_921' title='bbox 1393 5245 1413 5276; x_wconf 71' lang='grc' dir='ltr'><strong>ι</strong></span> <span class='ocrx_word' id='word_1_922' title='bbox 1995 5224 2104 5319; x_wconf 66' lang='lat' dir='ltr'><strong>ea</strong></span> <span class='ocrx_word' id='word_1_923' title='bbox 2143 5224 2300 5319; x_wconf 41' lang='lat' dir='ltr'><strong>ea&quot;.</strong></span> <span class='ocrx_word' id='word_1_924' title='bbox 2332 5242 2350 5273; x_wconf 73' lang='grc' dir='ltr'><strong>ε</strong></span> <span class='ocrx_word' id='word_1_925' title='bbox 2381 5224 2682 5319; x_wconf 57' lang='lat' dir='ltr'><strong>Sasiae-3</strong></span> 
     </span>
    </p>
   </div>
   <div class='ocr_carea' id='block_1_61' title="bbox 363 5285 3296 5378">
    <p class='ocr_par' dir='ltr' id='par_1_61' title="bbox 363 5285 3296 5378">
     <span class='ocr_line' id='line_1_63' title="bbox 363 5285 3296 5378; baseline -0.002 -18"><span class='ocrx_word' id='word_1_926' title='bbox 363 5285 478 5378; x_wconf 66' lang='grc' dir='ltr'>(ῖῖ)</span> <span class='ocrx_word' id='word_1_927' title='bbox 515 5285 722 5358; x_wconf 36' lang='lat' dir='ltr'><strong>iri—Eo.</strong></span> <span class='ocrx_word' id='word_1_928' title='bbox 761 5285 916 5353; x_wconf 87' lang='lat' dir='ltr'><strong>Deest</strong></span> <span class='ocrx_word' id='word_1_929' title='bbox 947 5285 1000 5350; x_wconf 79' lang='lat' dir='ltr'><strong>in</strong></span> <span class='ocrx_word' id='word_1_930' title='bbox 1031 5285 1183 5351; x_wconf 72' lang='lat' dir='ltr'><strong>antea</strong></span> <span class='ocrx_word' id='word_1_931' title='bbox 1209 5297 1386 5350; x_wconf 87' lang='lat' dir='ltr'><strong>editis.</strong></span> <span class='ocrx_word' id='word_1_932' title='bbox 2141 5293 2304 5378; x_wconf 47' lang='lat' dir='ltr'><strong>filias,</strong></span> <span class='ocrx_word' id='word_1_933' title='bbox 2341 5309 2361 5342; x_wconf 70' lang='grc' dir='ltr'><strong>ι</strong></span> <span class='ocrx_word' id='word_1_934' title='bbox 2387 5285 2731 5378; x_wconf 34' lang='grc' dir='ltr'><strong>ἀόεεειιιιρ-.-ζ</strong></span> <span class='ocrx_word' id='word_1_935' title='bbox 2739 5287 2838 5378; x_wconf 48' lang='lat'><strong>1‘3</strong></span> <span class='ocrx_word' id='word_1_936' title='bbox 2867 5285 3296 5378; x_wconf 44' lang='grc' dir='ltr'><strong>ρςξθῇῖξξυτςβ</strong></span> 
     </span>
    </p>
   </div>
   <div class='ocr_carea' id='block_1_62' title="bbox 361 5347 3476 5515">
    <p class='ocr_par' dir='ltr' id='par_1_62' title="bbox 361 5347 3476 5515">
     <span class='ocr_line' id='line_1_64' title="bbox 363 5347 3476 5445; baseline -0.009 -21"><span class='ocrx_word' id='word_1_937' title='bbox 757 5347 1182 5435; x_wconf 41' lang='grc' dir='ltr'>ἧιῖβῖιιιῶἰιίῖψ</span> <span class='ocrx_word' id='word_1_938' title='bbox 1216 5347 1359 5350; x_wconf 34' lang='lat' dir='ltr'><strong>mm</strong></span> <span class='ocrx_word' id='word_1_939' title='bbox 1996 5347 2105 5431; x_wconf 73' lang='grc'>(48)</span> <span class='ocrx_word' id='word_1_940' title='bbox 2145 5361 2232 5412; x_wconf 89' lang='lat' dir='ltr'><strong>Sic</strong></span> <span class='ocrx_word' id='word_1_941' title='bbox 2275 5347 2399 5411; x_wconf 85' lang='lat' dir='ltr'><strong>mss.</strong></span> <span class='ocrx_word' id='word_1_942' title='bbox 2452 5372 2618 5420; x_wconf 90' lang='lat' dir='ltr'><strong>unus;</strong></span> <span class='ocrx_word' id='word_1_943' title='bbox 2643 5347 2834 5409; x_wconf 70' lang='lat' dir='ltr'><strong>caeteri</strong></span> <span class='ocrx_word' id='word_1_944' title='bbox 2878 5367 3001 5404; x_wconf 76' lang='lat' dir='ltr'><strong>vero</strong></span> <span class='ocrx_word' id='word_1_945' title='bbox 3041 5363 3177 5402; x_wconf 86' lang='lat' dir='ltr'><strong>mss.</strong></span> <span class='ocrx_word' id='word_1_946' title='bbox 3210 5355 3267 5398; x_wconf 88' lang='lat' dir='ltr'><strong>et</strong></span> <span class='ocrx_word' id='word_1_947' title='bbox 3302 5347 3476 5410; x_wconf 83' lang='lat' dir='ltr'><strong>editi,</strong></span> 
     </span>
     <span class='ocr_line' id='line_1_65' title="bbox 361 5381 3476 5515; baseline 0 -4"><span class='ocrx_word' id='word_1_948' title='bbox 361 5381 606 5515; x_wconf 59' lang='lat' dir='ltr'><strong>imSic</strong></span> <span class='ocrx_word' id='word_1_949' title='bbox 661 5454 786 5515; x_wconf 79' lang='lat' dir='ltr'><strong>m_s-.</strong></span> <span class='ocrx_word' id='word_1_950' title='bbox 816 5450 969 5489; x_wconf 77' lang='grc' dir='ltr'><strong>υιιυε·</strong></span> <span class='ocrx_word' id='word_1_951' title='bbox 1014 5432 1634 5515; x_wconf 25' lang='grc' dir='ltr'><strong>οξειβτίίνβφῑψεξςει.</strong></span> <span class='ocrx_word' id='word_1_952' title='bbox 1664 5429 1819 5515; x_wconf 51' lang='grc' dir='ltr'><strong>φαίην</strong></span> <span class='ocrx_word' id='word_1_953' title='bbox 1932 5449 1951 5481; x_wconf 69' lang='grc' dir='ltr'><strong>ι</strong></span> <span class='ocrx_word' id='word_1_954' title='bbox 1985 5429 2534 5515; x_wconf 42' lang='grc' dir='ltr'><strong>ίιιξξάξίξξξοχηηλλ</strong></span> <span class='ocrx_word' id='word_1_955' title='bbox 3045 5503 3064 5515; x_wconf 78' lang='grc'><em>,</em></span> <span class='ocrx_word' id='word_1_956' title='bbox 3111 5481 3323 5515; x_wconf 70' lang='grc' dir='ltr'><strong>η..ς..,.ρ</strong></span> <span class='ocrx_word' id='word_1_957' title='bbox 3357 5495 3476 5515; x_wconf 59' lang='grc' dir='ltr'><strong>ω...</strong></span> 
     </span>
    </p>
   </div>
   <div class='ocr_carea' id='block_1_63' title="bbox 386 5429 3205 5513">
    <p class='ocr_par' dir='ltr' id='par_1_63' title="bbox 386 5429 3205 5513">
     <span class='ocr_line' id='line_1_66' title="bbox 386 5429 3205 5513; baseline 0 -23"><span class='ocrx_word' id='word_1_958' title='bbox 386 5429 476 5512; x_wconf 64' lang='lat' dir='ltr'><strong>is)</strong></span> <span class='ocrx_word' id='word_1_959' title='bbox 516 5440 606 5494; x_wconf 87' lang='lat' dir='ltr'><strong>Sic</strong></span> <span class='ocrx_word' id='word_1_960' title='bbox 654 5429 762 5492; x_wconf 82' lang='lat' dir='ltr'><strong>&#39;ms.</strong></span> <span class='ocrx_word' id='word_1_961' title='bbox 816 5429 969 5489; x_wconf 81' lang='lat' dir='ltr'><strong>tinus.</strong></span> <span class='ocrx_word' id='word_1_962' title='bbox 1014 5432 1198 5512; x_wconf 68' lang='lat' dir='ltr'><strong>caeteri</strong></span> <span class='ocrx_word' id='word_1_963' title='bbox 1243 5443 1370 5513; x_wconf 57' lang='lat' dir='ltr'><strong>vero</strong></span> <span class='ocrx_word' id='word_1_964' title='bbox 1405 5441 1530 5508; x_wconf 58' lang='lat' dir='ltr'><strong>mss:</strong></span> <span class='ocrx_word' id='word_1_965' title='bbox 1573 5437 1634 5513; x_wconf 44' lang='lat' dir='ltr'><strong>et.</strong></span> <span class='ocrx_word' id='word_1_966' title='bbox 1664 5429 1819 5491; x_wconf 74' lang='lat' dir='ltr'><strong>editi.</strong></span> <span class='ocrx_word' id='word_1_967' title='bbox 1932 5449 1951 5481; x_wconf 88' lang='grc'><strong><em>‹</em></strong></span> <span class='ocrx_word' id='word_1_968' title='bbox 1985 5429 2101 5513; x_wconf 53' lang='lat' dir='ltr'><strong>qua;</strong></span> <span class='ocrx_word' id='word_1_969' title='bbox 2123 5429 2323 5513; x_wconf 55' lang='grc' dir='ltr'><strong>ἀξίξξξο)</strong></span> <span class='ocrx_word' id='word_1_970' title='bbox 2391 5493 2534 5513; x_wconf 3' lang='grc' dir='ltr'><strong>ΛΑ),</strong></span> <span class='ocrx_word' id='word_1_971' title='bbox 3045 5503 3063 5513; x_wconf 84' lang='lat'><strong>_</strong></span> <span class='ocrx_word' id='word_1_972' title='bbox 3111 5481 3205 5513; x_wconf 57' lang='lat' dir='ltr'><strong>nn,</strong></span> 
     </span>
    </p>
   </div>
   <div class='ocr_carea' id='block_1_64' title="bbox 299 5481 3484 5569">
    <p class='ocr_par' dir='ltr' id='par_1_64' title="bbox 299 5481 3484 5569">
     <span class='ocr_line' id='line_1_67' title="bbox 299 5481 3484 5569; baseline -0.01 -5"><span class='ocrx_word' id='word_1_973' title='bbox 299 5531 322 5564; x_wconf 71' lang='grc' dir='ltr'><strong>ι</strong></span> <span class='ocrx_word' id='word_1_974' title='bbox 361 5481 499 5569; x_wconf 64' lang='grc' dir='ltr'><strong>ἒιῖὧίι</strong></span> <span class='ocrx_word' id='word_1_975' title='bbox 518 5481 1416 5569; x_wconf 40' lang='lat' dir='ltr'><strong>commit-titua—Tomissisvocibus</strong></span> <span class='ocrx_word' id='word_1_976' title='bbox 1440 5513 1457 5543; x_wconf 84' lang='lat' dir='ltr'><strong>t</strong></span> <span class='ocrx_word' id='word_1_977' title='bbox 1485 5497 1596 5569; x_wconf 76' lang='lat' dir='ltr'><strong>sine</strong></span> <span class='ocrx_word' id='word_1_978' title='bbox 1623 5481 1818 5566; x_wconf 24' lang='lat' dir='ltr'><strong>leget;</strong></span> <span class='ocrx_word' id='word_1_979' title='bbox 1999 5481 2105 5568; x_wconf 41' lang='grc'>(49⁷)</span> <span class='ocrx_word' id='word_1_980' title='bbox 2145 5495 2304 5554; x_wconf 90' lang='lat' dir='ltr'><strong>Alias,</strong></span> <span class='ocrx_word' id='word_1_981' title='bbox 2343 5513 2361 5545; x_wconf 82' lang='grc' dir='ltr'><strong>ι</strong></span> <span class='ocrx_word' id='word_1_982' title='bbox 2383 5493 2534 5569; x_wconf 76' lang='lat' dir='ltr'><strong>Quod</strong></span> <span class='ocrx_word' id='word_1_983' title='bbox 2571 5492 2625 5569; x_wconf 51' lang='lat' dir='ltr'><strong>si.</strong></span> <span class='ocrx_word' id='word_1_984' title='bbox 2648 5495 3018 5569; x_wconf 12' lang='lat' dir='ltr'><strong>l‘t‘Ptltai‘ctll‘l}?</strong></span> <span class='ocrx_word' id='word_1_985' title='bbox 3045 5481 3335 5569; x_wconf 29' lang='lat' dir='ltr'><strong>velit-ﬁnde-</strong></span> <span class='ocrx_word' id='word_1_986' title='bbox 3357 5495 3484 5532; x_wconf 79' lang='lat' dir='ltr'><strong>om-</strong></span> 
     </span>
    </p>
   </div>
   <div class='ocr_carea' id='block_1_65' title="bbox 361 5531 3341 5651">
    <p class='ocr_par' dir='ltr' id='par_1_65' title="bbox 361 5531 3341 5651">
     <span class='ocr_line' id='line_1_68' title="bbox 361 5531 3341 5606; baseline -0.006 -43"><span class='ocrx_word' id='word_1_987' title='bbox 361 5531 499 5582; x_wconf 74' lang='grc' dir='ltr'>(ιιιου</span> <span class='ocrx_word' id='word_1_988' title='bbox 532 5531 897 5581; x_wconf 47' lang='grc' dir='ltr'><strong>(ΞυιΙΙΙΙΙΙιιιιιΙΙ)</strong></span> <span class='ocrx_word' id='word_1_989' title='bbox 967 5531 1416 5579; x_wconf 39' lang='grc' dir='ltr'><strong>υΙΙΙΙδῡιθονυιῐυυσ</strong></span> <span class='ocrx_word' id='word_1_990' title='bbox 1485 5531 1595 5574; x_wconf 23' lang='lat' dir='ltr'><strong>opus</strong></span> <span class='ocrx_word' id='word_1_991' title='bbox 1623 5531 1747 5566; x_wconf 68' lang='grc' dir='ltr'>ιιδῡ.</span> <span class='ocrx_word' id='word_1_992' title='bbox 1791 5531 1812 5549; x_wconf 73' lang='grc' dir='ltr'><em>υ</em></span> <span class='ocrx_word' id='word_1_993' title='bbox 1999 5531 2105 5568; x_wconf 49' lang='grc' dir='ltr'>(τυ)</span> <span class='ocrx_word' id='word_1_994' title='bbox 2145 5531 2304 5554; x_wconf 66' lang='lat' dir='ltr'><strong>unua,</strong></span> <span class='ocrx_word' id='word_1_995' title='bbox 2343 5531 2360 5545; x_wconf 67' lang='grc' dir='ltr'><strong>ς</strong></span> <span class='ocrx_word' id='word_1_996' title='bbox 2392 5531 2534 5586; x_wconf 54' lang='grc' dir='ltr'><strong>κῑ-Ιιιῑι</strong></span> <span class='ocrx_word' id='word_1_997' title='bbox 2571 5531 2611 5543; x_wconf 80' lang='grc' dir='ltr'><strong>υ.</strong></span> <span class='ocrx_word' id='word_1_998' title='bbox 2649 5531 2995 5606; x_wconf 23' lang='lat' dir='ltr'><strong>frui-&quot;‘11:</strong></span> <span class='ocrx_word' id='word_1_999' title='bbox 3046 5531 3059 5535; x_wconf 86' lang='lat'><strong>-</strong></span> <span class='ocrx_word' id='word_1_1000' title='bbox 3214 5565 3247 5600; x_wconf 60' lang='grc' dir='ltr'>ιι</span> <span class='ocrx_word' id='word_1_1001' title='bbox 3318 5565 3341 5596; x_wconf 53' lang='grc'><strong><em>⁸</em></strong></span> 
     </span>
     <span class='ocr_line' id='line_1_69' title="bbox 371 5557 3269 5651; baseline -0.01 -19"><span class='ocrx_word' id='word_1_1002' title='bbox 371 5581 482 5651; x_wconf 69' lang='grc'>(44)</span> <span class='ocrx_word' id='word_1_1003' title='bbox 523 5576 612 5630; x_wconf 88' lang='lat' dir='ltr'><strong>Sic</strong></span> <span class='ocrx_word' id='word_1_1004' title='bbox 645 5591 770 5630; x_wconf 88' lang='lat' dir='ltr'><strong>mss.</strong></span> <span class='ocrx_word' id='word_1_1005' title='bbox 797 5573 935 5626; x_wconf 83' lang='lat' dir='ltr'><strong>Edttt</strong></span> <span class='ocrx_word' id='word_1_1006' title='bbox 955 5582 1099 5634; x_wconf 85' lang='lat' dir='ltr'><strong>vero,</strong></span> <span class='ocrx_word' id='word_1_1007' title='bbox 1139 5586 1156 5617; x_wconf 75' lang='grc' dir='ltr'><strong>ι</strong></span> <span class='ocrx_word' id='word_1_1008' title='bbox 1193 5581 1242 5620; x_wconf 85' lang='lat' dir='ltr'><strong>tn</strong></span> <span class='ocrx_word' id='word_1_1009' title='bbox 1274 5578 1666 5620; x_wconf 73' lang='grc' dir='ltr'>ειτριιιιιειειοιιυ</span> <span class='ocrx_word' id='word_1_1010' title='bbox 1695 5575 1815 5621; x_wconf 86' lang='lat' dir='ltr'><strong>tan-</strong></span> <span class='ocrx_word' id='word_1_1011' title='bbox 1931 5586 2023 5622; x_wconf 85' lang='lat' dir='ltr'><strong>nes</strong></span> <span class='ocrx_word' id='word_1_1012' title='bbox 2057 5579 2207 5630; x_wconf 87' lang='lat' dir='ltr'><strong>mss.,</strong></span> <span class='ocrx_word' id='word_1_1013' title='bbox 2246 5565 2509 5626; x_wconf 74' lang='lat' dir='ltr'><strong>mendose,</strong></span> <span class='ocrx_word' id='word_1_1014' title='bbox 2547 5579 2563 5609; x_wconf 83' lang='lat' dir='ltr'><strong>t</strong></span> <span class='ocrx_word' id='word_1_1015' title='bbox 2599 5557 2912 5612; x_wconf 72' lang='lat' dir='ltr'><strong>Justtttatua</strong></span> <span class='ocrx_word' id='word_1_1016' title='bbox 2965 5564 3099 5620; x_wconf 76' lang='lat' dir='ltr'><strong>justi</strong></span> <span class='ocrx_word' id='word_1_1017' title='bbox 3137 5566 3150 5603; x_wconf 90' lang='lat' dir='ltr'><strong>l</strong></span> <span class='ocrx_word' id='word_1_1018' title='bbox 3198 5568 3212 5602; x_wconf 86' lang='grc' dir='ltr'><strong>ι</strong></span> <span class='ocrx_word' id='word_1_1019' title='bbox 3255 5584 3269 5598; x_wconf 88' lang='grc'><strong>.</strong></span> 
     </span>
    </p>
   </div>
  </div>
