3836 6270
317 261 418 316 967

1723 247 2038 302 ORIGENIS

316 373 568 436 lectioni,
607 385 725 424 cum
775 377 880 420 tam
918 363 1200 432 vigilanter
1230 373 1449 418 enarrat
1474 378 1537 418 ea
1572 380 1690 432 qum.
1720 366 1855 419 scri—
1883 393 1928 448 Α
1956 363 2223 442 videatur,
2255 360 2306 413 id
2327 368 2428 424 est,
2465 375 2486 410 ι
2521 359 2781 425 signum,
2814 372 2836 405 ι
2862 360 2925 406 et
2962 368 2986 402 α
3011 343 3419 448 signaculum
3443 341 3587 448 (ξι).
3611 360 3632 395 ι

315 474 401 532 pta
437 472 560 516 sunt
588 461 651 512 de
675 459 975 517 Abraham,
1019 455 1142 522 quia
1178 472 1198 505 ι
1233 466 1474 524 reputata
1523 466 1604 510 est
1635 457 1683 509 ei
1725 456 1856 510 ﬁdes

317 550 689 618 aii-justitiam.
745 566 765 597 ι
822 544 944 598 Vult
1000 560 1029 597 a
1089 545 1240 598 nobis
1304 547 1633 600 considerari
1693 547 1856 599 etiam

313 638 520 708 quando
537 637 648 706 (50)
672 644 912 700 reputata
936 637 1027 697 sil,
1053 651 1159 702 quo
1181 646 1236 688 et
1261 637 1514 704 temporis
1539 637 1673 690 ratio
1699 638 1751 691 in
1775 637 1858 691 bis

311 745 428 800 quae
466 729 662 796 scripta
713 737 836 778 sunt
876 725 1186 793 colligatur,
1221 733 1466 778 utrumne
1515 727 1566 778 in
1598 727 1857 794 praeputio

311 821 479 872 adhuc
529 826 671 870 esset
727 831 850 869 cum
911 817 1012 868 ista
1050 815 1190 867 dicta
1233 823 1392 876 sunt.
1443 831 1509 867 an
1576 816 1858 870 transisset

312 911 414 978 iam
451 906 562 975 (5|)
609 909 672 959 ad
723 906 1226 966 circumcisionem;
1254 915 1308 958 et
1350 906 1428 958 ait
1464 925 1476 959 :
1517 923 1534 956 ι
1583 906 1857 971 Quomodo

311 1016 438 1069 ergo
466 1008 706 1066 reputata
740 1010 822 1051 est
848 999 979 1050 lides
998 997 1111 1061 ejus
1145 998 1209 1050 ad
1231 996 1494 1063 justitiam
1523 999 1546 1051 ?
1569 998 1698 1051 Cum
1716 1008 1859 1052 esset

311 1091 364 1142 in
398 1089 831 1152 circumcisione,
862 1103 927 1140 an
954 1103 1072 1140 cum
1101 1095 1243 1141 esset
1277 1088 1328 1140 iu
1365 1088 1622 1156 praeputio
1643 1087 1732 1140 “Y
1753 1107 1772 1139 ›
1801 1087 1857 1140 Si

309 1173 669 1234 enim‘iuisset
694 1180 743 1230 id
765 1178 1026 1246 temporis
1050 1178 1102 1230 in
1127 1177 1558 1240 circumcisione,
1587 1177 1858 1230 videretur

311 1271 497 1338 utique
528 1284 556 1321 a
611 1269 728 1322 lidei
773 1267 930 1335 hujus
975 1267 1146 1335 gratia
1183 1266 1459 1320 exclusum
1502 1280 1622 1320 esse
1648 1280 1853 1334 prmpu-

313 1358 464 1411 tium.
505 1356 654 1410 Nunc
686 1371 815 1409 vero
845 1356 1103 1420 ostendit,
1139 1357 1279 1422 quod
1311 1357 1364 1408 in
1393 1355 1652 1424 praeputio
1683 1356 1859 1408 adhuc

312 1448 483 1516 posito
512 1455 752 1513 reputata
782 1453 866 1499 est
901 1445 1031 1499 ﬁdes
1059 1445 1123 1498 ad
1157 1444 1441 1511 justitiam,
1470 1453 1525 1497 et
1567 1443 1685 1498 ideo
1730 1458 1857 1512 pro-

314 1535 540 1597 nuntiat,
569 1534 690 1602 quia
712 1549 830 1585 cum
865 1533 1134 1585 Abraham
1160 1533 1214 1585 in
1247 1533 1508 1600 praeputio
1537 1532 1740 1601 positus
1765 1547 1860 1600 per

315 1627 470 1678 iidem
497 1624 822 1690 jnstilicatus
853 1624 958 1688 sit,
1004 1625 1120 1676 sine
1151 1624 1314 1676 dubio
1353 1623 1601 1690 princeps
1631 1632 1685 1676 et
1709 1632 1859 1689 pater

1957 434 2063 506 Sed
2106 450 2234 504 mihi
2287 458 2515 515 uterque
2560 460 2750 501 sermo
2794 442 3051 497 multam
3105 438 3280 492 inter
3316 448 3387 488 se
3416 434 3635 487 videtur

1957 540 2115 611 525
2141 540 2342 593 habere
2371 536 2763 592 diﬂ‘erentiam.
2787 533 3046 601 Signum
3081 538 3364 593 namque
3400 523 3635 588 dicitur,

1954 647 2076 684 cum
2129 645 2224 697 per
2269 629 2374 682 hoc
2409 626 2551 695 quod
2589 625 2818 678 videtur
2865 618 3036 672 aliud
3100 613 3352 682 aliquid
3412 613 3631 668 indica-

1958 728 2088 772 tur:
2124 718 2262 771 sicut
2310 729 2472 776 cum,
2517 710 2672 766 verbi
2723 708 2951 776 gratia,
3009 703 3174 758 dicit
3217 701 3514 755 Dominus
3580 700 3633 754 iu

1957 807 2244 875 Evangelio
2280 827 2291 860 :
2333 822 2352 855 ι
2382 802 2683 858 Generatio
2711 801 2834 853 haec
2866 797 3120 864 signum
3155 793 3385 860 qumrit
3413 810 3430 846 :
3473 801 3533 846 et
3563 793 3638 846 si-

1957 911 2118 963 gnum
2149 910 2254 947 non
2283 892 2500 946 dabitur
2530 890 2582 944 ei
2612 929 2627 951 ,
2662 889 2769 941 nisi
2803 887 3054 953 signum
3094 882 3280 936 Jonas
3321 884 3638 949 prophetae.

1958 983 2109 1036 Sicut
2156 983 2299 1036 enim
2335 981 2430 1034 fuit
2471 978 2645 1031 Jonas
2670 979 2724 1030 in
2759 969 2973 1029 ventre
3003 974 3133 1026 ceti
3199 973 3404 1026 tribus
3452 973 3641 1028 diebus

1959 1082 2012 1126 el.
2047 1073 2216 1125 tribus
2274 1071 2532 1140 noctibus
2559 1109 2574 1131 ,
2621 1069 2696 1120 ita
2727 1077 2785 1119 et
2841 1066 3073 1120 Filium
3117 1064 3399 1118 hominis
3429 1073 3642 1131 oportet

1955 1177 2077 1216 esse
2110 1165 2159 1215 in
2185 1163 2346 1215 corde
2371 1173 2532 1215 terrae
2566 1158 2686 1230 (55)
2716 1158 2907 1212 tribus
2941 1157 3178 1210 diebus
3211 1163 3278 1208 et
3331 1153 3522 1208 tribus
3549 1168 3640 1208 no-

1959 1253 2134 1308 ctibus
2161 1252 2226 1304 3’.
2269 1271 2287 1304 ι
2327 1250 2442 1304 11οε
2467 1258 2550 1302 est
2584 1263 2721 1316 ergo
2754 1248 2996 1315 signum
3033 1245 3146 1298 ubi
3195 1243 3393 1297 Jonas
3425 1244 3641 1296 videba-

1959 1357 2068 1407 tur,
2098 1357 2152 1400 et
2178 1345 2431 1399 Christus
2460 1343 2919 1408 intelligebatur.
2967 1337 3297 1394 Similiter
3329 1347 3394 1392 et
3425 1337 3497 1392 de
3530 1338 3636 1405 ipso

1951 1436 2182 1490 Domino
2213 1437 2264 1489 in
2312 1434 2608 1503 Evangelia
2637 1432 2859 1484 dicitur
2891 1447 2912 1484 ι
2962 1447 2984 1478 ι
3033 1428 3210 1483 Ecce
3267 1427 3372 1481 hic
3434 1429 3640 1496 positus

1956 1536 2034 1582 est
2069 1528 2120 1580 in
2147 1528 2354 1579 ruinam
2385 1534 2439 1579 et
2475 1526 2527 1578 in
2554 1522 3070 1578 resurrectionem
3101 1518 3464 1584 multorum,
3497 1528 3555 1573 et
3588 1519 3636 1572 in

1957 1616 2163 1684 signum
2185 1618 2270 1668 cui
2299 1613 2717 1668 contradicetttr
2737 1610 2812 1664 ’°.
2842 1629 2864 1663 ι
2893 1609 3028 1664 Con
3043 1608 3473 1662 tradicebator
3499 1609 3636 1661 enim

315 1715 505 1766 merito
535 1714 732 1765 dicitur
755 1715 992 1766 omnium
1023 1711 1354 1765 credentium
1392 1725 1486 1777 per
1525 1710 1857 1778 praeputium.
1892 1707 1933 1760 Β
1961 1707 2114 1771 signo
2140 1706 2190 1758 in
2219 1719 2328 1772 quo
2361 1703 2618 1758 Christus
2651 1710 2920 1766 venerat,
2964 1699 3126 1769 quia
3170 1698 3340 1753 aliud
3376 1698 3435 1753 in
3466 1711 3536 1752 eo
3566 1698 3639 1751 vi-

313 1807 462 1871 Qnod
493 1821 620 1859 vero
651 1815 769 1874 post
805 1804 961 1858 fidem
994 1820 1114 1870 qua:
1146 1803 1320 1857 fuitin
1359 1803 1618 1871 przeputio
1653 1803 1863 1870 accepit

315 1896 802 1955 circumcisionent.
831 1902 1222 1962 consequenter
1252 1907 1470 1947 causam
1500 1905 1604 1961 qua
1637 1892 1866 1945 circum-

312 1988 448 2041 cisio
476 1987 526 2040 ei
554 1989 688 2039 data.
711 1985 878 2038 fuerit
897 1984 1136 2053 exponit.
1169 1983 1238 2039 Ut
1265 1993 1425 2047 esset,
1457 1983 1651 2052 inquit,
1681 1984 1864 2052 signa-

312 2076 492 2130 culum
527 2074 642 2141 ejus
677 2075 798 2129 ﬁdei
826 2089 985 2142 quam
1031 2075 1213 2128 habuit
1252 2075 1302 2127 in
1353 2074 1607 2142 praeputio
1638 2074 1864 2142 positus,

315 2177 376 2220 ut
401 2181 498 2237 per
526 2170 625 2221 hoc
656 2185 676 2218 ι
712 2169 781 2220 sit
813 2177 968 2234 pater
987 2165 1222 2218 omnium
1251 2167 1586 2219 credentium
1618 2179 1713 2234 per
1730 2179 1867 2231 prte-

319 2258 549 2326 putiutu,
579 2265 634 2310 ut
663 2265 938 2324 rcputetur
971 2255 1076 2309 illis
1103 2257 1168 2308 ad
1193 2254 1488 2322 justitiam,
1527 2262 1583 2308 et
1619 2253 1687 2307 sit
1718 2261 1869 2320 pater

320 2347 763 2411 circumcisionis,
801 2361 904 2400 non
927 2346 1010 2399 bis
1035 2355 1238 2398 tantum
1261 2345 1352 2412 qui
1383 2356 1597 2398 suntex
1625 2343 1867 2396 circum-

219 2467 230 2472 ς
319 2436 544 2496 cisione.
579 2437 669 2489 sed
698 2446 752 2488 et
783 2436 888 2488 illis
909 2435 999 2502 qui
1027 2445 1327 2501 sequuntur
1366 2432 1587 2501 vestigia
1611 2432 1727 2500 ejus
1753 2446 1872 2500 quin

320 2534 402 2578 est
427 2527 483 2577 in
508 2525 764 2592 prteputio
783 2524 902 2576 iidei
927 2523 1094 2590 patris
1122 2521 1284 2574 nostri
1313 2519 1543 2572 Abrahae
1565 2519 1632 2571 ⁸⁸.
1665 2536 1685 2569 ι
1720 2517 1871 2584 Quod

321 2617 370 2668 si
395 2616 665 2667 Abraham
711 2629 831 2666 cum
875 2621 1016 2666 esset
1061 2611 1236 2663 adhuc
1269 2611 1322 2661 in
1363 2610 1640 2678 praeputio,
1673 2623 1736 2661 ex
1768 2608 1871 2661 [ide

315 2704 644 2772 jnstilicatus
678 2714 761 2757 est
781 2745 794 2766 ,
825 2713 999 2769 potest
1033 2703 1147 2756 ﬁeri
1179 2701 1337 2754 etiam
1375 2710 1522 2768 pater
1541 2700 1652 2769 (52)
1683 2715 1869 2754 eorum

324 2796 412 2862 qui
454 2795 510 2847 in
544 2794 954 2848 circumcisione
985 2799 1275 2845 nascuntur
1296 2828 1312 2852 ,
1347 2791 1391 2843 si
1436 2798 1609 2844 tamen
1633 2789 1698 2842 ad
1728 2789 1870 2842 illam

328 2886 488 2938 iidem
518 2886 822 2951 pertineant
851 2898 968 2952 quae
1013 2884 1067 2936 in
1101 2882 1363 2950 pmputio
1400 2880 1630 2948 positum
1669 2880 1871 2948 jnstili-

325 2975 486 3028 cavit.
524 2974 587 3026 Et
619 2973 869 3042 quoniam
908 2974 960 3025 in
999 2973 1255 3040 praeputio
1301 2971 1530 3040 positum
1559 2971 1874 3038 jnstilicavit

325 3065 614 3125 Abraham,
639 3065 867 3117 eliicitur
891 3078 1020 3130 ergo
1049 3061 1329 3130 utriusque
1353 3061 1564 3129 generis
1591 3070 1763 3128 pater,
1789 3061 1871 3113 itis

326 3157 415 3225 qui
447 3166 572 3210 sunt
603 3157 653 3208 in
686 3155 943 3224 praeputio
977 3168 1073 3221 per
1110 3153 1293 3211 iidem,
1321 3163 1375 3205 et
1413 3152 1496 3205 his
1524 3151 1612 3219 qui
1651 3159 1778 3204 sunt.
1819 3150 1871 3203 in

326 3248 736 3302 circumcisione
763 3260 856 3312 per
888 3259 1104 3298 carnem
1142 3259 1157 3295 :
1193 3252 1247 3295 et
1268 3251 1386 3310 post
1412 3241 1873 3295 circumcisionem

326 3347 548 3407 generat
579 3338 750 3401 primo
783 3336 957 3396 Isaac,
997 3345 1157 3402 atque
1185 3333 1252 3386 ab
1285 3334 1400 3400 ipso
1434 3332 1746 3398 auspicatur
1775 3347 1873 3400 og-

330 3428 512 3479 doadis
545 3425 788 3488 initium,
835 3423 883 3476 id
918 3434 1032 3485 est,
1073 3424 1249 3476 octavi
1281 3422 1384 3476 diei
1431 3423 1484 3475 in
1532 3422 1652 3490 ipso
1681 3435 1873 3475 conse-

330 3523 551 3568 crantur
582 3513 755 3580 prima
786 3513 1061 3580 mysteria,
1089 3521 1142 3563 et
1163 3511 1353 3564 eximie
1378 3509 1564 3578 incipit
1589 3511 1876 3578 posteritas

331 3601 561 3653 Abraha:
585 3598 779 3666 duplici
804 3611 1022 3650 currere
1038 3606 1393 3650 sacramento.
1419 3596 1570 3650 Sicut
1586 3598 1727 3648 enim
1746 3597 1875 3648 lides

333 3701 516 3743 natura
547 3692 628 3742 sui
671 3688 812 3740 aliud
857 3701 974 3740 esse
1019 3686 1348 3754 intelligitur,
1395 3700 1450 3742 et
1498 3690 1640 3742 aliud
1675 3686 1874 3753 justitia

331 3795 448 3850 qua:
477 3780 526 3832 ei
562 3794 654 3845 per
685 3779 840 3830 iidem
879 3789 1117 3844 rcputata
1143 3787 1247 3841 e8t;
1296 3778 1366 3829 ita
1392 3787 1444 3831 et
1478 3779 1579 3831 alia
1605 3778 1724 3844 ejus
1761 3791 1877 3828 esse

333 3872 385 3923 in
417 3868 696 3937 praeputio,
729 3867 830 3919 alia
869 3867 922 3919 in
963 3867 1378 3921 circumcisione
1413 3868 1718 3934 posteritas.
1746 3864 1874 3916 Nam

331 3973 425 4012 eos
444 3959 532 4025 qui
566 3955 920 4010 incircutncisi
958 3966 1114 4019 sunt,
1151 3958 1294 4022 ipsos
1325 3970 1447 4009 esse
1481 3955 1682 4023 lapides
1711 3963 1874 4022 puto,

334 4047 400 4100 de
454 4048 653 4113 quibus
715 4059 873 4114 posse
951 4045 1147 4099 dicitur
1204 4045 1346 4099 Deus
1420 4046 1681 4098 suscitare
1743 4042 1878 4094 [ilius

332 4136 560 4190 Abrahae
587 4136 656 4200 ⁸⁸,
687 4135 738 4186 in
770 4135 965 4202 quibus
1006 4143 1060 4188 et
1089 4135 1216 4189 illud
1243 4134 1540 4204 completur
1568 4134 1709 4202 quod
1745 4134 1880 4186 scri-

334 4235 482 4293 ptutn
515 4233 598 4278 est
627 4241 639 4276 :
671 4222 807 4287 Quia
835 4239 854 4272 ι
889 4225 1270 4276 benedicentur
1314 4224 1367 4276 in
1414 4233 1464 4274 te
1493 4235 1680 4273 omnes
1711 4222 1878 4274 tribus

337 4323 492 4368 terra:
510 4313 578 4366 ".
617 4331 636 4363 ι
671 4311 774 4366 Sed
803 4321 1105 4378 repetamus
1134 4313 1306 4366 adhuc
1331 4312 1471 4379 quod
1495 4311 1622 4364 dicit
1646 4310 1691 4342 ⁸⁸
1727 4328 1742 4364 :
1773 4327 1790 4360 ι
1810 4310 1875 4363 Ει

344 4399 548 4468 signum
574 4400 778 4468 accepit
809 4400 1288 4465 circumcisionem,
1324 4419 1341 4452 ι
1381 4401 1708 4473 signaculum
1732 4398 1878 4468 jnsti-

344 4487 432 4542 tite
469 4487 618 4551 ﬁdei,
656 4503 772 4556 quae
809 4495 892 4539 est
928 4486 981 4538 in
1021 4491 1278 4558 praeputio
1319 4490 1426 4561 (5'5)
1465 4506 1528 4544 ac
1561 4489 1876 4560 profundam

341 4578 393 4630 in
441 4577 523 4630 his
564 4575 718 4629 Pauli
758 4576 1070 4644 sapientiam
1114 4579 1558 4647 contemplemur.
1605 4576 1874 4630 Fortassis

339 4670 480 4720 enim
510 4666 778 4736 aliquibus
805 4668 1050 4721 eutndem
1092 4683 1392 4722 sermonem
1431 4669 1661 4722 secundo
1698 4667 1876 4720 dicere

443 4779 488 4811 "
527 4779 678 4834 Rom.
722 4796 793 4843 tv,
826 4778 911 4834 i0.
1014 4781 1059 4813 ⁸³
1087 4783 1214 4838 ibid.
1243 4781 1327 4837 12.

409 4957 523 5032 (50)
558 4957 731 5032 Alias,
753 4976 771 5009 ι
807 4973 925 5012 cutn
973 4970 1079 5016 tam
1115 4961 1496 5032 vigilanter_ea
1519 4957 1868 5032 quzescripta

344 5037 462 5078 sunt
484 5031 548 5080 dt-
572 5029 909 5082 Abraham...
939 5027 1319 5092 connueniians
1345 5028 1501 5081 vulta
1539 5027 1692 5080 nobis
1741 5041 1871 5079 con-

343 5094 737 5149 siderarieliatu
769 5104 1051 5170 quomodo,
1077 5125 1098 5158 ι
1137 5113 1246 5166 etc.
1267 5096 1351 5154 Al.
1379 5097 1529 5151 deest
1559 5106 1615 5149 et
1659 5111 1678 5146 ι
1708 5107 1870 5148 enar-

345 5171 444 5222 rat,
478 5173 531 5214 et
555 5167 945 5222 commendans.
980 5190 999 5224 ι

410 5229 797 5317 ἐξέὶηξίιιηεξο
851 5250 1051 5317 nostri;
1097 5255 1232 5317 edil-
1265 5250 1472 5296 νετοοι
1525 5229 1870 5317 ιιιτειιιιηῖέπε

343 5291 836 5394 fﬁpn‘tilohAbralne
862 5291 1328 5394 ἱειῖιίίὶιξιξιιίιιζ
1373 5291 1436 5358 an
1464 5317 1583 5356 cum
1614 5298 1873 5356 transiret

335 5352 466 5423 iam:
506 5382 523 5413 ι
557 5375 656 5418 etc.
760 5352 834 5357 ““”
862 5352 958 5367 ’⁷⁵⁸⁵
985 5352 1120 5394 “Icta
1146 5352 1328 5394 sum,
1373 5352 1436 5358 νη
1471 5352 1552 5408 ---”

782 5455 914 5506 unus
941 5455 1126 5518 Rm.“
1153 5472 1332 5518 Δηιη,
1361 5439 1514 5518 1659.
1539 5437 1724 5518 caeteri
1748 5447 1874 5488 vero

343 5484 764 5590 ῗῖέδῑηὲξεῗὲίιῖἓ
783 5484 1126 5590 ῖιλῗιῖθῗῗέξῗδ
1150 5484 1871 5590 ἶ’ιιᾏῖἱὶἐὶίῐῐῆξςὲφςῐιὶιι

275 5615 284 5625 .
338 5561 496 5624 quiin
521 5547 1303 5694 ςλτςυ..;είςε“δ;.ἕ⁹.ἳε.¹;υοὶνέιῗδξ
1342 5547 1874 5641 Euagrum;

1034 5654 1134 5696 Clltn
1146 5661 1185 5696 ιι

1455 4782 1576 4812 ευ.

443 4779 488 4811 ⁸⁸
527 4779 678 4834 Rom.
722 4796 793 4843 tv,
826 4779 911 4834 i0.
1014 4781 1059 4813 ⁸³
1087 4783 1214 4838 ibid.
1243 4781 1327 4837 ιε.
1430 4781 1475 4813 ⁸⁵
1515 4781 1697 4833 Matth.
1745 4797 1833 4838 ιιι.

339 4846 430 4909 59.
454 4850 542 4903 40.
616 4851 660 4881 ⁹⁰
696 4850 823 4904 Luc.
858 4865 897 4903 ιι
927 4888 941 4914 ,
990 4851 1081 4908 54.
1153 4853 1197 4884 ’ί
1229 4851 1381 4904 liom.
1417 4865 1488 4914 tv,
1516 4852 1601 4903 ll.
1677 4849 1722 4879 ”
1759 4854 1848 4901 tto:

1273 4781 1327 4837 2.
1430 4781 1475 4813 ⁸⁵
1515 4781 1697 4833 Matth.
1745 4797 1833 4838 ιιι.
1871 4779 1922 4834 9.
2025 4779 2069 4810 ⁸⁷
2101 4779 2232 4833 Gen.
2263 4793 2362 4841 xtt,
2399 4779 2454 4832 5.
2560 4780 2613 4814 ⁸⁸
2644 4782 2779 4840 “cur

1264 4866 1381 4904 .om.
1417 4865 1488 4914 tv,
1516 4852 1601 4903 ll.
1677 4849 1722 4879 ”
1759 4854 1997 4911 ttont.xt,
2024 4847 2117 4911 25,
2144 4847 2233 4900 26.
2305 4849 2352 4880 ”
2373 4847 2534 4908 Rom.
2570 4866 2653 4917 tv,
2681 4855 2779 4910 12.

1965 1795 2209 1858 debatnr,
2237 1805 2292 1848 et
2322 1793 2470 1846 aliud
2519 1792 2978 1860 intelligebatur.
3017 1790 3197 1844 Caro
3255 1789 3597 1843 cernebatur
3619 1829 3634 1851 ,

1963 1896 2017 1940 et
2048 1886 2186 1939 Deus
2232 1885 2576 1940 credebatur.
2625 1882 2723 1937 Sic
2765 1897 2914 1952 ergo
2948 1883 3209 1950 accepit
3261 1892 3324 1936 et
3356 1881 3630 1936 Abraham

1965 1977 2174 2040 signum
2209 1993 2222 2028 :
2261 1983 2316 2028 et
2345 1975 2488 2043 quod
2528 1982 2680 2029 esset
2727 1973 2976 2049 signum
3017 1973 3088 2026 in
3149 1973 3633 2040 consequentibus

1965 2066 2098 2120 dicit
2130 2084 2144 2119 :
2181 2083 2199 2116 ι
2237 2064 2754 2129 Circumcisionem,
2802 2083 2826 2116 a
2886 2065 3110 2133 inquit
3145 2079 3165 2118 :
3228 2080 3366 2132 qua:
3400 2064 3630 2119 circum-

1967 2155 2099 2209 cisio
2122 2163 2266 2208 esset
2293 2172 2312 2204 ι
2346 2153 2692 2222 signaculum
2722 2153 2984 2222 iustitia:
3017 2154 3167 2208 lidei
3200 2155 3252 2188 ’ί
3289 2173 3309 2205 ι
3345 2170 3513 2223 quam
3551 2155 3634 2208 ha-

1967 2245 2081 2298 buit
2103 2253 2390 2312 antequam
2413 2243 2960 2297 circumcideretur.
2993 2243 3177 2297 Bene
3217 2259 3369 2314 ergo
3396 2244 3628 2298 circnm—

1967 2336 2220 2389 cisionein
2267 2333 2483 2401 signum
2535 2331 2846 2401 appellavit
2910 2332 2976 2385 in
3015 2334 3369 2397 Abraham,
3404 2336 3532 2402 quia
3566 2327 3630 2388 'et

1969 2425 2081 2492 ipsa
2113 2422 2255 2476 aliud
2285 2422 2607 2484 videbatur,
2671 2431 2730 2475 et
2795 2421 2964 2475 aliud
3034 2422 3494 2493 intelligebatur
3532 2441 3546 2489 ;
3578 2431 3630 2477 et

1968 2514 2200 2567 ostendit
2229 2513 2352 2581 quia
2376 2512 2490 2580 jam
2525 2523 2659 2565 tunc
2690 2512 2967 2567 carnalis
3000 2514 3120 2567 illa
3158 2515 3533 2570 circumcisio
3561 2517 3628 2570 si-

1968 2619 2130 2673 gnum
2167 2613 2282 2656 erat
2319 2601 2584 2670 spiritalis
2639 2602 3156 2659 circumcisionis
3179 2644 3198 2671 ,
3263 2620 3392 2674 quae
3423 2619 3527 2659 non
3578 2605 3625 2658 in

1971 2706 2130 2746 carne
2175 2689 2502 2757 suscipitur,
2529 2692 2628 2744 sed
2684 2690 2742 2743 in
2822 2691 3054 2746 corde.
3120 2690 3299 2759 Quod
3328 2707 3462 2748 vero
3505 2691 3629 2748 dixit

1975 2798 1996 2833 ι
2037 2779 2403 2849 signaculum,
2443 2795 2464 2831 ι
2515 2778 2590 2832 ita
2633 2779 3108 2847 intelligendum
3147 2791 3337 2852 puto‘
3377 2781 3627 2852 Signacu-

1971 2873 2080 2925 ium
2108 2869 2305 2924 dicitur
2333 2883 2456 2923 cum
2485 2867 2656 2922 alicui
2697 2868 2783 2923 rei
2843 2873 3197 2927 servandae
3255 2888 3367 2941 pro
3397 2882 3624 2941 tempore

1973 2959 2213 3015 custodia
2252 2958 2574 3025 imponitur,
2607 2959 2758 3026 quod
2795 2974 2991 3014 nemo
3029 2961 3200 3018 alius
3232 2963 3351 3018 nisi
3403 2964 3518 3031 ipse
3534 2961 3620 3030 qui

1974 3048 2472 3118 impressitdebeat
2494 3047 2808 3117 resignare.
2844 3047 2974 3104 Per
3003 3051 3179 3106 istud
3207 3066 3354 3124 ergo
3387 3053 3622 3123 signacu-

1973 3139 2104 3202 lum,
2138 3148 2196 3191 ut
2224 3137 2444 3206 exponit
2479 3136 2785 3206 Apostolus
2808 3176 2828 3206 ,
2857 3139 3120 3209 justitia
3149 3143 3295 3199 ﬁdei
3326 3143 3445 3214 (56)
3477 3157 3620 3211 quam

1975 3230 2026 3282 in
2057 3227 2321 3296 praeputio
2355 3228 2567 3296 positus
2593 3229 2896 3283 Abraham
2932 3231 3237 3301 accipere
3261 3234 3470 3290 meruit
3495 3233 3619 3288 ladi-

1973 3329 2143 3383 catur,
2167 3330 2224 3371 et
2247 3327 2402 3388 pater
2429 3333 2552 3372 esse
2585 3317 2912 3373 multarum
2969 3326 3260 3392 gentium
3289 3343 3306 3380 :
3343 3325 3486 3394 quod
3508 3335 3620 3376 tunc

1973 3408 2240 3461 credimus
2269 3407 2656 3476 resignandum
2687 3425 2821 3464 cum
2867 3412 3216 3481 plenitudo
3252 3406 3500 3485 gentium
3544 3414 3617 3468 iu-

1975 3496 2220 3560 troicrit,
2249 3505 2304 3550 et
2334 3497 2515 3549 omnis
2551 3496 2725 3551 lsrael
2757 3500 3134 3560 salvabitur
3177 3506 3256 3561 ".
3292 3506 3453 3561 Tunc
3492 3506 3616 3558 enim

1973 3585 2065 3640 ﬁet
2089 3586 2232 3654 quod
2268 3585 2401 3638 dicit
2429 3585 2732 3655 Apostolus
2762 3588 2818 3620 ”
2839 3628 2858 3654 ,
2925 3608 3060 3649 non
3123 3595 3323 3652 solum
3355 3596 3614 3667 gentium,

1973 3677 2064 3729 sed
2087 3677 2248 3728 etiam
2279 3676 2720 3731 circumcisionis
2750 3693 2861 3747 per
2899 3684 3098 3740 iidem
3135 3698 3313 3758 pater
3337 3687 3617 3745 Abraham.

1973 3763 2040 3816 Et
2083 3764 2260 3816 adhuc
2293 3764 2537 3832 apertius
2577 3767 2646 3818 de
2681 3767 2856 3838 signo
2896 3781 2967 3827 et
3029 3776 3354 3846 signaculo
3404 3777 3619 3834 dissera-

1975 3868 2113 3908 mus.
2143 3855 2275 3907 Cum
2304 3854 2516 3920 signum
2544 3854 2638 3919 sit,
2670 3866 2733 3911 ut
2754 3859 3068 3929 diximus,
3087 3867 3199 3922 ubi
3235 3869 3517 3923 indicatur
3537 3866 3622 3920 ali-

1975 3945 2100 4010 quid
2127 3959 2220 4009 per
2246 3945 2351 3996 hoc
2399 3946 2546 4011 quod
2581 3946 2807 4002 videtur
2839 3989 2860 4014 ,
2931 3954 3338 4026 signaculum
3394 3974 3519 4015 vero
3544 3954 3623 4011 ubi

1975 4031 2315 4086 concluditur
2351 4046 2450 4097 pro
2475 4041 2730 4102 tempore
2759 4038 3008 4108 aliquid
3059 4058 3127 4101 et
3163 4065 3286 4104 non
3315 4059 3487 4119 patet,
3527 4063 3615 4116 po-

1978 4133 2081 4177 test
2101 4123 2263 4176 etiam
2309 4123 2383 4176 ita
2438 4122 2698 4196 intelligi.
2730 4133 2891 4197 quod
2927 4142 3236 4206 mysteria
3272 4158 3405 4212 qua:
3442 4143 3494 4196 in
3522 4141 3625 4210 ιεεε

1975 4223 2032 4268 et
2063 4215 2388 4282 patriarchis
2445 4215 2961 4278 adumbrabantur
2995 4269 3014 4291 ,
3086 4231 3429 4300 hujusmodi
3478 4240 3625 4287 erant

1975 4317 2093 4369 qua:
2117 4313 2173 4354 et
2198 4302 2368 4370 signis
2399 4303 2690 4381 indicanda
2727 4321 2963 4376 essent,
2999 4326 3067 4370 et
3094 4321 3432 4389 εἱεηηιιιίε
3457 4322 3629 4375 obser—

1977 4391 2166 4443 vanda.
2200 4391 2353 4456 Quod
2383 4407 2521 4462 ergo
2578 4396 2761 4465 signis
2793 4399 3142 4464 indicanda
3187 4424 3363 4467 erant
3393 4414 3448 4468 in
3499 4411 3626 4482 (58⁸)

1979 4488 2060 4540 his
2081 4486 2170 4578 qui
2219 4488 2516 4578 credebant
2545 4504 2625 4578 ex,
2655 4495 2966 4562 gentibus,
2998 4503 3258 4574 signum
3289 4508 3506 4578 cepisse
3555 4506 3629 4560 di-

1977 4579 2116 4628 m‘"
2140 4575 2453 4631 Abraham:
2486 4577 2633 4646 quod
2657 4594 2798 4635 vero
2828 4585 2926 4642 his
2956 4593 3066 4659 qui
3096 4593 3159 4648 in
3196 4575 3628 4652 circumcisione

1981 4679 2083 4718 non
2117 4673 2271 4716 erant
2304 4665 2594 4731 credituri,
2623 4670 2965 4731 obseranda
2993 4695 3183 4738 erant
3207 4695 3272 4741 et
3295 4685 3626 4755 obtegeda,

2025 4777 2232 4860 ξἠϐεῃ.
2263 4779 2454 4860 Χειρηδ-
2560 4780 2613 4814 ⁸⁸
2644 4782 2816 4860 Rom.
2858 4805 2940 4858 tv,
2976 4793 3078 4850 11.
3193 4800 3247 4833 ⁸⁸
3285 4799 3488 4854 Matth.
3533 4813 3628 4860 xu,

1973 4955 2129 5046 {idem
2148 4957 2704 5046 pertigneantiquzein
2730 4973 3022 5040 praeputio
3054 4977 3415 5046 justiﬁcavit
3457 4984 3625 5038 Abra-

1975 5025 2895 5122 δθξὲξχείξίξὶιθτ-θῖβὲὲιέῐίιῖεειυξ
2931 5025 3178 5113 seuéris
3215 5025 3415 5122 ἵιῖιῖοιίῖ
3457 5025 3622 5107 775‘;-

2194 5095 2364 5176 Αιίξὶξ,
2397 5114 2417 5147 ι
2446 5094 3178 5178 .Ci'rcumcisionisfvauw
3216 5094 3410 5122 ¹’“““’
3457 5094 3477 5106 ’
3523 5094 3622 5107 “’““
3674 5166 3681 5174 ι

2046 5163 2134 5233 (ω
2195 5164 2361 5234 Ean"
2397 5183 2417 5216 ‘
2447 5169 2502 5220 ια
2525 5179 2617 5224 εει
2637 5174 3025 5234 sitznaculum.
3066 5204 3091 5234 ι
3119 5191 3365 5234 omissis
3404 5193 3492 5234 hic
3516 5206 3624 5234 ιερτ.

2014 5163 2179 5248 ’(54)Ῠ
2192 5164 2361 5248 βάἱιί,
2397 5183 2417 5216 ι
2446 5167 2502 5220 id
2525 5179 2617 5248 est
2637 5163 3025 5248 signaculum,
3066 5204 3091 5238 ι
3119 5191 3365 5248 omissis
3401 5193 3492 5248 bis
3516 5206 3624 5244 ver.

1975 5231 2394 5300 bis‘,7§’signutn.
2432 5253 2453 5287 ι
2489 5247 2601 5295 etc.

1977 5298 2161 5434 tergi.)
2191 5298 2364 5425 aliis?
2394 5343 2410 5368 ’
2468 5323 2488 5358 ι
2529 5307 2608 5364 Μ
2671 5318 2790 5372 er“
2831 5318 3014 5377 Fi“Uti
3053 5325 3320 5387 hominis
3360 5331 3421 5387 in
3457 5333 3621 5388 corda

2047 5436 2372 5521 (ﬁ‘i'ili'LAiias,
2392 5460 2409 5493 ι
2438 5442 2681 5521 justiti-ce
2716 5459 2909 5521 ﬁdei,»
2943 5472 3051 5517 etc.

2050 5501 2306 5578 (56")1n.
2337 5501 2502 5568 Βιτιῖδι
2537 5501 2874 5588 ιυὲῖιίἱῖΐ
