3836 6240
359 308 477 365 9ὺ9

1308 311 1660 369 COMMENT.
1688 311 1752 366 ΙΝ
1785 309 1999 366 EPIST.
2033 311 2119 366 AD
2150 312 2313 367 ROM.
2353 312 2479 368 LIB.
2520 313 2609 369 IV.

3432 309 3537 366 970

357 419 712 493 signaculum
741 422 937 478 dicitur
972 423 1266 492 accepisse.
1298 423 1450 489 Quod
1476 423 1802 492 signaculum
1819 423 1908 476 illo
1934 428 1980 484 Α
2006 425 2330 478 existimatio
2355 427 2525 493 potius
2551 425 2750 478 incerta
2778 433 2858 478 est
2886 437 3044 493 quam
3075 422 3228 477 ﬁrma
3267 429 3536 494 approba.

357 516 565 583 inique
593 515 644 567 in
671 524 910 580 tempore
955 512 1332 582 resignabitur,
1357 525 1478 566 cum
1509 513 1559 565 in
1609 513 1907 566 novissimis

353 605 565 657 diebus
590 603 870 670 postquam
930 602 1234 670 plenitudo,
1261 607 1318 652 ut
1345 601 1572 653 diximus
1601 643 1614 666 ,
1673 602 1906 670 gentium

354 693 666 755 introierit,
690 694 864 746 omnis
891 693 1047 747 Israel
1075 693 1248 746 saivus
1301 691 1408 750 ﬁet.
1456 691 1658 746 Idcirco
1682 693 1908 760 denique

359 783 795 839 anteAbrabam
829 782 1150 850 iustiﬁcatur
1180 785 1292 853 (57)
1317 785 1370 837 itt
1410 783 1514 836 ﬁde
1566 783 1690 835 dum
1735 783 1907 837 adlmc

357 883 528 929 esset
560 873 1006 938 incircumcisus,
1054 883 1107 928 et
1145 885 1328 943 postea
1361 873 1762 928 circumciditur
1785 909 1804 938 ,
1851 881 1909 924 ut

351 967 755 1019 ostenderetur
814 966 987 1033 primo
1039 976 1192 1033 pater
1221 965 1430 1018 futurus
1458 963 1742 1017 multarum
1775 978 1907 1032 gen-

351 1052 530 1116 tium,
557 1062 611 1106 et
650 1062 835 1122 postea
862 1068 1046 1107 eorum
1075 1055 1163 1123 qui
1201 1070 1264 1108 ex
1297 1055 1704 1109 circumcisione
1733 1054 1908 1107 crcdi-

339 1125 477 1196 ἰυτί
504 1152 652 1198 sunt.
687 1143 871 1211 Neque
896 1146 1036 1198 enim
1065 1145 1114 1197 hi
1141 1147 1230 1213 qui
1263 1147 1546 1201 secundum
1563 1161 1776 1200 carnem
1809 1161 1906 1198 na-

345 1242 601 1284 scuntur
627 1246 694 1286 ex
721 1233 1014 1296 Abraham,
1045 1233 1133 1286 ﬁlii
1177 1235 1446 1288 Abraham
1499 1235 1705 1290 dicendi
1741 1245 1904 1299 sunt,

341 1322 470 1374 nisi
501 1322 662 1375 ﬁdem
697 1330 751 1375 et
773 1337 932 1390 opera
957 1323 1188 1377 habeant
1213 1325 1458 1377 Abrahae.
1511 1324 1636 1378 lude
1676 1325 1906 1388 denique

338 1422 407 1465 et
437 1411 703 1466 Dominus
745 1413 798 1465 in
832 1413 1120 1480 Evangelia
1174 1414 1303 1467 dicit
1351 1416 1414 1466 ad
1442 1415 1671 1480 Judaaos,
1700 1416 1789 1484 qui
1847 1426 1906 1470 se

332 1503 644 1570 iactabant
673 1503 811 1557 ﬁlios
845 1519 961 1557 esse
996 1503 1263 1558 Abrahae:
1301 1523 1320 1555 t
1360 1506 1414 1558 Si
1442 1506 1534 1558 ﬁlii
1561 1507 1788 1560 Abrahae
1819 1520 1902 1559 es-

332 1593 514 1658 setis,
552 1607 714 1661 opera
747 1594 929 1661 utique
975 1594 1201 1648 Abraba‘.
1256 1594 1503 1649 faceretis
1530 1596 1594 1648 “.
1634 1615 1652 1647 ι
1683 1594 1776 1648 Vis
1802 1612 1901 1648 au-

2011 514 2104 575 tio,
2130 528 2224 567 nos
2248 514 2676 580 compendiosius
2720 515 3134 582 respondeamus
3169 517 3307 582 quod
3337 519 3532 573 obser-

2008 617 2136 657 vans
2158 603 2438 670 Apostolus
2466 605 2778 659 sententiam
2807 605 2894 658 Dei
2923 607 3012 672 qui
3047 607 3198 669 dixit,
3231 625 3252 658 ι
3278 606 3393 661 lam
3427 625 3534 666 non

2005 691 2224 754 Abram,
2247 692 2340 744 sed
2368 692 2638 745 Abraham
2665 693 2770 745 erit
2802 708 2991 746 nomen
3030 701 3174 746 tuum
3209 695 3252 758 ⁸,
3277 712 3297 745 ο
3357 698 3536 765 appel-

2008 779 2138 832 lavit
2175 793 2312 832 nunc
2339 792 2461 832 eum
2491 794 2592 832 non
2621 779 2782 850 526
2809 789 2864 832 ut
2901 780 2954 833 in
2985 780 3101 834 loco
3148 781 3375 836 Genesis
3407 785 3533 838 scri-

2007 877 2152 936 ptum
2185 877 2290 930 est,
2318 871 2409 923 sed
2447 880 2504 922 ut
2544 870 2609 924 de
2637 885 2702 924 eo
2739 872 3164 939 pronuntiaverit
3221 872 3374 925 Dens.
3405 872 3535 938 Qua:

2005 959 2148 1011 enim
2203 960 2454 1014 divinitus
2494 963 2829 1023 sanciuntur,
2860 960 3134 1015 observari
3165 962 3217 1015 in
3259 971 3532 1030 posterum

2005 1051 2268 1105 convenit.
2298 1049 2438 1116 Haec,
2468 1062 2622 1118 prout
2649 1053 2937 1120 potuimus,
2967 1054 3019 1107 in
3054 1054 3189 1109 locis
3220 1063 3326 1108 tam
3349 1055 3532 1109 arduis

2005 1150 2058 1194 et
2077 1151 2187 1193 tam
2219 1141 2515 1195 diﬁicilibns
2549 1143 2752 1210 prolata
2782 1143 2915 1214 158),
2945 1146 2989 1198 si
3041 1146 3162 1213 quis
3201 1146 3338 1201 forte
3369 1147 3535 1200 animi

2004 1231 2170 1284 nostri
2195 1231 2422 1286 studium
2449 1232 2772 1294 consideret,
2803 1235 3049 1302 amplecti
3076 1237 3288 1302 poterit.
3317 1234 3371 1289 Si
3405 1249 3533 1290 vero

2007 1319 2366 1373 inﬁrmitatem
2393 1335 2580 1375 sensus
2609 1322 2776 1374 nostri
2813 1333 3000 1376 notare
3030 1324 3174 1385 velit,
3203 1327 3412 1377 veniam
3446 1340 3532 1395 pe.

2006 1412 2185 1475 timus,
2219 1420 2274 1465 et
2301 1412 2348 1465 ei
2370 1413 2460 1480 qui
2505 1413 2696 1466 melius
2719 1413 2785 1466 de
2812 1414 2894 1466 bis
2923 1415 3206 1468 disserere
3240 1415 3322 1469 vel
3341 1417 3530 1483 expla—

2003 1513 2132 1552 nare
2183 1501 2415 1567 potuerit
2447 1539 2462 1565 ,
2516 1500 2739 1555 libenter
2785 1503 3041 1556 cedimus.
3071 1502 3179 1555 Nos
3214 1519 3340 1558 vero
3369 1506 3434 1558 ad
3467 1521 3532 1561 ea

2000 1602 2119 1673 qtae
2144 1599 2439 1656 sequuntur
2489 1589 2640 1658 segni
2673 1591 2798 1644 licet
2837 1605 3023 1660 gressu
3047 1594 3410 1648 convertimus
3445 1611 3534 1664 pe-

336 1692 558 1737 temet
601 1698 665 1736 ex
717 1685 884 1737 veteri
919 1683 1194 1752 Scriptura
1254 1686 1530 1752 pet-doceri
1567 1687 1704 1752 quod
1761 1686 1901 1738 ﬁlius
1934 1751 1947 1752 γ
2000 1677 2139 1733 dem.

331 1775 478 1843 quis
507 1773 706 1827 dicitur
757 1788 861 1826 non
911 1783 1112 1826 tantum
1143 1775 1258 1840 ejus
1289 1776 1353 1827 de
1386 1777 1537 1840 cujus
1570 1775 1769 1828 carnali
1813 1791 1893 1828 se-

2067 1763 2122 1816 3.
2167 1781 2185 1814 ι
2217 1763 2329 1819 Νοη
2351 1767 2491 1820 enim
2521 1782 2617 1835 per
2639 1767 2804 1836 legem
2833 1769 3117 1839 promissio
3141 1773 3369 1829 Abraha
3389 1816 3405 1842 ,
3438 1785 3533 1832 aut

333 1861 502 1913 mine
527 1860 825 1923 descendit,
858 1861 950 1914 sed
979 1870 1034 1913 et
1068 1859 1182 1924 ejus
1213 1863 1364 1930 cujus
1393 1873 1544 1916 actus
1575 1865 1812 1916 imitatur
1841 1874 1897 1918 ct

329 1966 520 2020 opera
541 1951 568 2004 ?
594 1951 729 2004 Audi
765 1949 948 2004 Daniel
972 1951 1096 2019 quid
1128 1952 1272 2004 dicat
1293 1952 1356 2004 ad
1382 1967 1540 2005 unum
1571 1968 1637 2006 ex
1675 1953 1780 2006 illis
1815 1969 1898 2007 se-

329 2042 602 2097 nioribus
629 2056 760 2110 quos
785 2042 964 2111 arguit
1000 2041 1242 2094 adulterii
1287 2059 1302 2095 :
1356 2060 1375 2093 t
1430 2043 1642 2108 Semen,
1687 2045 1892 2112 inquit,

328 2129 637 2193 Chanaan,
666 2139 722 2182 et
759 2145 862 2182 non
879 2129 1034 2192 Juda,
1058 2131 1262 2197 species
1299 2131 1505 2183 seduxit
1539 2141 1611 2196 te,
1666 2143 1717 2184 et
1766 2149 1897 2186 con-

329 2219 688 2287 cupiscentia
715 2219 910 2272 evertit
935 2233 1028 2272 cor
1078 2229 1223 2273 tuum
1245 2221 1311 2270 ⁸⁵.
1354 2239 1373 2271 ι
1435 2219 1596 2274 Vides
1633 2237 1752 2275 eum
1802 2224 1894 2291 qui

327 2311 654 2366 carnaliter
697 2313 762 2365 de
795 2324 990 2381 genere
1021 2309 1156 2364 Juda
1204 2312 1573 2375 descenderat,
1623 2315 1803 2381 negari
1837 2316 1897 2368 ﬁ-

327 2401 482 2455 lium
509 2415 630 2454 esse
672 2399 805 2454 Juda
831 2439 848 2465 ,
885 2399 977 2454 sed
1026 2399 1304 2463 Chanaan,
1337 2400 1452 2467 ejus
1481 2401 1687 2455 scilicet
1740 2403 1895 2470 cujus

327 2501 507 2547 actus
535 2501 590 2544 et
625 2505 787 2558 opera
827 2490 1169 2557 sequebatur.
1216 2489 1290 2542 Ita
1342 2505 1470 2560 ergo
1507 2501 1559 2545 et
1599 2491 1652 2545 hi
1701 2492 1791 2560 qui
1829 2497 1894 2547 de

323 2582 586 2637 Abrahae
624 2580 830 2634 semine
852 2579 1142 2632 secundum
1178 2594 1392 2633 carnem
1454 2595 1618 2650 genus
1651 2582 1892 2646 ducunt,

326 2687 457 2726 non
495 2671 750 2723 dicuntur
801 2668 890 2721 ﬁlii
921 2669 1147 2722 Abrahae
1173 2707 1190 2732 ,
1233 2670 1276 2722 si
1312 2671 1424 2736 eius
1462 2686 1566 2723 non
1600 2671 1793 2724 habent
1831 2670 1895 2725 ﬁ-

323 2761 496 2818 dem.
530 2761 623 2814 Sic
651 2761 883 2828 denique
915 2767 968 2812 et
998 2761 1251 2827 propheta
1279 2761 1406 2813 dicit
1433 2761 1497 2814 ad
1523 2775 1614 2814 eos
1639 2777 1654 2814 :
1683 2779 1702 2812 ‹
1734 2761 1888 2815 Pater

323 2861 476 2910 tuus
499 2852 866 2913 Amorrhazus,
911 2858 965 2904 et
1013 2859 1180 2904 mater
1227 2860 1314 2904 tua
1342 2850 1550 2906 Cethaea
1579 2852 1675 2917 ",i
1701 2855 1891 2922 quibus

323 2945 542 3012 utique
568 2957 674 2995 non
697 2954 791 2994 eos
835 2941 1176 2994 necessitudo
1201 2942 1433 3009 generis,
1463 2943 1554 2995 sed
1580 2957 1784 2997 morum
1818 2945 1892 2998 si-

323 3031 594 3087 militudo
644 3030 921 3100 iungebat.
975 3046 994 3080 ε
1037 3027 1105 3083 Ut
1137 3037 1281 3084 esset
1323 3043 1468 3098 ergo,
1512 3031 1702 3100 inquit,
1742 3042 1891 3100 pater

318 3121 590 3176 omnium
624 3119 962 3172 credentium
1008 3133 1104 3186 per
1142 3117 1456 3185 praeputium
1483 3156 1499 3181 ,
1535 3129 1592 3172 ut
1623 3129 1892 3188 reputetur

322 3210 452 3264 illis
478 3210 548 3262 ad
570 3206 868 3273 justitiam,
906 3214 961 3259 et
1008 3206 1080 3259 sit
1102 3214 1255 3273 pater
1287 3206 1713 3261 circumcisionis
1738 3248 1752 3271 ,
1785 3222 1888 3261 non

319 3299 425 3354 his
462 3307 672 3350 tantum
706 3295 799 3364 qui
828 3305 953 3350 sunt
983 3310 1050 3349 ex
1103 3295 1534 3360 circumcisione,
1585 3299 1678 3352 sed
1704 3306 1758 3352 et
1787 3298 1892 3351 illis

314 3389 430 3457 qui
479 3397 786 3454 sequuntur
807 3387 1030 3456 vestigia
1065 3386 1179 3453 eius
1212 3403 1330 3456 qua:
1355 3397 1438 3441 est
1465 3389 1517 3441 in
1549 3388 1809 3458 praeputio
1838 3390 1894 3443 ﬁ-

317 3477 424 3532 dei
475 3475 650 3544 patris
674 3475 843 3529 nostri
877 3475 1104 3528 Abrahae
1130 3475 1198 3527 ’⁷.
1231 3493 1249 3526 ι
1283 3476 1337 3529 in
1369 3490 1474 3544 quo
1498 3476 1778 3531 evidenter
1824 3495 1890 3532 ex

317 3576 585 3634 utroque
609 3565 822 3634 populo,
847 3566 986 3619 sicut
1019 3565 1260 3634 superius
1289 3565 1548 3630 diximus,
1583 3569 1894 3633 pronuntiat

316 3672 449 3712 non
483 3657 670 3709 carnis
696 3655 957 3723 originem
979 3693 994 3718 ,
1025 3659 1118 3709 sed
1144 3655 1529 3710 notabilitatem
1562 3657 1679 3710 ﬁdei
1711 3658 1889 3724 requi~

317 3746 595 3802 rendam.
627 3744 704 3799 De
726 3743 1148 3798 circumcisionis
1171 3753 1346 3797 autem
1370 3759 1706 3800 sacramento
1729 3747 1889 3802 latius

309 3834 451 3906 iam
495 3833 547 3884 in
577 3832 950 3900 superioribus
1000 3831 1252 3894 diximus,
1281 3833 1374 3886 sed
1407 3841 1462 3886 et
1497 3833 1550 3887 in
1575 3835 1694 3888 aliis
1727 3836 1890 3904 pluri-

315 3925 441 3980 bus
480 3920 616 3974 locis
644 3934 764 3988 qua:
784 3934 881 3988 pro
916 3935 974 3973 re
1003 3929 1056 3972 et
1084 3934 1180 3988 pro
1209 3927 1444 3989 tempore
1469 3935 1750 3977 occurrere
1775 3924 1888 3978 visa

315 4017 473 4066 sunt
513 4008 888 4077 exposuimus.
943 4006 1049 4062 Sed
1079 4007 1385 4075 diligentem
1412 4008 1688 4074 lectorem,
1728 4026 1886 4079 quem

315 4087 652 4156 iota‘uuum
677 4107 772 4151 aut
793 4111 927 4150 unus
955 4111 1087 4166 apex
1110 4098 1176 4151 de
1196 4097 1309 4162 lege
1336 4112 1440 4152 non
1471 4101 1703 4165 praeterit
1723 4102 1793 4163 9',
1821 4117 1888 4156 ue

317 4190 478 4248 illud
501 4188 724 4257 quidem
751 4186 919 4240 latere
947 4187 1127 4249 debet,
1151 4189 1274 4254 quia
1298 4188 1399 4242 hoc
1428 4189 1568 4258 quod
1596 4191 1884 4260 Apostolus

313 4281 504 4340 dixit.
546 4295 568 4328 ε
594 4277 865 4344 Reputata
911 4284 994 4329 est
1034 4276 1263 4330 Abrahae
1304 4277 1434 4333 ﬁdes
1481 4279 1596 4348 ejus
1628 4282 1692 4335 ad
1722 4283 1886 4352 justi-

2001 1855 2187 1908 semiui
2215 1855 2353 1924 ejus,
2385 1866 2443 1909 ut
2465 1855 2634 1911 ltares
2678 1868 2823 1912 esset
2877 1864 3057 1914 mundi
3084 1879 3099 1916 :
3127 1863 3218 1915 sed
3243 1877 3340 1931 per
3368 1864 3530 1931 iusti-

2004 1947 2127 2000 tiam
2182 1947 2301 2001 t'ldei
2333 1947 2373 2002 δ.
2413 1965 2433 1999 i
2484 1947 2594 2002 Hoc
2645 1950 2696 2002 in
2736 1950 2854 2004 loco
2901 1952 3032 2004 mihi
3069 1953 3280 2006 videtur
3313 1954 3379 2008 de
3413 1955 3531 2025 lege

2001 2037 2170 2105 Moysi
2214 2037 2500 2106 Apostolus
2528 2039 2820 2105 disputare,
2851 2047 2904 2093 et
2938 2055 3182 2096 asserere
3216 2043 3353 2109 quod
3405 2059 3531 2113 pro-

2001 2127 2184 2181 ntiSsiO
2211 2142 2330 2194 quas
2372 2127 2510 2181 facta
2556 2138 2640 2183 est
2670 2130 2734 2181 ad
2762 2129 3027 2183 Abraham
3061 2140 3118 2184 ut
3161 2132 3526 2188 hereditatem

2001 2217 2207 2279 mundi,
2243 2218 2292 2270 id
2323 2228 2405 2271 est
2446 2229 2600 2271 terra!
2627 2219 2786 2272 totius
2817 2219 3081 2285 acciperet
3103 2221 3214 2288 ipse
3237 2225 3316 2274 vel
3343 2237 3525 2276 semen

1999 2305 2135 2380 ejus.
2165 2321 2268 2359 non
2294 2323 2359 2361 ex
2384 2307 2549 2376 Moysi
2579 2307 2692 2375 lege
2725 2317 3011 2362 constaret.
3037 2311 3173 2364 Ante
3197 2311 3338 2364 enim
3365 2327 3524 2380 quam

2001 2379 2204 2464 M-oyses
2228 2395 2496 2464 legislator
2527 2396 2834 2458 exsisteret,
2861 2399 3007 2451 visus
3031 2409 3172 2464 est,
3195 2379 3392 2469 inquit,
3425 2402 3530 2456 Do-

1999 2486 2172 2538 minus
2207 2485 2449 2549 Abrahar,
2478 2497 2532 2539 et
2554 2487 2686 2539 dixit
2714 2485 2780 2538 ad
2805 2501 2925 2540 eum
2957 2486 3100 2557 (59):
3127 2507 3144 2539 ι
3173 2488 3270 2542 Exi
3296 2491 3359 2544 de
3385 2475 3525 2547 terra

1997 2580 2110 2635 tua,
2142 2581 2196 2626 et
2225 2567 2290 2627 de
2318 2575 2630 2643 cognatione
2658 2586 2765 2639 tua,
2787 2584 2840 2629 et
2871 2577 2938 2630 de
2963 2577 3120 2631 domo
3148 2581 3316 2648 patris
3341 2582 3438 2646 tui,
3469 2591 3525 2636 et

1992 2666 2115 2718 seni
2155 2665 2207 2718 in
2237 2673 2431 2719 terram
2461 2681 2618 2734 quam
2647 2666 2931 2722 ostendero
2961 2668 3054 2722 tibi
3085 2681 3102 2722 :
3149 2680 3203 2724 et
3252 2669 3441 2724 faciam
3474 2683 3524 2726 te

1997 2755 2048 2808 in
2075 2764 2282 2824 gentem
2311 2769 2576 2824 magnam,
2607 2763 2662 2809 et
2706 2757 3012 2811 benedicatn
3051 2767 3102 2812 te
3126 2797 3143 2822 ,
3182 2769 3237 2814 et
3287 2763 3526 2831 magniﬁ-

1996 2845 2131 2899 cabo
2152 2857 2342 2897 nomen
2371 2853 2540 2907 tuum,
2567 2851 2621 2898 et
2678 2844 2786 2900 eris
2837 2845 3148 2902 benedictus
3179 2865 3194 2900 :
3223 2856 3278 2902 et
3310 2850 3527 2904 benedi-

1971 2945 2111 2992 ,cam
2144 2932 2511 2987 benedicentcs
2545 2943 2617 2998 te,
2678 2941 2734 2986 et
2784 2933 3093 2988 maledicam
3142 2938 3526 2993 maledicentes

1998 3031 2068 3087 te,
2096 3029 2149 3075 et
2176 3021 2560 3076 benedicentur
2607 3023 2659 3076 in
2715 3031 2768 3075 te
2808 3037 2992 3078 omnes
3034 3025 3204 3080 tribus
3249 3036 3405 3082 terra;
3431 3029 3472 3082 ⁵.
3503 3049 3521 3081 ι

1990 3111 2140 3178 Quod
2165 3125 2293 3181 ergo
2319 3112 2468 3175 dicit,
2503 3131 2522 3162 c
2563 3111 2951 3167 Benedicentur
2981 3115 3032 3168 in
3070 3123 3120 3168 te
3139 3130 3324 3170 omnes
3358 3119 3527 3174 tribus

1995 3213 2165 3268 terrae,
2214 3219 2233 3253 ι
2263 3201 2365 3256 hoc
2385 3212 2466 3254 est
2486 3202 2748 3256 heredem
2770 3201 2964 3256 factum
2986 3219 3106 3258 esse
3135 3205 3298 3259 totius
3319 3209 3524 3262 mundi.

1991 3292 2118 3356 Quae
2143 3289 2325 3359 utique
2353 3290 2634 3358 promissio
2665 3291 2730 3345 ad
2763 3292 3032 3346 Abraham
3066 3303 3222 3349 antea
3255 3295 3395 3350 facta
3417 3309 3522 3362 est,

1990 3396 2146 3449 quam
2171 3395 2268 3452 per
2299 3380 2510 3452 Moysen
2539 3381 2604 3435 de
2630 3382 2766 3452 legis
2788 3383 3126 3439 observantia
3156 3389 3521 3444 mandaretur.

1992 3475 2080 3528 Sic
2112 3489 2238 3544 ergo
2261 3489 2362 3529 non
2391 3484 2470 3530 est
2496 3490 2561 3529 ex
2599 3477 2716 3544 lege
2761 3478 3045 3545 promissio
3076 3479 3327 3543 Abrahae,
3355 3497 3524 3549 neque

1990 3563 2178 3618 semini
2197 3561 2334 3631 eius,
2362 3573 2419 3618 ut
2447 3565 2615 3619 haeres
2645 3565 2716 3619 sit
2743 3568 2947 3627 mundi,
2979 3569 3074 3622 sed
3117 3583 3211 3638 per
3257 3570 3520 3637 justitiam

1990 3656 2128 3710 ﬁdei.
2156 3655 2282 3721 Quae
2311 3665 2392 3709 est
2411 3657 2512 3710 ista
2541 3655 2748 3722 iustitia
2779 3658 2898 3712 ﬁdei
2921 3657 2946 3711 ἲ
2967 3659 3040 3712 De
3061 3675 3164 3728 qua
3203 3660 3311 3731 (60)
3344 3663 3397 3716 in
3428 3678 3522 3717 su-

1990 3746 2286 3815 perioribus
2309 3745 2564 3799 scribitur
2592 3745 2726 3816 (6i),
2759 3755 2816 3799 ut
2833 3761 2972 3817 saepe
2989 3748 3099 3818 iam
3124 3749 3375 3815 diximus,
3399 3754 3522 3820 quia

1993 3851 2012 3884 ‹
2050 3833 2273 3887 credidit
2305 3833 2578 3887 Abraham
2611 3835 2744 3896 Deo.
2795 3843 2852 3889 et
2910 3845 3209 3903 reputatum
3241 3848 3324 3893 est
3349 3841 3421 3893 illi
3451 3842 3521 3896 ad

1982 3923 2238 3992 justitiam
2270 3922 2312 3978 “.
2347 3941 2365 3974 ι
2409 3921 2517 3976 Nec
2543 3922 2848 3977 immerito:
2895 3924 3027 3992 legis
3055 3926 3195 3979 enim
3232 3929 3522 3983 observan-

1988 4014 2059 4066 tia
2096 4026 2306 4081 poenam
2333 4013 2694 4067 tantummodo
2717 4013 2936 4082 eﬁ‘ugit;
2969 4014 3089 4068 ﬁdei
3116 4030 3248 4070 vero
3269 4019 3518 4072 meritum

1987 4101 2097 4170 (62)
2128 4117 2273 4170 spem
2305 4102 2735 4171 repromissionis
2761 4114 3035 4171 exspectat
3071 4122 3086 4158 :
3111 4117 3164 4158 et
3189 4119 3515 4176 praeceptum

1986 4193 2155 4246 servis
2180 4191 2414 4260 ponitur,
2454 4191 2586 4246 ﬁdes
2615 4193 2873 4261 quaeritur
2905 4195 2972 4247 ab
3006 4195 3212 4251 amicis.
3249 4195 3353 4250 Sed
3394 4207 3447 4251 et
3471 4200 3519 4254 si

1986 4283 2272 4336 secundum
2306 4296 2367 4335 ea
2410 4297 2528 4351 qua:
2559 4283 2611 4335 in
2649 4283 3016 4350 superioribus
3051 4285 3418 4351 disseruimus,
3451 4291 3518 4344 de

313 4375 473 4429 tiam
500 4371 576 4433 θ’,
612 4387 632 4420 ι
657 4369 747 4421 illo
764 4376 1004 4437 tempore
1025 4382 1146 4421 cum
1178 4367 1242 4420 de
1266 4381 1331 4420 eo
1359 4369 1616 4436 scriptum
1644 4371 1883 4440 estquod
1917 4394 1957 4448 ο
1987 4369 2100 4437 lege
2131 4369 2355 4422 naturali
2409 4368 2602 4424 Paulus
2635 4371 2748 4424 haec
2799 4369 2977 4425 dicere
3002 4373 3356 4444 intelligatur,
3409 4394 3516 4432 non

318 4460 646 4519 crediderit
681 4460 811 4522 Deo,
845 4469 900 4511 et
934 4469 1231 4526 reputatum
1264 4462 1334 4514 sit
1364 4463 1411 4514 ei
1457 4463 1522 4514 ad
1551 4461 1807 4529 justitiam
1838 4463 1880 4526 ⁸,

315 4551 584 4607 nondum
616 4547 884 4601 Abraham
917 4548 1228 4612 vocabatur,
1277 4549 1370 4603 sed
1403 4549 1598 4602 Abram
1626 4559 1742 4604 erat
1787 4565 1877 4603 no-

313 4656 462 4698 men
487 4639 632 4708 ejus.
666 4637 852 4690 Adhuc
877 4637 1020 4689 enim
1063 4637 1472 4693 incircumcisus
1506 4641 1773 4705 manebat,
1825 4649 1883 4694 ut

315 4734 734 4797 interpretatur
780 4725 1063 4793 Apostolus
1095 4726 1137 4778 '.
1171 4725 1246 4780 De
1289 4742 1396 4795 quo
1431 4727 1694 4796 aliquibus
1739 4727 1878 4783 forte

311 4821 616 4877 videbitur
639 4832 794 4871 error
820 4817 871 4868 in
905 4816 1299 4886 exemplaribus
1328 4817 1531 4879 haberi,
1555 4819 1696 4886 quod
1725 4819 1878 4872 facile

308 4909 617 4968 Abraham
653 4919 752 4974 pro
775 4904 971 4958 Abram
1002 4904 1162 4959 scribi
1197 4905 1447 4972 potuerit.
1479 4905 1583 4959 Sed
1610 4905 1731 4974 quia
1761 4907 1877 4960 haec

396 5069 456 5102 ’δ
493 5066 650 5121 Joan.
702 5080 820 5128 vut,
852 5063 940 5117 59.
1019 5065 1062 5096 "
1084 5065 1211 5117 Dan.
1239 5080 1356 5126 xm,
1389 5065 1475 5116 56.
1537 5065 1583 5096 ⁸⁸
1611 5063 1804 5118 Ezech.
1850 5080 1956 5126 xv1,
1991 5067 2040 5118 5.

1985 4458 2087 4512 erit
2112 4459 2433 4512 contrarium
2465 4459 2759 4514 rationibus
2789 4462 3029 4530 superius
3048 4465 3287 4522 redditis.
3317 4467 3516 4532 Quam-

1983 4547 2066 4601 vis
2093 4547 2232 4601 enim
2261 4548 2345 4601 lex
2395 4557 2597 4603 natura:
2628 4551 2691 4604 de
2721 4550 2858 4605 bono
2901 4559 2956 4608 et
2983 4552 3120 4604 malo
3148 4556 3508 4611 testimonium

1988 4638 2171 4692 reddat
2198 4640 2486 4694 secundum
2515 4639 2770 4709 judicium
2801 4643 3162 4707 conscientiae,
3202 4657 3375 4699 tamen
3406 4647 3509 4716 legi

1986 4725 2104 4782 ﬁdei
2154 4744 2258 4782 non
2305 4737 2481 4797 potest
2521 4732 2815 4798 exaequari,
2850 4746 2952 4799 qua
3005 4731 3112 4786 Deo
3143 4735 3256 4802 (63)
3289 4736 3516 4791 credidit

1977 4816 2268 4880 Abraham,
2293 4829 2346 4871 et
2385 4817 2669 4884 iustiﬁcari
2706 4820 2902 4874 meruit
2955 4828 3131 4888 atque,
3159 4823 3364 4876 amicus
3420 4823 3516 4877 Dei

1979 4906 2226 4974 appellari
2251 4908 2294 4960 ".

2117 5068 2160 5098 ⁸⁷
2185 5063 2337 5118 Rom.
2387 5080 2456 5123 tv,
2505 5064 2694 5126 ΝΛΞ.
2757 5062 3004 5116 “Matth.
3050 5059 3215 5116 v.l8.
3291 5063 3334 5094 ”
3360 5061 3516 5126 “om.

305 5157 402 5201 ογ,
433 5138 497 5191 9.
552 5137 567 5166 ¹
601 5135 735 5189 Gen.
767 5123 856 5201 xv.
894 5135 946 5185 ϐ.
1020 5135 1040 5163 ²
1070 5132 1220 5185 Rom.
1246 5149 1317 5197 tv,
1346 5123 1408 5186 ιο
1433 5147 1544 5200 seq.
1619 5131 1639 5161 ³
1667 5131 1802 5185 Gen.
1830 5149 1893 5187 xv

1995 5138 2021 5188 ὲ.
2094 5135 2115 5166 ’⁸
2143 5135 2293 5187 Rom.
2319 5151 2396 5200 tv,
2425 5133 2507 5184 l3.
2575 5123 2600 5163 ⁸
2627 5131 3053 5201 Gen.xn,l,seq.
3088 5126 3108 5156 ⁸
3135 5129 3296 5181 liottt.
3335 5145 3410 5190 tv,
3451 5123 3521 5194 ὃς

304 5200 478 5265 Cist).
504 5218 594 5266 xv,
631 5203 684 5255 6.
761 5204 780 5233 "
815 5200 930 5254 Jac.
955 5217 1018 5263 tt,
1042 5201 1131 5254 23.

393 5342 526 5411 (57)
554 5341 726 5411 Alias,
758 5357 777 5389 ε
799 5338 1143 5405 jttstiﬁcatns.
1182 5359 1200 5389 ι

555 5410 727 5484 Alias,
764 5427 782 5458 ι
821 5411 1061 5484 probare.
1100 5427 1119 5458 ι
1180 5476 1191 5484 _
1308 5475 1319 5484 ι
1401 5477 1433 5484 __
1535 5473 1546 5484 .

395 5475 528 5547 ('59)
555 5476 655 5547 Ms.
687 5475 845 5536 unus,
881 5494 899 5525 ι
943 5475 1147 5536 videns,
1180 5475 1367 5543 inquit,
1401 5475 1652 5530 Dominus
1701 5476 1882 5529 Abra-

304 5545 659 5608 ham,'dixit
684 5547 749 5596 ad
781 5558 922 5605 eum,
957 5563 975 5593 ι
1002 5552 1104 5595 etc.

394 5611 528 5686 (60)
561 5613 735 5666 Editi:
765 5629 784 5660 ε
820 5611 883 5664 Ει
918 5620 1000 5662 est
1033 5614 1126 5663 ista
1177 5611 1376 5677 iustitia
1411 5610 1566 5673 ﬁdei,
1595 5609 1658 5664 de
1679 5628 1813 5680 qua,
1857 5632 1877 5664 ο

661 5701 926 5760 ΡΑτιιοι.
973 5699 1085 5758 Gn.
1133 5699 1215 5758 ΧΙ
1233 5699 1295 5760 ν.

1984 5349 2163 5470 mnu)
2191 5391 2353 5460 Alias,
2389 5413 2407 5444 ι
2445 5397 2594 5470 dixit.
2636 5414 2655 5445 ι

2077 5468 2163 5538 69..)
2193 5469 2353 5528 Alias,
2383 5483 2400 5514 t
2433 5468 2695 5538 ttteritam.
2734 5482 2752 5513 ι

2079 5531 2165 5607 63)
2188 5539 2352 5597 Alias,
2384 5551 2401 5583 t
2431 5531 2721 5602 adaequari,
2747 5533 2872 5600 quia
2909 5531 3048 5584 Deo,
3089 5541 3109 5572 ι
3133 5531 3246 5574 etc.

3149 5673 3228 5735 31
