3836 6222
316 279 414 334 97f

319 485 587 542 exinanita
617 487 698 531 est
723 476 873 538 ﬁdes,
903 485 956 528 et
985 478 1240 526 evacuata
1277 469 1386 538 (65)
1420 478 1503 522 est
1538 468 1836 536 promissio.

321 579 428 632 Lex
465 573 603 628 enim
647 568 778 620 iram
809 573 1082 632 operatur.
1115 561 1210 616 Ubi
1242 571 1417 614 autem
1450 574 1551 612 non
1600 567 1681 612 est
1711 559 1789 611 lex
1821 597 1836 620 ,

322 680 417 719 nec
446 655 810 730 prmvaricatio
835 652 880 704 ⁸.
918 671 937 702 ι
965 651 1047 713 Si,
1097 650 1308 717 inquit,
1340 664 1446 703 non
1478 663 1544 701 ex
1571 647 1688 716 lege
1719 662 1840 715 pro—

319 752 498 808 missio
529 750 648 802 data
681 755 763 798 est
799 743 1029 796 Abrahae
1055 751 1114 794 ut
1143 744 1310 795 haares
1341 748 1480 794 esset
1510 740 1712 802 mundi,
1745 739 1835 792 sed

317 858 410 912 per
439 839 595 893 ﬁdem
635 850 750 903 qua:
777 835 826 887 ei
865 833 930 886 ad
951 832 1220 898 justitiam
1255 840 1494 900 reputata
1518 841 1620 896 est,
1651 844 1838 882 conse—

315 944 486 1000 quens
509 929 624 981 sine
645 924 804 978 dubio
833 923 953 986 erit,
997 931 1055 974 ut
1094 930 1148 974 et
1171 936 1355 974 omnes
1383 921 1472 988 qui
1500 929 1714 987 sperant
1737 919 1834 973 sibi

316 1033 345 1071 a
382 1017 488 1070 Deo
512 1012 771 1083 justitiam
809 1011 1150 1077 reputandam
1181 1051 1196 1075 ,
1235 1025 1335 1062 non
1381 1023 1474 1076 per
1527 1009 1716 1077 legem,
1749 1008 1841 1060 sed

316 1121 414 1175 per
443 1104 599 1158 ﬁdem
631 1109 867 1170 sperent.
890 1099 954 1152 Et
978 1108 1034 1152 ut
1064 1100 1163 1151 hoc
1190 1099 1485 1152 evidentius
1511 1099 1839 1161 ostenderet,

315 1193 516 1248 addidit
552 1212 564 1246 :
597 1190 675 1256 Si,
709 1188 900 1256 inquit,
928 1189 978 1241 hi
1015 1189 1104 1255 qui
1131 1203 1196 1241 ex
1229 1187 1340 1256 lege
1367 1197 1510 1250 sunt,
1536 1187 1633 1254 ipsi
1674 1188 1843 1239 haere-

317 1285 412 1338 des
446 1290 604 1336 erunt
627 1279 1056 1346 repromissionis
1091 1277 1232 1329 illius
1256 1292 1411 1345 quam
1436 1291 1529 1344 per
1559 1277 1714 1328 ﬁdem
1734 1289 1844 1327 me-

314 1373 423 1427 ruit
449 1371 739 1432 Abraham,
763 1369 1108 1422 evacuabitur
1145 1368 1272 1421 illud
1297 1367 1438 1436 quod
1467 1382 1532 1419 ex
1561 1367 1663 1419 ﬁde
1685 1366 1843 1434 justi-

319 1461 504 1513 ﬁcatus
527 1468 609 1511 est
632 1458 942 1510 Abraham:
984 1470 1102 1509 cum
1149 1455 1330 1522 utique
1353 1455 1402 1508 si
1423 1470 1486 1508 ex
1525 1454 1639 1522 lege
1664 1453 1844 1506 futura

315 1558 458 1604 esset
480 1549 774 1610 hereditas,
799 1547 1096 1615 oportuerit
1125 1553 1177 1599 et
1205 1545 1467 1599 Abraham
1495 1545 1666 1613 legem
1698 1546 1847 1613 prius

215 1643 223 1652 '
317 1638 558 1706 implere,
601 1646 655 1689 et
690 1637 764 1690 ita
798 1637 1159 1690 hereditatem
1187 1635 1408 1704 justitia:
1432 1636 1746 1703 promereri.
1782 1634 1847 1688 Et

319 1701 650 1784 ut-ostendat
677 1728 820 1781 nullo
847 1727 1003 1782 modo
1030 1728 1130 1779 hoc
1162 1701 1237 1779 ita
1281 1726 1391 1779 ﬁeri
1426 1701 1682 1795 potuisse,
1717 1725 1846 1778 dicit
1879 1701 1918 1753 Β

320 1818 460 1888 quod
483 1817 566 1871 lex
602 1817 736 1870 iram
765 1825 1035 1884 operatur.
1081 1815 1182 1869 Ubi
1236 1825 1410 1868 autem
1445 1815 1523 1869 ira
1547 1823 1647 1877 est,
1678 1815 1846 1868 haere-

323 1909 462 1962 ditas
487 1922 592 1961 non
625 1918 740 1971 est;
763 1916 814 1960 et
843 1905 1079 1959 addidit:
1114 1923 1133 1954 ι
1165 1905 1264 1959 Ubi
1294 1914 1466 1957 autem
1501 1921 1602 1958 non
1625 1915 1706 1958 est
1738 1904 1845 1968 lex,

322 2012 421 2052 nec
449 1995 839 2066 praevaricatio.
873 2015 893 2046 ›
930 1993 1033 2049 Sed
1066 2003 1372 2064 repetamus
1407 1995 1677 2064 paululum
1713 1993 1843 2066 (66),

317 2094 372 2140 et
404 2085 674 2139 videamus
696 2086 760 2138 de
793 2099 896 2152 qua
921 2085 1035 2153 lege
1063 2086 1161 2140 ista
1202 2086 1469 2138 dicantur.
1517 2087 1573 2138 ln
1609 2087 1847 2155 superio-

319 2173 466 2227 ribus
499 2173 710 2240 quidem
757 2172 844 2224 ubi
893 2172 1041 2235 dicit,
1075 2188 1094 2221 ι
1135 2170 1190 2224 Si
1229 2172 1369 2224 enim
1419 2173 1507 2238 qui
1529 2187 1592 2225 ex
1628 2173 1764 2242 lege,
1795 2175 1846 2227 hi

321 2263 559 2316 haeredes
588 2270 733 2325 sunt,
765 2261 1037 2314 exinanita
1092 2269 1173 2314 est
1222 2261 1374 2325 ﬁdes,
1400 2270 1455 2315 et
1478 2273 1732 2316 evacuata
1765 2273 1851 2318 est

319 2352 626 2421 promissio,
663 2371 682 2402 ι
711 2361 884 2421 potest
920 2359 977 2405 et
1005 2351 1069 2403 ad
1103 2351 1269 2418 Moysi
1305 2351 1494 2420 legem,
1527 2361 1582 2406 et
1603 2355 1668 2405 ad
1697 2362 1851 2406 natu-

322 2441 485 2494 ralem
517 2440 724 2494 referri.
775 2439 989 2493 Certum
1041 2448 1127 2493 est
1172 2440 1314 2492 enim
1367 2438 1504 2506 quod
1551 2440 1594 2493 si
1647 2457 1711 2494 ex
1739 2440 1852 2509 lege

323 2531 487 2600 Moysi
505 2540 790 2600 praestatur
806 2530 1106 2592 hmreditas,
1129 2539 1420 2582 evacuatur
1440 2530 1549 2599 (67)
1567 2529 1691 2582 illud
1713 2531 1852 2594 quod

323 2622 600 2686 scribitur,
626 2620 896 2674 Abraham
926 2618 1047 2672 ﬁdei
1082 2618 1396 2673 credulitate
1427 2621 1684 2672 meruisse
1707 2622 1850 2686 (68):

322 2722 379 2766 et
402 2725 609 2765 rursum
649 2710 694 2764 si
726 2711 794 2763 ad
838 2709 1134 2762 naturalem
1183 2707 1348 2775 legem
1383 2717 1731 2762 convertatur
1770 2710 1853 2761 in—

323 2799 636 2869 telligentia,
665 2801 777 2852 haec
803 2796 906 2851 dici
938 2807 1160 2866 possunt
1213 2797 1361 2867 (69):
1390 2797 1448 2851 Si
1486 2798 1726 2852 sullicere
1764 2814 1855 2866 po-

325 2889 513 2943 tuisset
539 2887 622 2942 lex
667 2887 922 2939 naturalis
948 2886 1013 2939 ad
1057 2885 1214 2940 ﬁdem
1244 2926 1260 2951 ,
1296 2884 1620 2954 superﬂuum
1648 2888 1856 2940 videre-

326 2987 413 3032 tur
431 2977 570 3046 quod
615 2976 811 3030 dictum
836 2984 918 3030 est
959 2976 1025 3030 ad
1067 2949 1375 3029 Abraham:
1417 2993 1436 3026 ι
1471 2975 1567 3028 Exi
1597 2978 1662 3029 de
1709 2949 1921 3070 terra.C

325 3079 438 3134 tua,
461 3077 514 3122 et
540 3067 605 3122 de
625 3067 941 3134 cognatione
963 3073 1073 3128 tua,
1116 3075 1170 3119 et
1193 3065 1260 3119 de
1285 3066 1439 3118 domo
1460 3066 1629 3134 patris
1653 3067 1750 3131 tui,
1802 3076 1855 3120 et

323 3159 446 3212 veni
485 3158 540 3212 in
582 3165 781 3212 terram
831 3171 990 3224 quam
1036 3156 1320 3209 ostendero
1372 3155 1467 3208 tibi
1494 3158 1537 3208 ⁸.
1596 3175 1616 3207 ›
1661 3154 1856 3224 thuid

325 3248 469 3302 enim
495 3246 666 3302 exiret
691 3247 756 3302 de
787 3255 931 3301 terra
955 3261 1072 3311 sua,
1097 3255 1152 3300 et
1175 3247 1238 3300 de
1272 3248 1427 3300 domo
1461 3261 1578 3312 sua,
1607 3246 1654 3301 si
1699 3247 1748 3300 ei
1771 3247 1857 3300 lex

327 3335 596 3391 sufﬁceret
625 3337 908 3400 naturalis,
938 3351 1094 3406 quam
1121 3338 1308 3404 utique
1335 3347 1389 3390 et
1408 3337 1460 3388 in
1485 3344 1624 3390 terra
1650 3351 1744 3390 sua
1760 3351 1858 3404 po-

327 3424 464 3478 situs
485 3423 678 3478 habere
701 3432 755 3477 et
780 3423 1050 3478 custodire
1097 3425 1400 3492 potuisset?
1425 3425 1528 3480 Sed
1553 3441 1692 3480 nunc
1717 3427 1859 3480 velut

328 3515 420 3568 illa
446 3515 621 3568 minus
651 3513 947 3568 sufﬁciente
971 3514 1190 3582 jubetur
1220 3516 1384 3586 legem
1407 3515 1527 3570 ﬁdei
1551 3517 1728 3584 sequi,
1747 3516 1861 3572 sine

330 3617 433 3672 qua
461 3601 568 3673 (70)
593 3617 689 3657 nec
711 3604 880 3658 haeres
906 3618 1024 3658 esse
1045 3604 1224 3658 mundi
1243 3605 1354 3674 ipse
1375 3605 1458 3659 vel
1483 3620 1664 3660 semen
1682 3621 1860 3672 suum,

333 3707 432 3748 nec
457 3693 659 3746 amicus
679 3692 772 3746 Dei
799 3701 1008 3760 poterat
1023 3693 1276 3763 appellari
1303 3711 1318 3748 :
1345 3695 1424 3750 sic
1444 3710 1572 3765 ergo
1599 3705 1770 3766 potest
1794 3697 1862 3750 ab

331 3791 558 3850 utraque
585 3781 700 3852 lege
731 3783 1064 3838 subtractum
1115 3785 1182 3839 ad
1221 3785 1386 3839 solam
1427 3787 1548 3841 ﬁdei
1581 3786 1747 3857 legem
1779 3802 1864 3841 re-

331 3872 538 3939 spicere
559 3871 699 3941 quod
731 3873 893 3927 dicit:
931 3891 950 3924 ι
987 3873 1044 3928 Si
1078 3874 1218 3928 enim
1249 3877 1336 3944 qui
1364 3889 1430 3930 ex
1462 3876 1598 3944 lege,
1651 3877 1702 3930 hi
1762 3877 1863 3930 hae-

333 3961 486 4015 redes
508 3967 650 4026 sunt,
687 3961 962 4015 exinanita
987 3969 1071 4016 est
1104 3962 1255 4028 ﬁdes,
1281 3973 1335 4018 et
1353 3974 1604 4018 evacuata
1635 3973 1718 4018 est
1740 3979 1866 4031 pro-

333 4049 535 4104 missio.
562 4068 580 4100 ι
603 4047 721 4103 Jam
760 4065 889 4104 vero
913 4053 963 4105 in
997 4051 1099 4106 hoc
1121 4053 1234 4107 loco
1255 4053 1507 4118 ubidicit,
1539 4075 1557 4106 ι
1592 4053 1700 4107 Lex
1723 4056 1864 4110 enim

332 4139 467 4192 iram
496 4147 766 4207 operatur,
801 4157 822 4192 ι
853 4140 1159 4209 diligentius
1177 4142 1482 4196 intuendum
1509 4151 1590 4196 est
1619 4145 1683 4196 ad
1706 4159 1864 4213 quam

334 4225 502 4294 legem
534 4228 808 4294 respicere
840 4231 1082 4284 videatur
1110 4231 1198 4284 hic
1228 4245 1403 4285 sermo
1428 4247 1444 4296 ;
1471 4231 1561 4285 sed
1588 4239 1640 4285 et
1667 4231 1752 4287 ille
1775 4235 1864 4302 qui

335 4317 595 4384 sequitur,
632 4336 652 4369 ι
695 4318 797 4373 Ubi
826 4322 968 4373 enim
999 4335 1104 4374 non
1133 4330 1216 4374 est
1266 4321 1374 4385 lex,
1403 4336 1504 4374 nec
1545 4323 1862 4389 praevarica-
1896 4324 1940 4378 D
1971 4329 2262 4380 memorari
2295 4329 2416 4396 quis
2443 4330 2599 4396 velit,

339 4409 429 4460 tio.
443 4427 462 4459 ι
489 4407 594 4462 Sed
610 4410 914 4477 priusquam
929 4423 960 4462 a
984 4409 1135 4463 nobis
1151 4409 1352 4478 plenior
1368 4409 1669 4476 explanatio
1691 4411 1865 4479 requi-

338 4506 507 4562 ratur,
523 4497 590 4550 ad
611 4497 696 4550 illa
713 4498 945 4552 breviter
963 4499 1398 4566 respondeamus,
1416 4513 1534 4567 qua:
1555 4500 1622 4554 de
1634 4501 1735 4555 hoc
1748 4501 1865 4556 loco

341 4586 574 4656 haeretici
598 4587 751 4640 nobis
769 4586 938 4641 solent
961 4587 1272 4642 obtendere.
1300 4588 1649 4643 Aiunteuim:
1682 4609 1701 4642 ‹
1731 4591 1866 4647 Ecce

343 4675 607 4743 quomodo
631 4676 912 4744 Apostolus
939 4677 1070 4730 dicit
1099 4677 1220 4745 quia
1260 4677 1344 4731 lex
1377 4677 1544 4749 Moysi
1575 4681 1708 4734 iram
1735 4695 1865 4750 0pc-

341 4775 520 4830 ratur,
545 4766 634 4820 ubi
649 4781 773 4821 vero
793 4765 874 4821 lex
895 4767 984 4821 illa
1008 4783 1112 4821 non
1132 4768 1315 4832 fuerit,
1338 4769 1406 4823 ibi
1433 4786 1530 4824 nec
1549 4773 1867 4838 praevarica-

409 4929 432 4962 ⁶
462 4928 613 4982 Rom.
650 4944 722 4991 tv,
776 4927 882 4995 14,
925 4928 1009 4983 l5.
1086 4931 1106 4961 ⁹
1137 4929 1270 4985 Gen.
1305 4946 1403 4998 xu,
1437 4935 1492 4988 Ι.
1559 4933 1603 4963 ¹⁰
1636 4931 1656 4986 l
1684 4933 1822 4988 Tim.
1856 4949 1917 5000 tt,
1953 4935 2037 4989 M.

434 5076 520 5144 64)
554 5074 643 5144 lli.
681 5075 842 5130 Deest
873 5077 924 5132 in
960 5088 1112 5133 antea
1143 5080 1321 5135 editis.

436 5142 523 5206 65)
551 5142 616 5195 Et
635 5154 901 5200 evacuate.
931 5147 1014 5200 Al.
1049 5164 1068 5198 ι
1102 5157 1157 5202 ει
1185 5150 1404 5206 abolita.
1437 5171 1456 5204 ι

439 5212 729 5284 §§)1_\_li_as,
764 5231 782 5263 ι
813 5213 916 5267 Sed
949 5226 1250 5284 repetamus
1273 5219 1513 5276 Paulum.
1555 5239 1575 5273 ι

420 5280 530 5346 (67)
557 5279 697 5346 Editi
730 5297 744 5333 :
779 5298 797 5330 t
841 5290 899 5334 ut
925 5279 1227 5338 evacuetur.
1258 5303 1276 5336 ι

417 5345 526 5413 (68)
551 5345 650 5418 Ms.
667 5361 856 5418 unus:
888 5367 906 5400 ι
945 5365 1042 5418 per
1077 5353 1199 5407 ﬁdei
1242 5357 1607 5412 credulitatem
1649 5357 1869 5413 meruis-

353 5415 794 5484 segraladeest
825 5433 844 5466 ι
881 5415 991 5484 per.
1033 5438 1062 5474 ι.

567 5480 704 5562 Editi
736 5499 750 5535 :
791 5499 809 5531 ι
833 5479 1178 5562 ititeiligentia
1211 5489 1343 5562 lucc,
1371 5492 1477 5562 diei
1509 5503 1700 5562 potest.
1738 5511 1758 5546 ι

419 5547 530 5613 (70)
563 5546 683 5600 Sine
711 5565 830 5615 qua.
855 5546 1063 5619 Ειιὶιίῖι
1101 5559 1272 5626 quasi,
1306 5546 1342 5610 ι’
1365 5546 1521 5615 male:

1752 259 2061 318 ORIGENIS

385 397 440 451 4.
472 413 491 444 ι
531 392 585 447 Si
614 389 751 445 enim
778 383 866 453 qui
906 395 969 434 ex
999 378 1132 448 lege,
1178 378 1229 432 hi
1267 377 1377 447 (64)
1417 377 1652 432 hazredes
1680 389 1804 433 sunt
1825 418 1842 445 ,
1871 386 1915 438 Α
1945 379 2018 430 tio
2045 373 2201 444 527
2248 373 2370 427 erit.
2407 391 2424 424 ι
2474 369 2852 437 Requiramus
2882 375 3031 430 ergo
3065 359 3142 414 ab
3173 358 3271 413 eis
3322 373 3340 410 :

1939 467 2019 520 lex
2068 474 2184 529 est,
2237 473 2292 516 et
2330 459 2714 529 praevaricatio
2766 455 2883 510 erit
2947 462 3349 516 transgressa:
3411 446 3584 514 legis;

1937 571 2067 623 ergo
2093 562 2147 607 et
2175 554 2265 606 ubi
2298 553 2428 605 ﬁdes
2457 559 2571 610 est,
2624 557 3004 613 transgressa:
3039 540 3176 592 ﬁdei
3232 537 3585 606 praevarica-

1940 648 2014 699 tio
2039 645 2165 698 erit.
2206 643 2262 697 Si
2297 643 2440 695 enim
2473 638 2876 708 praevaricator
2905 631 3163 687 efﬁcitur
3199 629 3306 693 qui
3335 627 3586 680 declinat

1939 750 1967 787 a
1991 735 2125 802 lege,
2167 734 2280 786 sine
2313 731 2474 785 dubio
2507 738 2562 781 et
2595 727 2686 779 ille
2715 723 3141 792 praevaricator
3178 718 3309 786 (71)
3362 726 3454 770 est
3490 719 3586 784 qui

1937 826 2170 879 declinat
2199 839 2229 876 a
2256 823 2362 877 .ﬁde
2386 840 2400 874 :
2425 831 2480 874 et
2511 822 2555 874 si
2584 815 3046 888 praevaricationi
3083 813 3171 865 illi
3207 825 3348 879 qua:
3382 809 3438 862 in
3471 809 3588 878 lege

1939 926 2019 969 est
2048 915 2130 966 lex
2163 915 2272 981 ipsa
2308 913 2360 965 in
2388 925 2549 963 causa
2578 915 2687 972 est,
2721 909 2896 960 etiam
2931 901 3427 972 przevaricationi
3461 901 3589 952 huic

1939 1019 2055 1072 qtt.e
2105 1004 2156 1054 in
2197 1002 2296 1054 ﬁde
2335 1010 2416 1053 est
2465 1000 2600 1053 ﬁdes
2651 1000 2706 1051 in
2756 1009 2933 1048 causa
2993 1008 3131 1047 esse
3188 992 3480 1045 creditur.
3531 989 3591 1044 Si

1939 1107 2068 1146 vero
2111 1090 2219 1159 (72)
2268 1089 2560 1142 absurdum
2594 1096 2680 1140 est
2709 1086 2904 1138 dicere
2935 1082 3080 1152 quia
3119 1081 3278 1134 ﬁdes
3325 1080 3384 1132 in
3417 1095 3590 1132 causa

1940 1193 2020 1236 est
2051 1190 2106 1235 ut
2136 1182 2255 1249 quis
2288 1179 2678 1248 prmvaricetur
2716 1192 2746 1229 a
2782 1177 2891 1230 ﬁde
2916 1213 2932 1238 ,
2967 1183 3028 1228 et
3050 1174 3105 1228 si
3151 1189 3273 1227 non
3312 1172 3591 1226 accessis-

1941 1284 2023 1327 set
2056 1274 2122 1325 ad
2167 1272 2322 1324 ﬁdem
2351 1309 2366 1333 ,
2411 1271 2808 1339 praevaricator
2857 1265 2997 1320 ﬁdei
3049 1279 3176 1317 non
3239 1262 3484 1326 fuisset;
3519 1263 3592 1314 ita

1943 1364 2226 1416 absurdum
2251 1362 2352 1415 erit
2373 1359 2890 1430 praavaricationem
2925 1355 3080 1424 legis
3107 1369 3188 1406 ex
3230 1367 3305 1406 eo
3333 1352 3592 1418 accipere

1943 1447 2081 1514 quod
2129 1447 2422 1514 susceperit
2463 1446 2585 1515 quis
2640 1443 3081 1498 observantiam
3141 1439 3315 1509 legis.
3381 1438 3495 1492 Sed
3539 1449 3593 1492 et

1942 1538 2070 1590 "illud
2101 1539 2360 1590 addamus
2399 1536 2531 1605 (73).
2574 1535 2718 1600 Quid
2764 1533 2968 1586 dicent
3026 1531 3212 1583 nobis
3263 1533 3338 1584 de
3378 1529 3469 1582 his
3501 1530 3590 1598 qui

1945 1636 2071 1681 ante
2098 1627 2265 1696 legem
2301 1626 2466 1695 Moysi
2501 1627 2554 1678 in
2586 1623 3072 1692 praevaricatione
3113 1619 3260 1674 facti
3296 1620 3479 1673 sunt?
3534 1620 3590 1673 Si

1943 1718 2084 1769 enim
2131 1715 2308 1769 nullus
2360 1725 2483 1768 ante
2541 1715 2768 1783 Moysen
2832 1712 3284 1781 praevaricator
3354 1711 3588 1772 exstitit,

1945 1822 2101 1860 nemo
2129 1807 2518 1860 condemnatus
2551 1815 2658 1867 est,
2697 1818 2867 1856 nemo
2898 1802 3183 1871 punitus.
3229 1801 3384 1866 Quid
3411 1803 3590 1856 dicent

1945 1897 2010 1950 tle
2040 1895 2368 1949 Sodomitis?
2415 1895 2544 1962 quid
2593 1895 2660 1947 de
2693 1896 2781 1948 his
2805 1895 2906 1963 qui
2940 1895 3000 1948 in
3052 1895 3294 1949 diluvio
3326 1895 3590 1949 condem-

1945 1987 2054 2040 nati
2113 1988 2273 2040 sunt?
2327 1985 2452 2054 quid
2501 1986 2568 2039 de
2608 1985 2795 2040 Cain?
2856 1987 3002 2054 quid
3057 1986 3144 2040 de
3197 1986 3330 2055 ipso
3376 1987 3592 2040 Adam?

1947 2077 2074 2145 quid
2103 2078 2164 2129 de
2189 2077 2297 2129 Eva
2328 2076 2759 2144 respondebunt,
2795 2077 2868 2130 de
2900 2091 3027 2144 qua
3057 2076 3391 2144 Apostolus
3419 2077 3588 2130 dicit:

1952 2189 1971 2219 ι
2020 2169 2207 2221 Mulier
2256 2176 2430 2220 autem
2495 2168 2720 2221 seducta
2773 2168 2832 2220 in
2890 2169 3398 2235 praevaricatione
3451 2169 3587 2223 facta

1947 2267 2029 2312 est
2059 2257 2138 2309 ‘°?
2178 2275 2196 2307 ι
2242 2256 2296 2309 Si
2327 2255 2444 2308 sine
2482 2254 2603 2321 lege
2650 2254 2830 2324 Moysi
2881 2271 3006 2309 non
3041 2267 3141 2310 est
3174 2257 3588 2325 praevaricatio,

1949 2347 2088 2400 unde
2120 2346 2288 2398 Adam
2309 2385 2323 2405 .
2366 2344 2509 2396 unde
2537 2343 2648 2396 Eva
2682 2345 3197 2412 praevaricatores
3232 2347 3307 2401 ab
3335 2348 3592 2417 Apostolo

1949 2435 2332 2490 nominantur?
2363 2435 2585 2497 Verum,
2609 2434 2870 2487 utetiam
2910 2437 2976 2489 in
3018 2438 3431 2506 superioribus
3455 2453 3592 2504 sepe

1945 2526 2053 2593 jam
2101 2525 2366 2588 diximus,
2401 2523 2647 2576 diversas
2680 2523 2738 2576 in
2775 2525 2890 2578 hac
2941 2524 3226 2595 Epistola
3273 2527 3425 2597 leges
3452 2528 3589 2595 Apo-

1951 2617 2119 2670 stolus
2164 2614 2484 2679 introducit,
2521 2625 2578 2668 et
2619 2630 2768 2668 nunc
2798 2615 2874 2669 de
2923 2617 3067 2685 lege
3102 2619 3296 2689 Moysi
3332 2620 3588 2687 loquitur,

1953 2719 2094 2757 nunc
2127 2702 2293 2771 legem
2337 2701 2459 2754 ﬁdei
2507 2702 2784 2764 nominat,
2823 2704 2990 2758 sicut
3027 2721 3174 2761 cum
3206 2709 3396 2764 dicit:
3432 2728 3451 2759 ι
3492 2709 3586 2764 Ubi

1955 2804 2035 2847 est
2059 2807 2182 2860 ergo
2208 2791 2456 2860 gloriatio
2485 2798 2574 2843 tua
2600 2792 2622 2844 Ἰ
2677 2791 2938 2848 Exclusa
2970 2806 3097 2850 est.
3162 2797 3280 2853 Per
3319 2815 3482 2868 quam
3513 2801 3588 2853 Ie-

1953 2883 2110 2952 gem?
2142 2883 2412 2951 Operutn?
2450 2886 2605 2953 Non;
2641 2892 2736 2943 sed
2773 2907 2878 2959 per
2906 2894 3115 2964 legem
3157 2898 3294 2954 ﬁdei
3330 2900 3396 2953 ".
3438 2919 3458 2953 ι
3509 2901 3590 2954 Ιη-

1955 2973 2097 3024 ducit
2118 2983 2376 3039 praeterea
2405 2985 2460 3030 et
2491 2977 2626 3033 alias
2651 2981 2827 3050 leges,
2849 2984 2926 3038 de
2957 2989 3194 3054 quibus
3216 2991 3359 3045 dicit
3383 3008 3399 3044 :
3429 2991 3587 3045 «Con-

1956 3062 2193 3118 delector
2225 3065 2364 3118 enim
2397 3066 2502 3136 legi
2543 3067 2642 3122 Dei
2672 3075 3015 3130 secundum
3050 3078 3396 3137 interiorem
3428 3083 3584 3138 homi-

1956 3165 2076 3203 nem
2108 3168 2122 3204 :
2157 3153 2310 3206 video
2341 3162 2520 3208 autem
2562 3156 2728 3210 aliam
2766 3159 2966 3230 legem
3018 3166 3080 3220 in
3135 3172 3416 3225 membris
3442 3173 3585 3233 meis,

1956 3254 2337 3309 repugnantem
2372 3243 2476 3311 legi
2508 3248 2708 3303 mentis
2738 3265 2912 3318 meae,
2957 3266 3027 3310 et
3053 3261 3358 3328 captivum
3384 3276 3467 3316 me
3493 3261 3585 3314 du-

1956 3340 2162 3382 eentem
2195 3329 2246 3382 in
2278 3333 2394 3400 lege
2424 3337 2634 3402 peccati
2678 3339 2762 3402 ης
2801 3358 2823 3391 ›
2869 3351 2936 3397 ει
2993 3346 3082 3400 ita
3131 3350 3207 3403 de
3237 3365 3350 3403 una
3377 3351 3443 3404 ad
3469 3350 3587 3402 alte-

1957 3433 2073 3471 ram
2122 3420 2292 3488 lcgem
2330 3430 2558 3490 transit,
2599 3437 2658 3480 ut
2705 3430 2817 3484 nisi
2865 3447 3100 3492 sensus
3156 3441 3404 3510 vigilans
3434 3450 3486 3496 et
3515 3441 3587 3492 in-

1960 3511 2276 3603 tentussit,
2314 3513 2725 3582 deprehendere
2767 3537 2915 3577 eum
2952 3538 3023 3581 et
3065 3533 3238 3601 sequi
3291 3535 3386 3587 vix
3413 3535 3583 3603 possit.

1965 3598 2255 3655 Videndum
2283 3613 2366 3657 est
2387 3621 2518 3675 ergo
2539 3624 2607 3662 ne
2631 3609 2777 3666 forte
2798 3613 2902 3669 illa
2938 3617 3049 3674 lex
3076 3598 3214 3690 qua:
3237 3634 3330 3681 est
3360 3598 3584 3682 in-tnem-

1958 3693 2070 3788 bris
2101 3698 2298 3788 nostris
2329 3697 2464 3788 (74),
2502 3709 2558 3754 ει
2587 3705 2852 3770 captivos
2884 3725 3007 3766 nos
3043 3715 3212 3771 ducit
3246 3719 3308 3773 iu
3339 3720 3455 3788 lege
3478 3733 3586 3787 pec-

1959 3783 2101 3876 cati,
2145 3784 2263 3876 ipsa
2299 3785 2372 3839 sit
2415 3787 2499 3840 lex
2541 3803 2706 3857 quam
2740 3791 3082 3858 Apostolus
3116 3804 3272 3860 iram
3304 3783 3438 3862 dicit
3474 3783 3590 3876 ope-

1960 3874 2092 3968 rari.
2132 3875 2400 3968 Operatur
2427 3879 2576 3931 enim
2609 3882 2733 3936 sine
2755 3883 2947 3942 dubio
2996 3893 3159 3948 iram
3189 3900 3242 3951 ei
3265 3936 3284 3963 ,
3317 3913 3476 3968 quem
3505 3874 3588 3950 ea-

1960 3967 2163 4031 ptivum
2197 3966 2412 4021 duxerit
2443 3969 2498 4022 in
2533 3970 2651 4039 lege
2683 3984 2942 4042 peccati.
3015 3983 3136 4040 Ubi
3171 3966 3369 4044 autem
3398 3990 3479 4044 lex
3501 3989 3589 4043 ista

1962 4071 2066 4110 n0“
2113 4055 2308 4122 [υθΐίιο
2339 4069 2548 4114 cerium
2599 4071 2686 4116 est
2726 4069 2884 4133 quod
2941 4073 3032 4127 ibi
3071 4092 3184 4132 ttec
3218 4081 3596 4148 praevaricatio

1963 4145 2101 4240 erit.
2128 4147 2229 4213 Qui
2255 4163 2384 4240 vero
2416 4151 2518 4204 sub
2555 4151 2662 4206 ista
2704 4153 2831 4225 lege
2861 4159 3142 4234 fuerint,
3202 4145 3596 4240 consequenter

1964 4249 2064 4290 nec
2089 4237 2325 4333 bteredes
2352 4248 2544 4333 erunt.
2597 4241 2755 4308 Quod
2789 4257 2850 4300 et
2875 4252 2926 4304 si
2970 4256 3053 4310 de
3091 4259 3223 4329 lege
3256 4237 3430 4333 Moysi
3463 4277 3597 4317 com-

2638 4342 2694 4385 et
2721 4333 2925 4394 dicere
2957 4350 3107 4412 quia
3147 4352 3298 4406 iram
3331 4360 3597 4422 operatur.

1966 4429 2064 4482 pro
2105 4429 2170 4468 eo
2213 4415 2462 4514 fortassis
2506 4421 2626 4476 solo
2673 4423 2785 4479 hoc
2836 4439 3076 4497 poterit
3136 4415 3425 4498 afﬁrmare
3470 4444 3602 4514 quod

1967 4511 2275 4598 peccantem
2302 4505 2352 4559 in
2384 4521 2444 4598 se
2471 4509 2585 4578 (75)
2611 4524 2710 4566 aut
2741 4515 3000 4585 lapidari
3030 4533 3347 4598 continuo,
3380 4505 3604 4588 aut-cre-

1971 4593 2105 4691 mari
2153 4595 2364 4691 ignibus
2403 4596 2599 4691 jubet,
2633 4604 2720 4656 vel
2766 4608 2817 4660 si
2853 4615 3021 4678 quod
3061 4619 3225 4674 aliud
3260 4593 3607 4691 peccantibus

1970 4682 2278 4784 decernit-ur
2307 4687 2378 4784 Ain
2423 4687 2540 4757 lege
2573 4694 2922 4784 supplicium
2981 4721 3000 4758 :
3048 4717 3115 4763 ut
3145 4682 3320 4780 pretia
3351 4715 3470 4784 ipsa
3495 4727 3607 4782 qua!

1971 4775 2216 4841 peccanti
2248 4775 2477 4832 infertur
2509 4795 2578 4834 ex
2614 4782 2764 4852 lege,
2799 4789 2887 4844 ira
2927 4811 3096 4854 nunc
3122 4775 3200 4857 ab
3226 4775 3491 4873 Apostolo
3513 4775 3608 4857 ito-

2135 4937 2174 4968 “
2208 4936 2365 4993 Rom.
2400 4957 2484 5002 ιιι,
2515 4942 2609 4998 27.
2715 4949 2759 4982 ⁸³
2799 4952 2979 5016 Rom.
3014 4977 3127 5027 vn,
3151 4965 3252 5030 22,
3289 4967 3387 5023 25.

2002 5087 2832 5193 ἷηςῖἰῑ).ξξξξιίνῃίηξξισξίεξξθξιξῖξιειι
2865 5123 2898 5190 a
2934 5113 3076 5181 ﬁde,
3112 5129 3173 5175 et
3206 5122 3256 5176 si
3291 5126 3611 5193 prevarica-

2002 5160 2014 5167 .
2097 5160 2105 5167 .
2473 5160 2482 5162 ἡ
2556 5167 2566 5177 ,
2871 5160 2897 5162 _
2935 5160 3076 5181 ην,
3113 5160 3173 5175 ν.
3206 5160 3256 5176 υ.
3334 5160 3608 5179 ..μυκη-

1977 5160 2748 5262 taquc
2771 5181 2991 5237 omissa
3023 5201 3201 5245 erant
3226 5160 3356 5262 quis:
3382 5210 3453 5248 ex
3484 5211 3608 5247 mss.

1973 5226 2252 5279 codicibus
2283 5226 2670 5291 restituuntur:

2044 5291 2156 5432 (72;
2193 5295 2362 5377 Alias,
2402 5318 2421 5349 ι
2459 5302 2620 5358 Sicut
2655 5324 2818 5367 vero.
2855 5336 2876 5369 ι

2044 5363 2131 5429 (75
2190 5367 2372 5432 Altas,
2415 5385 2436 5420 ι
2474 5369 2544 5424 Et
2595 5375 2738 5432 illud
2785 5389 2876 5432 ad.

1973 5363 2170 5484 “lg-5),
2190 5367 2372 5435 Alias,
2415 5385 2436 5420 ί
2474 5369 2544 5424 Et
2595 5363 3092 5463 illud—addimus;
3135 5417 3156 5450 ι
3215 5400 3330 5467 al.,
3375 5420 3396 5452 α
3449 5405 3609 5456 add?

2067 5497 2158 5560 74)
2194 5503 2361 5570 Alias,
2399 5526 2418 5558 t
2451 5511 2612 5566 meis.
2651 5534 2671 5568 ι

2044 5502 2156 5637 (75)
2188 5573 2367 5637 Alias,
2404 5594 2424 5628 ι
2460 5595 2671 5637 Dcccan

2103 5569 2156 5638 5)
2188 5573 2367 5642 Alias,
2404 5594 2424 5628 ι
2457 5595 2794 5646 peccantem
2833 5611 2916 5652 se.
2954 5618 2975 5651 ι
