3836 6222
343 274 457 328 975

1281 271 1621 327 COMMENT.
1655 270 1718 323 IN
1749 269 1959 324 EPIST.
1993 270 2078 322 AD
2113 269 2274 324 ltOM.
2305 270 2428 324 LIB.
2462 270 2546 324 LV.

3392 275 3493 328 974

341 387 558 438 minata
587 385 846 440 videatur.
892 387 1150 441 Similiter
1174 397 1228 442 et
1258 387 1324 443 de
1343 385 1794 455 prmvaricatione,
1821 394 1876 438 ut
1903 391 1950 446 Δ
1977 386 2128 452 pulus
2171 388 2312 447 Deo,
2365 398 2416 439 et
2461 386 2625 455 Moysi
2670 386 2866 440 famulo
2910 387 3020 451 eius
3053 388 3129 454 ";
3167 407 3186 442 ι
3218 399 3272 444 et
3300 393 3492 448 iterum

341 491 458 528 non
513 491 725 530 omnem
775 477 1266 542 praevaricationem
1319 479 1634 546 generaliter
1679 479 1729 531 in
1776 477 1876 530 hoc

342 563 476 617 loco
499 566 741 619 adstruat
770 568 1100 635 appellatam,
1131 567 1222 620 sed
1263 567 1376 631 ejus
1396 570 1483 635 qui
1513 569 1565 620 in
1597 568 1712 636 lege
1739 567 1880 635 posi-

339 660 437 704 tus
485 654 781 722 deliquerit
825 671 841 709 :
877 665 934 707 ut
962 656 1174 723 gravius
1202 655 1448 710 delictum
1489 656 1730 709 videatur
1767 656 1880 722 ejus

337 740 438 804 qui
494 756 591 808 per
624 743 792 811 legem
826 745 1119 812 prohibitus
1161 754 1344 813 peccat
1387 744 1531 813 (76),
1573 757 1730 814 quam
1768 746 1880 810 ejus

337 831 440 896 qui
498 831 644 883 nulla
693 832 852 885 fuerit
886 834 998 900 lege
1039 833 1410 887 commonitus.
1448 833 1548 887 Sed
1576 833 1774 886 etillud
1801 834 1880 884 vi-

337 920 590 972 dendum
621 928 726 982 est,
756 922 878 988 quia
905 938 1006 976 non
1030 923 1176 974 dixit
1201 922 1482 990 Apostolus
1509 923 1645 990 quod
1675 921 1761 975 ubi
1795 921 1878 974 lex

335 1006 541 1068 fuerit,
569 1007 640 1060 ibi
665 1015 719 1060 et
742 1009 1124 1074 prmvaricatio,
1143 1011 1234 1063 sed
1263 1010 1334 1065 ait
1363 1026 1376 1062 :
1412 1027 1430 1060 ι
1453 1006 1551 1064 Ubi
1578 1021 1750 1063 autem
1777 1023 1878 1062 non

333 1103 432 1146 est
464 1093 580 1154 lex,
612 1110 708 1148 nec
734 1097 1182 1164 praevaricatio".
1216 1090 1236 1148 ί
1275 1096 1330 1149 In
1357 1111 1460 1166 quo
1484 1098 1713 1151 ostendit
1741 1098 1878 1164 quod

336 1185 727 1251 praevaricatio
764 1186 974 1254 quidem
1022 1201 1138 1241 esse
1165 1187 1380 1240 omnino
1407 1201 1510 1240 non
1541 1188 1743 1254 possit,
1779 1186 1877 1240 nisi

331 1271 430 1323 lex
461 1272 659 1336 fuerit;
693 1287 798 1326 non
833 1281 1006 1327 tamen
1037 1274 1082 1327 si
1107 1273 1186 1328 lex
1219 1273 1305 1337 sit,
1334 1272 1476 1325 omni
1505 1288 1700 1341 genere
1723 1275 1878 1327 etiam

332 1361 732 1428 praevaricatio
773 1361 894 1415 erit.
952 1360 1130 1415 Potest
1158 1363 1299 1415 enim
1330 1361 1443 1414 fieri
1487 1371 1545 1414 ut
1584 1363 1652 1414 sit
1681 1361 1796 1424 lex,
1829 1369 1881 1416 et

333 1447 730 1514 praevaricatio
775 1462 880 1500 non
925 1447 992 1500 sit
1035 1464 1049 1502 :
1086 1463 1186 1501 non
1231 1457 1400 1516 potest
1449 1457 1617 1500 tamen
1666 1448 1776 1500 fieri
1823 1457 1881 1501 nt

331 1534 729 1602 pra‘varicatio
755 1536 858 1597 sit,
895 1536 982 1589 ubi
1025 1535 1106 1588 lex
1137 1550 1240 1589 non
1272 1549 1373 1590 est.
1411 1536 1539 1590 Nam
1567 1546 1618 1589 et
1645 1539 1689 1590 si
1720 1537 1879 1606 Moysi

331 1625 526 1693 legem
559 1612 871 1693 ponamus,
896 1639 999 1677 non
1045 1626 1293 1677 continuo
1318 1625 1426 1695 (77)
1457 1641 1640 1680 omnes
1662 1627 1880 1695 qui'sub

1977 475 2228 529 Dominus
2250 477 2300 529 in
2329 477 2610 546 Evangelio
2638 478 2780 532 dicat
2807 497 2822 532 :
2860 497 2878 529 ι
2907 478 2962 532 Si
2987 483 3276 536 crederetis
3303 483 3492 553 Moysi.

1974 565 2262 620 crederetis
2306 567 2488 634 utique
2534 575 2588 621 et
2631 568 2757 621 mihi
2809 581 2826 621 :
2871 569 2936 622 de
2963 585 3044 622 me
3073 572 3213 624 enim
3242 573 3330 626 ille
3362 577 3496 627 scri-

1975 653 2079 722 psit
2106 654 2166 706 ”.
2197 672 2216 704 ι
2247 653 2522 709 Videbitur
2540 656 2680 710 enim
2713 658 2849 712 sicut
2870 661 2934 712 de
2953 673 3009 713 se
3030 659 3183 724 dixit,
3208 663 3329 728 quia
3362 682 3378 713 ι
3405 666 3496 730 qui

1975 743 2140 798 credit
2171 745 2220 796 in
2260 759 2374 807 me,
2401 747 2568 799 credit
2601 755 2654 801 et
2698 749 2748 801 in
2802 762 2920 802 eum
2953 749 3041 817 qui
3071 750 3213 804 misit
3243 767 3324 804 me
3357 753 3432 814 ι’,
3468 771 3488 805 ο

1978 832 2050 885 ita
2077 840 2130 886 et
2154 834 2216 886 de
2247 831 2424 905 Moyse
2453 835 2647 898 dicere,
2679 837 2816 903 quod
2854 856 2872 887 ‹
2903 839 2946 891 si
2983 839 3274 894 crederetis
3302 839 3492 910 Moysi,

1976 919 2264 974 crederetis
2315 920 2496 988 utique
2537 930 2591 974 et
2622 922 2771 974 mihi.
2814 941 2833 974 ι
2877 923 2956 976 Ad
2984 926 3122 993 quod
3153 928 3494 994 respondebi-

1975 1019 2112 1068 mus,
2141 1006 2264 1074 quia
2296 1006 2422 1058 illud
2452 1007 2590 1074 quod
2615 1008 2814 1061 dictum
2841 1017 2922 1064 est
2951 1010 3002 1064 in
3038 1011 3246 1065 deserto
3268 1053 3284 1078 ,
3322 1031 3342 1064 ι
3368 1015 3496 1069 Cre-

1977 1093 2109 1148 didit
2133 1095 2355 1163 populus
2382 1095 2512 1160 Deo,
2544 1104 2598 1151 et
2622 1095 2788 1166 Moysi
2815 1098 3009 1153 famulo
3041 1100 3172 1167 ejus,
3205 1120 3223 1151 ι
3259 1105 3495 1158 narratio

1976 1192 2094 1246 est,
2139 1199 2241 1250 qua
2285 1185 2581 1238 ostenditur
2624 1187 2763 1253 quod
2798 1201 2888 1254 per
2917 1187 3275 1243 ministerium
3328 1191 3493 1260 Moysi

1976 1283 2082 1336 quo
2124 1272 2268 1338 signa
2297 1280 2347 1326 et
2374 1273 2632 1326 mirabilia
2670 1274 3024 1339 ministravit,
3054 1279 3276 1344 populus
3316 1282 3492 1334 credi-

1977 1360 2053 1411 dit
2093 1360 2198 1413 Deo
2230 1375 2246 1413 :
2283 1361 2333 1413 in
2377 1361 2476 1414 hoc
2519 1363 2681 1416 verbo
2725 1364 2812 1417 ubi
2862 1365 3021 1432 dicit,
3061 1383 3081 1416 t
3114 1367 3170 1422 Si
3207 1371 3492 1426 crederetis

1976 1444 2163 1516 Moysi,
2196 1448 2480 1503 crederetis
2518 1451 2698 1518 utique
2724 1460 2776 1505 et
2803 1452 2953 1518 mihi,
2986 1471 3005 1504 ι
3057 1457 3232 1523 arguit
3264 1456 3489 1512 inlldeli-

1981 1543 2137 1588 tatem
2165 1551 2348 1589 eorum
2376 1539 2464 1606 qui
2501 1537 2623 1591 dum
2654 1541 2754 1594 sibi
2785 1556 2886 1594 non
2932 1544 3176 1610 credunt,
3207 1549 3494 1602 ostendunt

1977 1638 2032 1677 se
2063 1638 2164 1679 nec
2202 1625 2367 1694 Moysi
2411 1627 2603 1682 litteris
2627 1631 2844 1684 credere
2875 1631 2928 1684 in
2958 1624 3146 1699 quibus
3177 1636 3242 1688 de
3267 1637 3490 1690 adventu

333 1715 523 1784 Moysi
556 1714 668 1783 lege
696 1714 964 1776 vixerunt,
997 1715 1046 1766 in
1075 1716 1507 1781 przevaricatione
1549 1715 1672 1768 facti
1703 1723 1828 1767 sunt
1859 1732 1874 1767 :
1908 1703 1947 1757 Β
1975 1709 2168 1765 Christi
2194 1713 2484 1781 prophetali
2516 1729 2764 1772 sermone
2785 1721 3220 1787 comprehensum
3246 1733 3366 1778 est:
3401 1725 3491 1779 ubi

335 1803 596 1869 alioquin
625 1802 780 1855 simul
813 1811 866 1854 et
886 1803 1210 1870 prophetas,
1244 1813 1298 1856 et
1319 1817 1503 1859 omnes
1535 1801 1706 1868 iustos
1730 1803 1875 1855 vide-

333 1907 474 1944 mur
504 1890 777 1944 involvere
801 1907 814 1943 :
839 1891 939 1944 nisi
963 1890 1099 1944 forte
1124 1892 1264 1944 dicat
1289 1891 1478 1959 aliquis
1497 1891 1669 1959 justos
1695 1907 1876 1946 omnes

331 1989 398 2032 et
430 1980 724 2047 prophetas
762 1995 864 2034 non
897 1990 1000 2032 tam
1031 1981 1127 2033 sub
1160 1981 1309 2049 lege,
1341 1994 1496 2047 quam
1544 1981 1640 2049 sub
1669 1981 1770 2034 fide
1800 1983 1878 2034 vi-

333 2068 530 2131 xisse;
589 2076 893 2134 peccatores
938 2081 1064 2120 vero
1114 2077 1166 2120 et
1214 2067 1434 2135 injustos
1487 2067 1616 2134 legis
1655 2069 1879 2122 vinculis

334 2157 521 2211 fuisse
549 2157 888 2221 constrictos,
914 2157 1048 2211 sicut
1082 2165 1134 2210 et
1159 2157 1438 2224 Apostolus
1465 2157 1646 2210 dicit“
1664 2162 1720 2212 εἰ
1747 2158 1876 2224 Quia

326 2247 493 2314 justo
519 2247 601 2299 lex
634 2261 737 2315 non
780 2255 862 2301 est
887 2247 1078 2313 posita,
1121 2246 1212 2299 sed
1245 2245 1450 2312 injustis
1479 2257 1533 2300 et
1567 2261 1671 2300 non
1702 2247 1879 2300 subdi-

335 2342 453 2400 tis,
503 2338 685 2406 impiis
730 2346 780 2390 et
821 2337 1224 2403 peccatoribus,
1272 2337 1511 2390 scelestis
1547 2347 1600 2391 et
1623 2337 1876 2404 profanis,

334 2445 410 2497 pa
425 2428 640 2480 tricidis
673 2436 726 2480 et
753 2427 1079 2487 matricidis,
1107 2426 1420 2487 homicidis,
1449 2426 1876 2488 fornicatoribus,

335 2517 718 2571 masculorum
751 2516 1200 2577 concubitoribus,
1234 2515 1642 2583 plagiatoribus,
1667 2515 1880 2568 menda-

335 2609 534 2669 cibus,
565 2605 814 2673 perjuris,
848 2614 902 2657 et
926 2605 970 2657 si
997 2605 1125 2672 quid
1158 2604 1296 2656 aliud
1341 2617 1480 2657 sanae
1508 2604 1758 2656 doctrinm
1787 2605 1874 2654 ad-

334 2706 626 2749 versatur.
660 2714 680 2745 r
725 2694 873 2759 Quod
904 2693 948 2747 si
977 2694 1170 2746 talibus
1197 2693 1280 2746 lex
1305 2693 1471 2761 posita
1500 2703 1599 2755 est,
1643 2707 1744 2745 non
1785 2691 1878 2744 tibi

335 2785 526 2840 multo
573 2784 825 2838 meliores
868 2783 942 2836 illi
986 2782 1300 2835 videbuntur
1326 2782 1390 2835 de
1413 2782 1605 2848 quibus
1641 2783 1876 2836 dicitur:

339 2894 362 2926 ε
401 2874 543 2928 Cum
571 2873 713 2926 enim
743 2881 946 2940 gentes,
987 2884 1103 2936 quae
1131 2869 1294 2938 legem
1323 2884 1426 2922 non
1472 2870 1684 2932 habent,
1729 2879 1880 2922 natu-

337 2963 546 3015 raliter
571 2975 690 3028 quae
715 2959 845 3026 legis
868 2967 994 3012 sunt
1022 2956 1240 3022 faciunt,
1263 2957 1750 3023 hujusmodilegem
1777 2972 1876 3010 non

336 3053 642 3112 habentes,
673 3047 771 3115 ipsi
799 3047 898 3100 sibi
924 3055 1047 3099 sunt
1075 3046 1182 3121 lex,
1212 3047 1299 3113 qui
1341 3047 1626 3099 ostendunt
1649 3059 1781 3112 opus
1805 3045 1879 3098 le-

334 3141 435 3209 gis
459 3138 720 3207 scriptum
752 3139 804 3189 in
828 3135 1076 3190 cordibus
1097 3137 1226 3196 suis,
1253 3135 1604 3188 testimonium
1629 3135 1879 3188 reddente

330 3232 430 3284 eis
473 3227 802 3282 conscientia
833 3226 895 3277 ".
928 3242 948 3274 ›
1002 3224 1066 3277 Et
1094 3232 1390 3276 Statuamus
1435 3231 1556 3276 ante
1587 3223 1768 3277 oculos
1788 3263 1802 3285 ,
1835 3223 1877 3275 si

337 3322 576 3374 videtur
598 3357 614 3383 ,
652 3319 783 3371 duos
830 3315 1062 3382 aliquos,
1097 3313 1240 3367 verbi
1269 3313 1437 3380 gratia
1459 3352 1474 3376 ,
1509 3313 1598 3379 qui
1626 3327 1741 3365 cum
1772 3327 1880 3363 ma-'

333 3408 522 3466 oculis
555 3422 661 3460 non
705 3404 1107 3458 concubuerunt
1147 3401 1426 3454 concubitu
1461 3400 1700 3453 muliebri
1728 3399 1875 3467 (78);

337 3513 524 3554 unum
553 3511 620 3550 ex
650 3495 734 3548 his
773 3501 1035 3562 praecepto
1077 3491 1206 3554 legis
1251 3490 1601 3556 prohibitum,
1650 3489 1803 3555 cujus
1835 3489 1877 3542 si

340 3562 564 3642 metunt
597 3597 704 3636 non
735 3581 1030 3639 habuisset,
1063 3578 1285 3631 fortasse
1320 3576 1534 3631 fecisset
1578 3593 1591 3628 :
1640 3585 1694 3630 et
1718 3575 1876 3628 alium

340 3677 446 3745 qui
479 3672 709 3742 prepriae
739 3669 932 3723 mentis
969 3665 1167 3734 judicio
1211 3663 1568 3730 hujuscemodi
1609 3665 1879 3730 contagio-

340 3779 477 3819 nem
508 3776 574 3814 ne
601 3758 949 3827 cogitationes
971 3755 1178 3822 quidem
1213 3767 1339 3806 suas
1367 3754 1514 3806 adire
1541 3755 1837 3822 permiserit
1861 3770 1876 3806 :

337 3864 531 3906 nonne
578 3849 743 3901 multo
776 3845 918 3898 illum
952 3842 1204 3910 praeferas
1247 3841 1334 3908 qui
1372 3841 1514 3894 nulla
1547 3842 1675 3910 legis
1716 3843 1880 3895 inter-

337 3937 650 3994 minatione
673 3933 978 3992 deterritus,
1013 3931 1299 3982 immunem
1329 3943 1387 3983 se
1414 3945 1443 3982 a
1478 3927 1661 3999 ﬂagitii
1688 3939 1876 3984 conta-

339 4026 652 4084 minatione
717 4021 984 4076 servavit?
1037 4019 1296 4072 Similiter
1357 4020 1514 4073 etiam
1565 4021 1629 4072 de
1672 4022 1877 4074 caeteris

339 4116 597 4188 peccatis
627 4113 671 4166 si
702 4112 955 4166 habeatur
975 4123 1216 4163 examen.
1242 4109 1305 4161 Et
1327 4108 1443 4162 ideo
1466 4109 1574 4163 sive
1601 4109 1763 4178 Moysi
1793 4110 1876 4163 lex

338 4205 725 4272 intelligatur,
768 4201 880 4254 sive
907 4201 1066 4254 etiam
1091 4213 1152 4251 ea
1178 4213 1296 4266 quae
1326 4198 1378 4252 in
1407 4200 1600 4253 nostris
1625 4200 1877 4252 membris

1973 1815 2100 1854 vero
2131 1801 2285 1864 dicit,
2309 1820 2327 1854 ι
2360 1803 2459 1868 Qui
2501 1807 2671 1860 credit
2717 1807 2768 1860 in
2801 1823 2906 1876 me,
2947 1812 3115 1866 credit
3160 1813 3212 1866 in
3251 1826 3368 1867 eum
3401 1815 3490 1883 qui

1975 1886 2115 1939 misit
2137 1901 2237 1947 me,
2271 1906 2292 1941 ι
2329 1904 2472 1958 spem
2501 1893 2824 1948 credentium
2855 1897 3026 1951 elevat
3054 1915 3218 1968 usque
3242 1903 3306 1954 ad
3327 1904 3489 1968 Deum

1974 1972 2279 2040 Patrem,ut
2304 1979 2440 2033 sicut
2468 1982 2586 2048 quis
2611 1997 2732 2036 cum
2760 1985 2905 2039 videt
2932 1985 3039 2059 (79)
3067 1989 3276 2056 Filium,
3295 1995 3492 2050 vidisse

1975 2077 2033 2114 se
2060 2064 2192 2117 sciat
2215 2073 2265 2117 et
2289 2064 2498 2121 Patrem
2531 2070 2608 2130 η,
2644 2071 2711 2122 ita
2744 2086 2862 2125 cum
2908 2077 3077 2129 credit
3113 2076 3284 2144 Filio,
3319 2083 3491 2136 credi-

1975 2150 2113 2204 disse
2144 2165 2200 2205 se
2223 2152 2333 2223 (80)
2355 2157 2488 2208 sciat
2511 2165 2564 2210 et
2587 2156 2749 2213 Patri.

2044 2239 2098 2295 5.
2143 2259 2161 2291 t
2198 2241 2318 2296 Ideo
2352 2258 2416 2296 ex
2443 2246 2562 2308 lide,
2588 2255 2646 2298 ut
2673 2247 2959 2302 secundum
2990 2253 3214 2317 gratiam
3242 2254 3392 2313 firma
3422 2259 3494 2311 sit

1976 2330 2254 2392 promissio
2295 2331 2436 2383 omni
2489 2333 2710 2396 semini,
2751 2350 2852 2388 non
2897 2337 2944 2389 ei
2972 2337 3082 2407 (8|)
3115 2340 3253 2408 quod
3281 2356 3347 2395 ex
3378 2343 3493 2411 lege

1975 2429 2055 2470 est
2079 2425 2302 2482 tant-um,
2337 2421 2430 2473 sed
2459 2421 2576 2475 etei
2608 2422 2716 2492 (82)
2739 2425 2878 2490 quod
2913 2439 2977 2478 ex
3011 2426 3112 2478 fide
3133 2438 3214 2482 est
3242 2429 3490 2497 Abrahae,

1977 2508 2063 2572 qui
2098 2515 2180 2560 est
2205 2515 2352 2575 pater
2373 2508 2606 2562 omnium
2644 2519 2882 2563 nostrum
2909 2513 3067 2577 (sicut
3088 2517 3339 2584 scriptum
3372 2529 3489 2574 est:

1976 2595 2106 2659 Quia
2139 2607 2340 2663 patrem
2375 2597 2654 2652 multarum
2688 2601 2920 2670 gentium
2943 2604 3090 2668 posui
3120 2604 3191 2676 te)
3224 2615 3345 2660 ante
3370 2623 3491 2663 eum

1977 2686 2058 2736 cui
2091 2685 2314 2738 credidit
2345 2685 2457 2754 (83)
2489 2686 2684 2752 Deum,
2735 2690 2824 2756 qui
2869 2691 3097 2744 vivificat
3143 2703 3414 2761 mortuos,
3439 2707 3494 2749 ct

1976 2784 2129 2828 vocat
2150 2788 2209 2828 ea
2234 2790 2350 2843 quae
2382 2791 2484 2829 non
2515 2787 2667 2840 sunt,
2700 2787 2948 2849 tanquam
2977 2797 3038 2836 ea
3067 2798 3185 2851 quae
3212 2795 3335 2838 sunt
3362 2786 3429 2841 ³⁸.
3469 2805 3488 2836 ι

1977 2863 2032 2917 1η
2086 2864 2446 2932 superioribus
2491 2866 2882 2922 distinctionem
2945 2871 3088 2925 dedit
3133 2863 3390 2928 mercedis
3437 2886 3494 2930 et

1977 2952 2177 3018 gratim,
2213 2953 2395 3006 dicens
2422 2955 2716 3007 mercedem
2740 2971 2850 3010 rem
2893 2957 3052 3010 debiti
3084 2972 3232 3022 esse;
3269 2962 3490 3027 gratiam

1979 3051 2153 3094 autem
2184 3041 2374 3096 nullius
2403 3056 2517 3096 esse
2548 3044 2742 3107 debiti,
2768 3045 2858 3099 sed
2890 3045 3262 3101 benevolentia:
3289 3049 3490 3102 benefl-

1978 3129 2137 3180 cium.
2196 3129 2258 3182 Et
2303 3131 2353 3182 in
2387 3132 2628 3196 praesenti
2673 3147 2799 3201 ergo
2847 3133 2964 3188 loco
2996 3138 3277 3190 ostendere
3313 3141 3493 3193 volens

1978 3217 2139 3270 Deum
2182 3217 2539 3272 btereditatem
2589 3223 2994 3289 promissionum
3044 3241 3146 3279 non
3199 3241 3263 3281 ex
3294 3229 3492 3292 debito,

1977 3308 2068 3359 sed
2098 3323 2189 3374 per
2217 3309 2438 3375 gratiam
2479 3309 2642 3372 dare,
2693 3311 2820 3364 dicit
2860 3313 2983 3380 quia
3032 3314 3312 3371 ltazreditas
3333 3333 3360 3370 a
3387 3319 3492 3375 Deo

1980 3395 2061 3446 his
2083 3395 2172 3462 qui
2204 3399 2456 3462 credunt,
2487 3411 2590 3451 non
2619 3411 2683 3450 ex
2719 3399 2977 3455 mercedis
3011 3402 3220 3467 debito,
3251 3406 3341 3459 sed
3374 3407 3492 3461 fidei

1979 3499 2194 3539 munere
2219 3485 2556 3540 concedatur.
2615 3485 2768 3541 Sicut
2805 3492 2944 3543 enim
2973 3490 3052 3560 (ut
3077 3496 3300 3562 exempli
3334 3512 3492 3551 causa

1977 3575 2222 3643 dixerim)
2259 3576 2358 3629 hoc
2381 3579 2518 3642 quod
2564 3578 2894 3632 subsistimns
2942 3595 3045 3635 non
3075 3594 3246 3652 potest
3275 3587 3492 3657 intelligi

1976 3666 2125 3732 quasi
2163 3664 2272 3733 (84)
2310 3681 2373 3718 ex
2413 3667 2588 3734 operis
2628 3671 2790 3722 nostri
2835 3673 3075 3725 mercede
3124 3677 3492 3746 subsistamus,

1977 3755 2068 3808 sed
2101 3755 2375 3808 evidenter
2404 3755 2490 3808 Dei
2538 3772 2728 3810 munus
2760 3769 2840 3812 est
2865 3761 3002 3826 quod
3035 3777 3244 3826 sumus,
3296 3776 3349 3818 et
3371 3783 3492 3835 gra-

1980 3845 2048 3898 tia
2068 3843 2364 3898 Conditoris
2385 3884 2400 3908 ,
2441 3846 2528 3912 qui
2566 3860 2685 3900 esse
2709 3863 2802 3901 nos
2828 3849 2990 3902 voluit
3020 3868 3035 3904 :
3072 3852 3141 3905 ita
3169 3862 3222 3906 et
3253 3855 3297 3908 si
3325 3858 3494 3911 luere-

1978 3932 2193 3986 ditatem
2221 3934 2626 4002 promissionum
2657 3935 2745 3990 Dei
2771 3938 3071 4006 capiamus,
3102 3942 3291 3997 divina:
3313 3949 3496 4013 gratia:

1978 4029 2078 4081 est,
2111 4035 2214 4073 non
2243 4021 2462 4085 alicujus
2492 4022 2656 4076 debiti
2686 4034 2775 4078 aut
2797 4027 2972 4093 operis
3006 4044 3226 4084 merces.
3269 4033 3415 4098 Quod
3449 4035 3495 4088 si

1979 4108 2114 4162 forte
2133 4109 2370 4161 videatur
2399 4109 2498 4163 hoc
2532 4109 2699 4177 ipsum
2731 4113 2869 4178 quod
2897 4114 3088 4170 dicitur
3115 4132 3181 4168 ex
3212 4117 3345 4180 fide,
3390 4135 3494 4174 non

1977 4214 2095 4270 esse
2118 4201 2312 4267 gratis,
2348 4201 2537 4268 quippe
2583 4201 2627 4254 si
2671 4201 2937 4257 offerenda
2983 4207 3052 4258 sit
3091 4206 3222 4262 ﬁdes
3255 4210 3399 4274 prius
3431 4212 3495 4264 ab

337 4307 454 4359 est,
483 4303 541 4346 et
562 4293 701 4345 iram
730 4297 998 4357 operatur,
1020 4303 1122 4340 non
1145 4295 1364 4354 possunt
1388 4288 1477 4355 qui
1499 4303 1564 4342 ex
1593 4288 1704 4356 ipsa
1731 4296 1876 4349 sunt,
1909 4306 1952 4359 ι)
1979 4289 2209 4354 homine,
2238 4299 2292 4343 et
2319 4291 2386 4342 ita
2412 4304 2440 4341 a
2474 4289 2580 4343 Deo
2602 4293 2771 4358 gratia
2795 4296 3142 4361 promerenda
3177 4313 3191 4349 :
3219 4299 3338 4351 audi
3361 4314 3493 4366 quo-

336 4385 595 4440 hteredes
622 4395 745 4433 esse
764 4420 780 4440 ,
815 4379 908 4432 sed
936 4377 1005 4429 illi
1033 4377 1119 4444 qui
1151 4386 1273 4430 sunt
1300 4391 1364 4430 ex
1393 4377 1505 4447 lege
1530 4376 1645 4430 fidei
1672 4394 1685 4430 :
1718 4376 1880 4446 528

338 4474 474 4528 ﬁdei
505 4479 686 4523 autem
717 4467 856 4520 illius
887 4480 952 4519 ex
976 4481 1078 4534 qua
1117 4464 1433 4532 justifieatus
1478 4474 1558 4518 est
1591 4465 1877 4518 Abraham.

340 4564 458 4616 Sed
493 4561 723 4614 fortasse
758 4555 996 4622 requirat
1039 4554 1234 4623 aliquis
1283 4554 1542 4620 quomodo
1570 4569 1670 4607 non
1709 4564 1763 4606 et
1791 4553 1878 4620 qui

339 4650 450 4706 sub
489 4649 609 4716 lege
641 4645 805 4717 Moysi
856 4653 970 4704 est,
1018 4647 1116 4696 sub
1163 4642 1275 4710 lege
1321 4641 1440 4695 fidei
1472 4656 1589 4695 esse
1618 4642 1877 4706 videatur,

340 4755 473 4795 cum
509 4737 769 4805 scriptum
798 4735 869 4790 sit
911 4733 962 4786 in
989 4732 1170 4786 Exodo
1205 4749 1218 4784 :
1257 4748 1277 4783 ι
1305 4731 1538 4785 Credidit
1583 4741 1758 4784 autem
1784 4746 1878 4799 po-

422 4873 466 4904 “
495 4873 656 4926 Rom.
679 4885 752 4932 tv,
783 4869 868 4922 15.

341 4957 450 5005 xtl,
497 4941 590 4994 44.
693 4939 734 4968 ³⁸
767 4935 918 4990 Joan.
951 4950 1061 4997 xiv,
1092 4936 1144 4989 9.

445 5053 536 5124 76)
577 5050 738 5124 Editi.
774 5066 793 5099 ι
826 5049 1132 5116 prohibetur
1158 5056 1212 5124 et
1240 5053 1443 5124 peccat.
1475 5063 1498 5124 DA
1548 5111 1579 5124 ﬂ
1621 5113 1632 5124 _
1688 5112 1718 5124 η

443 5111 542 5189 ’11)
580 5120 670 5172 Sic
717 5111 903 5189 omnes
949 5130 1116 5189 mss,
1165 5111 1418 5189 [tabanus
1452 5121 1504 5164 et
1547 5111 1876 5165 Salodianus.

339 5179 548 5244 Crateri
571 5200 700 5240 vero
729 5185 878 5249 editi,
915 5201 933 5233 ι
952 5183 1063 5235 Non
1089 5181 1188 5234 etsi
1213 5179 1375 5248 Moysi
1407 5179 1572 5246 legem
1602 5194 1878 5246 ponamus,

340 5257 636 5327 cominus).
665 5261 828 5327 uel?-
1410 5322 1420 5327 _
1719 5316 1731 5327 .

423 5321 538 5392 (78-)
578 5319 982 5392 lta_Rabanus;
1024 5316 1148 5392 e_d_iti
1191 5329 1320 5368 vero
1351 5322 1432 5392 “et
1472 5327 1599 5392 mss.
1645 5316 1878 5392 cuidam,

350 5411 372 5442 ι
416 5381 530 5442 non
573 5388 828 5454 petierint
879 5383 1213 5454 concubitum
1261 5381 1588 5454 muliebrem;
1624 5398 1642 5427 ι
1695 5382 1876 5435 Castori

347 5473 484 5510 mss.
524 5445 716 5514 nostri,
757 5472 774 5503 ι
810 5466 910 5503 non
940 5450 1352 5514 concupiverunt
1382 5466 1400 5497 ι
1431 5445 1548 5515 [al.,
1585 5465 1602 5496 ι
1624 5464 1739 5508 non
1764 5467 1879 5503 con-

344 5521 647 5585 cupierintl
681 5519 1019 5574 concubitum
1048 5515 1375 5568 muliebrem.
1413 5533 1431 5563 ι

1240 4934 1283 4965 ’⁸
1319 4934 1470 4986 Rom.
1507 4948 1579 4998 tv,
1608 4933 1692 4996 16,
1726 4933 1811 4986 17.

940 4867 983 4898 ¹⁸
1012 4865 1032 4918 Ι
1062 4865 1198 4920 Tim.
1222 4881 1260 4923 ι.
1292 4867 1346 4928 9,
1377 4865 1462 4918 10.
1537 4867 1578 4897 ¹⁸
1607 4864 1754 4918 Rom.
1794 4880 1853 4930 tt,
1888 4867 1974 4928 Μ,
2008 4867 2093 4920 15.
2186 4865 2228 4896 ¹⁸
2255 4865 2325 4917 Ex

951 4950 1061 4989 xiv.
1092 4936 1144 4989 9.
1240 4934 1283 4965 '°
1319 4934 1470 4986 Rom.
1507 4948 1579 4989 tv.
1608 4933 1692 4989 16.
1726 4933 1811 4986 17.
1909 4935 1950 4964 ἰ
1984 4933 2144 4989 lCor.
2168 4948 2268 4989 xtl.
2293 4932 2325 4985 8

1977 4379 2132 4431 modo
2166 4380 2217 4430 in
2261 4377 2380 4432 aliis
2407 4378 2565 4431 etiam
2601 4381 2663 4432 de
2695 4381 2794 4434 hoc
2826 4381 2962 4434 idem
2989 4384 3274 4450 Apostolus
3319 4387 3494 4443 docet.

1976 4466 2178 4519 Etenim
2228 4466 2314 4520 ubi
2356 4481 2627 4522 enumerat
2672 4471 2806 4523 dona
2853 4471 3085 4539 Spiritus
3109 4474 3188 4535 ",
3219 4489 3336 4542 qua:
3370 4475 3493 4528 dicit

1974 4554 2264 4606 secundum
2296 4569 2593 4608 mensuram
2630 4557 2744 4610 fidei
2769 4558 3108 4612 credentibus
3129 4560 3277 4621 dari,
3315 4562 3383 4613 ibi
3418 4562 3494 4614 in.

1975 4649 2054 4692 ter
2082 4652 2272 4694 caetera
2308 4643 2467 4694 etiam
2501 4644 2690 4695 donum
2723 4644 2840 4698 fidei
2885 4647 3075 4699 asserit
3117 4661 3212 4714 per
3241 4648 3492 4714 Spiritum

1976 4739 2211 4783 sanctum
2254 4730 2432 4783 tribui.
2487 4730 2612 4786 Post
2659 4733 2820 4785 multa
2849 4748 3075 4801 namque
3122 4737 3194 4787 ita
3241 4738 3400 4788 etiam
3431 4737 3498 4788 de

2186 4865 2228 4896 ¹⁸
2255 4865 2420 4918 Exod.
2446 4879 2557 4928 xw,
2597 4864 2687 4918 51.
2778 4866 2818 4897 ¹⁷
2848 4863 3000 4918 Joan.
3031 4878 3082 4926 v,
3111 4864 3198 4915 ιθ.
3272 4865 3314 4894 ¹⁸
3342 4863 3494 4918 Joan.

2190 5044 2359 5118 Alias,
2389 5059 2408 5091 t
2442 5045 2527 5118 qui
2559 5042 2717 5093 videt.
2751 5060 2770 5092 ι

2041 5107 2150 5178 (80)
2187 5111 2274 5164 Se.
2312 5107 2467 5164 Deest
2492 5113 2541 5160 in
2572 5119 2725 5161 antea
2752 5107 2927 5159 editis.

2043 5179 2150 5248 (81)
2187 5179 2351 5248 Alias,
2393 5195 2410 5226 t
2446 5179 2557 5248 qui.
2599 5195 2617 5226 ι

2043 5245 2151 5313 (82)
2191 5247 2353 5317 Alias,
2395 5261 2413 5292 ι
2448 5245 2612 5317 (μή.)
2829 5310 2840 5317 _
2983 5308 3010 5317 η
3035 5306 3066 5317 η
3127 5307 3138 5317 ⁸

2043 5306 2148 5383 (85)
2185 5312 2349 5376 Alias,
2383 5329 2401 5360 ι
2423 5306 2546 5366 ante
2573 5312 2732 5363 Deum
2758 5310 2840 5362 cui
2872 5306 3203 5368 credidisti,»
3227 5306 3324 5368 al.,
3361 5323 3510 5368 «οι-ο.

1975 5384 2126 5435 ditlit.
2158 5399 2175 5430 ι

2047 5450 2152 5516 (84)
2192 5444 2323 5497 Editi
2353 5454 2420 5524 ,οι
2451 5461 2580 5500 mss.
2612 5445 2808 5514 plures,
2844 5463 2867 5507 ρ
2898 5446 3018 5510 quia
3052 5460 3092 5492 »ο
3127 5440 3349 5494 Rectius
3383 5460 3515 5502 mss.

1979 5533 2130 5576 unus.
2164 5534 2180 5565 t
2216 5529 2385 5575 quast.
2420 5531 2437 5561 ι
