3836 6230
295 347 401 402 9⁵ῑό

1753 311 1909 370 ORIG
1919 308 2070 364 ENlS

3453 277 3558 332 976

296 468 402 520 lioc
444 461 613 515 dicit:
655 473 671 504 ι
711 452 808 507 Alii
854 450 984 502 ﬁdes
1029 447 1080 499 in
1127 445 1308 498 eodem
1358 440 1557 509 Spirilll
1592 441 1680 490 "=
1721 456 1738 488 ³
1774 445 1828 488 ιιι
1856 441 1899 496 Δ
1928 446 2089 500 corde
2120 451 2302 497 nostro
2334 437 2599 504 descripta
2630 440 2786 497 sunt,
2838 428 2994 482 sicut
3044 422 3207 475 idem
3247 418 3376 489 ipse
3411 419 3558 484 Apo.

299 553 542 608 ostendat
573 545 693 614 quia
724 542 884 595 etiam
911 539 1039 592 lides
1073 551 1165 605 per
1190 534 1412 604 gratiam
1440 533 1612 584 datur.
1642 527 1743 581 Sed
1772 537 1824 579 ct

301 640 424 693 alibi
475 637 610 690 idem
657 629 937 701 Apostolus
984 627 1139 679 docet
1183 624 1402 678 dicens:
1445 641 1462 672 1
1492 621 1623 686 Quia
1659 636 1686 672 a
1717 619 1824 670 Deo

300 729 449 782 vobis
475 727 649 778 datum
675 729 757 775 est
784 727 889 772 non
917 716 1087 770 solum
1112 723 1167 766 ut
1194 712 1424 766 credatis
1456 710 1507 763 in
1532 708 1823 769 Christum,

301 819 390 872 sed
416 817 575 871 etiam
615 823 672 865 ιιι
703 807 975 880 patiamini
1009 821 1102 874 pro
1130 804 1216 858 illo
1245 803 1309 856 ’³.
1347 821 1365 853 ι
1403 799 1612 853 lnvenis
1644 799 1745 850 hoc
1772 805 1825 849 et

302 911 351 961 in
385 904 682 974 Evangeliis
728 898 1029 968 designari,
1072 895 1157 949 ubi
1207 893 1426 962 apostoli
1471 892 1825 958 intelligentes

299 997 438 1066 quod
481 1010 540 1050 ea
587 1008 704 1060 quae.
728 1009 791 1046 ex
820 992 1036 1045 homine
1069 999 1144 1042 est
1179 987 1343 1048 ﬁdes,
1379 999 1479 1036 non
1512 990 1681 1050 potest
1710 993 1828 1033 esse

301 1087 554 1154 perfecta,
577 1084 676 1136 nisi
709 1083 881 1135 addita
908 1081 1066 1133 fuerit
1090 1080 1250 1132 etiam
1276 1092 1336 1131 ea
1367 1091 1483 1143 quae
1505 1089 1566 1127 ex
1597 1073 1702 1125 Deo
1725 1079 1826 1133 est,

300 1178 484 1229 dicunt
510 1174 574 1228 ad
599 1172 923 1226 Salvatorem
955 1187 968 1222 :
1006 1188 1024 1221 ι
1053 1169 1202 1238 Auge
1245 1165 1395 1220 nobis
1420 1163 1573 1216 tidem
1608 1159 1671 1213 ⁸⁵.
1700 1177 1718 1209 ›
1753 1158 1828 1210 Ex

300 1264 491 1332 quibus
515 1247 1123 1326 omnibus‘apertissime
1164 1255 1540 1321 comprobatur
1569 1248 1708 1318 quod
1743 1247 1831 1300 hic

299 1353 433 1408 dicit
453 1350 738 1420 Apostolus
767 1365 781 1414 :
823 1367 841 1399 ι
877 1347 996 1400 Ideo
1039 1361 1101 1398 ex
1136 1344 1262 1405 ﬁde,
1299 1351 1355 1395 ut
1385 1339 1674 1393 secundum
1704 1351 1830 1404 gra-

299 1446 428 1497 tiam
459 1442 610 1496 ﬁrma
641 1441 710 1494 sit
737 1438 1016 1508 promissio
1041 1437 1084 1468 ’⁵
1116 1454 1129 1489 :
1173 1453 1192 1486 ι
1225 1433 1348 1502 quia
1379 1431 1537 1485 etiam
1565 1429 1695 1482 ﬁdes
1719 1427 1827 1495 ipsa

302 1549 404 1600 qua
441 1532 662 1587 credere
697 1530 940 1583 videmur
973 1527 1114 1589 Deo,
1161 1525 1298 1578 dono
1342 1522 1395 1575 in
1453 1520 1603 1574 nobis
1650 1517 1832 1584 gratiae

303 1621 673 1675 conﬁrmatur.
734 1618 858 1670 Hac
885 1624 1060 1667 autem
1097 1622 1176 1667 est
1203 1610 1373 1681 gratia
1401 1623 1560 1676 quam
1592 1605 1832 1659 invenire

304 1713 440 1766 sicut
487 1712 792 1764 thesaurum
827 1720 1074 1775 magnum
1125 1711 1356 1757 meretur
1406 1701 1448 1753 si
1497 1700 1618 1768 quis
1650 1699 1832 1752 beatus

305 1812 388 1856 est
411 1801 477 1853 “.
537 1799 685 1852 Hanc
729 1798 934 1851 invenit
967 1794 1104 1858 Noe;
1141 1801 1194 1846 et
1221 1791 1340 1845 ideo
1384 1789 1636 1858 scriptum
1663 1795 1744 1840 est
1771 1787 1834 1840 de

307 1906 369 1945 eo
397 1909 410 1944 :
448 1908 467 1940 ο
497 1888 607 1942 Noe
636 1898 810 1941 autem
840 1884 1042 1939 invenit
1079 1883 1303 1952 gratiam
1341 1881 1393 1934 in
1421 1887 1703 1948 conspectu
1731 1878 1834 1930 Do-

309 1981 437 2032 mini
468 1979 559 2032 Dei
586 1978 653 2029 ".
690 1995 708 2028 ι
743 1974 890 2028 Hanc
940 1973 1213 2026 invenerat
1261 1971 1482 2039 gratiam
1513 1976 1566 2022 et
1595 1967 1832 2037 Moyses;

307 2077 361 2122 et
393 2067 510 2120 ideo
540 2064 744 2120 dicebat
774 2063 838 2116 ad
865 2061 1026 2114 Deum
1081 2075 1096 2110 :
1149 2075 1168 2108 ‹
1201 2057 1258 2111 Si
1303 2056 1482 2110 inveni
1524 2055 1748 2124 gratiam
1783 2053 1834 2106 in

305 2163 590 2224 conspectu
629 2163 716 2206 tuo
745 2152 811 2204 ⁸⁸.
845 2170 864 2201 ι
911 2147 1218 2202 Invenimus
1269 2156 1442 2200 tamen
1479 2145 1681 2211 aliquos
1712 2157 1839 2196 san-

307 2257 551 2306 ctorum,
581 2257 685 2297 non
713 2241 882 2296 solum
929 2239 981 2292 in
1012 2244 1298 2305 conspectu
1331 2234 1539 2287 Domini
1568 2232 1656 2286 Dei
1691 2233 1837 2285 inve-

311 2338 452 2390 nisse
497 2335 756 2404 gratiam,
802 2329 894 2385 sed
941 2329 1104 2392 etiam
1135 2329 1186 2381 in
1214 2334 1498 2394 conspectu
1543 2323 1833 2377 hominum.

311 2426 544 2490 Denique
567 2423 632 2476 de
660 2421 819 2475 beato
847 2417 1041 2485 Joseph
1087 2416 1341 2483 scriptum
1384 2423 1461 2467 est
1492 2431 1506 2465 :
1545 2431 1562 2464 ι
1600 2411 1666 2464 Ει
1689 2410 1839 2464 inve-

310 2517 388 2568 nit
427 2511 619 2578 Joseph
665 2509 892 2577 gratiam
947 2509 998 2560 in
1049 2515 1331 2573 conspectu
1361 2502 1556 2557 domini
1585 2501 1667 2554 sui
1703 2501 1767 2553 '9.
1813 2517 1832 2549 ι

312 2603 418 2656 Sed
446 2603 547 2654 ista
579 2598 748 2668 gratia
781 2611 898 2665 qua:
943 2596 995 2649 in
1025 2603 1308 2662 conspectu
1337 2592 1605 2647 hominum
1634 2587 1839 2643 iuveni-

315 2701 432 2754 tur,
483 2690 589 2740 Deo
623 2685 881 2752 largiente
912 2683 1243 2736 conceditur.
1283 2682 1371 2735 Sic
1414 2681 1553 2734 enim
1586 2679 1838 2746 scriptum

313 2789 395 2833 est
436 2777 501 2831 de.
540 2775 722 2829 eodem
749 2772 940 2840 Joseph
970 2789 985 2824 :
1023 2789 1042 2822 ι
1075 2771 1140 2824 Et
1166 2779 1283 2824 erat
1324 2771 1576 2824 Dominus
1601 2782 1720 2821 cum
1747 2763 1840 2819 Jo-

313 2867 471 2934 seph,
504 2874 557 2918 et
584 2862 774 2918 infudit
805 2876 964 2930 super
986 2876 1104 2915 eum
1141 2859 1584 2922 misericordiam,
1617 2865 1671 2910 et
1694 2857 1840 2910 dedit

314 2955 390 3009 illi
434 2952 660 3024 gratiam
711 2952 761 3004 in
807 2959 1090 3019 conspectu
1129 2949 1383 3018 principis
1427 2945 1664 3001 carceris
1709 2945 1774 2999 '°.
1815 2962 1836 2996 ι

1924 538 2090 592 stolus
2138 534 2383 587 minister
2430 529 2590 598 hujus
2634 524 2830 594 gratiae
2869 522 2924 573 in
2963 516 3109 570 aliis
3141 512 3454 579 designat,
3505 519 3560 563 et

1925 628 2098 681 dicit:
2136 641 2154 674 ι
2194 619 2429 690 Epistola
2477 627 2660 670 nostra
2715 625 2816 665 vos
2868 607 3044 669 estis,
3105 599 3396 670 inscripta
3454 614 3560 653 non

1925 723 2244 777 atramento,
2265 711 2355 765 sed
2382 710 2585 775 Spiritu
2612 704 2705 759 Dei
2733 700 2849 757 vivi
2874 717 2889 763 ;
2931 713 3053 751 non
3085 695 3148 747 in
3186 689 3405 745 tabulis
3430 688 3566 758 lapi-

1925 807 2059 869 deis,
2085 804 2177 858 sed
2214 804 2264 855 in
2303 799 2498 853 tabulis
2531 795 2717 851 cordis
2754 788 3100 847 carnalibus
3127 783 3205 838 “.
3254 799 3276 834 ι
3343 781 3474 844 deo,
3509 789 3566 834 ut

1927 897 2054 950 mihi
2095 895 2328 954 videtur,
2382 887 2630 941 ﬁrmiora
2681 881 2817 938 dicit
2852 894 2922 932 ea
2973 890 3117 945 quae
3162 887 3275 941 per
3325 871 3565 940 gratiam

1927 1001 2084 1054 quam
2114 999 2174 1036 ea
2201 996 2319 1049 quae
2345 995 2408 1032 ex
2434 979 2548 1046 lege
2571 984 2722 1038 sunt,
2758 971 2893 1040 quia
2926 969 3028 1022 illa
3058 975 3238 1019 extra
3277 978 3384 1017 nos
3416 971 3568 1025 sunt,

1927 1051 1979 1127 et
2010 1073 2125 1125 ltzec
2165 1070 2303 1122 intra
2336 1082 2435 1120 nos
2467 1083 2479 1118 :
2514 1074 2568 1118 et
2605 1062 2696 1116 illa
2736 1062 2791 1112 in
2822 1055 3020 1126 fragili
3057 1051 3320 1107 materia
3380 1051 3570 1104 consi-

1929 1170 2098 1225 stunt,
2151 1159 2223 1211 ita
2265 1165 2323 1208 ut
2363 1153 2519 1208 facile
2569 1151 2789 1221 possint
2840 1147 3204 1201 exolescere
3239 1163 3252 1197 :
3285 1142 3411 1196 haec
3441 1155 3572 1195 vero

1929 1253 2018 1306 Dei
2045 1250 2244 1319 Spiritu
2278 1247 2565 1314 inscripta,
2591 1254 2646 1298 et
2680 1244 2735 1296 in
2777 1241 2990 1294 anima:
3027 1236 3445 1306 penetralibus
3474 1234 3575 1286 im-

1930 1353 2138 1406 pressa,
2175 1336 2485 1390 ﬁrmitatem
2512 1330 2904 1402 perpetuitatis
2952 1328 3298 1384 obtineant.
3352 1323 3574 1379 Talibus

1929 1441 2054 1495 ergo
2073 1425 2262 1478 litteris
2282 1423 2661 1493 promissionis
2675 1419 3024 1474 inscribitur
3041 1417 3246 1470 anima
3265 1429 3396 1482 qua:
3415 1415 3573 1467 ﬁdem

1929 1533 2074 1569 suam
2095 1517 2201 1570 Deo
2231 1515 2373 1567 velut
2399 1527 2554 1567 ceras
2576 1510 2847 1566 obtulerit
2875 1515 3262 1578 praeparatas
3282 1506 3429 1576 (85).
3449 1514 3506 1559 ut
3522 1505 3572 1558 in

1931 1609 2016 1661 his
2044 1606 2134 1659 Dei
2158 1605 2327 1676 gratia
2353 1605 2645 1672 dignanter
2679 1601 2862 1669 possit
2887 1599 3194 1652 inscribi:
3215 1607 3278 1652 et
3323 1597 3450 1651 ideo
3478 1598 3576 1650 hu-

1929 1697 2162 1762 iusmodi
2213 1697 2344 1748 lides
2382 1703 2666 1762 reputatur
2710 1693 2779 1745 ad
2836 1690 3194 1759 justitiam,
3245 1702 3377 1757 quae
3407 1701 3574 1754 capax

1934 1789 2119 1856 gratia:
2142 1786 2380 1840 caelestis
2410 1783 2708 1838 exstiterit.
2747 1780 2872 1834 Hoc
2910 1789 3126 1832 autem
3166 1780 3457 1848 contingit
3486 1793 3572 1832 se-

1933 1877 2060 1930 mini
2089 1875 2335 1934 Abralue.
2361 1888 2464 1927 non
2518 1872 2566 1925 ei
2616 1878 2833 1923 tantum
2861 1867 3033 1934 quod
3069 1883 3146 1920 ex
3176 1867 3305 1935 lege
3326 1875 3416 1920 est
3441 1864 3574 1930 (86),

1933 1968 2023 2018 sed
2042 1975 2096 2018 et
2130 1965 2178 2016 ei
2209 1962 2350 2030 quod
2370 1977 2438 2015 ex
2463 1961 2566 2013 ﬁde
2596 1969 2681 2013 est
2701 2001 2716 2016 .
2747 1957 2936 2012 Multo
2981 1958 3153 2012 enim
3195 1956 3448 2010 Abrahae
3483 1971 3576 2009 no-

1933 2054 2088 2108 bilior
2115 2067 2178 2106 ex
2210 2051 2313 2106 ﬁde
2359 2060 2464 2115 est,
2496 2065 2661 2118 quam
2695 2063 2767 2102 es
2799 2063 2992 2102 carne
3055 2047 3386 2109 successio,
3449 2046 3574 2113 quia

1934 2160 2036 2198 non
2066 2159 2130 2198 ex
2156 2157 2339 2205 carne,
2367 2144 2460 2194 sed
2480 2155 2549 2194 ex
2583 2140 2690 2194 fide
2713 2139 2894 2206 justiﬁ
2907 2148 3097 2192 catus
3139 2153 3276 2192 esse
3309 2153 3576 2192 memora-

1935 2244 2037 2288 tur.
2071 2234 2125 2288 Si
2147 2233 2287 2286 enim
2327 2248 2431 2285 non
2456 2245 2523 2284 ex
2553 2229 2682 2292 ﬁde,
2709 2229 2807 2282 sed
2843 2244 2922 2282 ex
2958 2231 3204 2283 semine
3233 2228 3421 2281 danda
3457 2242 3576 2281 suc-

1934 2326 2106 2378 cessio
2133 2332 2233 2384 est,
2257 2320 2583 2375 conveniens
2608 2319 2719 2373 erit
2747 2330 2807 2371 et
2831 2316 3130 2373 lsmaelis
3163 2319 3572 2388 posteritatem,

1934 2420 1988 2464 et
2014 2424 2106 2465 eos
2126 2410 2216 2478 qui
2241 2425 2302 2463 ex
2343 2408 2581 2464 Cethura
2599 2407 2992 2472 descendunt,
3019 2409 3096 2462 ad
3134 2409 3570 2478 promissionum

1935 2507 2269 2552 sacramenta
2290 2497 2528 2566 perduci.
2556 2496 2716 2563 Quod
2746 2498 2965 2572 utique
3001 2514 3128 2552 non
3162 2499 3460 2568 recipitur,
3484 2500 3574 2554 sed

1935 2589 2044 2643 sola
2081 2588 2212 2656 legis
2244 2602 2306 2640 ac
2355 2587 2476 2640 ﬁdei
2531 2587 2840 2654 posteritas
2897 2589 3340 2644 introducitur.
3379 2589 3571 2642 Verum

1936 2692 2040 2730 non
2089 2691 2186 2730 nos
2235 2684 2520 2744 prattereat
2540 2675 2795 2742 Apostoli
2833 2676 2893 2728 in
2939 2676 3068 2729 hoc
3095 2677 3232 2730 loco
3264 2676 3574 2732 nutabunda

1937 2768 2174 2837 quaedam
2194 2765 2505 2833 etambigue
2525 2764 3014 2833 prolatalocutio.
3040 2767 3216 2833 Quod
3249 2769 3401 2821 enim
3427 2768 3572 2829 dixit,

1944 2877 1964 2909 ι
2003 2858 2069 2913 Ut
2100 2857 2250 2910 ﬁrma
2277 2858 2348 2909 sit
2380 2855 2674 2921 promissio
2705 2855 2869 2908 omni
2909 2858 3170 2922 semini,
3212 2873 3328 2912 non
3359 2857 3410 2911 ei
3437 2857 3572 2927 quod

1939 2963 2004 3003 ex
2028 2947 2146 3016 lege
2175 2955 2257 3000 est
2282 2955 2510 3009 tantum,
2548 2945 2643 2998 sed
2666 2953 2724 2999 et
2752 2946 2805 3000 ei
2831 2949 3003 3014 quod
3034 2965 3112 3002 ex
3142 2949 3258 3004 ﬁde
3275 2957 3364 3003 est
3381 2947 3447 3011 ³⁸,
3489 2965 3506 2998 ι
3530 2947 3573 3001 si

317 3043 558 3111 Amplius
585 3041 759 3094 adhuc
781 3037 978 3106 aliquid
1011 3038 1073 3127 de
1101 3035 1398 3127 huiusmodi
1421 3035 1603 3127 gratia
1625 3034 1678 3087 in
1706 3032 1842 3127 divi—
1867 3069 1910 3127 ϐ
1941 3037 2013 3090 ita
2041 3033 2366 3102 intelligatur
2394 3033 2548 3100 quasi
2595 3032 2746 3086 aliud
2777 3049 2854 3087 ex
2890 3032 3036 3102 lege
3082 3051 3317 3104 semen,
3356 3044 3412 3091 et
3443 3034 3573 3089 aliud

318 3132 403 3185 nis
442 3129 635 3184 litteris
667 3138 992 3180 memoratur
1033 3123 1100 3177 de
1146 3127 1298 3177 beata
1326 3123 1536 3177 Esther.
1573 3121 1661 3176 Sic
1699 3119 1841 3176 enim

314 3221 394 3273 ait
442 3237 457 3272 :
498 3219 626 3284 Quia
669 3235 688 3269 ι
721 3225 839 3272 erat
880 3215 1076 3271 Esther
1120 3213 1396 3268 inveniens
1438 3211 1660 3281 gratiam
1707 3213 1846 3280 apud

315 3324 503 3366 omnes
532 3309 624 3378 qui
652 3309 903 3363 videbant
931 3321 1048 3360 eam
1079 3305 1141 3358 ³¹.
1175 3323 1192 3354 ι
1221 3303 1381 3357 Paulo
1409 3312 1530 3372 post
1549 3303 1676 3356 dicit
1699 3302 1846 3356 Scri-

320 3409 472 3468 ptura
505 3416 518 3452 :
559 3415 578 3448 t
609 3396 818 3451 Invenit
864 3396 1088 3466 gratiam
1117 3394 1310 3448 Esther
1337 3406 1496 3460 super
1517 3404 1706 3445 omnes
1744 3405 1847 3444 ca:-

323 3499 464 3541 teras
495 3486 730 3552 virgines
750 3522 765 3548 ,
814 3493 868 3537 et
913 3483 1162 3551 imposuit
1188 3482 1237 3535 ei
1267 3495 1358 3534 rex
1388 3479 1628 3533 diadema
1657 3477 1847 3531 mulie-

322 3580 420 3632 bre
447 3577 511 3632 ".
545 3595 562 3628 ι
596 3577 718 3631 Haec
748 3585 925 3631 autem
971 3590 1075 3628 non
1108 3574 1442 3640 importune,
1484 3571 1748 3633 arbitror,
1782 3567 1848 3621 de

321 3667 617 3734 Scripturis
655 3666 853 3720 sanctis
892 3663 1264 3732 requisivimus
1297 3660 1362 3713 ad
1391 3658 1847 3713 conﬁrmationem

323 3756 598 3826 apostolici
631 3755 754 3809 dicti
775 3792 790 3817 ,
839 3753 892 3807 in
939 3765 1043 3820 quo
1071 3750 1137 3804 de
1160 3749 1264 3803 ﬁde
1297 3757 1352 3802 et
1378 3749 1550 3816 gratia
1593 3746 1847 3814 disputat.

323 3846 411 3899 Ait
456 3858 586 3913 ergo
633 3861 648 3896 :
701 3859 722 3893 ι
753 3841 874 3895 Ideo
906 3855 971 3894 ex
1029 3837 1164 3899 ﬁde,
1209 3846 1265 3889 ut
1293 3836 1582 3890 secundum
1625 3835 1848 3904 gratiam

325 3931 477 3983 ﬁrma
539 3928 609 3983 sit
658 3927 938 3998 promissio
977 3926 1041 3978 ³³.
1081 3942 1101 3975 ι
1167 3923 1270 3977 Sed
1317 3933 1370 3978 et
1411 3925 1518 3977 hoc
1564 3921 1848 3976 notandum

322 4031 403 4074 est
443 4021 585 4088 quod
628 4020 733 4086 ait,
786 4035 806 4069 ι
837 4017 959 4071 Ideo
1010 4029 1072 4070 ex
1116 4015 1256 4076 ﬁde,
1290 4022 1350 4066 ut
1395 4011 1682 4066 secundum
1731 4025 1851 4080 gra-

324 4111 452 4164 tiam
499 4109 650 4162 ﬁrma
701 4110 772 4162 sit
815 4104 1133 4175 promissio,
1166 4119 1185 4153 ι
1235 4101 1388 4170 quasi
1436 4099 1718 4153 ostendere
1757 4111 1848 4150 vo-

327 4199 440 4251 lens
471 4200 610 4267 quod
655 4197 700 4251 si
740 4212 807 4252 ex
851 4196 963 4264 lege
1002 4201 1177 4255 esset,
1208 4201 1262 4244 et
1306 4203 1407 4242 non
1437 4203 1500 4242 ex
1531 4185 1696 4254 gratia
1731 4199 1855 4252 pro-

325 4287 541 4349 missio,
571 4287 720 4340 ﬁrma
752 4300 854 4340 nou
878 4295 1054 4352 esset;
1086 4300 1223 4339 nunc
1255 4292 1429 4336 autem
1462 4279 1661 4332 idcirco
1697 4276 1848 4330 firma

1941 3140 2007 3176 ex
2035 3123 2137 3178 ﬁde
2165 3123 2378 3186 dixerit,
2403 3132 2461 3175 ιιι
2487 3133 2750 3190 tanquam
2796 3124 2877 3176 ab
2909 3135 3185 3194 utroque
3212 3129 3429 3182 semine
3461 3141 3578 3196 pro-

1943 3213 2125 3267 missio
2156 3211 2487 3267 haereditatis
2518 3209 2632 3282 (87)
2660 3212 2872 3266 debeat
2895 3219 3281 3284 exspectari,
3316 3219 3576 3272 invenitur

1944 3303 2215 3361 contraria
2265 3301 2443 3355 dicere
2486 3301 2574 3355 his
2606 3315 2732 3370 qua:
2787 3305 3093 3371 superius
3154 3308 3413 3376 scripsit,
3461 3322 3572 3360 cum

1943 3391 2017 3443 ait
2036 3389 2110 3443 “z
2135 3407 2153 3441 ι
2184 3387 2298 3442 Νοιι
2331 3389 2472 3442 enim
2492 3389 2655 3456 hiqui
2675 3405 2744 3443 ex
2771 3390 2940 3460 lege,
2969 3394 3252 3450 hmredes
3270 3393 3572 3465 ειιιιι(88);›

1944 3478 2070 3532 item
2109 3477 2230 3530 alibi
2255 3477 2342 3528 πε
2383 3493 2402 3526 ι
2448 3476 2808 3530 Arbitramur
2855 3481 3035 3535 enim
3067 3484 3391 3551 iustiﬁcari
3425 3484 3577 3538 homi-

1944 3581 2066 3621 nem
2096 3581 2189 3634 per
2220 3564 2378 3619 ﬁdem
2415 3565 2533 3618 sine
2558 3565 2834 3633 operibus
2861 3567 3071 3639 legis;
3103 3592 3125 3625 ι
3167 3582 3232 3628 et
3268 3590 3484 3629 rursum
3499 3573 3568 3624 ³⁶ε

1951 3675 1969 3708 ι
2007 3655 2064 3710 Si
2091 3656 2232 3710 enim
2281 3656 2334 3709 hi
2379 3655 2469 3724 qui
2515 3669 2584 3709 ex
2613 3655 2755 3724 lege,
2788 3656 3086 3718 haeredes
3124 3677 3293 3729 sunt,
3330 3674 3576 3720 evacuata

1947 3754 2029 3799 est
2056 3745 2209 3799 ﬁdes.
2241 3761 2260 3795 ι
2299 3744 2512 3798 Etenim
2547 3744 2594 3798 si
2619 3759 2690 3799 ex
2722 3745 2836 3801 ﬁde
2863 3747 3260 3815 justiﬁeatur
3285 3755 3448 3809 homo
3474 3754 3578 3807 sine

1947 3835 2198 3902 operibus
2225 3833 2378 3903 legis,
2415 3843 2470 3887 et
2501 3835 2750 3889 hatredes
2777 3851 2898 3892 non
2942 3841 3110 3898 fiunt
3151 3846 3277 3918 (89)
3317 3847 3373 3901 hi
3410 3847 3497 3916 qui
3520 3857 3581 3898 ex

1949 3923 2063 3992 lege
2084 3931 2232 3986 sunt,
2262 3925 2533 3991 quomodo
2565 3940 2673 3979 non
2701 3935 3096 3990 contrarium
3124 3939 3421 3993 videbitur
3450 3935 3579 4005 quod

1951 4011 2004 4064 in
2037 4012 2138 4065 hoc
2185 4011 2303 4064 loco
2354 4011 2511 4077 dicit,
2562 4012 2786 4069 ﬁrmam
2839 4033 2982 4076 esse
3015 4027 3470 4094 promissionem
3496 4039 3582 4095 per

1949 4101 2195 4169 gratiam,
2247 4114 2354 4154 non
2389 4100 2440 4155 ei
2487 4111 2705 4156 tantum
2741 4111 2967 4165 semini
3011 4117 3183 4185 quod
3230 4133 3304 4172 ex
3343 4118 3461 4187 lege
3486 4125 3582 4176 est,

1947 4191 2041 4242 sed
2066 4199 2121 4243 et
2147 4190 2196 4243 ei
2229 4191 2371 4257 quod
2411 4205 2479 4244 ex
2516 4192 2625 4248 ﬁde
2661 4198 2790 4251 est?
2820 4199 2899 4254 Et
2930 4219 3083 4261 cum
3115 4208 3178 4262 in
3216 4208 3587 4278 superioribus

1949 4292 2041 4331 eos
2053 4279 2140 4345 qui
2167 4293 2233 4331 ex
2257 4279 2376 4344 lege
2397 4291 2525 4335 sunt
2555 4285 2836 4352 repulisse
2861 4291 3185 4362 videatur,
3221 4297 3320 4352 hic
3341 4311 3437 4352 eos
3459 4311 3585 4364 quo-

324 4377 428 4441 δίι,
477 4379 600 4444 quia
645 4393 746 4430 ηοη
784 4392 851 4430 ει
897 4377 1044 4445 lege,
1093 4377 1187 4430 sed
1230 4387 1322 4440 per
1351 4369 1596 4439 gratiam.
1644 4365 1700 4419 ln
1744 4381 1849 4434 quo
1878 4385 1923 4439 ι)
1951 4365 2104 4417 modo
2129 4375 2373 4433 exaequat
2399 4367 2482 4421 his
2508 4383 2649 4436 quos
2685 4385 2753 4426 ex
2795 4375 2915 4431 fide
2943 4395 3211 4450 sperare
3242 4387 3480 4452 gratiam
3509 4383 3588 4435 di-

325 4481 423 4534 ego
475 4476 600 4534 puto
649 4466 788 4534 quod
839 4465 942 4518 tale
991 4464 1188 4533 aliquid
1241 4461 1462 4530 intelligi
1508 4458 1668 4522 velit,
1726 4458 1850 4526 quia

323 4570 443 4624 qua!
486 4570 552 4609 ex
597 4555 714 4620 lege
760 4563 912 4618 sunt,
961 4563 1110 4608 extra
1159 4567 1255 4606 nos
1299 4560 1422 4607 sunt
1463 4567 1478 4602 :
1527 4563 1645 4617 quae
1673 4556 1849 4601 autem

329 4661 426 4710 per
473 4645 730 4715 gratiam,
781 4643 920 4697 intra
969 4657 1064 4696 nos
1102 4641 1380 4696 habentur.
1455 4636 1607 4691 Verbi
1667 4650 1851 4700 causa,

333 4733 492 4803 529
528 4748 646 4802 quas
685 4733 737 4785 in
771 4731 886 4800 lege
919 4731 1119 4799 scripta
1155 4737 1313 4792 sunt,
1361 4726 1570 4780 calamo
1608 4737 1664 4776 et
1711 4733 1854 4776 atra-

331 4835 510 4877 mento
537 4826 588 4877 in
608 4824 929 4877 membranis
948 4822 1028 4875 vel
1056 4821 1315 4876 chartulis
1335 4819 1532 4884 scripta
1555 4823 1710 4878 sunt;
1736 4828 1854 4881 qua:

359 4922 502 4967 utem
533 4927 599 4968 ex
629 4913 798 4982 gratia
850 4913 1200 4979 descendunt,
1243 4926 1338 4980 per
1383 4906 1642 4976 Spiritum
1677 4904 1769 4958 Dei
1800 4903 1852 4955 in

1953 4453 2064 4509 cit?
2097 4453 2202 4508 Sed
2236 4456 2369 4510 mihi
2407 4457 2628 4513 videtur
2658 4465 2812 4531 quod
2851 4468 3036 4538 dicit,
3077 4491 3101 4527 ι
3148 4475 3326 4530 Omni
3366 4472 3590 4536 semini,

1955 4558 2059 4597 non
2094 4544 2143 4596 ei
2181 4545 2324 4613 quod
2361 4561 2427 4600 ex
2470 4547 2589 4618 lege
2619 4559 2704 4606 est
2734 4562 2997 4627 tantum,
3055 4566 3167 4619 sed
3195 4575 3258 4619 et
3279 4565 3333 4620 ei
3363 4565 3507 4635 quod
3529 4577 3594 4617 ex

1958 4637 2061 4691 ﬁde
2099 4646 2182 4692 est
2206 4638 2273 4704 ”,
2305 4655 2325 4690 ι
2363 4638 2533 4710 legem
2571 4642 2688 4707 hic,
2728 4645 2884 4701 sicut
2931 4665 3103 4721 saepe
3151 4654 3278 4723 jam
3333 4654 3591 4715 diximus,

1959 4727 2194 4816 iudicare
2221 4729 2548 4794 naturalem.
2591 4743 2648 4787 et
2677 4734 2786 4788 hoc
2829 4751 3148 4811 asserere,
3195 4745 3354 4816 quod
3377 4759 3484 4800 non
3514 4742 3596 4797 his

1958 4813 2045 4881 qui
2073 4828 2140 4868 ex
2177 4814 2293 4885 lege
2332 4819 2566 4873 naturali
2613 4823 2799 4879 solum
2830 4831 3119 4898 veniunt,
3163 4813 3334 4889 ﬁrma
3378 4835 3454 4890 sit
3482 4847 3597 4903 pro-

1957 4903 2160 4967 missio,
2173 4905 2264 4958 sed
2289 4915 2344 4959 et
2367 4907 2450 4961 bis
2475 4909 2568 4976 qui
2597 4925 2663 4964 ex
2695 4911 2806 4967 ﬁde
2841 4915 2960 4987 legi
2989 4920 3339 4978 addiderint
3362 4920 3595 4978 naturali

429 5089 474 5162 ξ’
503 5087 520 5140 l
549 5087 678 5162 (lor.
697 5102 791 5162 xu,
825 5086 878 5140 9.
955 5085 1000 5116 ³³
1025 5084 1216 5162 Philip.
1240 5101 1285 5162 ι,
1313 5083 1402 5162 ἓθ.
1475 5082 1521 5114 ⁸⁸
1549 5081 1678 5133 Luc.
1719 5093 1889 5162 xm,“

2075 5077 2395 5162 ‘JEOm-“l‘ﬁ
2455 5083 2546 5162 με.
2620 5085 2864 5162 “Prov.
2928 5110 3022 5162 ιιι,
3091 5100 3304 5156 13-15.
3384 5101 3430 5131 "
3459 5097 3590 5153 Gen.

336 5161 404 5209 VI.
430 5155 481 5208 8.
570 5156 616 5187 ”
643 5157 805 5208 Exod.
839 5169 1030 5216 xxxttt,
1062 5156 1146 5207 15.

332 5230 405 5279 ιν,
440 5223 524 5277 16.
563 5223 608 5255 ⁸⁸
629 5223 670 5275 ll
690 5224 815 5276 Cor.
839 5239 921 5288 ιιι,
951 5225 1004 5276 5.

426 5358 513 5494 85g
549 5362 656 5424 AL,
688 5379 707 5412 ι
748 5363 884 5416 ceris
904 5362 1153 5416 obtulerit
1178 5361 1509 5430 praeparatis.
1529 5377 1547 5412 ι

428 5429 493 5479 86
549 5430 671 5482 Mss.
704 5429 899 5494 plures,
929 5449 946 5480 ι
971 5447 1074 5484 ιιοιι
1096 5431 1145 5484 ei
1178 5439 1382 5483 tantum
1409 5430 1502 5494 qui
1533 5442 1547 5478 ι

428 5425 513 5507 86)
549 5430 671 5507 Mss.
704 5429 899 5507 plures,
929 5449 946 5480 α
971 5447 1074 5484 ιιοιι
1096 5431 1145 5484 ei
1178 5425 1382 5483 tantum
1409 5430 1502 5497 qui
1533 5441 1596 5479 ex
1620 5425 1733 5494 lege
1752 5431 1853 5485 est,

341 5499 509 5560 sedici
530 5499 617 5560 qui
643 5511 707 5547 ex
736 5499 837 5549 lide
867 5507 966 5550 est.
999 5517 1016 5548 ι

549 5558 901 5632 Hereditatis.
942 5565 1092 5618 Deest
1124 5565 1176 5616 in
1199 5564 1376 5617 editis.

417 5626 526 5694 (88)
567 5627 683 5680 Non
711 5631 844 5681 enim
873 5632 924 5682 hi
967 5634 1054 5697 qui
1086 5648 1148 5685 ex
1183 5632 1308 5700 lege,
1338 5631 1563 5684 hwredcr
1597 5639 1733 5682 sunt.
1765 5626 1854 5680 Sic

1240 5155 1284 5184 ²⁹
1316 5152 1447 5206 Gen.
1491 5164 1673 5210 xxxix,
1721 5146 1773 5198 4.
1845 5144 1890 5176 ³⁸
1918 5145 2047 5200 ibid.
2090 5146 2180 5202 21.

1099 5222 1142 5253 ⁸⁸
1166 5221 1322 5276 Rom.
1347 5235 1419 5284 tv,
1447 5219 1531 5273 16.
1605 5217 1650 5248 ³⁸
1679 5215 1808 5269 ibid.
1852 5213 1936 5268 14.
2013 5214 2054 5245 ³⁷
2084 5214 2241 5270 llom.
2273 5231 2357 5284 ιιι,
2381 5219 2452 5273 9.8
2525 5221 2614 5277 ³⁸1

1503 5220 1531 5271 i.
1605 5217 1650 5248 ³⁸
1679 5215 1808 5269 ibid.
1852 5213 1936 5268 14.
2013 5214 2054 5245 ³⁷
2084 5214 2241 5270 Ιὶοιιι.
2273 5231 2357 5284 ιιι,
2381 5219 2452 5273 9.8
2525 5221 2572 5254 ³⁸
2594 5213 2765 5283 Boni.
2790 5213 2890 5298 tv,
2922 5213 3018 5287 14.

2268 5148 2313 5179 ⁸¹
2359 5150 2558 5206 Esther
2607 5169 2675 5218 tt,
2708 5158 2798 5214 15.

2905 5164 2955 5196 ³³
2997 5167 3154 5228 ibid.
3183 5171 3278 5223 17.
3359 5170 3408 5202 ³³
3437 5170 3592 5222 Rom.

3105 5238 3157 5273 ³⁸
3191 5242 3364 5294 110m.
3400 5253 3474 5304 tv,
3509 5235 3591 5287 16.

1951 5369 2138 5450 amnes
2160 5361 2525 5450 msmsiino‘stri“
2543 5372 2606 5450 et
2653 5369 2836 5450 editi;
2882 5383 3146 5431 attamen
3179 5380 3482 5450 tegendum
3518 5375 3596 5426 vi-

1953 5425 2344 5510 ξίὲξυξεέέἵοη,
2383 5430 2539 5510 cui"!
2579 5447 2685 5510 tier
2742 5425 3587 5510 teget.'aiais'iggﬁ."xi;au.

1950 5499 2436 5627 Ξὶιὲιίῗὲιέιιᾝόέιίιιε;
2487 5506 2546 5550 ιιι
2607 5505 2803 5563 ltaares
2841 5525 2995 5566 esset
3048 5519 3308 5583 mundi;
3346 5519 3445 5571 sed
3501 5526 3595 5583 per

2027 5626 2137 5696 (89)
2173 5627 2334 5696 Editi,
2371 5649 2390 5682 ι
2418 5647 2528 5688 ιιοιι
2558 5635 2807 5716 fuerint,
2847 5650 3068 5722 hmale.
