3836 6222
348 292 451 348 979

1778 282 2090 340 ORJGENIS

3497 270 3600 326 980

351 421 471 460 cum
500 418 562 458 ex
596 399 757 454 nihilo
782 410 900 450 esse
950 395 1072 447 fecit
1117 395 1382 460 universa,
1432 402 1486 448 et
1514 409 1575 449 ea
1607 411 1724 464 qua:
1765 412 1866 450 non
1895 400 1941 456 Α
1968 406 2128 447 arena
2152 392 2318 444 maris
2337 389 2500 460 (1°).El
2531 403 2638 442 ηοη
2663 387 3002 442 inﬁrmam!”
3034 389 3128 434 εει
3157 378 3299 443 “de:
3336 391 3445 432 “3°
3474 393 3596 432 ωηο

349 505 522 555 erant,
553 492 744 543 virtute
769 486 1016 554 potentiae
1051 498 1159 536 sua:
1187 493 1433 552 tanquam
1478 499 1593 552 qua:
1617 494 1796 539 essent
1817 493 1870 537 et

349 582 700 635 subsisterent
749 575 1028 629 evocavit:
1061 582 1114 626 et
1153 573 1224 626 ita
1255 573 1303 626 ei
1356 573 1407 626 in
1456 575 1688 628 creando
1740 572 1870 624 nihil

289 694 296 698 -
352 672 515 722 fuisse
545 665 772 730 diﬁicile,
807 674 862 716 ut
885 679 1005 717 cum
1041 663 1172 716 nihil
1204 664 1506 728 exsisteret,
1554 664 1728 717 omnia
1745 663 1871 718 sub-

345 763 423 816 ito
471 765 653 810 vocata
671 756 742 807 ita
769 753 1061 807 adfuissent
1080 763 1325 821 tanquam
1344 768 1461 821 qua:
1473 767 1679 821 semper
1701 753 1865 806 exsti-

345 847 507 900 terint
532 844 662 914 (94).
704 843 853 910 Quod
883 845 925 898 si
964 844 1085 910 quis
1114 844 1267 896 nobis
1299 841 1513 909 objiciat
1539 843 1684 896 illum
1723 843 1868 910 Apo-

342 936 462 989 stoli
489 949 812 1000 sermonem,
833 948 994 1003 quem
1027 935 1093 986 ad
1141 934 1446 988 Corinthios
1476 934 1662 987 scribit
1682 933 1770 987 ubi
1791 933 1869 987 di-

341 1027 437 1089 cit,
465 1025 590 1093 quia
617 1043 635 1074 ι
667 1023 1086 1092 contemptibilia
1112 1024 1289 1077 mundi
1307 1023 1463 1091 elegit
1485 1025 1646 1087 Deus,
1675 1033 1729 1076 et
1753 1037 1868 1088 quae

339 1128 445 1168 non
480 1122 625 1178 sunt,
664 1123 723 1167 ut
749 1129 810 1167 ea
855 1129 974 1182 quae
1011 1123 1133 1166 sunt
1166 1113 1483 1176 destrueret,
1528 1123 1588 1166 ut
1624 1127 1727 1165 non
1752 1111 1865 1180 glo-

344 1205 515 1258 rietur
547 1204 720 1258 omnis
748 1219 874 1258 caro
921 1219 1098 1256 coram
1133 1203 1238 1257 Deo
1252 1204 1295 1236 ⁵³
1326 1219 1340 1256 :
1376 1223 1395 1254 ι
1419 1212 1474 1257 et
1501 1203 1642 1256 dicat
1674 1217 1866 1256 secun-

339 1292 464 1345 dum
497 1292 638 1346 hanc
687 1293 1068 1360 expositionem
1099 1308 1204 1347 non
1254 1293 1539 1348 convenire
1570 1300 1628 1344 ut
1667 1290 1865 1344 destrui

341 1383 591 1436 dicantur
615 1396 734 1450 quae
785 1391 913 1435 sunt
954 1397 1075 1436 cum
1119 1396 1181 1436 ea
1214 1396 1332 1448 qua:
1379 1397 1484 1435 non
1529 1389 1654 1434 sunt
1698 1381 1866 1434 electa

339 1473 446 1525 sint
475 1472 609 1542 (95),
657 1473 896 1527 dicemus
937 1475 1002 1526 ad
1037 1474 1147 1526 haec
1173 1473 1296 1541 quia
1332 1474 1386 1526 in
1429 1472 1518 1526 illo
1567 1472 1684 1525 loco
1739 1470 1868 1524 alios

340 1563 476 1617 dixit
506 1576 600 1616 eos
619 1562 707 1630 qui
730 1572 879 1625 sunt,
901 1571 955 1616 et
986 1563 1118 1617 alios
1149 1563 1199 1616 in
1231 1563 1331 1616 hoc
1359 1562 1532 1630 capite
1559 1562 1610 1614 in
1636 1560 1866 1628 Epistula

340 1655 406 1704 ad
434 1653 724 1707 Romanos.
760 1651 1210 1706 Declaravitenim
1241 1652 1306 1704 ad
1329 1651 1639 1705 Corinthius.
1656 1649 1780 1718 quia
1801 1650 1867 1704 de

343 1743 425 1795 his
453 1741 651 1795 diceret
685 1756 820 1810 quos
865 1757 1026 1810 supra
1077 1750 1498 1796 enumeraverat.
1531 1740 1672 1792 Dixit
1722 1739 1864 1792 enim

337 1831 580 1899 superius
603 1829 688 1884 διε
727 1849 748 1882 ι
781 1831 968 1885 Videte
1024 1831 1164 1884 enim
1212 1830 1538 1884 vocationem
1596 1837 1862 1892 vestram,

337 1921 696 1989 lratres,~quia
721 1934 823 1975 non
847 1920 994 1974 multi
1013 1921 1279 1989 sapientes
1300 1919 1439 1973 inter
1459 1933 1552 1972 vos
1573 1918 1864 1972 secundum

340 2027 577 2074 carnem,
607 2026 708 2064 non
728 2011 876 2065 multi
893 2020 1132 2080 potentes
1175 2005 1306 2075 (96),
1331 2018 1440 2056 non
1457 2003 1606 2057 multi
1629 2005 1858 2060 ttim’les:

337 2103 431 2156 sed
453 2117 573 2170 qua:
601 2101 764 2156 stulta
795 2111 920 2156 sunt
955 2100 1133 2154 mundi
1167 2098 1327 2167 elegit
1355 2097 1514 2160 Deus,
1547 2107 1605 2150 ut
1640 2095 1865 2150 confun-

338 2193 428 2247 dat
453 2192 721 2260 sapientes
745 2175 830 2245 :et
854 2191 1062 2244 inﬁrma
1089 2189 1273 2244 mundi
1300 2188 1459 2256 elegit
1485 2187 1643 2252 Deus,
1661 2194 1719 2239 ut
1739 2201 1867 2240 con-

336 2279 528 2333 fundat
576 2279 756 2332 fortia.
787 2296 805 2329 ι
836 2276 989 2332 Sicut
1039 2292 1165 2347 ergo
1214 2277 1376 2331 stulta
1420 2276 1602 2330 mundi
1644 2275 1866 2344 elegisse

336 2370 685 2434 dicitDeum,
718 2370 817 2424 hoc
859 2377 940 2422 est
967 2378 1171 2437 gentes,
1204 2379 1264 2420 ut
1285 2367 1627 2422 confunderet
1652 2368 1864 2434 sapien-

337 2472 440 2524 tes,
469 2461 586 2514 sine
615 2450 772 2514 dubio
797 2457 1047 2522 Judeeos;
1085 2467 1140 2511 et
1177 2457 1389 2510 inﬁrma
1421 2455 1623 2520 mundi,
1656 2464 1713 2508 ut
1733 2469 1866 2509 con-

335 2552 524 2605 fundat
557 2552 739 2614 fortia,
769 2550 954 2604 eodem
987 2549 1175 2603 ordine
1210 2547 1262 2600 in
1294 2547 1395 2600 hoc
1419 2547 1539 2600 loco
1567 2545 1699 2600 dicit
1727 2557 1781 2600 et
1803 2546 1867 2599 de

336 2644 419 2695 his
447 2657 565 2710 quae
596 2656 700 2694 non
721 2653 864 2704 sunt,
898 2650 956 2694 ut
981 2656 1040 2694 ea
1068 2655 1186 2707 qua:
1210 2651 1334 2693 sunt
1364 2640 1600 2694 destruat
1628 2656 1645 2693 :
1678 2648 1733 2692 et
1759 2653 1865 2693 non

337 2748 458 2786 esse
484 2741 686 2800 gentes,
710 2746 827 2786 esse
850 2742 1028 2785 autem
1047 2729 1256 2784 Judaeos
1283 2731 1537 2796 ostendit,
1568 2730 1619 2784 id
1648 2739 1750 2796 est,
1775 2730 1866 2799 qui

337 2823 390 2876 in
425 2823 539 2888 lege
558 2829 731 2885 erant,
771 2823 862 2874 sed
887 2819 1056 2888 legem
1081 2833 1184 2872 non
1214 2819 1520 2887 implebant,
1542 2828 1600 2871 ut
1629 2819 1868 2872 destrue-

340 2921 549 2976 rentur,
575 2921 626 2964 et
658 2910 1036 2964 inducerentur
1067 2907 1176 2977 (97)
1210 2907 1284 2961 illi
1335 2908 1427 2975 qui
1484 2922 1592 2961 non
1621 2894 1779 2961 erant
1813 2907 1866 2960 in

338 3002 479 3070 lege,
501 3013 555 3056 et
577 3001 806 3055 Abrahae
851 2999 972 3053 ﬁdei
1003 2997 1332 3053 credulitatis
1363 2997 1552 3051 merito
1577 2997 1866 3066 jungeren—
1891 3039 1936 3097 ϐ

341 3105 446 3150 tur.
474 3094 622 3161 Quod
646 3103 825 3149 autem
854 3093 1028 3148 dixit:
1061 3107 1084 3142 ι
1106 3089 1477 3144 Utconfundat
1507 3091 1772 3158 sapientes
1801 3105 1814 3142 :
1839 3108 1858 3141 ι

337 3199 444 3238 non
472 3199 578 3253 quo
612 3198 738 3238 vere
767 3183 1036 3251 sapientes
1089 3190 1267 3234 essent
1317 3177 1462 3248 (98);
1501 3179 1700 3248 alioqui
1732 3195 1867 3233 nun-

339 3288 498 3342 quam
519 3274 866 3327 confunderet
898 3273 1036 3326 Deus
1059 3285 1153 3324 eos
1196 3270 1286 3338 qui
1323 3270 1614 3324 secundum
1642 3269 1734 3324 Dei
1776 3285 1864 3323 sa-

339 3365 598 3430 pientiam
640 3363 909 3430 sapientes
955 3371 1082 3416 sunt
1109 3362 1192 3426 ";
1246 3359 1338 3414 sed
1382 3359 1498 3414 illos
1523 3359 1654 3413 dicit
1690 3360 1778 3427 qui
1809 3375 1867 3414 se

341 3462 528 3520 putant
551 3465 669 3506 esse
692 3451 980 3519 sapientes,
1002 3460 1057 3505 et
1089 3466 1190 3504 non
1214 3459 1361 3513 sunt,
1390 3449 1530 3504 sicut
1549 3456 1603 3502 et
1630 3447 1758 3502 alibi
1787 3450 1869 3502 di-

343 3545 444 3598 cit:
469 3561 487 3593 ι
515 3541 614 3596 Ubi
633 3541 881 3608 sapiens?
909 3540 999 3593 ubi
1017 3540 1223 3594 scriba?
1245 3540 1332 3593 ubi
1363 3539 1692 3607 conquisitor
1714 3537 1868 3605 hujus

342 3631 560 3687 seculi?
588 3629 769 3684 Nonne
797 3628 1010 3683 stultam
1041 3627 1167 3683 fecit
1197 3627 1339 3682 Deus
1361 3628 1679 3696 sapientiam
1709 3627 1865 3695 hujus

343 3719 522 3774 mundi
546 3719 628 3772 “1'
664 3737 684 3770 ι
716 3717 878 3787 Hujus
913 3716 1098 3770 mundi
1126 3730 1254 3785 ergo
1291 3716 1559 3784 sapientes
1584 3713 1866 3768 confundit

341 3811 543 3880 eligens
589 3809 796 3875 stultos,
839 3823 944 3862 non
972 3807 1097 3876 quia
1138 3807 1390 3861 similiter
1425 3805 1576 3858 stulti
1605 3812 1785 3858 essent
1816 3810 1870 3854 et

344 3902 430 3955 isti
460 3916 556 3966 per
584 3899 697 3968 (99)
724 3898 997 3967 penuriam
1043 3911 1230 3952 sensus
1254 3935 1270 3960 ,
1302 3895 1397 3950 sed
1431 3894 1715 3949 secundum
1744 3891 1870 3944 illud

341 3994 480 4060 quod
507 3991 706 4044 dictum
731 3997 811 4042 est
831 3989 875 4021 ⁵⁷
903 4004 918 4040 :
960 4006 980 4038 ι
1016 3987 1118 4053 Qui
1155 3987 1266 4039 vult
1313 3985 1524 4052 sapiens
1547 3997 1685 4045 esse,
1710 3979 1863 4049 531

343 4083 538 4136 stultus
588 4079 680 4133 ﬁat
723 4079 776 4132 in
828 4078 929 4132 hoc
981 4077 1198 4138 mundo,
1250 4083 1308 4126 ut
1349 4072 1419 4127 sit
1468 4071 1680 4138 sapiens
1733 4069 1868 4136 apud

344 4172 540 4224 Deum:
559 4171 682 4238 quia
719 4167 978 4236 sapientia
999 4165 1158 4234 huius
1178 4164 1359 4219 mundi
1387 4162 1609 4217 stultitia
1633 4168 1715 4216 est
1734 4161 1870 4228 apud

345 4261 569 4315 Dcum.»

1968 481 2220 534 sideravit
2249 494 2442 548 corpus
2489 493 2646 533 suum
2691 477 2814 545 jam
2861 478 3234 530 etnurtuum,
3292 482 3433 520 cum
3487 467 3600 522 fere

1965 579 2176 626 centum
2207 581 2350 624 esset
2374 583 2658 632 annorum,
2691 577 2750 621 et
2775 571 3112 638 emortuam
3153 558 3396 611 vulvam
3429 557 3597 613 Sane.

1968 662 2020 714 In
2047 658 2459 730 repromissione
2495 661 2662 714 etiam
2703 657 2805 712 Dei
2844 669 2960 708 non
2997 650 3305 706 haesitavit
3345 649 3598 704 diuiden-

1968 751 2039 804 tia
2080 751 2208 804 :sed
2237 747 2572 802 confortatus
2593 734 2681 801 est
2712 747 2826 799 ﬁde
2852 783 2871 808 ,
2907 743 3057 796 dans
3086 739 3346 809 gloriam
3378 739 3517 801 Deo,
3548 755 3605 795 et

1965 839 2270 908 plenissime
2301 839 2476 893 sciens
2502 839 2628 906 quia
2677 846 3047 905 quascunque
3073 829 3374 900 promisit,
3407 839 3602 897 potens

1965 938 2048 982 est
2081 937 2136 980 et
2173 929 2370 982 facere.
2401 927 2523 982 Ideo
2561 936 2618 980 et
2655 934 2982 993 reputatum
3034 930 3132 976 est
3186 919 3274 974 illi
3297 920 3394 981 (ad
3433 919 3599 984 justi-

1969 1019 2093 1070 tiam
2145 1018 2256 1071 ³⁸.»
2315 1016 2536 1071 Videtur
2589 1015 2727 1068 mihi
2786 1015 2941 1082 quod
3013 1011 3177 1065 dixit
3250 1010 3601 1078 Apostolus,

1972 1125 1991 1158 ι
2022 1117 2206 1161 contra
2237 1121 2457 1176 spem,»
2494 1106 2784 1174 aspexisse
2839 1103 2981 1158 illud
3035 1102 3204 1170 quod
3269 1101 3330 1153 in
3401 1097 3601 1154 Genesi

1969 1196 2197 1250 refertur
2234 1197 2504 1251 Abraham
2557 1196 2766 1250 dixisse
2821 1194 2892 1248 ad
2942 1192 3321 1247 Dominum:
3363 1189 3598 1243 (Domi-

1967 1295 2123 1338 nator
2143 1286 2390 1352 Domine,
2432 1286 2560 1352 quid
2593 1283 2731 1338 mihi
2755 1283 2963 1337 dabis?
3018 1281 3150 1349 Ego
3191 1289 3392 1334 autem
3422 1278 3601 1332 dimit-

1967 1387 2048 1431 tor
2075 1378 2190 1432 sine
2220 1376 2383 1430 ﬁliis:
2417 1376 2504 1430 hic
2529 1383 2719 1428 autem
2762 1373 2916 1426 ﬁlius
2962 1371 3212 1425 Maseolt
3261 1371 3346 1440 (2)
3399 1385 3598 1425 verna-

1964 1467 2097 1521 cula:
2123 1481 2252 1520 mea:
2278 1466 2573 1520 Damascus
2597 1465 2834 1520 Eliezer.
2866 1463 2939 1516 Et
2972 1463 3138 1516 dixit
3172 1461 3468 1516 Abraham
3501 1462 3597 1528 (5):

1965 1558 2225 1624 Quoniam
2249 1557 2376 1610 mihi
2399 1570 2503 1610 non
2535 1556 2734 1610 dedisti
2771 1570 2974 1609 semen
3002 1592 3021 1617 ,
3081 1555 3191 1608 hic
3249 1553 3589 1607 vernaculus

1966 1664 2113 1702 meus
2141 1650 2311 1702 haares
2346 1660 2497 1700 meus
2517 1645 2623 1701 erit
2658 1645 2728 1703 ".
2751 1663 2771 1696 ι
2789 1644 2893 1698 ‘Ex
2926 1645 3160 1713 quibus
3187 1645 3394 1712 utique
3420 1644 3599 1698 verbis

1895 1715 1937 1769 Β
1965 1738 2228 1793 Abraham
2273 1738 2340 1791 de
2389 1737 2513 1791 ﬁliis
2557 1736 2941 1804 suscipiendis
2999 1735 3373 1803 intelligitur
3397 1735 3598 1804 .despe-

1966 1845 2134 1885 rasse.
2160 1829 2309 1894 Quod
2334 1843 2465 1882 vero
2503 1827 2665 1892 dixit,
2703 1827 2792 1880 «in
2820 1841 2988 1896 spem
3033 1827 3327 1891 credidit,
3358 1844 3379 1877 ι
3417 1825 3597 1881 datam

1966 1934 2146 1974 rursus
2177 1920 2225 1972 ei
2256 1933 2425 1987 spem,
2458 1919 2672 1986 opinor,
2709 1918 2845 1970 inde
2888 1916 3134 1987 colligit
3190 1918 3293 1972 ubi
3335 1919 3596 1987 scriptum

1964 2019 2048 2064 est
2075 2025 2089 2060 :
2131 2008 2223 2061 «Et
2251 2023 2352 2062 vox
2376 2008 2590 2062 Domini
2621 2007 2772 2061 facta
2803 2017 2897 2062 est
2927 2008 3007 2061 ad
3043 2022 3192 2062 eum
3229 2008 3431 2062 dicens
3455 2008 3598 2064 :Non

1964 2109 2048 2152 est
2070 2099 2156 2153 hic
2189 2099 2360 2152 haeres
2390 2108 2513 2151 tuus
2547 2117 2562 2154 :
2589 2099 2686 2152 sed
2721 2098 2818 2166 qui
2857 2100 3084 2152 exierit
3122 2099 3201 2153 de
3227 2108 3323 2163 te,
3354 2099 3472 2169 ipse
3499 2098 3599 2155 erit

1965 2189 2138 2245 haeres
2173 2198 2312 2243 tuus.
2348 2189 2752 2242 Eduxitautem
2785 2203 2922 2242 eum
2957 2187 3172 2254 foras,
3207 2199 3270 2245 et
3301 2190 3444 2245 dixit
3478 2191 3591 2244 illi:

1965 2278 2189 2344 BeSpice
2210 2280 2276 2331 ad
2303 2277 2519 2341 caelum,
2573 2287 2629 2330 et
2667 2291 2913 2330 numera
2955 2277 3203 2344 stellas,
3256 2279 3307 2333 si
3359 2282 3592 2348 potueris

1965 2371 2302 2424 dinumerare
2328 2383 2443 2422 eas.
2494 2367 2563 2423 Et
2609 2371 2688 2422 ait
2731 2369 2802 2422 ad
2839 2383 2985 2423 eum
3023 2388 3040 2424 :
3074 2371 3189 2426 Sic
3249 2375 3365 2427 erit
3417 2388 3592 2428 semen

1966 2470 2136 2512 tuum.
2178 2459 2486 2513 Etcredidit
2514 2459 2648 2522 Deo,
2682 2467 2741 2512 et
2772 2469 3134 2527 reputatum
3170 2472 3264 2517 est
3293 2463 3348 2517 ei
3387 2465 3455 2518 ad
3505 2461 3592 2531 ju-

1963 2542 2240 2598 stitiam”.
2259 2561 2277 2593 ι
2330 2547 2406 2599 Ex
2436 2547 2521 2601 bis
2549 2561 2683 2616 ergo
2708 2546 2912 2602 verbis
2962 2558 3029 2603 et
3059 2551 3403 2620 desperatio
3427 2553 3589 2621 prius,

1965 2644 2020 2686 et
2063 2634 2395 2700 postmodum
2428 2634 2551 2686 data
2609 2635 2660 2688 ei
2727 2649 2866 2704 spes
2943 2639 3058 2693 Dei
3133 2643 3591 2708 promissionibus

1967 2724 2286 2777 declaratur.
2321 2722 2416 2790 Cui
2459 2725 2586 2792 quia
2613 2727 2888 2793 credidit,
2940 2731 3248 2787 scribitur
3293 2735 3366 2789 de
3405 2749 3468 2788 eo
3497 2735 3590 2788 hoc

1968 2813 2108 2881 quod
2144 2829 2285 2866 nunc
2315 2815 2568 2882 pr0ponit
2594 2815 2674 2884 (4)
2708 2819 3042 2886 Apostolus
3071 2861 3092 2888 ,
3146 2825 3295 2893 quia
3333 2843 3352 2876 ι
3387 2835 3589 2894 reputa-

1969 2912 2078 2956 tum
2105 2912 2191 2956 est
2216 2902 2264 2955 ei
2299 2903 2362 2955 ad
2384 2902 2654 2970 justitiam
2684 2905 2755 2959 “.
2785 2924 2808 2958 ι
2841 2907 3073 2964 Merito
3114 2923 3342 2980 autem,
3367 2924 3425 2967 et
3450 2928 3588 2968 more

1969 2991 2049 3062 (5)
2077 2991 2174 3045 sibi
2208 2991 2363 3045 solito
2404 2991 2491 3045 ubi
2523 2992 2592 3044 de
2622 2993 2734 3046 ﬁde
2780 3003 3040 3064 tractat,
3095 3001 3418 3070 Apostolus
3460 3018 3584 3056 con-

1963 3078 2140 3148 jungit
2167 3088 2220 3133 et
2250 3092 2420 3148 spem,
2465 3079 2644 3134 sciens
2692 3081 2827 3137 ﬁdei
2893 3101 3083 3155 spem
3149 3091 3584 3160 inseparabiliter

1963 3170 2234 3224 cohaerere
2261 3207 2276 3233 ,
2306 3169 2444 3222 sicut
2475 3181 2528 3224 et
2558 3169 2612 3223 in
2662 3169 2930 3239 Epistula
2995 3179 3075 3232 ad
3134 3179 3411 3236 Hebrzeos
3458 3182 3585 3235 idem

1964 3258 2118 3312 docet
2145 3258 2330 3313 dicens
2359 3275 2372 3312 :
2409 3257 2534 3312 «Est
2559 3267 2745 3314 autem
2771 3260 2919 3317 ﬁdes
2952 3269 3396 3340 sperandarum
3418 3284 3583 3325 rerum

1966 3349 2301 3413 substantia,
2355 3348 2616 3402 indicium
2673 3363 2786 3403 non
2847 3359 3288 3422 apparentium
3345 3360 3464 3413 ⁸⁸.»
3526 3357 3585 3412 Et
3661 3407 3668 3412 .

1966 3438 2158 3490 iterum
2189 3439 2243 3493 in
2266 3437 2368 3490 hac
2389 3437 2575 3490 eadem
2609 3438 2678 3491 ad
2705 3438 3015 3497 Romanus
3053 3445 3324 3514 Epistula
3347 3449 3401 3502 in
3425 3458 3586 3516 poste-

1966 3526 2198 3580 rioribus
2223 3526 2355 3580 dicit
2385 3541 2399 3578 :
2433 3544 2451 3578 ι
2473 3525 2582 3595 Spe
2611 3537 2800 3582 autem
2833 3532 2996 3587 salvi
3034 3535 3186 3592 facti
3219 3554 3434 3594 sumus.
3468 3538 3587 3605 Spes

1967 3626 2145 3669 autem
2169 3631 2287 3684 qua}
2316 3616 2550 3682 videtur,
2581 3631 2692 3670 non
2721 3629 2811 3673 est
2843 3636 3020 3690 spes.
3065 3627 3242 3692 Quod
3279 3631 3431 3684 enim
3457 3629 3585 3682 videt

1967 3707 2108 3774 quis,
2135 3706 2262 3774 quid
2289 3706 2504 3772 sperat?
2530 3705 2587 3759 Si
2617 3721 2749 3760 vero
2769 3712 2929 3777 quod
2969 3730 3100 3770 non
3137 3720 3403 3775 videmus
3424 3716 3586 3788 speri-

1967 3811 2107 3862 mus,
2135 3811 2228 3864 per
2263 3796 2580 3864 patientiam
2611 3811 3037 3868 exspectamus
3077 3809 3156 3864 ⁸⁸.
3199 3829 3222 3863 ι
3275 3813 3434 3878 Quod
3482 3811 3586 3873 ait,

1973 3904 1990 3937 ι
2020 3900 2113 3954 spe
2149 3885 2279 3938 salvi
2314 3884 2442 3939 facti
2469 3901 2683 3952 sumus,
2739 3909 2760 3942 ι
2791 3891 2907 3946 hoc
2969 3894 3138 3952 idem
3169 3910 3264 3956 est
3302 3902 3448 3970 quod
3475 3899 3588 3953 alibi

1968 3975 2114 4038 dicit,
2143 3974 2268 4043 quia
2303 3992 2322 4024 ι
2345 3989 2440 4040 per
2470 3974 2634 4029 ﬁdem
2666 3977 2866 4033 salvati
2918 3997 3148 4043 sumus
3177 3991 3227 4022 ⁸⁸
3259 4014 3312 4050 ε»
3352 4003 3429 4056 ει,
3465 4011 3484 4044 ι
3507 3988 3588 4045 Fi-

1967 4063 2061 4116 des
2093 4074 2180 4116 tua
2222 4072 2272 4117 te
2299 4064 2500 4117 salvam
2547 4064 2678 4118 fecit
2713 4085 2762 4134 ς»
2823 4080 2907 4136 et,
2982 4091 3006 4124 ς
3041 4077 3384 4133 secundum
3443 4079 3586 4132 ﬁdem

1972 4162 2115 4208 tuam
2143 4153 2423 4221 contingat
2457 4153 2552 4206 tibi
2588 4154 2656 4206 “.
2681 4173 2701 4206 ι
2743 4157 2888 4222 Quae
2923 4165 3149 4235 utique
3205 4169 3319 4223 illis
3352 4170 3593 4224 dicuntur

1969 4242 2057 4309 qui
2090 4242 2371 4297 credentes
2401 4244 2454 4296 in
2479 4242 2668 4299 Jesum
2709 4260 2871 4315 spem
2927 4267 3260 4322 gesserunt
3312 4263 3383 4315 a-b
3427 4276 3490 4316 eo
3537 4274 3593 4315 se

411 4350 466 4403 6.
499 4366 521 4401 ι
553 4347 652 4412 Qui
689 4357 870 4403 contra
903 4360 1050 4414 spem
1079 4345 1132 4398 in
1161 4360 1307 4414 spem
1328 4342 1556 4398 credidit
1582 4379 1597 4404 ,
1629 4349 1686 4394 ut
1716 4339 1866 4394 ﬁeret
1897 4343 1941 4400 1)
1969 4344 2124 4399 posse
2160 4332 2362 4385 curari.
2401 4331 2557 4388 Sicut
2581 4343 2770 4389 autem
2817 4338 3137 4402 Abraham
3185 4367 3208 4401 ι
3233 4361 3432 4405 contra
3457 4364 3594 4420 spent

343 4448 495 4506 pater
523 4437 802 4490 multarum
835 4437 1070 4503 gentium
1093 4475 1108 4497 ,
1150 4435 1441 4489 secundum
1488 4430 1627 4499 quod
1671 4429 1867 4482 dictum

341 4536 427 4582 est
454 4528 502 4581 ei
543 4545 560 4581 :
591 4525 680 4580 Sic
715 4524 819 4582 erit
858 4537 1036 4578 semen
1079 4533 1226 4577 tuum
1273 4522 1413 4578 sicut
1441 4519 1603 4577 stellae
1628 4517 1772 4584 coeli,
1813 4523 1867 4572 et

411 4661 495 4714 ⁸³1
520 4659 642 4714 Cor.
671 4675 708 4723 t,
743 4659 833 4721 28,
855 4658 941 4711 29.
1023 4658 1070 4689 “
1101 4658 1226 4711 ibid.
1256 4656 1347 4717 26.
1377 4655 1464 4708 Q7.
1535 4653 1726 4723 "_lsai.
1751 4668 1803 4713 v,
1835 4651 1867 4723 2

2026 4649 2056 4723 ξ*
2076 4649 2237 4723 (per.
2267 4662 2306 4707 ι,
2337 4647 2426 4723 20.
2505 4649 2766 4723 “ligor.
2801 4668 2889 4717 ιιι,
2911 4657 3012 4722 18,
3044 4662 3143 4717 l9.

1971 4423 2024 4475 in
2052 4435 2201 4489 spem
2230 4421 2461 4476 credidit
2487 4423 2557 4488 “,
2584 4443 2604 4476 ι
2643 4425 2720 4480 ita
2750 4441 2968 4488 omnes
3021 4441 3132 4505 qui
3166 4455 3276 4509 per
3309 4443 3472 4496 ﬁdem
3505 4438 3594 4493 ﬁlii

1969 4520 2094 4566 sunt
2137 4511 2432 4576 Abraham,
2479 4525 2676 4568 contra
2725 4530 2892 4585 spem
2961 4523 3025 4578 in
3062 4542 3233 4598 spem
3269 4532 3502 4586 credunt
3533 4529 3595 4584 de

3226 4666 3276 4698 ⁵⁸
3323 4665 3483 4719 Rom.
3525 4679 3594 4731 iv,

343 4730 533 4806 ιιι-ξιξ.
585 4717 830 4806 Διζ’,ςιειιζ
862 4727 918 4788 2.
953 4725 1427 4806 5.Μοολξιι›ι‹ι.ηιςβ.
1500 4723 1543 4755 ιι
1577 4719 1867 4806 39:1va

2026 4717 2060 4748 ⁵³
2089 4717 2248 4770 Hebr.
2295 4732 2371 4780 at,
2399 4720 2449 4769 1.
2525 4718 2573 4750 ⁸³
2616 4717 2780 4773 lium.
2812 4738 2943 4791 vm,
2975 4717 3076 4796 ‘24,
3139 4735 3242 4790 25.
3323 4717 3596 4806 8'ri'ipltes:

342 4816 404 4865 ιι,
453 4802 507 4854 8.
583 4798 628 4830 “
661 4795 846 4851 Matth.
891 4811 964 4861 ιι,
1017 4795 1201 4849 22-29.
1274 4795 1317 4825 ⁸⁸
1350 4792 1506 4846 Rom.
1541 4806 1614 4856 tv,
1637 4791 1722 4844 18.

413 4907 523 4974 (94)
558 4905 633 4959 Ita
681 4919 786 4959 ms.
835 4899 1204 4974 unus-Regius
1239 4914 1385 4953 num.
1418 4894 1876 4974 463g.”Rahanus

345 4964 675 5038 vero,'editi,
703 4985 758 5027 et
797 4985 922 5038 mss.
946 4964 1187 5037 quidam,
1206 4985 1224 5017 ι
1249 4979 1307 5020 ιιι
1339 4983 1458 5022 cum
1491 4965 1622 5038 nihil
1650 4964 1879 5038 exsiste-

348 5025 429 5112 ret
452 5025 580 5112 {31.}.
596 5025 920 5112 exsisterent}
935 5025 1130 5112 lonmia‘
1145 5025 1320 5112 subito
1343 5044 1530 5089 vocata
1569 5025 1878 5085 itaadiuisse

349 5103 475 5180 [al.,'
491 5103 565 5164 ita
592 5111 791 5189 fuisse;
814 5103 1000 5168 ala—ita
1029 5115 1083 5157 ut
1103 5103 1290 5175 fuisse)
1313 5115 1570 5172 tanquam
1593 5114 1710 5168 quae
1736 5112 1877 5151 sem-

349 5193 443 5244 per
471 5188 792 5231 exstttertnt.
832 5194 851 5226 ι

421 5246 530 5312 (95)
565 5246 636 5297 Ita
655 5257 839 5298 omnes
869 5255 998 5297 mss.
1021 5241 1188 5297 nostri
1212 5247 1267 5298 et
1282 5239 1548 5294 Rabanus.
1568 5235 1704 5294 Editi
1727 5248 1870 5300 vero,

357 5329 377 5361 ι
407 5322 592 5364 vocata
619 5323 762 5365 sunt.
800 5329 820 5362 ι

573 5379 694 5432 Non
736 5375 884 5432 multi
915 5395 1162 5449 potentes.
1220 5375 1342 5432 Haec
1393 5376 1584 5431 desunt
1632 5374 1683 5426 in
1718 5379 1874 5427 antea

354 5455 528 5496 θιιιιιε.

423 5511 533 5584 197)
567 5513 732 5584 Νίκην
758 5533 775 5564 ε
806 5514 1198 5584 iudicarentur,
1236 5533 1254 5564 ι
1295 5513 1451 5584 Imilc-

426 5578 533 5640 (98)
574 5580 659 5632 Sic
691 5578 821 5636 mss.
871 5578 1305 5658 ιιοειι-Γδωιιοδ.
1359 5581 1495 5636 Editi
1534 5595 1680 5642 vero,
1723 5596 1740 5628 ι
1776 5593 1876 5632 ιιυιι

1975 4890 2125 4958 ιιιιοιι
2141 4901 2270 4958 vere
2293 4887 2568 4954 sapientes
2589 4905 2804 4946 essent.
2842 4913 2864 4948 ι

2008 4955 2019 5038 ς
2047 4956 2158 5038 (99)
2199 4955 2474 5036 δαρεεημοε
2506 4960 2795 5041 malum!"
2824 4970 3042 5047 eligens
3075 4981 3306 5044 stultos,
3337 4997 3444 5035 non
3473 4983 3594 5053 quia

2008 5027 2216 5075 tmtfuer
2251 5025 2400 5075 stult:
2439 5039 2614 5075 essent
2650 5040 2701 5075 el
2744 5043 2842 5075 18h
2873 5057 2974 5075 ..ον
3053 5047 3186 5075 ιι..-
3218 5049 3594 5075 .i..-:i-;--__.-._

1974 5027 2216 5107 similiter
2251 5027 2400 5104 stulti
2439 5039 2614 5081 essent
2650 5040 2701 5083 et
2744 5032 2845 5088 isti
2873 5027 2996 5107 ρ’ἑν.

1973 5110 2027 5153 ιιι
2052 5105 2206 5146 antea
2234 5093 2418 5146 editis.

2044 5161 2117 5246 (ᾖ)
2145 5159 2290 5246 Sicut
2318 5163 2486 5246 stella;
2517 5164 2662 5230 caeli,
2695 5180 2746 5230 et
2779 5189 2960 5234 arena
2996 5189 3191 5242 maris.
3234 5191 3367 5246 llzec
3388 5191 3595 5245 deside-

1975 5241 2160 5354 ἓῗίἶὲἒῖ
2215 5235 2271 5286 ⁵⁸³
2311 5235 2568 5288 mnibus
2811 5235 3215 5324 ιιοειτεέῑέελι
3236 5235 3596 5316 magici.

2048 5367 2123 5455 (ἐξ
2158 5365 2904 5455 ﬁff‘h-Editis.s_manet.
2933 5411 2954 5446 ι
2997 5397 3161 5453 male.

2050 5438 2126 5572 (ὃς
2162 5436 2323 5502 Editi,
2353 5457 2372 5488 ι
2406 5439 2474 5493 Et
2489 5436 2711 5502 addidit
2743 5436 3020 5519 Ᾰιιὶῖιῖιλ

2051 5507 2105 5563 (4
2157 5505 2280 5558 Mss.
2313 5524 2481 5572 unus,
2515 5532 2534 5564 ι
2561 5531 2926 5572 pronuntiat-
2958 5551 2976 5572 ι

2051 5505 2125 5583 (ξε)
2313 5524 2481 5574 unus,
2515 5532 2534 5564 ι
2561 5505 2976 5583 ιιι-υιιιιιιῖιξιῖῚ

2051 5577 2124 5640 (‘3)
2161 5575 2283 5628 Mss.
2316 5570 2484 5648 unus,
2519 5601 2540 5634 ι
2562 5570 2637 5640 ’ωε
