3836 6220
310 302 416 356 981
1251 303 1587 358 ΟΟΜΜΕΝΤ.
1626 302 1688 356 ΙΝ
1723 301 1857 356 EPIS

1975 299 2064 353 AD
2092 297 2253 354 ROM.
2287 298 2409 352 LIB.
2447 296 2533 354 IV.
3366 293 3476 348 98!

309 421 550 489 singulis
589 421 887 491 quibusque
937 439 1052 490 qua:
1098 425 1341 487 credunt,
1380 425 1492 478 sive
1541 425 1605 478 de
1669 439 1846 477 resur-
1874 426 1920 482 Α
1947 420 2184 474 irritatur
2217 434 2230 470 ι
2261 417 2437 472 omnia
2473 415 2682 478 tolerat,
2715 412 2897 467 omnia
2925 410 3115 473 credit,
3150 409 3323 464 omnia
3355 423 3474 478 spe-

311 511 566 562 rectione
593 519 945 578 mortuorum,
971 513 1083 566 sive
1113 513 1179 566 de
1206 512 1511 566 haereditate
1563 514 1708 580 regni
1743 525 1853 566 cte-
1951 517 2054 570 rat,
2076 506 2248 560 omnia
2277 506 2518 568 sustinet,
2561 521 2579 553 ι
2615 511 2670 556 et
2697 511 2891 577 caetera.
2920 499 3005 553 his
3033 496 3242 552 similia.
3268 497 3396 563 Qua:
3427 499 3483 552 si-

309 593 520 648 lorum.
559 597 682 650 lizee
719 599 878 659 enim,
919 606 1170 665 quantum
1200 599 1264 650 ad
1289 607 1534 651 naturam
1563 600 1853 653 humanam
1949 595 2070 663 quis
2100 595 2292 648 habeat
2315 633 2330 659 ,
2364 601 2510 647 recte
2547 591 2675 645 mihi
2711 589 2918 643 videtur
2961 588 3064 641 dici
3113 585 3252 654 quod
3284 587 3478 638 habent

307 692 553 750 spectat,
589 693 775 737 contra
803 700 948 754 spem
979 687 1252 748 videntur;
1285 697 1536 755 quantum
1575 698 1750 754 autem
1787 689 1854 743 ad
1950 697 2164 738 omnem
2196 682 2506 737 charitatem
2535 697 2554 734 :
2585 693 2701 748 qua:
2721 677 2957 731 cbaritas
2983 674 3098 729 sine
3125 671 3283 727 dubio
3309 686 3372 726 ex
3394 672 3478 725 bis

305 774 618 838 potentiam
677 775 808 837 Dei,
846 776 898 828 in
931 791 1077 844 spem
1127 777 1412 833 creduntur
1456 777 1568 847 (6);
1617 779 1855 847 exemplo
1951 771 2172 841 singulis
2214 771 2281 825 ab
2333 769 2587 838 Apostolo
2634 782 2793 837 supra
2865 763 3175 819 memoratis
3235 761 3476 831 partibus

305 861 604 915 Abraham
659 863 930 918 credentis
983 866 1105 934 quia
1173 883 1192 918 ‹
1228 880 1554 936 quaecunque
1609 868 1857 936 promisit
1951 868 2177 916 constat.
2229 859 2489 915 Similiter
2540 866 2718 911 autem
2767 862 2824 910 et
2862 855 2927 909 de
2963 852 3361 915 misericordia,
3421 858 3476 902 et

308 950 489 1014 Deus,
521 961 714 1020 potens
741 963 903 1008 estet
929 955 1104 1009 facere
1132 955 1213 1022 ⁶⁷;
1267 975 1285 1009 ι
1321 957 1368 1010 si
1413 967 1586 1012 tamen
1634 959 1716 1013 bis
1764 957 1855 1027 qui
1951 951 2147 1018 pietate
2198 947 2516 1016 eaeterisque
2565 945 2851 999 virtutibus
2888 943 3124 996 arbitror
3164 939 3268 993 dici
3300 951 3475 1007 posse.

306 1041 554 1093 credunt
588 1051 803 1095 maneat
845 1043 998 1110 ﬁdes,
1026 1062 1164 1114 spes,
1212 1056 1264 1100 et
1295 1047 1552 1100 cbaritas.
1612 1047 1678 1102 Et
1728 1058 1856 1115 puto

1960 1036 2021 1090 Et
2045 1037 2182 1092 forte
2207 1051 2301 1105 per
2322 1035 2437 1089 base
2471 1033 2680 1104 singula
2706 1032 2844 1087 sicut
2889 1033 2954 1086 de
3002 1028 3106 1082 ﬁde
3144 1027 3342 1081 dictum
3373 1035 3479 1089 est,

304 1130 463 1195 quod
489 1129 666 1197 prima
691 1130 880 1186 salutis
908 1133 1077 1199 initia,
1117 1145 1171 1189 et
1200 1136 1314 1203 ipsa
1352 1135 1696 1192 fundamenta
1727 1136 1857 1192 ﬁdes

1960 1129 2078 1195 quia
2113 1144 2131 1178 ι
2161 1125 2294 1184 ﬁdes
2324 1132 2566 1192 reputata
2589 1130 2670 1177 est
2693 1124 2759 1177 ad
2782 1121 3044 1190 justitiam
3071 1121 3138 1186 ",
3173 1139 3194 1172 ι
3233 1119 3306 1172 ita
3335 1127 3388 1170 et
3411 1116 3480 1169 de

299 1227 398 1269 est
430 1235 446 1269 :
484 1219 760 1286 profectus
787 1235 913 1274 vero
937 1232 987 1276 et
1026 1234 1304 1292 augmenta
1342 1224 1552 1279 aediﬁcii
1585 1239 1706 1293 Spes
1733 1234 1854 1280 est:
1953 1216 2217 1271 charitate
2247 1214 2349 1268 dici
2374 1222 2565 1282 potest,
2609 1213 2732 1281 quia
2770 1221 3012 1280 reputata
3047 1218 3130 1264 est
3169 1208 3398 1262 charitas
3427 1206 3478 1258 ei

301 1309 584 1375 perfectio
621 1319 799 1363 autem
837 1320 892 1364 et
920 1297 1126 1366 culmen
1163 1315 1324 1367 totius
1365 1315 1542 1382 operis
1570 1316 1807 1369 cbaritas
1838 1331 1853 1368 :

1960 1306 2019 1358 ad
2042 1303 2298 1371 justitiam
2327 1302 2429 1372 (8),
2457 1311 2550 1355 aut
2583 1302 2770 1370 pietas,
2806 1310 2897 1354 aut
2937 1297 3325 1354 misericordia.
3373 1295 3480 1349 Sed

299 1407 360 1447 et
399 1397 526 1450 ideo
569 1415 588 1448 ι
615 1400 784 1468 major
829 1402 1066 1454 omnium
1097 1420 1116 1452 ι
1163 1402 1356 1456 dicitur
1403 1420 1423 1453 ι
1455 1403 1690 1458 cbaritas
1740 1404 1850 1457 ⁸⁸.»
1952 1393 2224 1447 Videamus
2269 1392 2380 1460 jam
2427 1405 2493 1446 ea
2540 1404 2658 1459 qua:
2697 1397 3119 1457 consequuntur.
3183 1385 3290 1440 «Ει
3350 1399 3481 1446 non.

299 1483 492 1548 Igitur
515 1487 786 1540 Abraham
820 1499 1042 1542 «contra
1067 1504 1210 1556 Spem
1243 1491 1296 1543 in
1331 1505 1475 1559 spem
1499 1491 1755 1558 credidit,
1799 1501 1858 1546 ut
1955 1481 2163 1549 inquit,
2216 1481 2514 1535 inﬁrmatus
2562 1487 2648 1534 est
2701 1479 2757 1532 in
2820 1479 2926 1533 ﬁde
2979 1492 3081 1532 nec
3125 1476 3483 1532 consideravit

299 1585 477 1641 pater
517 1575 670 1630 ﬁeret
691 1577 974 1630 multarum
1005 1577 1238 1646 gentium
1268 1598 1286 1629 ο
1319 1594 1436 1647 qua:
1469 1579 1659 1634 futurae
1679 1590 1857 1634 essent

1960 1583 2107 1624 suum
2131 1584 2324 1638 corpus
2339 1567 2444 1636 jam
2469 1577 2790 1634 emortuum,
2818 1582 2936 1622 cum
2955 1567 3068 1622 fere
3083 1576 3295 1621 centum
3318 1579 3483 1618 anno-

297 1666 457 1718 sicut
500 1665 673 1718 stella:
715 1666 857 1730 eteli,
905 1682 1007 1720 non
1047 1667 1216 1720 solum
1257 1668 1630 1733 multitudine,
1671 1669 1762 1722 sed
1804 1678 1858 1722 et
1954 1675 2072 1740 τυμη
2104 1669 2265 1724 88861.
2311 1668 2365 1713 ει
2397 1670 2690 1713 emortuam
2730 1658 2944 1713 vulvam
2989 1658 3137 1712 sam
3162 1674 3177 1710 ε
3204 1658 3258 1710 in
3298 1669 3482 1724 rePro"

301 1753 577 1806 claritate
604 1769 618 1804 :
648 1756 846 1822 quique
873 1757 1201 1824 promittenti
1242 1757 1317 1826 (7)
1357 1758 1580 1810 ﬁdeliter
1611 1758 1853 1822 credens,
1885 1739 1926 1793 B
1955 1739 2207 1804 missione
2239 1750 2400 1804 etiam
2435 1749 2526 1804 Dei
2571 1763 2677 1803 non
2713 1748 2979 1803 Ιιωείιένίι
3025 1746 3310 1801 dimdenlia
3330 1784 3346 1810 ν
3386 1744 3481 1799 sed

302 1861 322 1891 ε
353 1858 498 1906 non,
524 1843 716 1912 inquit,
755 1846 1053 1900 inﬁrmatus
1079 1856 1161 1900 est
1188 1847 1335 1905 ﬁde.»
1362 1847 1510 1912 Quod
1540 1848 1691 1913 dicit,
1719 1865 1853 1903 «non

1960 1838 2278 1894 confortatus
2303 1847 2384 1893 est
2415 1838 2519 1892 ﬁde
2543 1837 2589 1869 ⁷⁸
2609 1875 2624 1892 .
2655 1855 2675 1888 ι
2711 1837 2980 1904 Quantum
3013 1836 3224 1905 quidem
3252 1835 3319 1889 ad
3354 1834 3482 1889 sim-

299 1931 624 1986 inﬁrmatus
660 1942 743 1987 est
794 1934 960 1998 ﬁde,»
1009 1939 1289 1989 ostendere
1334 1936 1463 1989 iniiii
1492 1937 1700 1990 videtur
1737 1953 1855 1994 esse
1951 1927 2144 1996 plicem
2191 1928 2423 1996 pertinet
2477 1929 2848 1992 intellectum.
2911 1927 3209 1982 evidentem
3261 1925 3482 1994 ιποιιιιίι

297 2020 608 2085 quamdam
646 2020 1014 2075 inﬁrmitatem
1053 2022 1105 2076 in
1142 2023 1263 2076 ﬁde.
1308 2023 1458 2089 Quod
1504 2025 1549 2078 si
1593 2035 1675 2078 est
1708 2027 1856 2079 inﬁr«
1956 2019 2236 2083 raliOIfem.
2266 2019 2405 2087 quod
2445 2020 2711 2073 Abraham
2745 2032 2864 2071 cum
2912 2018 3122 2071 andirel
3151 2016 3252 2071 Sibi
3291 2030 3320 2068 3
3369 2015 3479 2067 060

301 2110 504 2170 mitas,
538 2119 624 2163 est
650 2111 956 2164 sine'dubio
999 2121 1048 2164 et
1092 2114 1327 2177 sanitas,
1380 2115 1518 2167 sicut
1553 2126 1606 2169 et
1643 2115 1695 2169 in
1740 2117 1857 2170 aliis

298 2201 577 2263 ostendit,
615 2215 734 2254 cum
758 2203 888 2256 dicit
915 2225 927 2256 ;
961 2222 978 2252 ι
1005 2201 1223 2271 increpa
1265 2204 1383 2258 illos
1409 2206 1630 2270 acriter,
1659 2215 1718 2260 ut
1740 2209 1854 2262 sani

303 2290 422 2341 sint
459 2290 512 2341 in
548 2289 653 2343 ﬁde
681 2290 747 2342 ‘°.
773 2307 791 2340 ι
823 2290 1014 2344 Beatus
1044 2304 1172 2358 ergo
1197 2301 1279 2345 est
1312 2293 1400 2360 qui
1424 2309 1525 2348 non
1559 2295 1859 2349 inﬁrmatur

307 2378 365 2429 in
394 2378 528 2428 ﬁde.
567 2375 624 2428 Si
653 2391 779 2431 vero
801 2378 921 2445 quis
947 2377 1264 2441 inﬁrmetur.
1305 2395 1487 2434 curam
1514 2383 1630 2450 ejus
1656 2385 1859 2438 descri-

301 2467 390 2518 bit
435 2465 727 2532 Apostolus
777 2481 898 2520 cum
929 2469 1094 2522 dicit:
1126 2486 1145 2519 ι
1184 2470 1536 2525 lnﬁrmantem
1583 2483 1758 2526 autem
1799 2473 1855 2528 in

304 2555 421 2607 ﬁde
458 2555 744 2618 assumite,
772 2569 876 2607 non
903 2556 955 2608 in
975 2557 1442 2626 disceptationibus
1456 2561 1854 2630 cogitationum.

307 2645 454 2697 Nam
516 2644 657 2697 alius
701 2644 868 2698 credit
913 2647 1231 2701 manducare
1283 2650 1493 2716 omnia;
1547 2653 1635 2719 qui
1678 2663 1855 2705 autem

307 2735 576 2788 inﬁrmus
614 2744 728 2797 est,
761 2735 908 2787 olera
940 2737 1221 2790 manducet
1243 2737 1309 2791 ⁷⁸.
1330 2757 1351 2789 ι
1377 2739 1479 2792 Per
1507 2741 1648 2808 quod
1680 2741 1858 2810 utique

307 2825 595 2892 designat,
629 2823 778 2877 verbi
809 2823 954 2876 olera
976 2826 1258 2893 praebenda
1279 2841 1396 2881 esse
1423 2829 1472 2881 ei
1503 2830 1590 2896 qui
1622 2829 1860 2883 inﬁrma-

311 2923 406 2965 tur
441 2914 496 2964 in
527 2912 654 2976 ﬁde,
676 2927 741 2965 ne
775 2913 926 2980 plena
967 2913 1088 2967 ﬁdei
1129 2915 1367 2970 doctrina
1405 2919 1779 2973 cunctantibus
1806 2921 1857 2972 in

1955 2105 2185 2158 sobolem
2239 2106 2535 2173 repromitti
2563 2147 2578 2172 ,
2644 2121 2750 2160 non
2807 2106 3042 2174 respexit
3087 2105 3154 2158 ad
3211 2113 3482 2157 emortuas

1955 2194 2242 2247 centenarii
2264 2196 2504 2263 corporis
2525 2196 2690 2259 vires,
2721 2197 2786 2250 de
2813 2210 2917 2264 quo
2943 2196 3125 2263 utique
3148 2207 3481 2262 nequaquam

1956 2285 2156 2352 sperari
2191 2293 2399 2352 poterat
2425 2285 2531 2338 ulla
2565 2286 2876 2340 successio:
2912 2287 3003 2338 sed
3027 2287 3316 2354 potentiam
3358 2301 3482 2355 pro-

1956 2375 2216 2429 mittentis
2245 2375 2493 2438 intuitus,
2526 2373 2658 2427 nihil
2686 2374 2892 2428 diﬁicile
2921 2389 3042 2429 esse
3068 2375 3295 2429 credidit
3321 2376 3374 2428 in
3397 2375 3482 2430 bis

1955 2481 2074 2534 qua:
2130 2467 2474 2533 promittebat
2505 2465 2854 2534 Omnipotens
2884 2479 2898 2518 :
2928 2467 3022 2520 sed
3073 2466 3240 2531 dedit,
3289 2466 3480 2536 inquit,

1961 2574 1980 2606 ι
2005 2556 2224 2626 gloriam
2252 2557 2358 2610 [)co
2387 2557 2455 2620 "",
2488 2575 2506 2608 ι
2563 2555 2859 2624 intelligens
2886 2556 3047 2610 solius
3077 2556 3168 2611 Dei
3199 2571 3324 2611 esse
3363 2573 3482 2611 mu-

1957 2661 2078 2710 nus,
2127 2647 2217 2700 ubi
2244 2649 2492 2700 humana:
2552 2645 2896 2701 fecunditatis
2938 2647 3062 2715 jura
3117 2655 3480 2702 cessaverant.

1956 2737 2142 2791 Merito
2169 2737 2328 2806 igitur
2357 2735 2499 2789 dedit
2523 2735 2746 2804 gloriam
2791 2735 2919 2797 Deo,
2954 2735 3042 2802 qui
3075 2745 3279 2790 natura:
3311 2735 3483 2790 fuerat

1957 2829 2198 2882 desertus
2226 2824 2454 2878 auxiliis.
2491 2823 2638 2888 Haec,
2661 2833 2718 2876 ut
2745 2823 2878 2885 dixi,
2905 2832 3159 2889 quantum
3189 2823 3254 2875 ad
3277 2824 3484 2892 simpli-

1955 2930 2069 2970 cem
2114 2913 2518 2982 intelligentiam
2548 2913 2797 2981 pertinet,
2829 2909 3148 2964 sufﬁcienter
3171 2911 3308 2965 dicta
3336 2912 3482 2966 vide-

309 3020 378 3057 ea
429 3013 484 3056 et
526 3003 924 3102 quodammodo
970 3007 1348 3102 mgrotautibus
1377 3007 1668 3074 ingeratur.
1716 3009 1854 3062 Sana
1884 3041 1930 3102 ρ
1959 3003 2176 3101 buntur.
2336 3016 2459 3102 vero
2515 3000 2645 3099 .quis
2696 2998 2912 3096 objiciat
2959 2999 3110 3052 nobis
3155 3016 3169 3052 :
3212 2999 3483 3065 Quomodo

309 3099 500 3141 autem
535 3090 671 3143 ﬁdes
720 3089 921 3143 dicitur
959 3105 1076 3157 qua:
1112 3091 1340 3158 perfecta
1378 3104 1481 3156 est,
1527 3103 1580 3148 et
1611 3096 1695 3147 cui
1727 3096 1856 3150 nihil

313 3182 476 3232 deest
511 3197 528 3232 :
559 3187 615 3231 et
655 3177 769 3245 ipsa
791 3185 873 3230 est
895 3192 1010 3244 qua:
1033 3179 1201 3231 credit
1228 3183 1551 3236 manducare
1575 3186 1774 3248 omnia,
1806 3185 1858 3238 id

310 3280 428 3328 est,
471 3282 592 3334 quae
643 3279 838 3334 capere
875 3274 1047 3333 potest
1089 3270 1263 3320 omnia
1295 3285 1309 3322 :
1336 3285 1491 3337 quam
1536 3272 1622 3339 qui
1667 3272 1856 3336 habet,

211 3405 222 3412 .
309 3359 584 3426 spiritalis
627 3356 940 3423 appellatur,
976 3364 1030 3408 et
1059 3357 1315 3423 dijudieat
1345 3362 1521 3412 omnia
1575 3361 1643 3426 τί,
1697 3371 1752 3415 et
1804 3363 1856 3416 in

312 3447 472 3500 nullo
497 3461 747 3500 sermone
783 3447 1140 3500 scandalizari
1177 3457 1367 3513 potest.
1412 3449 1561 3503 Unde
1585 3451 1860 3505 evidenter

310 3546 543 3605 apparet
570 3551 690 3591 esse
705 3547 985 3606 augmenta
1008 3538 1247 3604 quaedam
1281 3547 1334 3590 et
1363 3538 1627 3606 profectus
1658 3540 1708 3593 in
1736 3540 1858 3605 ﬁde,

309 3637 374 3680 et
441 3626 654 3692 aliquos
701 3626 896 3678 habere
955 3637 1156 3693 partem
1211 3626 1328 3679 ﬁdei
1377 3628 1620 3695 exiguam
1653 3665 1669 3690 ,
1727 3629 1860 3683 alios

312 3730 604 3782 magnam,
634 3714 767 3768 alios
794 3728 919 3767 vero
952 3716 1144 3767 habere
1176 3728 1386 3768 omnem
1414 3715 1588 3768 ﬁdem.
1631 3715 1779 3770 Unde
1807 3726 1860 3769 et

314 3806 618 3876 Apostolus
647 3804 859 3858 dicebat
892 3819 908 3856 :
945 3803 1040 3856 «Si
1075 3803 1298 3856 habeam
1335 3819 1542 3857 omnem
1579 3805 1751 3868 ﬁdem,
1787 3806 1859 3858 ita

317 3908 381 3949 ut
433 3905 649 3948 montes
694 3896 1010 3950 transferam
1057 3895 1124 3946 ".
1152 3913 1170 3945 ι
1215 3893 1320 3947 Sed
1364 3903 1417 3948 et
1469 3895 1520 3947 in
1565 3896 1861 3964 Evangeliis

317 3987 576 4055 discipuli
609 3987 788 4038 dicunt
811 3985 874 4038 ad
907 3985 1208 4050 Dominum,
1233 3985 1380 4051 quasi
1409 3985 1598 4052 quibus
1626 3984 1858 4038 nondum

314 4078 476 4146 piena
507 4079 709 4128 inesset
733 4073 865 4127 ﬁdes
891 4089 904 4124 :
945 4092 963 4123 ι
996 4075 1142 4142 Auge
1169 4073 1322 4127 nobis
1347 4073 1500 4127 ﬁdem
1533 4073 1599 4127 ⁷⁵.
1622 4092 1641 4125 ι
1671 4073 1862 4127 Consi-

316 4171 452 4219 dera
509 4181 662 4227 sane,
697 4165 742 4216 si
779 4165 1066 4216 secundum
1105 4177 1166 4215 ea
1207 4178 1324 4232 qua:
1358 4163 1422 4216 de
1459 4161 1562 4217 ﬁde
1610 4163 1858 4227 dicimus,

313 4257 488 4310 etiam
532 4256 600 4309 de
642 4253 924 4307 cbaritatis
969 4253 1264 4319 augmentis
1299 4251 1547 4306 similiter
1593 4253 1860 4321 possimus

1959 3090 2156 3158 poterit
2200 3089 2466 3142 Abraham
2515 3089 2566 3140 in
2613 3084 2922 3139 centenario
2974 3099 3227 3138 annorum
3264 3099 3484 3139 numero

1958 3181 2163 3248 positus
2189 3177 2414 3231 emortui
2444 3176 2688 3242 corporis
2713 3174 2838 3239 dici,
2881 3173 2970 3242 qui
2994 3183 3334 3242 posteaquam
3364 3188 3482 3228 sus-

1958 3265 2375 3334 eepissetlsaac,
2418 3272 2473 3318 et
2519 3262 2764 3316 defuncta
2809 3275 2949 3316 esset
2977 3261 3150 3326 Sara,
3199 3275 3316 3330 qua:
3362 3278 3482 3318 eum

1959 3354 2312 3423 nonagenaria
2352 3360 2690 3421 conceperat,
2732 3361 2785 3405 et
2812 3351 3017 3406 vixerat
3069 3352 3223 3406 annis
3272 3359 3483 3406 centum

1957 3445 2144 3513 viginti
2178 3451 2399 3511 septem,
2443 3451 2622 3510 postea
2652 3443 2812 3495 etiam
2853 3457 3008 3510 quam
3058 3456 3320 3495 annorum
3348 3457 3484 3512 qua-

1958 3534 2200 3601 draginta
2243 3531 2418 3585 factus
2451 3531 2597 3586 lsaac
2627 3533 2834 3599 accepit
2866 3533 3160 3586 Rebeccam
3182 3572 3198 3597 ,
3237 3543 3359 3602 post
3384 3535 3484 3587 ista

1959 3623 2138 3676 omnia
2187 3620 2439 3673 scribitur
2469 3637 2482 3671 :
2512 3638 2530 3670 ι
2552 3619 2617 3672 Et
2664 3635 2933 3689 apponens
2969 3621 3236 3676 Abraham
3283 3623 3486 3691 accepit

1960 3725 2178 3765 uxorem
2211 3709 2295 3762 cui
2341 3723 2532 3760 nomen
2583 3707 2817 3762 Cethura
2849 3725 2861 3759 :
2893 3721 2947 3762 et
2985 3710 3188 3778 peperit
3227 3711 3274 3763 ei
3319 3710 3478 3763 Zamv

1957 3816 2070 3854 ram
2095 3799 2191 3868 (9),
2214 3807 2268 3849 et
2297 3796 2505 3862 Jecsan,
2525 3804 2578 3850 et
2597 3796 2806 3860 Madan,
2831 3805 2886 3849 et
2903 3795 3132 3862 Madian,
3163 3807 3216 3850 et
3236 3796 3483 3861 Jesboch,

1957 3899 2011 3944 et
2037 3888 2143 3942 Sue
2163 3888 2235 3939 ἐἳ
2264 3905 2282 3937 ι
2319 3886 2594 3951 Quomodo
2615 3901 2742 3952 ergo
2762 3886 3024 3962 videbitur
3044 3889 3269 3942 emortui
3297 3903 3486 3958 corpo-

1958 3979 2052 4043 ris,
2099 3979 2187 4047 qui
2241 3975 2410 4030 multo
2442 3976 2620 4029 senior
2669 3974 2889 4029 eﬁ’eetus
2914 3992 3073 4044 quam
3099 3985 3228 4032 tunc
3263 3988 3399 4043 erat,
3432 3989 3487 4033 et

1958 4082 2176 4120 uxorem
2215 4066 2476 4133 accipere,
2529 4075 2584 4117 et
2627 4077 2719 4116 sex
2751 4065 2947 4119 liberos
2991 4066 3104 4134 (10)
3153 4069 3326 4136 potuit
3371 4082 3486 4137 pro-

1957 4155 2188 4209 creare?
2249 4153 2390 4219 Quas
2441 4153 2774 4221 objectiones
2812 4163 2872 4207 ut
2921 4154 3176 4209 decenter
3221 4156 3487 4232 possimus

1960 4241 2274 4306 excludere,
2346 4241 2730 4309 expositionem
2794 4243 3021 4295 emortui
3088 4243 3330 4311 corporis
3394 4243 3488 4297 illo

316 4345 644 4412 intelligere,
679 4344 751 4396 ita
792 4351 850 4394 ut
878 4341 1113 4394 dicamus
1140 4350 1193 4393 et
1221 4342 1286 4394 de
1309 4343 1585 4406 charitate,
1605 4344 1742 4396 sicut
1773 4342 1857 4395 ille

1965 4329 2347 4392 transierimus,
2385 4341 2440 4383 ut
2467 4329 2706 4384 dicamus
2734 4329 3004 4383 Abraham
3031 4346 3137 4384 non
3181 4331 3488 4386 inﬁrmitate

316 4437 480 4499 dixit,
517 4453 536 4485 ί
559 4434 617 4486 Si
649 4433 875 4485 habeam
907 4448 1116 4486 omnem
1150 4433 1330 4495 ﬁdem,
1354 4451 1372 4482 ι
1407 4432 1460 4486 Si
1491 4433 1708 4486 habeam
1744 4447 1858 4485 om-

323 4540 448 4578 nem
471 4523 838 4577 charitatem:
874 4531 928 4574 et
965 4521 1108 4574 illum
1146 4523 1340 4575 habere
1378 4537 1586 4574 omnem
1629 4521 1860 4573 cbarita-

319 4627 454 4676 tetn,
490 4613 586 4682 qui
619 4612 797 4665 omnia
824 4611 908 4664 illa
938 4612 1179 4665 habuerit
1203 4627 1317 4677 qua:
1347 4613 1556 4679 propria
1583 4610 1860 4664 cbaritatis

319 4705 482 4773 532
538 4713 702 4767 sunt,
761 4702 900 4754 sicut
945 4703 1073 4756 dicit
1121 4701 1400 4770 Apostolus
1441 4701 1484 4731 '"
1519 4721 1530 4754 :
1564 4717 1582 4750 ι
1611 4697 1857 4754 Charitas

323 4797 536 4860 patiens
568 4800 671 4856 est,
697 4791 922 4858 benigna
949 4798 1059 4852 est,
1095 4805 1195 4842 non
1242 4787 1472 4852 inﬁatur,
1507 4802 1611 4840 non
1644 4788 1858 4840 :euurla-

322 4894 432 4945 tur,
485 4897 596 4935 nun
635 4880 913 4934 ambitiosa
965 4890 1065 4942 est,
1119 4895 1221 4932 non
1253 4891 1526 4944 perperam
1568 4877 1706 4944 agit,
1756 4893 1860 4932 non

1961 4421 2130 4475 aetatis
2191 4428 2487 4474 emortuum
2520 4456 2536 4482 ,
2585 4421 2675 4475 sed
2721 4421 3010 4473 secundum
3051 4419 3194 4474 illam
3234 4419 3486 4474 virtutem

1961 4525 2118 4577 quam
2149 4509 2315 4563 sancti
2357 4508 2410 4561 in
2440 4509 2740 4576 semetipsis
2771 4509 2943 4577 primo
2985 4510 3304 4578 implentes,
3326 4510 3486 4564 etiam

1960 4609 2184 4654 caeteros
2231 4598 2427 4652 habere
2476 4605 2718 4662 monent,
2768 4607 2820 4651 et
2870 4599 3094 4654 dicunt:
3130 4598 3486 4654 cMortiﬁcatc

1962 4692 2196 4744 membra
2224 4697 2398 4743 vestra
2429 4703 2547 4757 quae
2574 4697 2698 4741 sunt
2722 4703 2879 4756 super
2906 4700 3102 4743 terram
3127 4689 3193 4740 ".
3220 4707 3247 4740 ι
3275 4689 3406 4742 Nam
3430 4699 3485 4743 et

1960 4781 2242 4835 absurdum
2269 4790 2394 4846 puto
2440 4779 2485 4834 si
2531 4778 2629 4832 hoc
2660 4779 2853 4832 bonum
2881 4780 3021 4845 quod
3069 4778 3120 4829 in
3171 4791 3232 4830 se
3285 4777 3484 4831 Paulus

1964 4873 2148 4930 habuit
2177 4874 2385 4941 (neque
2415 4869 2556 4923 enim
2589 4866 2708 4920 aliis
2750 4868 3036 4932 imperaret
3069 4867 3209 4932 quod
3237 4867 3346 4934 ipse
3375 4881 3482 4919 non

389 4997 431 5026 ετ
466 4995 623 5047 Rom.
650 5006 724 5050 tv.
754 4990 843 5042 2|.
920 4991 965 5021 ⁸⁸
997 4991 1013 5043 l
1044 4991 1167 5044 Cor.
1191 4988 1398 5050 xtn,l5.
1470 4989 1514 5019 ”
1553 4988 1656 5042 Tit.
1687 5005 1726 5055 ι,
1757 4990 1838 5042 15.
1912 4990 1958 5021 "°
1981 4988 2135 5042 Rom.
2168 5003 2275 5050 xiv,
2300 4987 2350 5048 l,
2375 4983 2476 5055 2.“
2500 4980 2547 5012 ’ί
2574 4976 2930 5055 -ξςξᾳψιλρᾶ
2955 4977 3093 5055 __':l
3119 4978 3242 5031 Cor.
3278 4996 3394 5055 xnt,
3421 4982 3480 5055 a.

319 5064 369 5094 ⁷³
396 5043 682 5116 laniavit.
714 5043 768 5112 Β.
840 5058 886 5091 ⁷⁸
909 5065 924 5112 t
946 5043 1069 5113 Cor.
1101 5043 1220 5119 aut,
1248 5043 1305 5117 ιζ
1337 5055 1390 5118 5,
1423 5056 1476 5108 7.
1544 5056 1588 5086 ⁷⁸
1622 5043 1775 5110 Rom.
1806 5073 1857 5111 tv

1960 5099 1963 5110 .
2032 5058 2082 5090 "‘
2114 5043 2368 5118 ibid/19',
2414 5049 2502 5103 20.
2574 5047 2617 5077 ⁷⁷
2642 5049 2767 5102 ibid.
2791 5044 2882 5098 20.
2955 5045 3000 5076 ⁷⁸
3027 5043 3162 5098 Gen.
3197 5063 3323 5114 xxv,
3346 5051 3479 5117 {,2.

320 5135 370 5163 "
418 5132 628 5185 Coloss.
681 5143 763 5189 Ill,
811 5127 863 5179 5.

394 5241 472 5307 (6)
519 5238 698 5302 Alias,
743 5252 762 5285 ι
791 5236 845 5289 ἰιι
877 5248 970 5304 spe
996 5231 1322 5289 creduntur;
1355 5241 1374 5274 ι
1431 5223 1524 5289 al.,
1575 5243 1595 5275 ι
1624 5226 1676 5279 in
1707 5242 1852 5296 spem

327 5312 575 5361 credunt.
606 5324 628 5353 ι

397 5377 474 5442 (Ἡ
502 5374 680 5442 Editi,
717 5389 735 5442 ς
765 5371 953 5442 cuique
981 5363 1335 5442 promittenti,
1372 5381 1389 5413 ι
1427 5361 1579 5440 male.

395 5434 575 5510 ξενιᾳ
604 5450 650 5491 et
702 5440 763 5510 de
799 5434 1047 5510 charitnte
1073 5434 1190 5510 dic_i_
1215 5440 1382 5510 potest
1401 5470 1424 5510 ,.
1452 5434 1576 5510 quia
1606 5440 1856 5510 reputazn

330 5498 406 5562 est
430 5498 662 5561 charitas
690 5508 734 5558 ei
761 5507 826 5558 ad
856 5503 1118 5560 iustitiam.
1148 5498 1272 5550 11ωο
1315 5500 1688 5556 desiderantur
1717 5501 1854 5569 apud

333 5576 752 5632 Gcnebrardmu.

2025 5227 2271 5298 (9)_lllss_.
2315 5224 2479 5298 nostri
2515 5237 2566 5278 et
2588 5225 2847 5298 Babanus
2881 5222 3115 5298 habent,
3161 5221 3481 5298 «demptam

1957 5289 2412 5368 [al'.,'_Memb_ran_r
2443 5293 2462 5361 ]
2494 5303 2547 5346 et
2588 5292 2768 5368 Zexan
2792 5335 2807 5356 ,
2884 5299 2937 5368 ct
2965 5289 3173 5368 hladan,
3201 5289 3332 5368 [ai.,
3373 5293 3486 5368 M9-

1956 5353 2118 5426 inani]
2167 5373 2222 5413 et
2277 5353 2524 5424 hladiait,
2568 5373 2622 5415 et
2674 5353 2832 5415 Jesoc
2897 5357 3048 5426 [al.,
3122 5353 3335 5423 Jerocb,
3391 5363 3490 5428 δι..

1955 5434 2144 5487 Jesboc
2169 5429 2182 5491 Ι
2210 5441 2262 5482 et
2291 5430 2442 5491 Soe,»
2478 5429 2548 5481 al.
2576 5447 2594 5478 ι
2633 5432 2806 5488 Sne...

1960 5434 2144 5487 lesboc
2164 5429 2262 5551 bet
2291 5430 2442 5491 Soe,»
2478 5429 2548 5481 al.
2576 5447 2594 5478 ι
2633 5432 2806 5488 δυο..)
3191 5493 3202 5503 .

1960 5500 2153 5623 “13:25
2204 5514 2289 5618 ξδ’
2319 5497 2503 5563 θοδιτίν
2531 5497 2641 5563 alii.
2678 5513 2804 5552 εδει
2838 5494 3088 5557 liberos.»
3116 5489 3226 5555 alu,
3259 5506 3500 5563 (septem

1983 5572 2172 5625 iberus.
2204 5585 2222 5618 ι
