  <div class='ocr_page' id='page_1' title='image "/cluster/home/n/w/nwhite01/storage/ocr_20150623/14 (Origen; pt. 4)/nyp.33433081862280/504.png"; bbox 0 0 3836 6242; ppageno 0'>
   <div class='ocr_carea' id='block_1_1' title="bbox 292 290 420 344">
    <p class='ocr_par' dir='ltr' id='par_1_1' title="bbox 292 290 420 344">
     <span class='ocr_line' id='line_1_1' title="bbox 292 290 420 344; baseline 0.016 -3"><span class='ocrx_word' id='word_1_1' title='bbox 292 290 420 344; x_wconf 81' lang='lat'><strong>985</strong></span> 
     </span>
    </p>
   </div>
   <div class='ocr_carea' id='block_1_2' title="bbox 1244 288 2554 349">
    <p class='ocr_par' dir='ltr' id='par_1_2' title="bbox 1244 288 2554 349">
     <span class='ocr_line' id='line_1_2' title="bbox 1244 288 2554 349; baseline -0.002 -1"><span class='ocrx_word' id='word_1_2' title='bbox 1244 293 1589 349; x_wconf 81' lang='lat' dir='ltr'><strong>COMMENT.</strong></span> <span class='ocrx_word' id='word_1_3' title='bbox 1629 292 1692 345; x_wconf 81' lang='grc' dir='ltr'><strong>ΙΝ</strong></span> <span class='ocrx_word' id='word_1_4' title='bbox 1731 288 1944 346; x_wconf 78' lang='lat' dir='ltr'><strong>EPIST.</strong></span> <span class='ocrx_word' id='word_1_5' title='bbox 1984 289 2072 343; x_wconf 82' lang='lat' dir='ltr'><strong>AD</strong></span> <span class='ocrx_word' id='word_1_6' title='bbox 2110 291 2271 346; x_wconf 78' lang='lat' dir='ltr'><strong>ROM.</strong></span> <span class='ocrx_word' id='word_1_7' title='bbox 2303 291 2426 345; x_wconf 84' lang='lat' dir='ltr'><strong>LIB.</strong></span> <span class='ocrx_word' id='word_1_8' title='bbox 2467 290 2554 346; x_wconf 81' lang='lat' dir='ltr'><strong>IV.</strong></span> 
     </span>
    </p>
   </div>
   <div class='ocr_carea' id='block_1_3' title="bbox 3363 293 3462 350">
    <p class='ocr_par' dir='ltr' id='par_1_3' title="bbox 3363 293 3462 350">
     <span class='ocr_line' id='line_1_3' title="bbox 3363 293 3462 350; baseline 0.03 -4"><span class='ocrx_word' id='word_1_9' title='bbox 3363 293 3462 350; x_wconf 82' lang='lat'><strong>986</strong></span> 
     </span>
    </p>
   </div>
   <div class='ocr_carea' id='block_1_4' title="bbox 291 405 3458 478">
    <p class='ocr_par' dir='ltr' id='par_1_4' title="bbox 291 405 3458 478">
     <span class='ocr_line' id='line_1_4' title="bbox 291 405 3458 478; baseline 0.003 -24"><span class='ocrx_word' id='word_1_10' title='bbox 291 405 564 470; x_wconf 84' lang='lat' dir='ltr'><strong>mysterii</strong></span> <span class='ocrx_word' id='word_1_11' title='bbox 595 405 648 460; x_wconf 90' lang='lat' dir='ltr'><strong>in</strong></span> <span class='ocrx_word' id='word_1_12' title='bbox 688 405 791 460; x_wconf 80' lang='lat' dir='ltr'><strong>ﬁde</strong></span> <span class='ocrx_word' id='word_1_13' title='bbox 816 406 1044 463; x_wconf 74' lang='lat' dir='ltr'><strong>Abrahae</strong></span> <span class='ocrx_word' id='word_1_14' title='bbox 1070 407 1236 462; x_wconf 81' lang='lat' dir='ltr'><strong>forma</strong></span> <span class='ocrx_word' id='word_1_15' title='bbox 1273 418 1327 462; x_wconf 88' lang='lat' dir='ltr'><strong>et</strong></span> <span class='ocrx_word' id='word_1_16' title='bbox 1361 410 1535 478; x_wconf 80' lang='lat' dir='ltr'><strong>imago</strong></span> <span class='ocrx_word' id='word_1_17' title='bbox 1564 424 1844 478; x_wconf 25' lang='lat' dir='ltr'><strong>princesses</strong></span> <span class='ocrx_word' id='word_1_18' title='bbox 1871 415 1918 466; x_wconf 79' lang='grc' dir='ltr'><strong>Α</strong></span> <span class='ocrx_word' id='word_1_19' title='bbox 1944 409 2080 460; x_wconf 82' lang='lat' dir='ltr'><strong>sicut</strong></span> <span class='ocrx_word' id='word_1_20' title='bbox 2121 424 2213 463; x_wconf 86' lang='lat' dir='ltr'><strong>nec</strong></span> <span class='ocrx_word' id='word_1_21' title='bbox 2240 409 2326 460; x_wconf 86' lang='lat' dir='ltr'><strong>lux</strong></span> <span class='ocrx_word' id='word_1_22' title='bbox 2362 423 2480 460; x_wconf 90' lang='lat' dir='ltr'><strong>cum</strong></span> <span class='ocrx_word' id='word_1_23' title='bbox 2506 407 2763 473; x_wconf 77' lang='lat' dir='ltr'><strong>tenebris,</strong></span> <span class='ocrx_word' id='word_1_24' title='bbox 2791 420 2888 460; x_wconf 89' lang='lat' dir='ltr'><strong>nec</strong></span> <span class='ocrx_word' id='word_1_25' title='bbox 2927 407 3034 459; x_wconf 85' lang='lat' dir='ltr'><strong>vita</strong></span> <span class='ocrx_word' id='word_1_26' title='bbox 3065 421 3182 459; x_wconf 90' lang='lat' dir='ltr'><strong>cum</strong></span> <span class='ocrx_word' id='word_1_27' title='bbox 3208 415 3376 460; x_wconf 90' lang='lat' dir='ltr'><strong>morte</strong></span> <span class='ocrx_word' id='word_1_28' title='bbox 3391 409 3458 462; x_wconf 82' lang='lat'><strong>”.</strong></span> 
     </span>
    </p>
   </div>
   <div class='ocr_carea' id='block_1_5' title="bbox 295 491 1846 563">
    <p class='ocr_par' dir='ltr' id='par_1_5' title="bbox 295 491 1846 563">
     <span class='ocr_line' id='line_1_5' title="bbox 295 491 1846 563; baseline 0.005 -19"><span class='ocrx_word' id='word_1_29' title='bbox 295 503 417 544; x_wconf 85' lang='lat' dir='ltr'><strong>rat.</strong></span> <span class='ocrx_word' id='word_1_30' title='bbox 447 491 545 547; x_wconf 85' lang='lat' dir='ltr'><strong>Ille</strong></span> <span class='ocrx_word' id='word_1_31' title='bbox 576 494 718 547; x_wconf 86' lang='lat' dir='ltr'><strong>enim</strong></span> <span class='ocrx_word' id='word_1_32' title='bbox 754 497 1051 549; x_wconf 91' lang='lat' dir='ltr'><strong>crediderat</strong></span> <span class='ocrx_word' id='word_1_33' title='bbox 1085 511 1202 550; x_wconf 87' lang='lat' dir='ltr'><strong>cum</strong></span> <span class='ocrx_word' id='word_1_34' title='bbox 1243 497 1433 552; x_wconf 78' lang='lat' dir='ltr'><strong>oﬂ&#39;erre</strong></span> <span class='ocrx_word' id='word_1_35' title='bbox 1463 499 1673 550; x_wconf 88' lang='lat' dir='ltr'><strong>unicum</strong></span> <span class='ocrx_word' id='word_1_36' title='bbox 1696 498 1846 563; x_wconf 81' lang='lat' dir='ltr'><strong>jube-</strong></span> 
     </span>
    </p>
   </div>
   <div class='ocr_carea' id='block_1_6' title="bbox 291 583 1844 656">
    <p class='ocr_par' dir='ltr' id='par_1_6' title="bbox 291 583 1844 656">
     <span class='ocr_line' id='line_1_6' title="bbox 291 583 1844 656; baseline 0.006 -24"><span class='ocrx_word' id='word_1_37' title='bbox 291 590 488 648; x_wconf 84' lang='lat' dir='ltr'><strong>retur,</strong></span> <span class='ocrx_word' id='word_1_38' title='bbox 523 583 646 650; x_wconf 84' lang='lat' dir='ltr'><strong>quia</strong></span> <span class='ocrx_word' id='word_1_39' title='bbox 677 593 732 637; x_wconf 88' lang='lat' dir='ltr'><strong>et</strong></span> <span class='ocrx_word' id='word_1_40' title='bbox 761 599 790 636; x_wconf 91' lang='lat' dir='ltr'><strong>a</strong></span> <span class='ocrx_word' id='word_1_41' title='bbox 818 587 1040 640; x_wconf 88' lang='lat' dir='ltr'><strong>mortuis</strong></span> <span class='ocrx_word' id='word_1_42' title='bbox 1059 603 1178 642; x_wconf 91' lang='lat' dir='ltr'><strong>eum</strong></span> <span class='ocrx_word' id='word_1_43' title='bbox 1217 590 1474 644; x_wconf 85' lang='lat' dir='ltr'><strong>suscitare</strong></span> <span class='ocrx_word' id='word_1_44' title='bbox 1503 597 1684 656; x_wconf 86' lang='lat' dir='ltr'><strong>potens</strong></span> <span class='ocrx_word' id='word_1_45' title='bbox 1705 596 1844 642; x_wconf 87' lang='lat' dir='ltr'><strong>esset</strong></span> 
     </span>
    </p>
   </div>
   <div class='ocr_carea' id='block_1_7' title="bbox 289 668 1846 742">
    <p class='ocr_par' dir='ltr' id='par_1_7' title="bbox 289 668 1846 742">
     <span class='ocr_line' id='line_1_7' title="bbox 289 668 1846 742; baseline 0.006 -22"><span class='ocrx_word' id='word_1_46' title='bbox 289 668 488 732; x_wconf 86' lang='lat' dir='ltr'><strong>Deus;</strong></span> <span class='ocrx_word' id='word_1_47' title='bbox 517 672 815 726; x_wconf 84' lang='lat' dir='ltr'><strong>crediderat</strong></span> <span class='ocrx_word' id='word_1_48' title='bbox 839 675 998 727; x_wconf 91' lang='lat' dir='ltr'><strong>etiam</strong></span> <span class='ocrx_word' id='word_1_49' title='bbox 1037 677 1177 742; x_wconf 91' lang='lat' dir='ltr'><strong>quod</strong></span> <span class='ocrx_word' id='word_1_50' title='bbox 1211 693 1312 730; x_wconf 90' lang='lat' dir='ltr'><strong>non</strong></span> <span class='ocrx_word' id='word_1_51' title='bbox 1352 678 1425 730; x_wconf 89' lang='lat' dir='ltr'><strong>illi</strong></span> <span class='ocrx_word' id='word_1_52' title='bbox 1473 684 1671 729; x_wconf 89' lang='lat' dir='ltr'><strong>tantum</strong></span> <span class='ocrx_word' id='word_1_53' title='bbox 1701 677 1846 730; x_wconf 84' lang='lat' dir='ltr'><strong>Isaac</strong></span> 
     </span>
    </p>
   </div>
   <div class='ocr_carea' id='block_1_8' title="bbox 288 763 1842 832">
    <p class='ocr_par' dir='ltr' id='par_1_8' title="bbox 288 763 1842 832">
     <span class='ocr_line' id='line_1_8' title="bbox 288 763 1842 832; baseline 0.005 -24"><span class='ocrx_word' id='word_1_54' title='bbox 288 771 392 809; x_wconf 82' lang='lat' dir='ltr'><strong>res</strong></span> <span class='ocrx_word' id='word_1_55' title='bbox 423 767 557 811; x_wconf 90' lang='lat' dir='ltr'><strong>tunc</strong></span> <span class='ocrx_word' id='word_1_56' title='bbox 590 770 885 826; x_wconf 75' lang='lat' dir='ltr'><strong>gereretur,</strong></span> <span class='ocrx_word' id='word_1_57' title='bbox 909 763 1000 816; x_wconf 89' lang='lat' dir='ltr'><strong>sed</strong></span> <span class='ocrx_word' id='word_1_58' title='bbox 1027 774 1080 816; x_wconf 91' lang='lat' dir='ltr'><strong>et</strong></span> <span class='ocrx_word' id='word_1_59' title='bbox 1105 766 1290 818; x_wconf 88' lang='lat' dir='ltr'><strong>semini</strong></span> <span class='ocrx_word' id='word_1_60' title='bbox 1320 766 1434 831; x_wconf 88' lang='lat' dir='ltr'><strong>ejus</strong></span> <span class='ocrx_word' id='word_1_61' title='bbox 1471 766 1560 832; x_wconf 89' lang='lat' dir='ltr'><strong>qui</strong></span> <span class='ocrx_word' id='word_1_62' title='bbox 1589 774 1665 818; x_wconf 87' lang='lat' dir='ltr'><strong>est</strong></span> <span class='ocrx_word' id='word_1_63' title='bbox 1689 765 1842 818; x_wconf 86' lang='lat' dir='ltr'><strong>Chri-</strong></span> 
     </span>
    </p>
   </div>
   <div class='ocr_carea' id='block_1_9' title="bbox 284 845 1842 913">
    <p class='ocr_par' dir='ltr' id='par_1_9' title="bbox 284 845 1842 913">
     <span class='ocr_line' id='line_1_9' title="bbox 284 845 1842 913; baseline 0.005 -16"><span class='ocrx_word' id='word_1_64' title='bbox 284 853 446 909; x_wconf 85' lang='lat' dir='ltr'><strong>stus,</strong></span> <span class='ocrx_word' id='word_1_65' title='bbox 474 845 634 913; x_wconf 84' lang='lat' dir='ltr'><strong>plena</strong></span> <span class='ocrx_word' id='word_1_66' title='bbox 660 851 979 903; x_wconf 83' lang='lat' dir='ltr'><strong>sacramenti</strong></span> <span class='ocrx_word' id='word_1_67' title='bbox 1017 852 1212 905; x_wconf 89' lang='lat' dir='ltr'><strong>veritas</strong></span> <span class='ocrx_word' id='word_1_68' title='bbox 1243 862 1558 906; x_wconf 79' lang='lat' dir='ltr'><strong>servaretur.</strong></span> <span class='ocrx_word' id='word_1_69' title='bbox 1600 851 1723 904; x_wconf 89' lang='lat' dir='ltr'><strong>Inde</strong></span> <span class='ocrx_word' id='word_1_70' title='bbox 1751 855 1842 905; x_wconf 90' lang='lat' dir='ltr'><strong>de-</strong></span> 
     </span>
    </p>
   </div>
   <div class='ocr_carea' id='block_1_10' title="bbox 285 934 1840 1009">
    <p class='ocr_par' dir='ltr' id='par_1_10' title="bbox 285 934 1840 1009">
     <span class='ocr_line' id='line_1_10' title="bbox 285 934 1840 1009; baseline 0.005 -24"><span class='ocrx_word' id='word_1_71' title='bbox 285 934 470 1001; x_wconf 87' lang='lat' dir='ltr'><strong>nique</strong></span> <span class='ocrx_word' id='word_1_72' title='bbox 500 936 744 1004; x_wconf 75' lang='lat' dir='ltr'><strong>gaudens</strong></span> <span class='ocrx_word' id='word_1_73' title='bbox 762 942 974 993; x_wconf 90' lang='lat' dir='ltr'><strong>unicum</strong></span> <span class='ocrx_word' id='word_1_74' title='bbox 1007 939 1284 1004; x_wconf 72' lang='lat' dir='ltr'><strong>olferebat,</strong></span> <span class='ocrx_word' id='word_1_75' title='bbox 1319 943 1438 1009; x_wconf 85' lang='lat' dir='ltr'><strong>quia</strong></span> <span class='ocrx_word' id='word_1_76' title='bbox 1465 942 1518 995; x_wconf 92' lang='lat' dir='ltr'><strong>in</strong></span> <span class='ocrx_word' id='word_1_77' title='bbox 1543 957 1604 995; x_wconf 92' lang='lat' dir='ltr'><strong>eo</strong></span> <span class='ocrx_word' id='word_1_78' title='bbox 1630 958 1730 994; x_wconf 92' lang='lat' dir='ltr'><strong>non</strong></span> <span class='ocrx_word' id='word_1_79' title='bbox 1756 942 1840 993; x_wconf 88' lang='lat' dir='ltr'><strong>iti-</strong></span> 
     </span>
    </p>
   </div>
   <div class='ocr_carea' id='block_1_11' title="bbox 285 1024 1842 1099">
    <p class='ocr_par' dir='ltr' id='par_1_11' title="bbox 285 1024 1842 1099">
     <span class='ocr_line' id='line_1_11' title="bbox 285 1024 1842 1099; baseline 0.006 -25"><span class='ocrx_word' id='word_1_80' title='bbox 285 1024 532 1076; x_wconf 91' lang='lat' dir='ltr'><strong>teritum</strong></span> <span class='ocrx_word' id='word_1_81' title='bbox 568 1029 917 1092; x_wconf 86' lang='lat' dir='ltr'><strong>posteritatis,</strong></span> <span class='ocrx_word' id='word_1_82' title='bbox 965 1031 1056 1083; x_wconf 87' lang='lat' dir='ltr'><strong>sed</strong></span> <span class='ocrx_word' id='word_1_83' title='bbox 1107 1033 1495 1099; x_wconf 76' lang='lat' dir='ltr'><strong>reparationem</strong></span> <span class='ocrx_word' id='word_1_84' title='bbox 1547 1032 1745 1095; x_wconf 90' lang='lat' dir='ltr'><strong>mundi,</strong></span> <span class='ocrx_word' id='word_1_85' title='bbox 1788 1040 1842 1084; x_wconf 91' lang='lat' dir='ltr'><strong>et</strong></span> 
     </span>
    </p>
   </div>
   <div class='ocr_carea' id='block_1_12' title="bbox 282 1113 1840 1188">
    <p class='ocr_par' dir='ltr' id='par_1_12' title="bbox 282 1113 1840 1188">
     <span class='ocr_line' id='line_1_12' title="bbox 282 1113 1840 1188; baseline 0.004 -23"><span class='ocrx_word' id='word_1_86' title='bbox 282 1113 708 1169; x_wconf 86' lang='lat' dir='ltr'><strong>innovationem</strong></span> <span class='ocrx_word' id='word_1_87' title='bbox 742 1119 900 1170; x_wconf 84' lang='lat' dir='ltr'><strong>totius</strong></span> <span class='ocrx_word' id='word_1_88' title='bbox 932 1130 1206 1183; x_wconf 61' lang='lat' dir='ltr'><strong>creaturas,</strong></span> <span class='ocrx_word' id='word_1_89' title='bbox 1237 1136 1353 1188; x_wconf 63' lang='lat' dir='ltr'><strong>qua!</strong></span> <span class='ocrx_word' id='word_1_90' title='bbox 1379 1135 1472 1188; x_wconf 91' lang='lat' dir='ltr'><strong>per</strong></span> <span class='ocrx_word' id='word_1_91' title='bbox 1499 1122 1840 1174; x_wconf 86' lang='lat' dir='ltr'><strong>resurrectio-</strong></span> 
     </span>
    </p>
   </div>
   <div class='ocr_carea' id='block_1_13' title="bbox 278 1204 1840 1276">
    <p class='ocr_par' dir='ltr' id='par_1_13' title="bbox 278 1204 1840 1276">
     <span class='ocr_line' id='line_1_13' title="bbox 278 1204 1840 1276; baseline 0.005 -22"><span class='ocrx_word' id='word_1_92' title='bbox 278 1216 422 1256; x_wconf 86' lang='lat' dir='ltr'><strong>nem</strong></span> <span class='ocrx_word' id='word_1_93' title='bbox 472 1204 690 1259; x_wconf 90' lang='lat' dir='ltr'><strong>Domini</strong></span> <span class='ocrx_word' id='word_1_94' title='bbox 735 1208 979 1260; x_wconf 86' lang='lat' dir='ltr'><strong>restituta</strong></span> <span class='ocrx_word' id='word_1_95' title='bbox 1016 1218 1118 1272; x_wconf 88' lang='lat' dir='ltr'><strong>est,</strong></span> <span class='ocrx_word' id='word_1_96' title='bbox 1150 1211 1440 1276; x_wconf 88' lang='lat' dir='ltr'><strong>cogitabat,</strong></span> <span class='ocrx_word' id='word_1_97' title='bbox 1471 1221 1524 1264; x_wconf 91' lang='lat' dir='ltr'><strong>et</strong></span> <span class='ocrx_word' id='word_1_98' title='bbox 1570 1212 1685 1264; x_wconf 88' lang='lat' dir='ltr'><strong>ideo</strong></span> <span class='ocrx_word' id='word_1_99' title='bbox 1715 1212 1840 1264; x_wconf 88' lang='lat' dir='ltr'><strong>dicit</strong></span> 
     </span>
    </p>
   </div>
   <div class='ocr_carea' id='block_1_14' title="bbox 271 1293 1838 1367">
    <p class='ocr_par' dir='ltr' id='par_1_14' title="bbox 271 1293 1838 1367">
     <span class='ocr_line' id='line_1_14' title="bbox 271 1293 1838 1367; baseline 0.002 -19"><span class='ocrx_word' id='word_1_100' title='bbox 271 1293 568 1350; x_wconf 84' lang='lat' dir='ltr'><strong>Dominus</strong></span> <span class='ocrx_word' id='word_1_101' title='bbox 598 1297 666 1349; x_wconf 90' lang='lat' dir='ltr'><strong>de</strong></span> <span class='ocrx_word' id='word_1_102' title='bbox 698 1311 784 1358; x_wconf 91' lang='lat' dir='ltr'><strong>eo,</strong></span> <span class='ocrx_word' id='word_1_103' title='bbox 806 1297 928 1364; x_wconf 89' lang='lat' dir='ltr'><strong>quia</strong></span> <span class='ocrx_word' id='word_1_104' title='bbox 950 1316 968 1348; x_wconf 78' lang='grc' dir='ltr'>ι</span> <span class='ocrx_word' id='word_1_105' title='bbox 1003 1299 1264 1352; x_wconf 83' lang='lat' dir='ltr'><strong>Abraham</strong></span> <span class='ocrx_word' id='word_1_106' title='bbox 1296 1309 1443 1367; x_wconf 91' lang='lat' dir='ltr'><strong>pater</strong></span> <span class='ocrx_word' id='word_1_107' title='bbox 1469 1309 1639 1354; x_wconf 82' lang='lat' dir='ltr'><strong>vester</strong></span> <span class='ocrx_word' id='word_1_108' title='bbox 1663 1301 1838 1354; x_wconf 79' lang='lat' dir='ltr'><strong>exsul-</strong></span> 
     </span>
    </p>
   </div>
   <div class='ocr_carea' id='block_1_15' title="bbox 273 1384 1837 1457">
    <p class='ocr_par' dir='ltr' id='par_1_15' title="bbox 273 1384 1837 1457">
     <span class='ocr_line' id='line_1_15' title="bbox 273 1384 1837 1457; baseline 0.004 -22"><span class='ocrx_word' id='word_1_109' title='bbox 273 1384 437 1436; x_wconf 84' lang='lat' dir='ltr'><strong>tavit</strong></span> <span class='ocrx_word' id='word_1_110' title='bbox 469 1394 530 1437; x_wconf 93' lang='lat' dir='ltr'><strong>ut</strong></span> <span class='ocrx_word' id='word_1_111' title='bbox 562 1385 766 1438; x_wconf 87' lang='lat' dir='ltr'><strong>videret</strong></span> <span class='ocrx_word' id='word_1_112' title='bbox 812 1388 950 1439; x_wconf 91' lang='lat' dir='ltr'><strong>diem</strong></span> <span class='ocrx_word' id='word_1_113' title='bbox 1001 1401 1215 1452; x_wconf 86' lang='lat' dir='ltr'><strong>meum;</strong></span> <span class='ocrx_word' id='word_1_114' title='bbox 1263 1398 1317 1442; x_wconf 89' lang='lat' dir='ltr'><strong>et</strong></span> <span class='ocrx_word' id='word_1_115' title='bbox 1361 1389 1494 1441; x_wconf 84' lang='lat' dir='ltr'><strong>vidit</strong></span> <span class='ocrx_word' id='word_1_116' title='bbox 1531 1399 1584 1443; x_wconf 92' lang='lat' dir='ltr'><strong>et</strong></span> <span class='ocrx_word' id='word_1_117' title='bbox 1624 1391 1837 1457; x_wconf 79' lang='lat' dir='ltr'><strong>gavisus</strong></span> 
     </span>
    </p>
   </div>
   <div class='ocr_carea' id='block_1_16' title="bbox 272 1473 1834 1544">
    <p class='ocr_par' dir='ltr' id='par_1_16' title="bbox 272 1473 1834 1544">
     <span class='ocr_line' id='line_1_16' title="bbox 272 1473 1834 1544; baseline 0.003 -17"><span class='ocrx_word' id='word_1_118' title='bbox 272 1484 364 1527; x_wconf 88' lang='lat' dir='ltr'><strong>est</strong></span> <span class='ocrx_word' id='word_1_119' title='bbox 389 1474 470 1526; x_wconf 75' lang='grc'><strong>⁸³.</strong></span> <span class='ocrx_word' id='word_1_120' title='bbox 503 1493 524 1525; x_wconf 69' lang='grc' dir='ltr'><strong><em>ι</em></strong></span> <span class='ocrx_word' id='word_1_121' title='bbox 563 1473 677 1528; x_wconf 79' lang='lat' dir='ltr'><strong>Hoc</strong></span> <span class='ocrx_word' id='word_1_122' title='bbox 714 1489 842 1544; x_wconf 84' lang='lat' dir='ltr'><strong>ergo</strong></span> <span class='ocrx_word' id='word_1_123' title='bbox 873 1478 1414 1544; x_wconf 86' lang='lat' dir='ltr'><strong>modocompetenter</strong></span> <span class='ocrx_word' id='word_1_124' title='bbox 1445 1479 1708 1532; x_wconf 83' lang='lat' dir='ltr'><strong>videbitur</strong></span> <span class='ocrx_word' id='word_1_125' title='bbox 1742 1481 1834 1532; x_wconf 85' lang='lat' dir='ltr'><strong>ha-</strong></span> 
     </span>
    </p>
   </div>
   <div class='ocr_carea' id='block_1_17' title="bbox 269 1564 1832 1647">
    <p class='ocr_par' dir='ltr' id='par_1_17' title="bbox 269 1564 1832 1647">
     <span class='ocr_line' id='line_1_17' title="bbox 269 1564 1832 1647; baseline 0.001 -29"><span class='ocrx_word' id='word_1_126' title='bbox 269 1564 394 1618; x_wconf 85' lang='lat' dir='ltr'><strong>bita</strong></span> <span class='ocrx_word' id='word_1_127' title='bbox 427 1565 765 1632; x_wconf 84' lang='lat' dir='ltr'><strong>comparatio</strong></span> <span class='ocrx_word' id='word_1_128' title='bbox 809 1565 928 1618; x_wconf 90' lang='lat' dir='ltr'><strong>tidei</strong></span> <span class='ocrx_word' id='word_1_129' title='bbox 969 1567 1262 1647; x_wconf 65' lang='lat' dir='ltr'><strong>Abraham,</strong></span> <span class='ocrx_word' id='word_1_130' title='bbox 1290 1577 1343 1622; x_wconf 92' lang='lat' dir='ltr'><strong>et</strong></span> <span class='ocrx_word' id='word_1_131' title='bbox 1375 1583 1557 1622; x_wconf 91' lang='lat' dir='ltr'><strong>eorum</strong></span> <span class='ocrx_word' id='word_1_132' title='bbox 1596 1569 1684 1636; x_wconf 86' lang='lat' dir='ltr'><strong>qui</strong></span> <span class='ocrx_word' id='word_1_133' title='bbox 1711 1584 1832 1621; x_wconf 79' lang='lat' dir='ltr'><strong>cre-</strong></span> 
     </span>
    </p>
   </div>
   <div class='ocr_carea' id='block_1_18' title="bbox 270 1653 1828 1723">
    <p class='ocr_par' dir='ltr' id='par_1_18' title="bbox 270 1653 1828 1723">
     <span class='ocr_line' id='line_1_18' title="bbox 270 1653 1828 1723; baseline 0.003 -19"><span class='ocrx_word' id='word_1_134' title='bbox 270 1653 428 1705; x_wconf 86' lang='lat' dir='ltr'><strong>dunt</strong></span> <span class='ocrx_word' id='word_1_135' title='bbox 455 1653 512 1706; x_wconf 90' lang='lat' dir='ltr'><strong>in</strong></span> <span class='ocrx_word' id='word_1_136' title='bbox 551 1667 675 1706; x_wconf 91' lang='lat' dir='ltr'><strong>eum</strong></span> <span class='ocrx_word' id='word_1_137' title='bbox 720 1654 808 1720; x_wconf 88' lang='lat' dir='ltr'><strong>qui</strong></span> <span class='ocrx_word' id='word_1_138' title='bbox 855 1653 1129 1708; x_wconf 84' lang='lat' dir='ltr'><strong>suscitavit</strong></span> <span class='ocrx_word' id='word_1_139' title='bbox 1162 1655 1438 1710; x_wconf 89' lang='lat' dir='ltr'><strong>Dominum</strong></span> <span class='ocrx_word' id='word_1_140' title='bbox 1469 1656 1680 1720; x_wconf 86' lang='lat' dir='ltr'><strong>Jesum;</strong></span> <span class='ocrx_word' id='word_1_141' title='bbox 1709 1658 1828 1723; x_wconf 86' lang='lat' dir='ltr'><strong>quia</strong></span> 
     </span>
    </p>
   </div>
   <div class='ocr_carea' id='block_1_19' title="bbox 268 1739 1827 1808">
    <p class='ocr_par' dir='ltr' id='par_1_19' title="bbox 268 1739 1827 1808">
     <span class='ocr_line' id='line_1_19' title="bbox 268 1739 1827 1808; baseline 0.004 -16"><span class='ocrx_word' id='word_1_142' title='bbox 268 1740 432 1808; x_wconf 89' lang='lat' dir='ltr'><strong>quod</strong></span> <span class='ocrx_word' id='word_1_143' title='bbox 467 1739 562 1794; x_wconf 88' lang='lat' dir='ltr'><strong>ille</strong></span> <span class='ocrx_word' id='word_1_144' title='bbox 596 1739 833 1794; x_wconf 79' lang='lat' dir='ltr'><strong>futurum</strong></span> <span class='ocrx_word' id='word_1_145' title='bbox 859 1742 1103 1806; x_wconf 83' lang='lat' dir='ltr'><strong>credidit,</strong></span> <span class='ocrx_word' id='word_1_146' title='bbox 1121 1757 1150 1795; x_wconf 93' lang='lat' dir='ltr'><strong>a</strong></span> <span class='ocrx_word' id='word_1_147' title='bbox 1177 1743 1328 1797; x_wconf 91' lang='lat' dir='ltr'><strong>nobis</strong></span> <span class='ocrx_word' id='word_1_148' title='bbox 1356 1745 1589 1798; x_wconf 89' lang='lat' dir='ltr'><strong>creditur</strong></span> <span class='ocrx_word' id='word_1_149' title='bbox 1609 1744 1827 1798; x_wconf 81' lang='lat' dir='ltr'><strong>factum.</strong></span> 
     </span>
    </p>
   </div>
   <div class='ocr_carea' id='block_1_20' title="bbox 273 1831 1828 1900">
    <p class='ocr_par' dir='ltr' id='par_1_20' title="bbox 273 1831 1828 1900">
     <span class='ocr_line' id='line_1_20' title="bbox 273 1831 1828 1900; baseline 0.003 -17"><span class='ocrx_word' id='word_1_150' title='bbox 273 1831 468 1884; x_wconf 82' lang='lat' dir='ltr'><strong>Simul</strong></span> <span class='ocrx_word' id='word_1_151' title='bbox 496 1839 676 1882; x_wconf 88' lang='lat' dir='ltr'><strong>autem</strong></span> <span class='ocrx_word' id='word_1_152' title='bbox 711 1840 764 1883; x_wconf 93' lang='lat' dir='ltr'><strong>et</strong></span> <span class='ocrx_word' id='word_1_153' title='bbox 797 1831 922 1883; x_wconf 89' lang='lat' dir='ltr'><strong>illud</strong></span> <span class='ocrx_word' id='word_1_154' title='bbox 948 1831 1246 1885; x_wconf 87' lang='lat' dir='ltr'><strong>ostenditur</strong></span> <span class='ocrx_word' id='word_1_155' title='bbox 1274 1834 1413 1900; x_wconf 91' lang='lat' dir='ltr'><strong>quod</strong></span> <span class='ocrx_word' id='word_1_156' title='bbox 1439 1833 1700 1889; x_wconf 69' lang='lat' dir='ltr'><strong>hiereticis</strong></span> <span class='ocrx_word' id='word_1_157' title='bbox 1727 1849 1828 1887; x_wconf 93' lang='lat' dir='ltr'><strong>non</strong></span> 
     </span>
    </p>
   </div>
   <div class='ocr_carea' id='block_1_21' title="bbox 266 1919 1828 1988">
    <p class='ocr_par' dir='ltr' id='par_1_21' title="bbox 266 1919 1828 1988">
     <span class='ocr_line' id='line_1_21' title="bbox 266 1919 1828 1988; baseline 0.002 -17"><span class='ocrx_word' id='word_1_158' title='bbox 266 1923 488 1986; x_wconf 86' lang='lat' dir='ltr'><strong>placet,</strong></span> <span class='ocrx_word' id='word_1_159' title='bbox 533 1919 662 1988; x_wconf 90' lang='lat' dir='ltr'><strong>quia</strong></span> <span class='ocrx_word' id='word_1_160' title='bbox 695 1919 834 1974; x_wconf 88' lang='lat' dir='ltr'><strong>Deus</strong></span> <span class='ocrx_word' id='word_1_161' title='bbox 863 1922 946 1974; x_wconf 89' lang='lat' dir='ltr'><strong>cui</strong></span> <span class='ocrx_word' id='word_1_162' title='bbox 981 1922 1206 1976; x_wconf 82' lang='lat' dir='ltr'><strong>credidit</strong></span> <span class='ocrx_word' id='word_1_163' title='bbox 1251 1923 1541 1987; x_wconf 83' lang='lat' dir='ltr'><strong>Abraham,</strong></span> <span class='ocrx_word' id='word_1_164' title='bbox 1584 1933 1639 1977; x_wconf 92' lang='lat' dir='ltr'><strong>et</strong></span> <span class='ocrx_word' id='word_1_165' title='bbox 1673 1923 1828 1976; x_wconf 84' lang='lat' dir='ltr'><strong>ﬁdem</strong></span> 
     </span>
    </p>
   </div>
   <div class='ocr_carea' id='block_1_22' title="bbox 268 2010 1831 2082">
    <p class='ocr_par' dir='ltr' id='par_1_22' title="bbox 268 2010 1831 2082">
     <span class='ocr_line' id='line_1_22' title="bbox 268 2010 1831 2082; baseline 0.003 -19"><span class='ocrx_word' id='word_1_166' title='bbox 268 2010 398 2076; x_wconf 86' lang='lat' dir='ltr'><strong>ejus</strong></span> <span class='ocrx_word' id='word_1_167' title='bbox 437 2011 508 2063; x_wconf 88' lang='lat' dir='ltr'><strong>ad</strong></span> <span class='ocrx_word' id='word_1_168' title='bbox 543 2010 815 2078; x_wconf 86' lang='lat' dir='ltr'><strong>justitiam</strong></span> <span class='ocrx_word' id='word_1_169' title='bbox 850 2012 957 2081; x_wconf 87' lang='lat'><strong>(19)</strong></span> <span class='ocrx_word' id='word_1_170' title='bbox 992 2013 1254 2082; x_wconf 82' lang='lat' dir='ltr'><strong>reputavit</strong></span> <span class='ocrx_word' id='word_1_171' title='bbox 1290 2012 1354 2075; x_wconf 76' lang='lat'><strong>&quot;,</strong></span> <span class='ocrx_word' id='word_1_172' title='bbox 1386 2013 1496 2076; x_wconf 86' lang='lat' dir='ltr'><strong>ipse</strong></span> <span class='ocrx_word' id='word_1_173' title='bbox 1536 2021 1614 2065; x_wconf 83' lang='lat' dir='ltr'><strong>est</strong></span> <span class='ocrx_word' id='word_1_174' title='bbox 1654 2013 1742 2080; x_wconf 91' lang='lat' dir='ltr'><strong>qui</strong></span> <span class='ocrx_word' id='word_1_175' title='bbox 1775 2021 1831 2067; x_wconf 93' lang='lat' dir='ltr'><strong>et</strong></span> 
     </span>
    </p>
   </div>
   <div class='ocr_carea' id='block_1_23' title="bbox 269 2096 1829 2165">
    <p class='ocr_par' dir='ltr' id='par_1_23' title="bbox 269 2096 1829 2165">
     <span class='ocr_line' id='line_1_23' title="bbox 269 2096 1829 2165; baseline 0.001 -13"><span class='ocrx_word' id='word_1_176' title='bbox 269 2099 579 2152; x_wconf 88' lang='lat' dir='ltr'><strong>Dominum</strong></span> <span class='ocrx_word' id='word_1_177' title='bbox 616 2096 794 2151; x_wconf 86' lang='lat' dir='ltr'><strong>Jesum</strong></span> <span class='ocrx_word' id='word_1_178' title='bbox 840 2101 1174 2152; x_wconf 90' lang='lat' dir='ltr'><strong>resuscitavit</strong></span> <span class='ocrx_word' id='word_1_179' title='bbox 1198 2113 1228 2152; x_wconf 92' lang='lat' dir='ltr'><strong>a</strong></span> <span class='ocrx_word' id='word_1_180' title='bbox 1253 2102 1474 2154; x_wconf 90' lang='lat' dir='ltr'><strong>mortuis</strong></span> <span class='ocrx_word' id='word_1_181' title='bbox 1503 2117 1518 2165; x_wconf 88' lang='lat'><strong>;</strong></span> <span class='ocrx_word' id='word_1_182' title='bbox 1553 2117 1649 2155; x_wconf 92' lang='lat' dir='ltr'><strong>nec</strong></span> <span class='ocrx_word' id='word_1_183' title='bbox 1673 2100 1829 2154; x_wconf 89' lang='lat' dir='ltr'><strong>relin-</strong></span> 
     </span>
    </p>
   </div>
   <div class='ocr_carea' id='block_1_24' title="bbox 267 2186 1824 2256">
    <p class='ocr_par' dir='ltr' id='par_1_24' title="bbox 267 2186 1824 2256">
     <span class='ocr_line' id='line_1_24' title="bbox 267 2186 1824 2256; baseline 0.002 -17"><span class='ocrx_word' id='word_1_184' title='bbox 267 2189 472 2254; x_wconf 84' lang='lat' dir='ltr'><strong>quitur</strong></span> <span class='ocrx_word' id='word_1_185' title='bbox 515 2186 666 2240; x_wconf 90' lang='lat' dir='ltr'><strong>locus</strong></span> <span class='ocrx_word' id='word_1_186' title='bbox 691 2195 749 2239; x_wconf 91' lang='lat' dir='ltr'><strong>ut</strong></span> <span class='ocrx_word' id='word_1_187' title='bbox 777 2186 914 2240; x_wconf 87' lang='lat' dir='ltr'><strong>alius</strong></span> <span class='ocrx_word' id='word_1_188' title='bbox 953 2187 1091 2240; x_wconf 88' lang='lat' dir='ltr'><strong>Detts</strong></span> <span class='ocrx_word' id='word_1_189' title='bbox 1107 2188 1265 2256; x_wconf 82' lang='lat' dir='ltr'><strong>legis,</strong></span> <span class='ocrx_word' id='word_1_190' title='bbox 1285 2190 1419 2242; x_wconf 89' lang='lat' dir='ltr'><strong>alius</strong></span> <span class='ocrx_word' id='word_1_191' title='bbox 1438 2189 1640 2243; x_wconf 89' lang='lat' dir='ltr'><strong>Domini</strong></span> <span class='ocrx_word' id='word_1_192' title='bbox 1663 2190 1824 2243; x_wconf 91' lang='lat' dir='ltr'><strong>nostri</strong></span> 
     </span>
    </p>
   </div>
   <div class='ocr_carea' id='block_1_25' title="bbox 265 2273 1828 2346">
    <p class='ocr_par' dir='ltr' id='par_1_25' title="bbox 265 2273 1828 2346">
     <span class='ocr_line' id='line_1_25' title="bbox 265 2273 1828 2346; baseline 0.002 -17"><span class='ocrx_word' id='word_1_193' title='bbox 265 2275 404 2329; x_wconf 79' lang='lat' dir='ltr'><strong>Jesu</strong></span> <span class='ocrx_word' id='word_1_194' title='bbox 449 2273 654 2329; x_wconf 85' lang='lat' dir='ltr'><strong>Christi</strong></span> <span class='ocrx_word' id='word_1_195' title='bbox 702 2273 860 2328; x_wconf 86' lang='lat' dir='ltr'><strong>Pater</strong></span> <span class='ocrx_word' id='word_1_196' title='bbox 908 2275 1252 2342; x_wconf 83' lang='lat' dir='ltr'><strong>intelligatur.</strong></span> <span class='ocrx_word' id='word_1_197' title='bbox 1297 2276 1400 2330; x_wconf 88' lang='lat' dir='ltr'><strong>Sed</strong></span> <span class='ocrx_word' id='word_1_198' title='bbox 1453 2279 1624 2331; x_wconf 88' lang='lat' dir='ltr'><strong>adhuc</strong></span> <span class='ocrx_word' id='word_1_199' title='bbox 1656 2280 1828 2346; x_wconf 83' lang='lat' dir='ltr'><strong>requi-</strong></span> 
     </span>
    </p>
   </div>
   <div class='ocr_carea' id='block_1_26' title="bbox 269 2364 1825 2431">
    <p class='ocr_par' dir='ltr' id='par_1_26' title="bbox 269 2364 1825 2431">
     <span class='ocr_line' id='line_1_26' title="bbox 269 2364 1825 2431; baseline -0.003 -13"><span class='ocrx_word' id='word_1_200' title='bbox 269 2378 490 2425; x_wconf 84' lang='lat' dir='ltr'><strong>ramus,</strong></span> <span class='ocrx_word' id='word_1_201' title='bbox 548 2377 669 2417; x_wconf 89' lang='lat' dir='ltr'><strong>cum</strong></span> <span class='ocrx_word' id='word_1_202' title='bbox 714 2367 823 2415; x_wconf 88' lang='lat' dir='ltr'><strong>sint</strong></span> <span class='ocrx_word' id='word_1_203' title='bbox 850 2364 1236 2431; x_wconf 82' lang='lat' dir='ltr'><strong>quamplurima</strong></span> <span class='ocrx_word' id='word_1_204' title='bbox 1284 2379 1399 2431; x_wconf 73' lang='lat' dir='ltr'><strong>qua:</strong></span> <span class='ocrx_word' id='word_1_205' title='bbox 1439 2365 1680 2419; x_wconf 83' lang='lat' dir='ltr'><strong>Christus</strong></span> <span class='ocrx_word' id='word_1_206' title='bbox 1707 2376 1825 2419; x_wconf 86' lang='lat' dir='ltr'><strong>esse</strong></span> 
     </span>
    </p>
   </div>
   <div class='ocr_carea' id='block_1_27' title="bbox 267 2448 1825 2517">
    <p class='ocr_par' dir='ltr' id='par_1_27' title="bbox 267 2448 1825 2517">
     <span class='ocr_line' id='line_1_27' title="bbox 267 2448 1825 2517; baseline -0.002 -13"><span class='ocrx_word' id='word_1_207' title='bbox 267 2451 484 2504; x_wconf 87' lang='lat' dir='ltr'><strong>dicitur</strong></span> <span class='ocrx_word' id='word_1_208' title='bbox 509 2456 658 2517; x_wconf 86' lang='lat' dir='ltr'><strong>(nam</strong></span> <span class='ocrx_word' id='word_1_209' title='bbox 687 2459 742 2502; x_wconf 92' lang='lat' dir='ltr'><strong>et</strong></span> <span class='ocrx_word' id='word_1_210' title='bbox 794 2449 1081 2516; x_wconf 90' lang='lat' dir='ltr'><strong>sapientia,</strong></span> <span class='ocrx_word' id='word_1_211' title='bbox 1125 2459 1178 2501; x_wconf 91' lang='lat' dir='ltr'><strong>et</strong></span> <span class='ocrx_word' id='word_1_212' title='bbox 1223 2449 1414 2506; x_wconf 86' lang='lat' dir='ltr'><strong>virtus.</strong></span> <span class='ocrx_word' id='word_1_213' title='bbox 1434 2448 1739 2516; x_wconf 65' lang='lat' dir='ltr'><strong>,etjustitia,</strong></span> <span class='ocrx_word' id='word_1_214' title='bbox 1770 2456 1825 2501; x_wconf 90' lang='lat' dir='ltr'><strong>et</strong></span> 
     </span>
    </p>
   </div>
   <div class='ocr_carea' id='block_1_28' title="bbox 265 2537 1824 2606">
    <p class='ocr_par' dir='ltr' id='par_1_28' title="bbox 265 2537 1824 2606">
     <span class='ocr_line' id='line_1_28' title="bbox 265 2537 1824 2606; baseline 0 -16"><span class='ocrx_word' id='word_1_215' title='bbox 265 2543 532 2603; x_wconf 86' lang='lat' dir='ltr'><strong>verbum,</strong></span> <span class='ocrx_word' id='word_1_216' title='bbox 564 2547 622 2593; x_wconf 92' lang='lat' dir='ltr'><strong>et</strong></span> <span class='ocrx_word' id='word_1_217' title='bbox 663 2539 884 2602; x_wconf 89' lang='lat' dir='ltr'><strong>veritas,</strong></span> <span class='ocrx_word' id='word_1_218' title='bbox 913 2546 966 2590; x_wconf 88' lang='lat' dir='ltr'><strong>et</strong></span> <span class='ocrx_word' id='word_1_219' title='bbox 1007 2537 1112 2589; x_wconf 90' lang='lat' dir='ltr'><strong>vita</strong></span> <span class='ocrx_word' id='word_1_220' title='bbox 1154 2540 1268 2606; x_wconf 88' lang='lat' dir='ltr'><strong>ipse</strong></span> <span class='ocrx_word' id='word_1_221' title='bbox 1317 2538 1608 2606; x_wconf 88' lang='lat' dir='ltr'><strong>appellatur</strong></span> <span class='ocrx_word' id='word_1_222' title='bbox 1633 2537 1698 2605; x_wconf 78' lang='grc'><strong>⁹³⁵)</strong></span> <span class='ocrx_word' id='word_1_223' title='bbox 1727 2553 1824 2590; x_wconf 91' lang='lat' dir='ltr'><strong>cur</strong></span> 
     </span>
    </p>
   </div>
   <div class='ocr_carea' id='block_1_29' title="bbox 267 2625 1818 2694">
    <p class='ocr_par' dir='ltr' id='par_1_29' title="bbox 267 2625 1818 2694">
     <span class='ocr_line' id='line_1_29' title="bbox 267 2625 1818 2694; baseline -0.004 -11"><span class='ocrx_word' id='word_1_224' title='bbox 267 2629 632 2691; x_wconf 81' lang='lat' dir='ltr'><strong>potissimum</strong></span> <span class='ocrx_word' id='word_1_225' title='bbox 675 2628 740 2681; x_wconf 88' lang='lat' dir='ltr'><strong>de</strong></span> <span class='ocrx_word' id='word_1_226' title='bbox 772 2627 1170 2681; x_wconf 89' lang='lat' dir='ltr'><strong>resurrectione</strong></span> <span class='ocrx_word' id='word_1_227' title='bbox 1211 2625 1326 2694; x_wconf 89' lang='lat' dir='ltr'><strong>ejus</strong></span> <span class='ocrx_word' id='word_1_228' title='bbox 1377 2628 1428 2679; x_wconf 93' lang='lat' dir='ltr'><strong>in</strong></span> <span class='ocrx_word' id='word_1_229' title='bbox 1483 2626 1586 2680; x_wconf 87' lang='lat' dir='ltr'><strong>tide</strong></span> <span class='ocrx_word' id='word_1_230' title='bbox 1640 2635 1818 2679; x_wconf 88' lang='lat' dir='ltr'><strong>nostra</strong></span> 
     </span>
    </p>
   </div>
   <div class='ocr_carea' id='block_1_30' title="bbox 266 2715 1820 2788">
    <p class='ocr_par' dir='ltr' id='par_1_30' title="bbox 266 2715 1820 2788">
     <span class='ocr_line' id='line_1_30' title="bbox 266 2715 1820 2788; baseline -0.004 -14"><span class='ocrx_word' id='word_1_231' title='bbox 266 2719 574 2788; x_wconf 80' lang='lat' dir='ltr'><strong>Apostolus</strong></span> <span class='ocrx_word' id='word_1_232' title='bbox 607 2717 717 2787; x_wconf 91' lang='grc'>(20)</span> <span class='ocrx_word' id='word_1_233' title='bbox 749 2716 910 2769; x_wconf 80' lang='lat' dir='ltr'><strong>faciat</strong></span> <span class='ocrx_word' id='word_1_234' title='bbox 941 2717 1276 2770; x_wconf 86' lang='lat' dir='ltr'><strong>mentionem.</strong></span> <span class='ocrx_word' id='word_1_235' title='bbox 1310 2715 1446 2769; x_wconf 89' lang='lat' dir='ltr'><strong>Dicit</strong></span> <span class='ocrx_word' id='word_1_236' title='bbox 1468 2716 1518 2768; x_wconf 94' lang='lat' dir='ltr'><strong>in</strong></span> <span class='ocrx_word' id='word_1_237' title='bbox 1542 2715 1660 2769; x_wconf 88' lang='lat' dir='ltr'><strong>aliis</strong></span> <span class='ocrx_word' id='word_1_238' title='bbox 1685 2716 1820 2768; x_wconf 90' lang='lat' dir='ltr'><strong>idem</strong></span> 
     </span>
    </p>
   </div>
   <div class='ocr_carea' id='block_1_31' title="bbox 264 2806 1818 2878">
    <p class='ocr_par' dir='ltr' id='par_1_31' title="bbox 264 2806 1818 2878">
     <span class='ocr_line' id='line_1_31' title="bbox 264 2806 1818 2878; baseline -0.004 -13"><span class='ocrx_word' id='word_1_239' title='bbox 264 2810 593 2878; x_wconf 79' lang='lat' dir='ltr'><strong>Apostolus,</strong></span> <span class='ocrx_word' id='word_1_240' title='bbox 617 2809 743 2877; x_wconf 88' lang='lat' dir='ltr'><strong>quia</strong></span> <span class='ocrx_word' id='word_1_241' title='bbox 766 2826 784 2859; x_wconf 73' lang='grc' dir='ltr'>ι</span> <span class='ocrx_word' id='word_1_242' title='bbox 812 2823 930 2861; x_wconf 87' lang='lat' dir='ltr'><strong>cum</strong></span> <span class='ocrx_word' id='word_1_243' title='bbox 965 2807 1175 2860; x_wconf 87' lang='lat' dir='ltr'><strong>Christo</strong></span> <span class='ocrx_word' id='word_1_244' title='bbox 1198 2807 1513 2860; x_wconf 88' lang='lat' dir='ltr'><strong>coexcitavit</strong></span> <span class='ocrx_word' id='word_1_245' title='bbox 1543 2821 1637 2859; x_wconf 91' lang='lat' dir='ltr'><strong>nos</strong></span> <span class='ocrx_word' id='word_1_246' title='bbox 1662 2806 1818 2870; x_wconf 82' lang='lat' dir='ltr'><strong>Deus,</strong></span> 
     </span>
    </p>
   </div>
   <div class='ocr_carea' id='block_1_32' title="bbox 266 2894 1812 2964">
    <p class='ocr_par' dir='ltr' id='par_1_32' title="bbox 266 2894 1812 2964">
     <span class='ocr_line' id='line_1_32' title="bbox 266 2894 1812 2964; baseline -0.004 -11"><span class='ocrx_word' id='word_1_247' title='bbox 266 2911 324 2954; x_wconf 89' lang='lat' dir='ltr'><strong>et</strong></span> <span class='ocrx_word' id='word_1_248' title='bbox 346 2897 517 2953; x_wconf 90' lang='lat' dir='ltr'><strong>simul</strong></span> <span class='ocrx_word' id='word_1_249' title='bbox 561 2911 684 2950; x_wconf 88' lang='lat' dir='ltr'><strong>cum</strong></span> <span class='ocrx_word' id='word_1_250' title='bbox 731 2897 847 2964; x_wconf 92' lang='lat' dir='ltr'><strong>ipso</strong></span> <span class='ocrx_word' id='word_1_251' title='bbox 882 2896 1068 2948; x_wconf 84' lang='lat' dir='ltr'><strong>sedere</strong></span> <span class='ocrx_word' id='word_1_252' title='bbox 1099 2894 1224 2948; x_wconf 82' lang='lat' dir='ltr'><strong>fecit</strong></span> <span class='ocrx_word' id='word_1_253' title='bbox 1269 2895 1322 2948; x_wconf 88' lang='lat' dir='ltr'><strong>in</strong></span> <span class='ocrx_word' id='word_1_254' title='bbox 1361 2895 1663 2948; x_wconf 82' lang='lat' dir='ltr'><strong>ctelestibus</strong></span> <span class='ocrx_word' id='word_1_255' title='bbox 1691 2895 1756 2947; x_wconf 78' lang='grc'><strong>’⁸.</strong></span> <span class='ocrx_word' id='word_1_256' title='bbox 1794 2914 1812 2947; x_wconf 80' lang='grc' dir='ltr'><strong><em>ι</em></strong></span> 
     </span>
    </p>
   </div>
   <div class='ocr_carea' id='block_1_33' title="bbox 1943 495 3455 566">
    <p class='ocr_par' dir='ltr' id='par_1_33' title="bbox 1943 495 3455 566">
     <span class='ocr_line' id='line_1_33' title="bbox 1943 495 3455 566; baseline 0 -16"><span class='ocrx_word' id='word_1_257' title='bbox 1943 497 2015 551; x_wconf 91' lang='lat' dir='ltr'><strong>lta</strong></span> <span class='ocrx_word' id='word_1_258' title='bbox 2039 513 2163 566; x_wconf 83' lang='lat' dir='ltr'><strong>ergo</strong></span> <span class='ocrx_word' id='word_1_259' title='bbox 2187 508 2239 552; x_wconf 92' lang='lat' dir='ltr'><strong>et</strong></span> <span class='ocrx_word' id='word_1_260' title='bbox 2265 498 2600 552; x_wconf 81' lang='lat' dir='ltr'><strong>credentibus</strong></span> <span class='ocrx_word' id='word_1_261' title='bbox 2625 498 2837 564; x_wconf 89' lang='lat' dir='ltr'><strong>quidem</strong></span> <span class='ocrx_word' id='word_1_262' title='bbox 2882 495 3117 559; x_wconf 89' lang='lat' dir='ltr'><strong>Christo,</strong></span> <span class='ocrx_word' id='word_1_263' title='bbox 3156 511 3251 549; x_wconf 87' lang='lat' dir='ltr'><strong>nec</strong></span> <span class='ocrx_word' id='word_1_264' title='bbox 3282 507 3455 550; x_wconf 86' lang='lat' dir='ltr'><strong>tamen</strong></span> 
     </span>
    </p>
   </div>
   <div class='ocr_carea' id='block_1_34' title="bbox 1943 585 3458 654">
    <p class='ocr_par' dir='ltr' id='par_1_34' title="bbox 1943 585 3458 654">
     <span class='ocr_line' id='line_1_34' title="bbox 1943 585 3458 654; baseline -0.001 -15"><span class='ocrx_word' id='word_1_265' title='bbox 1943 587 2322 654; x_wconf 89' lang='lat' dir='ltr'><strong>deponentibus</strong></span> <span class='ocrx_word' id='word_1_266' title='bbox 2361 597 2593 641; x_wconf 84' lang='lat' dir='ltr'><strong>veterem</strong></span> <span class='ocrx_word' id='word_1_267' title='bbox 2631 587 2894 640; x_wconf 90' lang='lat' dir='ltr'><strong>hominem</strong></span> <span class='ocrx_word' id='word_1_268' title='bbox 2936 600 3055 640; x_wconf 91' lang='lat' dir='ltr'><strong>cum</strong></span> <span class='ocrx_word' id='word_1_269' title='bbox 3102 585 3306 638; x_wconf 87' lang='lat' dir='ltr'><strong>aclibus</strong></span> <span class='ocrx_word' id='word_1_270' title='bbox 3349 588 3458 639; x_wconf 88' lang='lat' dir='ltr'><strong>suis</strong></span> 
     </span>
    </p>
   </div>
   <div class='ocr_carea' id='block_1_35' title="bbox 1944 673 3454 742">
    <p class='ocr_par' dir='ltr' id='par_1_35' title="bbox 1944 673 3454 742">
     <span class='ocr_line' id='line_1_35' title="bbox 1944 673 3454 742; baseline -0.001 -16"><span class='ocrx_word' id='word_1_271' title='bbox 1944 675 2156 740; x_wconf 85' lang='lat' dir='ltr'><strong>injustis</strong></span> <span class='ocrx_word' id='word_1_272' title='bbox 2181 676 2221 738; x_wconf 75' lang='grc' dir='ltr'><strong>ί,</strong></span> <span class='ocrx_word' id='word_1_273' title='bbox 2255 675 2382 728; x_wconf 90' lang='lat' dir='ltr'><strong>lides</strong></span> <span class='ocrx_word' id='word_1_274' title='bbox 2431 677 2666 742; x_wconf 88' lang='lat' dir='ltr'><strong>reputari</strong></span> <span class='ocrx_word' id='word_1_275' title='bbox 2713 690 2817 727; x_wconf 93' lang='lat' dir='ltr'><strong>non</strong></span> <span class='ocrx_word' id='word_1_276' title='bbox 2865 681 3040 742; x_wconf 87' lang='lat' dir='ltr'><strong>potest</strong></span> <span class='ocrx_word' id='word_1_277' title='bbox 3072 673 3138 725; x_wconf 90' lang='lat' dir='ltr'><strong>ad</strong></span> <span class='ocrx_word' id='word_1_278' title='bbox 3171 673 3454 741; x_wconf 77' lang='lat' dir='ltr'><strong>justitiam.</strong></span> 
     </span>
    </p>
   </div>
   <div class='ocr_carea' id='block_1_36' title="bbox 1939 761 3456 830">
    <p class='ocr_par' dir='ltr' id='par_1_36' title="bbox 1939 761 3456 830">
     <span class='ocr_line' id='line_1_36' title="bbox 1939 761 3456 830; baseline -0.003 -13"><span class='ocrx_word' id='word_1_279' title='bbox 1939 761 2112 817; x_wconf 89' lang='lat' dir='ltr'><strong>Simili</strong></span> <span class='ocrx_word' id='word_1_280' title='bbox 2137 773 2311 818; x_wconf 90' lang='lat' dir='ltr'><strong>autem</strong></span> <span class='ocrx_word' id='word_1_281' title='bbox 2335 763 2490 817; x_wconf 91' lang='lat' dir='ltr'><strong>modo</strong></span> <span class='ocrx_word' id='word_1_282' title='bbox 2516 777 2792 830; x_wconf 87' lang='lat' dir='ltr'><strong>possumus</strong></span> <span class='ocrx_word' id='word_1_283' title='bbox 2825 763 3024 828; x_wconf 87' lang='lat' dir='ltr'><strong>dicere,</strong></span> <span class='ocrx_word' id='word_1_284' title='bbox 3043 761 3163 829; x_wconf 89' lang='lat' dir='ltr'><strong>quia</strong></span> <span class='ocrx_word' id='word_1_285' title='bbox 3195 762 3331 815; x_wconf 88' lang='lat' dir='ltr'><strong>sicut</strong></span> <span class='ocrx_word' id='word_1_286' title='bbox 3376 762 3456 814; x_wconf 83' lang='lat' dir='ltr'><strong>in—</strong></span> 
     </span>
    </p>
   </div>
   <div class='ocr_carea' id='block_1_37' title="bbox 1931 850 3459 922">
    <p class='ocr_par' dir='ltr' id='par_1_37' title="bbox 1931 850 3459 922">
     <span class='ocr_line' id='line_1_37' title="bbox 1931 850 3459 922; baseline -0.003 -18"><span class='ocrx_word' id='word_1_287' title='bbox 1931 853 2074 920; x_wconf 91' lang='lat' dir='ltr'><strong>justo</strong></span> <span class='ocrx_word' id='word_1_288' title='bbox 2127 869 2228 907; x_wconf 92' lang='lat' dir='ltr'><strong>non</strong></span> <span class='ocrx_word' id='word_1_289' title='bbox 2275 864 2446 920; x_wconf 88' lang='lat' dir='ltr'><strong>potest</strong></span> <span class='ocrx_word' id='word_1_290' title='bbox 2477 853 2678 922; x_wconf 88' lang='lat' dir='ltr'><strong>justitia</strong></span> <span class='ocrx_word' id='word_1_291' title='bbox 2731 853 2992 921; x_wconf 88' lang='lat' dir='ltr'><strong>reputari,</strong></span> <span class='ocrx_word' id='word_1_292' title='bbox 3036 852 3108 905; x_wconf 91' lang='lat' dir='ltr'><strong>ita</strong></span> <span class='ocrx_word' id='word_1_293' title='bbox 3151 865 3246 905; x_wconf 92' lang='lat' dir='ltr'><strong>nec</strong></span> <span class='ocrx_word' id='word_1_294' title='bbox 3290 850 3459 919; x_wconf 58' lang='lat' dir='ltr'><strong>impuo</strong></span> 
     </span>
    </p>
   </div>
   <div class='ocr_carea' id='block_1_38' title="bbox 1938 941 3456 1012">
    <p class='ocr_par' dir='ltr' id='par_1_38' title="bbox 1938 941 3456 1012">
     <span class='ocr_line' id='line_1_38' title="bbox 1938 941 3456 1012; baseline -0.002 -16"><span class='ocrx_word' id='word_1_295' title='bbox 1938 944 2056 996; x_wconf 80' lang='lat' dir='ltr'><strong>dico</strong></span> <span class='ocrx_word' id='word_1_296' title='bbox 2086 945 2357 1012; x_wconf 86' lang='lat' dir='ltr'><strong>pudicitia,</strong></span> <span class='ocrx_word' id='word_1_297' title='bbox 2391 960 2488 998; x_wconf 90' lang='lat' dir='ltr'><strong>nec</strong></span> <span class='ocrx_word' id='word_1_298' title='bbox 2521 943 2703 1012; x_wconf 86' lang='lat' dir='ltr'><strong>iniquo</strong></span> <span class='ocrx_word' id='word_1_299' title='bbox 2729 943 2975 1009; x_wconf 70' lang='lat' dir='ltr'><strong>mquitas,</strong></span> <span class='ocrx_word' id='word_1_300' title='bbox 3004 957 3100 996; x_wconf 85' lang='lat' dir='ltr'><strong>nec</strong></span> <span class='ocrx_word' id='word_1_301' title='bbox 3133 956 3294 994; x_wconf 88' lang='lat' dir='ltr'><strong>avaro</strong></span> <span class='ocrx_word' id='word_1_302' title='bbox 3320 941 3456 993; x_wconf 86' lang='lat' dir='ltr'><strong>libe-</strong></span> 
     </span>
    </p>
   </div>
   <div class='ocr_carea' id='block_1_39' title="bbox 1938 1031 3458 1102">
    <p class='ocr_par' dir='ltr' id='par_1_39' title="bbox 1938 1031 3458 1102">
     <span class='ocr_line' id='line_1_39' title="bbox 1938 1031 3458 1102; baseline -0.003 -16"><span class='ocrx_word' id='word_1_303' title='bbox 1938 1033 2140 1097; x_wconf 88' lang='lat' dir='ltr'><strong>ralitas,</strong></span> <span class='ocrx_word' id='word_1_304' title='bbox 2175 1050 2273 1087; x_wconf 91' lang='lat' dir='ltr'><strong>nec</strong></span> <span class='ocrx_word' id='word_1_305' title='bbox 2301 1034 2462 1102; x_wconf 90' lang='lat' dir='ltr'><strong>impio</strong></span> <span class='ocrx_word' id='word_1_306' title='bbox 2493 1033 2662 1102; x_wconf 80' lang='lat' dir='ltr'><strong>pietas</strong></span> <span class='ocrx_word' id='word_1_307' title='bbox 2693 1031 2920 1100; x_wconf 85' lang='lat' dir='ltr'><strong>reputari</strong></span> <span class='ocrx_word' id='word_1_308' title='bbox 2954 1040 3144 1097; x_wconf 88' lang='lat' dir='ltr'><strong>potest,</strong></span> <span class='ocrx_word' id='word_1_309' title='bbox 3174 1031 3339 1085; x_wconf 90' lang='lat' dir='ltr'><strong>donec</strong></span> <span class='ocrx_word' id='word_1_310' title='bbox 3369 1045 3458 1082; x_wconf 89' lang='lat' dir='ltr'><strong>ve-</strong></span> 
     </span>
    </p>
   </div>
   <div class='ocr_carea' id='block_1_40' title="bbox 1938 1118 3456 1186">
    <p class='ocr_par' dir='ltr' id='par_1_40' title="bbox 1938 1118 3456 1186">
     <span class='ocr_line' id='line_1_40' title="bbox 1938 1118 3456 1186; baseline -0.003 -12"><span class='ocrx_word' id='word_1_311' title='bbox 1938 1128 2073 1174; x_wconf 91' lang='lat' dir='ltr'><strong>tusta</strong></span> <span class='ocrx_word' id='word_1_312' title='bbox 2103 1121 2348 1174; x_wconf 88' lang='lat' dir='ltr'><strong>vitiorum</strong></span> <span class='ocrx_word' id='word_1_313' title='bbox 2380 1121 2684 1173; x_wconf 89' lang='lat' dir='ltr'><strong>indumenta</strong></span> <span class='ocrx_word' id='word_1_314' title='bbox 2717 1134 2818 1171; x_wconf 93' lang='lat' dir='ltr'><strong>non</strong></span> <span class='ocrx_word' id='word_1_315' title='bbox 2847 1118 3046 1186; x_wconf 87' lang='lat' dir='ltr'><strong>abjicit,</strong></span> <span class='ocrx_word' id='word_1_316' title='bbox 3111 1127 3164 1172; x_wconf 90' lang='lat' dir='ltr'><strong>et</strong></span> <span class='ocrx_word' id='word_1_317' title='bbox 3185 1137 3203 1170; x_wconf 88' lang='grc'><strong>‹</strong></span> <span class='ocrx_word' id='word_1_318' title='bbox 3233 1135 3456 1172; x_wconf 64' lang='lat' dir='ltr'><strong>novum»</strong></span> 
     </span>
    </p>
   </div>
   <div class='ocr_carea' id='block_1_41' title="bbox 1936 1199 3456 1278">
    <p class='ocr_par' dir='ltr' id='par_1_41' title="bbox 1936 1199 3456 1278">
     <span class='ocr_line' id='line_1_41' title="bbox 1936 1199 3456 1278; baseline -0.003 -18"><span class='ocrx_word' id='word_1_319' title='bbox 1936 1222 1993 1261; x_wconf 89' lang='lat' dir='ltr'><strong>se</strong></span> <span class='ocrx_word' id='word_1_320' title='bbox 2019 1208 2188 1261; x_wconf 91' lang='lat' dir='ltr'><strong>induit</strong></span> <span class='ocrx_word' id='word_1_321' title='bbox 2208 1207 2314 1278; x_wconf 88' lang='grc'>(22)</span> <span class='ocrx_word' id='word_1_322' title='bbox 2336 1221 2354 1254; x_wconf 79' lang='lat' dir='ltr'><strong>t</strong></span> <span class='ocrx_word' id='word_1_323' title='bbox 2377 1199 2772 1275; x_wconf 82' lang='lat' dir='ltr'><strong>homittem,qui</strong></span> <span class='ocrx_word' id='word_1_324' title='bbox 2795 1204 3083 1257; x_wconf 91' lang='lat' dir='ltr'><strong>secundum</strong></span> <span class='ocrx_word' id='word_1_325' title='bbox 3116 1204 3276 1257; x_wconf 87' lang='lat' dir='ltr'><strong>Deum</strong></span> <span class='ocrx_word' id='word_1_326' title='bbox 3307 1218 3456 1256; x_wconf 89' lang='lat' dir='ltr'><strong>crea-</strong></span> 
     </span>
    </p>
   </div>
   <div class='ocr_carea' id='block_1_42' title="bbox 1933 1290 3454 1359">
    <p class='ocr_par' dir='ltr' id='par_1_42' title="bbox 1933 1290 3454 1359">
     <span class='ocr_line' id='line_1_42' title="bbox 1933 1290 3454 1359; baseline -0.001 -14"><span class='ocrx_word' id='word_1_327' title='bbox 1933 1301 2018 1346; x_wconf 90' lang='lat' dir='ltr'><strong>tus</strong></span> <span class='ocrx_word' id='word_1_328' title='bbox 2044 1302 2143 1355; x_wconf 91' lang='lat' dir='ltr'><strong>est,</strong></span> <span class='ocrx_word' id='word_1_329' title='bbox 2172 1306 2224 1346; x_wconf 90' lang='lat' dir='ltr'><strong>et</strong></span> <span class='ocrx_word' id='word_1_330' title='bbox 2254 1302 2533 1346; x_wconf 86' lang='lat' dir='ltr'><strong>renovatur</strong></span> <span class='ocrx_word' id='word_1_331' title='bbox 2557 1293 2607 1344; x_wconf 92' lang='lat' dir='ltr'><strong>in</strong></span> <span class='ocrx_word' id='word_1_332' title='bbox 2642 1291 2910 1359; x_wconf 86' lang='lat' dir='ltr'><strong>agnitione</strong></span> <span class='ocrx_word' id='word_1_333' title='bbox 2951 1290 3044 1344; x_wconf 91' lang='lat' dir='ltr'><strong>Dei</strong></span> <span class='ocrx_word' id='word_1_334' title='bbox 3082 1292 3145 1342; x_wconf 86' lang='lat' dir='ltr'><strong>ad</strong></span> <span class='ocrx_word' id='word_1_335' title='bbox 3176 1290 3454 1359; x_wconf 87' lang='lat' dir='ltr'><strong>imaginem</strong></span> 
     </span>
    </p>
   </div>
   <div class='ocr_carea' id='block_1_43' title="bbox 1933 1379 3454 1448">
    <p class='ocr_par' dir='ltr' id='par_1_43' title="bbox 1933 1379 3454 1448">
     <span class='ocr_line' id='line_1_43' title="bbox 1933 1379 3454 1448; baseline 0.001 -15"><span class='ocrx_word' id='word_1_336' title='bbox 1933 1380 2045 1448; x_wconf 91' lang='lat' dir='ltr'><strong>ejus</strong></span> <span class='ocrx_word' id='word_1_337' title='bbox 2069 1381 2156 1448; x_wconf 89' lang='lat' dir='ltr'><strong>qui</strong></span> <span class='ocrx_word' id='word_1_338' title='bbox 2188 1382 2384 1434; x_wconf 88' lang='lat' dir='ltr'><strong>creavit</strong></span> <span class='ocrx_word' id='word_1_339' title='bbox 2412 1394 2531 1433; x_wconf 88' lang='lat' dir='ltr'><strong>eum</strong></span> <span class='ocrx_word' id='word_1_340' title='bbox 2555 1381 2595 1433; x_wconf 82' lang='grc'><strong>¹.</strong></span> <span class='ocrx_word' id='word_1_341' title='bbox 2641 1398 2659 1430; x_wconf 75' lang='grc' dir='ltr'><strong>ι</strong></span> <span class='ocrx_word' id='word_1_342' title='bbox 2693 1379 2974 1447; x_wconf 89' lang='lat' dir='ltr'><strong>Propterea</strong></span> <span class='ocrx_word' id='word_1_343' title='bbox 3019 1379 3157 1432; x_wconf 88' lang='lat' dir='ltr'><strong>enim</strong></span> <span class='ocrx_word' id='word_1_344' title='bbox 3204 1381 3332 1433; x_wconf 91' lang='lat' dir='ltr'><strong>etin</strong></span> <span class='ocrx_word' id='word_1_345' title='bbox 3366 1395 3454 1434; x_wconf 85' lang='lat' dir='ltr'><strong>se-</strong></span> 
     </span>
    </p>
   </div>
   <div class='ocr_carea' id='block_1_44' title="bbox 1932 1467 3452 1540">
    <p class='ocr_par' dir='ltr' id='par_1_44' title="bbox 1932 1467 3452 1540">
     <span class='ocr_line' id='line_1_44' title="bbox 1932 1467 3452 1540; baseline 0.002 -22"><span class='ocrx_word' id='word_1_346' title='bbox 1932 1471 2216 1536; x_wconf 79' lang='lat' dir='ltr'><strong>quentibus</strong></span> <span class='ocrx_word' id='word_1_347' title='bbox 2243 1470 2480 1540; x_wconf 87' lang='lat' dir='ltr'><strong>adjungit</strong></span> <span class='ocrx_word' id='word_1_348' title='bbox 2506 1479 2560 1523; x_wconf 91' lang='lat' dir='ltr'><strong>et</strong></span> <span class='ocrx_word' id='word_1_349' title='bbox 2585 1470 2712 1525; x_wconf 90' lang='lat' dir='ltr'><strong>dicit</strong></span> <span class='ocrx_word' id='word_1_350' title='bbox 2739 1470 2806 1524; x_wconf 91' lang='lat' dir='ltr'><strong>de</strong></span> <span class='ocrx_word' id='word_1_351' title='bbox 2847 1469 3071 1522; x_wconf 90' lang='lat' dir='ltr'><strong>Domino</strong></span> <span class='ocrx_word' id='word_1_352' title='bbox 3093 1467 3212 1523; x_wconf 82' lang='lat' dir='ltr'><strong>Jesu</strong></span> <span class='ocrx_word' id='word_1_353' title='bbox 3243 1488 3255 1523; x_wconf 92' lang='lat'>:</span> <span class='ocrx_word' id='word_1_354' title='bbox 3294 1488 3311 1520; x_wconf 74' lang='grc' dir='ltr'>ι</span> <span class='ocrx_word' id='word_1_355' title='bbox 3353 1470 3452 1535; x_wconf 88' lang='lat' dir='ltr'><strong>Qui</strong></span> 
     </span>
    </p>
   </div>
   <div class='ocr_carea' id='block_1_45' title="bbox 1933 1557 3455 1626">
    <p class='ocr_par' dir='ltr' id='par_1_45' title="bbox 1933 1557 3455 1626">
     <span class='ocr_line' id='line_1_45' title="bbox 1933 1557 3455 1626; baseline 0.001 -15"><span class='ocrx_word' id='word_1_356' title='bbox 1933 1557 2159 1611; x_wconf 87' lang='lat' dir='ltr'><strong>traditus</strong></span> <span class='ocrx_word' id='word_1_357' title='bbox 2202 1566 2317 1620; x_wconf 92' lang='lat' dir='ltr'><strong>est,</strong></span> <span class='ocrx_word' id='word_1_358' title='bbox 2374 1558 2578 1626; x_wconf 89' lang='lat' dir='ltr'><strong>inquit,</strong></span> <span class='ocrx_word' id='word_1_359' title='bbox 2634 1565 2848 1625; x_wconf 91' lang='lat' dir='ltr'><strong>propter</strong></span> <span class='ocrx_word' id='word_1_360' title='bbox 2893 1568 3104 1625; x_wconf 86' lang='lat' dir='ltr'><strong>peccata</strong></span> <span class='ocrx_word' id='word_1_361' title='bbox 3153 1566 3354 1620; x_wconf 88' lang='lat' dir='ltr'><strong>nostra,</strong></span> <span class='ocrx_word' id='word_1_362' title='bbox 3401 1567 3455 1612; x_wconf 89' lang='lat' dir='ltr'><strong>et</strong></span> 
     </span>
    </p>
   </div>
   <div class='ocr_carea' id='block_1_46' title="bbox 1933 1649 3456 1720">
    <p class='ocr_par' dir='ltr' id='par_1_46' title="bbox 1933 1649 3456 1720">
     <span class='ocr_line' id='line_1_46' title="bbox 1933 1649 3456 1720; baseline -0.001 -16"><span class='ocrx_word' id='word_1_363' title='bbox 1933 1653 2222 1705; x_wconf 82' lang='lat' dir='ltr'><strong>resurrexit</strong></span> <span class='ocrx_word' id='word_1_364' title='bbox 2249 1661 2463 1720; x_wconf 89' lang='lat' dir='ltr'><strong>propter</strong></span> <span class='ocrx_word' id='word_1_365' title='bbox 2502 1649 2930 1718; x_wconf 82' lang='lat' dir='ltr'><strong>justiticationem</strong></span> <span class='ocrx_word' id='word_1_366' title='bbox 2960 1659 3192 1704; x_wconf 92' lang='lat' dir='ltr'><strong>nostram</strong></span> <span class='ocrx_word' id='word_1_367' title='bbox 3223 1650 3244 1681; x_wconf 87' lang='grc'><em>³</em></span> <span class='ocrx_word' id='word_1_368' title='bbox 3275 1666 3290 1714; x_wconf 92' lang='grc'><strong>;</strong></span> <span class='ocrx_word' id='word_1_369' title='bbox 3335 1669 3354 1701; x_wconf 78' lang='lat' dir='ltr'><strong>i</strong></span> <span class='ocrx_word' id='word_1_370' title='bbox 3398 1658 3456 1703; x_wconf 91' lang='lat' dir='ltr'><strong>ut</strong></span> 
     </span>
    </p>
   </div>
   <div class='ocr_carea' id='block_1_47' title="bbox 1931 1738 3452 1809">
    <p class='ocr_par' dir='ltr' id='par_1_47' title="bbox 1931 1738 3452 1809">
     <span class='ocr_line' id='line_1_47' title="bbox 1931 1738 3452 1809; baseline -0.002 -13"><span class='ocrx_word' id='word_1_371' title='bbox 1931 1742 2177 1796; x_wconf 88' lang='lat' dir='ltr'><strong>ostendat</strong></span> <span class='ocrx_word' id='word_1_372' title='bbox 2207 1741 2330 1809; x_wconf 90' lang='lat' dir='ltr'><strong>quia</strong></span> <span class='ocrx_word' id='word_1_373' title='bbox 2362 1756 2422 1795; x_wconf 89' lang='lat' dir='ltr'><strong>ea</strong></span> <span class='ocrx_word' id='word_1_374' title='bbox 2449 1755 2544 1808; x_wconf 91' lang='lat' dir='ltr'><strong>pro</strong></span> <span class='ocrx_word' id='word_1_375' title='bbox 2585 1740 2777 1808; x_wconf 90' lang='lat' dir='ltr'><strong>quibus</strong></span> <span class='ocrx_word' id='word_1_376' title='bbox 2809 1738 3054 1794; x_wconf 91' lang='lat' dir='ltr'><strong>Christus</strong></span> <span class='ocrx_word' id='word_1_377' title='bbox 3101 1740 3323 1793; x_wconf 90' lang='lat' dir='ltr'><strong>traditus</strong></span> <span class='ocrx_word' id='word_1_378' title='bbox 3347 1749 3452 1802; x_wconf 89' lang='lat' dir='ltr'><strong>est,</strong></span> 
     </span>
    </p>
   </div>
   <div class='ocr_carea' id='block_1_48' title="bbox 1927 1827 3451 1897">
    <p class='ocr_par' dir='ltr' id='par_1_48' title="bbox 1927 1827 3451 1897">
     <span class='ocr_line' id='line_1_48' title="bbox 1927 1827 3451 1897; baseline -0.003 -12"><span class='ocrx_word' id='word_1_379' title='bbox 1927 1832 2086 1885; x_wconf 90' lang='lat' dir='ltr'><strong>etiam</strong></span> <span class='ocrx_word' id='word_1_380' title='bbox 2119 1845 2213 1884; x_wconf 90' lang='lat' dir='ltr'><strong>nos</strong></span> <span class='ocrx_word' id='word_1_381' title='bbox 2247 1831 2535 1885; x_wconf 85' lang='lat' dir='ltr'><strong>abhorrere</strong></span> <span class='ocrx_word' id='word_1_382' title='bbox 2557 1831 2861 1890; x_wconf 89' lang='lat' dir='ltr'><strong>debeamus,</strong></span> <span class='ocrx_word' id='word_1_383' title='bbox 2883 1839 2936 1882; x_wconf 90' lang='lat' dir='ltr'><strong>et</strong></span> <span class='ocrx_word' id='word_1_384' title='bbox 2963 1827 3211 1897; x_wconf 87' lang='lat' dir='ltr'><strong>abjicere.</strong></span> <span class='ocrx_word' id='word_1_385' title='bbox 3235 1827 3290 1880; x_wconf 90' lang='lat' dir='ltr'><strong>Si</strong></span> <span class='ocrx_word' id='word_1_386' title='bbox 3312 1828 3451 1881; x_wconf 90' lang='lat' dir='ltr'><strong>enim</strong></span> 
     </span>
    </p>
   </div>
   <div class='ocr_carea' id='block_1_49' title="bbox 1927 1917 3456 1988">
    <p class='ocr_par' dir='ltr' id='par_1_49' title="bbox 1927 1917 3456 1988">
     <span class='ocr_line' id='line_1_49' title="bbox 1927 1917 3456 1988; baseline -0.002 -17"><span class='ocrx_word' id='word_1_387' title='bbox 1927 1930 2144 1988; x_wconf 84' lang='lat' dir='ltr'><strong>propter</strong></span> <span class='ocrx_word' id='word_1_388' title='bbox 2161 1929 2370 1988; x_wconf 86' lang='lat' dir='ltr'><strong>peccata</strong></span> <span class='ocrx_word' id='word_1_389' title='bbox 2397 1931 2577 1972; x_wconf 91' lang='lat' dir='ltr'><strong>nostra</strong></span> <span class='ocrx_word' id='word_1_390' title='bbox 2619 1919 2866 1971; x_wconf 88' lang='lat' dir='ltr'><strong>traditum</strong></span> <span class='ocrx_word' id='word_1_391' title='bbox 2886 1933 3003 1970; x_wconf 89' lang='lat' dir='ltr'><strong>eum</strong></span> <span class='ocrx_word' id='word_1_392' title='bbox 3023 1917 3307 1978; x_wconf 88' lang='lat' dir='ltr'><strong>credimus,</strong></span> <span class='ocrx_word' id='word_1_393' title='bbox 3328 1929 3456 1984; x_wconf 89' lang='lat' dir='ltr'><strong>quo-</strong></span> 
     </span>
    </p>
   </div>
   <div class='ocr_carea' id='block_1_50' title="bbox 1926 2008 3454 2076">
    <p class='ocr_par' dir='ltr' id='par_1_50' title="bbox 1926 2008 3454 2076">
     <span class='ocr_line' id='line_1_50' title="bbox 1926 2008 3454 2076; baseline -0.002 -14"><span class='ocrx_word' id='word_1_394' title='bbox 1926 2010 2080 2062; x_wconf 90' lang='lat' dir='ltr'><strong>modo</strong></span> <span class='ocrx_word' id='word_1_395' title='bbox 2109 2024 2212 2076; x_wconf 75' lang='lat' dir='ltr'><strong>non</strong></span> <span class='ocrx_word' id='word_1_396' title='bbox 2250 2009 2480 2062; x_wconf 91' lang='lat' dir='ltr'><strong>alienum</strong></span> <span class='ocrx_word' id='word_1_397' title='bbox 2525 2010 2676 2062; x_wconf 88' lang='lat' dir='ltr'><strong>nobis</strong></span> <span class='ocrx_word' id='word_1_398' title='bbox 2696 2019 2748 2062; x_wconf 92' lang='lat' dir='ltr'><strong>et</strong></span> <span class='ocrx_word' id='word_1_399' title='bbox 2777 2008 3046 2061; x_wconf 89' lang='lat' dir='ltr'><strong>inimicum</strong></span> <span class='ocrx_word' id='word_1_400' title='bbox 3068 2008 3278 2061; x_wconf 90' lang='lat' dir='ltr'><strong>ducitur</strong></span> <span class='ocrx_word' id='word_1_401' title='bbox 3297 2019 3454 2060; x_wconf 88' lang='lat' dir='ltr'><strong>omne</strong></span> 
     </span>
    </p>
   </div>
   <div class='ocr_carea' id='block_1_51' title="bbox 1926 2097 3450 2166">
    <p class='ocr_par' dir='ltr' id='par_1_51' title="bbox 1926 2097 3450 2166">
     <span class='ocr_line' id='line_1_51' title="bbox 1926 2097 3450 2166; baseline 0.001 -16"><span class='ocrx_word' id='word_1_402' title='bbox 1926 2107 2231 2166; x_wconf 89' lang='lat' dir='ltr'><strong>peccatum,</strong></span> <span class='ocrx_word' id='word_1_403' title='bbox 2260 2113 2355 2165; x_wconf 90' lang='lat' dir='ltr'><strong>pro</strong></span> <span class='ocrx_word' id='word_1_404' title='bbox 2385 2112 2488 2165; x_wconf 93' lang='lat' dir='ltr'><strong>quo</strong></span> <span class='ocrx_word' id='word_1_405' title='bbox 2523 2097 2841 2164; x_wconf 80' lang='lat' dir='ltr'><strong>Redemptor</strong></span> <span class='ocrx_word' id='word_1_406' title='bbox 2871 2107 3050 2150; x_wconf 90' lang='lat' dir='ltr'><strong>noster</strong></span> <span class='ocrx_word' id='word_1_407' title='bbox 3077 2098 3303 2150; x_wconf 89' lang='lat' dir='ltr'><strong>traditus</strong></span> <span class='ocrx_word' id='word_1_408' title='bbox 3340 2112 3450 2151; x_wconf 87' lang='lat' dir='ltr'><strong>me-</strong></span> 
     </span>
    </p>
   </div>
   <div class='ocr_carea' id='block_1_52' title="bbox 1925 2183 3450 2250">
    <p class='ocr_par' dir='ltr' id='par_1_52' title="bbox 1925 2183 3450 2250">
     <span class='ocr_line' id='line_1_52' title="bbox 1925 2183 3450 2250; baseline -0.003 -10"><span class='ocrx_word' id='word_1_409' title='bbox 1925 2196 2183 2240; x_wconf 85' lang='lat' dir='ltr'><strong>moratur.</strong></span> <span class='ocrx_word' id='word_1_410' title='bbox 2212 2186 2265 2238; x_wconf 90' lang='lat' dir='ltr'><strong>in</strong></span> <span class='ocrx_word' id='word_1_411' title='bbox 2327 2185 2601 2238; x_wconf 83' lang='lat' dir='ltr'><strong>mortem?</strong></span> <span class='ocrx_word' id='word_1_412' title='bbox 2652 2183 2782 2236; x_wconf 83' lang='lat' dir='ltr'><strong>Nam</strong></span> <span class='ocrx_word' id='word_1_413' title='bbox 2833 2183 2876 2236; x_wconf 94' lang='lat' dir='ltr'><strong>si</strong></span> <span class='ocrx_word' id='word_1_414' title='bbox 2926 2183 3076 2236; x_wconf 88' lang='lat' dir='ltr'><strong>nobis</strong></span> <span class='ocrx_word' id='word_1_415' title='bbox 3117 2183 3295 2250; x_wconf 90' lang='lat' dir='ltr'><strong>aliqua</strong></span> <span class='ocrx_word' id='word_1_416' title='bbox 3331 2198 3450 2235; x_wconf 84' lang='lat' dir='ltr'><strong>rur-</strong></span> 
     </span>
    </p>
   </div>
   <div class='ocr_carea' id='block_1_53' title="bbox 1923 2269 3454 2338">
    <p class='ocr_par' dir='ltr' id='par_1_53' title="bbox 1923 2269 3454 2338">
     <span class='ocr_line' id='line_1_53' title="bbox 1923 2269 3454 2338; baseline -0.006 -9"><span class='ocrx_word' id='word_1_417' title='bbox 1923 2290 2040 2329; x_wconf 89' lang='lat' dir='ltr'><strong>sum</strong></span> <span class='ocrx_word' id='word_1_418' title='bbox 2068 2274 2293 2328; x_wconf 88' lang='lat' dir='ltr'><strong>societas</strong></span> <span class='ocrx_word' id='word_1_419' title='bbox 2328 2288 2445 2326; x_wconf 92' lang='lat' dir='ltr'><strong>cum</strong></span> <span class='ocrx_word' id='word_1_420' title='bbox 2475 2279 2713 2338; x_wconf 85' lang='lat' dir='ltr'><strong>peccato,</strong></span> <span class='ocrx_word' id='word_1_421' title='bbox 2743 2279 2834 2324; x_wconf 91' lang='lat' dir='ltr'><strong>aut</strong></span> <span class='ocrx_word' id='word_1_422' title='bbox 2856 2269 3089 2322; x_wconf 84' lang='lat' dir='ltr'><strong>amicitia</strong></span> <span class='ocrx_word' id='word_1_423' title='bbox 3124 2269 3239 2332; x_wconf 80' lang='lat' dir='ltr'><strong>ﬁat,</strong></span> <span class='ocrx_word' id='word_1_424' title='bbox 3265 2278 3454 2321; x_wconf 81' lang='lat' dir='ltr'><strong>osten-</strong></span> 
     </span>
    </p>
   </div>
   <div class='ocr_carea' id='block_1_54' title="bbox 1922 2357 3444 2432">
    <p class='ocr_par' dir='ltr' id='par_1_54' title="bbox 1922 2357 3444 2432">
     <span class='ocr_line' id='line_1_54' title="bbox 1922 2357 3444 2432; baseline -0.007 -13"><span class='ocrx_word' id='word_1_425' title='bbox 1922 2368 2096 2420; x_wconf 88' lang='lat' dir='ltr'><strong>dimus</strong></span> <span class='ocrx_word' id='word_1_426' title='bbox 2125 2365 2264 2432; x_wconf 93' lang='lat' dir='ltr'><strong>quod</strong></span> <span class='ocrx_word' id='word_1_427' title='bbox 2299 2363 2431 2417; x_wconf 90' lang='lat' dir='ltr'><strong>nihil</strong></span> <span class='ocrx_word' id='word_1_428' title='bbox 2480 2361 2736 2416; x_wconf 87' lang='lat' dir='ltr'><strong>ducamus</strong></span> <span class='ocrx_word' id='word_1_429' title='bbox 2781 2370 3005 2412; x_wconf 84' lang='lat' dir='ltr'><strong>mortem</strong></span> <span class='ocrx_word' id='word_1_430' title='bbox 3056 2359 3254 2412; x_wconf 88' lang='lat' dir='ltr'><strong>Christi</strong></span> <span class='ocrx_word' id='word_1_431' title='bbox 3299 2357 3444 2421; x_wconf 78' lang='lat' dir='ltr'><strong>Jesu,</strong></span> 
     </span>
    </p>
   </div>
   <div class='ocr_carea' id='block_1_55' title="bbox 1919 2449 3449 2524">
    <p class='ocr_par' dir='ltr' id='par_1_55' title="bbox 1919 2449 3449 2524">
     <span class='ocr_line' id='line_1_55' title="bbox 1919 2449 3449 2524; baseline -0.004 -15"><span class='ocrx_word' id='word_1_432' title='bbox 1919 2456 2293 2524; x_wconf 89' lang='lat' dir='ltr'><strong>amplectentes</strong></span> <span class='ocrx_word' id='word_1_433' title='bbox 2339 2463 2393 2507; x_wconf 92' lang='lat' dir='ltr'><strong>et</strong></span> <span class='ocrx_word' id='word_1_434' title='bbox 2433 2461 2712 2519; x_wconf 85' lang='lat' dir='ltr'><strong>sequentes</strong></span> <span class='ocrx_word' id='word_1_435' title='bbox 2749 2464 2809 2504; x_wconf 92' lang='lat' dir='ltr'><strong>ea</strong></span> <span class='ocrx_word' id='word_1_436' title='bbox 2847 2465 2967 2518; x_wconf 74' lang='lat' dir='ltr'><strong>quae</strong></span> <span class='ocrx_word' id='word_1_437' title='bbox 3006 2449 3093 2503; x_wconf 92' lang='lat' dir='ltr'><strong>ille</strong></span> <span class='ocrx_word' id='word_1_438' title='bbox 3126 2449 3449 2518; x_wconf 81' lang='lat' dir='ltr'><strong>expugnavit</strong></span> 
     </span>
    </p>
   </div>
   <div class='ocr_carea' id='block_1_56' title="bbox 1919 2540 3442 2612">
    <p class='ocr_par' dir='ltr' id='par_1_56' title="bbox 1919 2540 3442 2612">
     <span class='ocr_line' id='line_1_56' title="bbox 1919 2540 3442 2612; baseline -0.005 -12"><span class='ocrx_word' id='word_1_439' title='bbox 1919 2556 1974 2600; x_wconf 90' lang='lat' dir='ltr'><strong>et</strong></span> <span class='ocrx_word' id='word_1_440' title='bbox 2017 2549 2162 2598; x_wconf 83' lang='lat' dir='ltr'><strong>vicit.</strong></span> <span class='ocrx_word' id='word_1_441' title='bbox 2211 2544 2370 2612; x_wconf 89' lang='lat' dir='ltr'><strong>ldque</strong></span> <span class='ocrx_word' id='word_1_442' title='bbox 2419 2553 2584 2596; x_wconf 89' lang='lat' dir='ltr'><strong>totum</strong></span> <span class='ocrx_word' id='word_1_443' title='bbox 2610 2541 2764 2596; x_wconf 91' lang='lat' dir='ltr'><strong>simul</strong></span> <span class='ocrx_word' id='word_1_444' title='bbox 2793 2550 3112 2594; x_wconf 79' lang='lat' dir='ltr'><strong>cunneCIens</strong></span> <span class='ocrx_word' id='word_1_445' title='bbox 3140 2540 3442 2608; x_wconf 86' lang='lat' dir='ltr'><strong>Apostolus,</strong></span> 
     </span>
    </p>
   </div>
   <div class='ocr_carea' id='block_1_57' title="bbox 1919 2629 3446 2701">
    <p class='ocr_par' dir='ltr' id='par_1_57' title="bbox 1919 2629 3446 2701">
     <span class='ocr_line' id='line_1_57' title="bbox 1919 2629 3446 2701; baseline -0.002 -14"><span class='ocrx_word' id='word_1_446' title='bbox 1919 2644 2166 2701; x_wconf 89' lang='lat' dir='ltr'><strong>tanquam</strong></span> <span class='ocrx_word' id='word_1_447' title='bbox 2187 2647 2377 2700; x_wconf 90' lang='lat' dir='ltr'><strong>corpus</strong></span> <span class='ocrx_word' id='word_1_448' title='bbox 2409 2633 2579 2700; x_wconf 92' lang='lat' dir='ltr'><strong>ipsum</strong></span> <span class='ocrx_word' id='word_1_449' title='bbox 2607 2630 2836 2699; x_wconf 87' lang='lat' dir='ltr'><strong>peccati,</strong></span> <span class='ocrx_word' id='word_1_450' title='bbox 2863 2629 3222 2682; x_wconf 87' lang='lat' dir='ltr'><strong>indumentum</strong></span> <span class='ocrx_word' id='word_1_451' title='bbox 3249 2633 3446 2684; x_wconf 91' lang='lat' dir='ltr'><strong>veteris</strong></span> 
     </span>
    </p>
   </div>
   <div class='ocr_carea' id='block_1_58' title="bbox 1919 2718 3446 2792">
    <p class='ocr_par' dir='ltr' id='par_1_58' title="bbox 1919 2718 3446 2792">
     <span class='ocr_line' id='line_1_58' title="bbox 1919 2718 3446 2792; baseline -0.005 -14"><span class='ocrx_word' id='word_1_452' title='bbox 1919 2724 2146 2778; x_wconf 87' lang='lat' dir='ltr'><strong>hominis</strong></span> <span class='ocrx_word' id='word_1_453' title='bbox 2171 2722 2488 2792; x_wconf 87' lang='lat' dir='ltr'><strong>appellavit,</strong></span> <span class='ocrx_word' id='word_1_454' title='bbox 2515 2721 2654 2790; x_wconf 91' lang='lat' dir='ltr'><strong>quod</strong></span> <span class='ocrx_word' id='word_1_455' title='bbox 2689 2719 3051 2786; x_wconf 86' lang='lat' dir='ltr'><strong>deponendum</strong></span> <span class='ocrx_word' id='word_1_456' title='bbox 3094 2718 3280 2772; x_wconf 85' lang='lat' dir='ltr'><strong>suadet</strong></span> <span class='ocrx_word' id='word_1_457' title='bbox 3308 2719 3330 2748; x_wconf 74' lang='lat'><strong>‘</strong></span> <span class='ocrx_word' id='word_1_458' title='bbox 3364 2718 3446 2770; x_wconf 87' lang='lat' dir='ltr'><strong>his</strong></span> 
     </span>
    </p>
   </div>
   <div class='ocr_carea' id='block_1_59' title="bbox 1917 2807 3446 2883">
    <p class='ocr_par' dir='ltr' id='par_1_59' title="bbox 1917 2807 3446 2883">
     <span class='ocr_line' id='line_1_59' title="bbox 1917 2807 3446 2883; baseline -0.005 -17"><span class='ocrx_word' id='word_1_459' title='bbox 1917 2815 2005 2883; x_wconf 91' lang='lat' dir='ltr'><strong>qui</strong></span> <span class='ocrx_word' id='word_1_460' title='bbox 2028 2813 2250 2867; x_wconf 89' lang='lat' dir='ltr'><strong>credunt</strong></span> <span class='ocrx_word' id='word_1_461' title='bbox 2270 2813 2317 2866; x_wconf 89' lang='lat' dir='ltr'><strong>ei</strong></span> <span class='ocrx_word' id='word_1_462' title='bbox 2343 2812 2432 2881; x_wconf 88' lang='lat' dir='ltr'><strong>qui</strong></span> <span class='ocrx_word' id='word_1_463' title='bbox 2455 2809 2730 2864; x_wconf 85' lang='lat' dir='ltr'><strong>suscitavit</strong></span> <span class='ocrx_word' id='word_1_464' title='bbox 2762 2809 3036 2861; x_wconf 83' lang='lat' dir='ltr'><strong>Dominum</strong></span> <span class='ocrx_word' id='word_1_465' title='bbox 3063 2807 3241 2860; x_wconf 81' lang='lat' dir='ltr'><strong>Jesum</strong></span> <span class='ocrx_word' id='word_1_466' title='bbox 3259 2824 3285 2859; x_wconf 91' lang='lat' dir='ltr'><strong>a</strong></span> <span class='ocrx_word' id='word_1_467' title='bbox 3305 2823 3446 2859; x_wconf 88' lang='lat' dir='ltr'><strong>inor-</strong></span> 
     </span>
    </p>
   </div>
   <div class='ocr_carea' id='block_1_60' title="bbox 1918 2897 3445 2971">
    <p class='ocr_par' dir='ltr' id='par_1_60' title="bbox 1918 2897 3445 2971">
     <span class='ocr_line' id='line_1_60' title="bbox 1918 2897 3445 2971; baseline -0.007 -13"><span class='ocrx_word' id='word_1_468' title='bbox 1918 2909 2042 2970; x_wconf 89' lang='lat' dir='ltr'><strong>tuis,</strong></span> <span class='ocrx_word' id='word_1_469' title='bbox 2074 2919 2129 2956; x_wconf 89' lang='lat' dir='ltr'><strong>ut</strong></span> <span class='ocrx_word' id='word_1_470' title='bbox 2150 2903 2354 2971; x_wconf 88' lang='lat' dir='ltr'><strong>abjecto</strong></span> <span class='ocrx_word' id='word_1_471' title='bbox 2386 2902 2692 2954; x_wconf 87' lang='lat' dir='ltr'><strong>indumento</strong></span> <span class='ocrx_word' id='word_1_472' title='bbox 2723 2897 2995 2964; x_wconf 67' lang='lat' dir='ltr'><strong>injustitia:</strong></span> <span class='ocrx_word' id='word_1_473' title='bbox 3019 2897 3241 2956; x_wconf 88' lang='lat' dir='ltr'><strong>induant</strong></span> <span class='ocrx_word' id='word_1_474' title='bbox 3269 2912 3325 2950; x_wconf 87' lang='lat' dir='ltr'><strong>se</strong></span> <span class='ocrx_word' id='word_1_475' title='bbox 3350 2897 3445 2947; x_wconf 87' lang='lat' dir='ltr'><strong>Do-</strong></span> 
     </span>
    </p>
   </div>
   <div class='ocr_carea' id='block_1_61' title="bbox 265 2983 3440 3061">
    <p class='ocr_par' dir='ltr' id='par_1_61' title="bbox 265 2983 3440 3061">
     <span class='ocr_line' id='line_1_61' title="bbox 265 2983 3440 3061; baseline -0.005 -18"><span class='ocrx_word' id='word_1_476' title='bbox 265 2990 389 3043; x_wconf 84' lang='lat' dir='ltr'><strong>lloc</strong></span> <span class='ocrx_word' id='word_1_477' title='bbox 423 2998 512 3042; x_wconf 88' lang='lat' dir='ltr'><strong>est</strong></span> <span class='ocrx_word' id='word_1_478' title='bbox 542 3001 674 3053; x_wconf 88' lang='lat' dir='ltr'><strong>ergo</strong></span> <span class='ocrx_word' id='word_1_479' title='bbox 700 2983 840 3051; x_wconf 90' lang='lat' dir='ltr'><strong>quod</strong></span> <span class='ocrx_word' id='word_1_480' title='bbox 867 2983 1154 3036; x_wconf 83' lang='lat' dir='ltr'><strong>admonet:</strong></span> <span class='ocrx_word' id='word_1_481' title='bbox 1187 2984 1244 3037; x_wconf 83' lang='lat' dir='ltr'><strong>Si</strong></span> <span class='ocrx_word' id='word_1_482' title='bbox 1285 2985 1505 3038; x_wconf 87' lang='lat' dir='ltr'><strong>creditis</strong></span> <span class='ocrx_word' id='word_1_483' title='bbox 1549 2986 1814 3038; x_wconf 90' lang='lat' dir='ltr'><strong>Christum</strong></span> <span class='ocrx_word' id='word_1_484' title='bbox 1839 3005 1884 3061; x_wconf 68' lang='grc' dir='ltr'>ο</span> <span class='ocrx_word' id='word_1_485' title='bbox 1916 2996 2112 3049; x_wconf 68' lang='lat' dir='ltr'><strong>min“...</strong></span> <span class='ocrx_word' id='word_1_486' title='bbox 2155 2992 2366 3058; x_wconf 68' lang='grc' dir='ltr'><strong>ιθευιη,</strong></span> <span class='ocrx_word' id='word_1_487' title='bbox 2411 2993 2501 3059; x_wconf 76' lang='lat' dir='ltr'><strong>qui</strong></span> <span class='ocrx_word' id='word_1_488' title='bbox 2546 3001 2628 3044; x_wconf 62' lang='lat' dir='ltr'><strong>es;</strong></span> <span class='ocrx_word' id='word_1_489' title='bbox 2671 3007 2855 3044; x_wconf 66' lang='lat' dir='ltr'><strong>verum</strong></span> <span class='ocrx_word' id='word_1_490' title='bbox 2895 2989 3115 3057; x_wconf 54' lang='lat' dir='ltr'><strong>justitia;</strong></span> <span class='ocrx_word' id='word_1_491' title='bbox 3159 2989 3440 3040; x_wconf 72' lang='lat' dir='ltr'><strong>indume..-</strong></span> 
     </span>
    </p>
   </div>
   <div class='ocr_carea' id='block_1_62' title="bbox 265 3073 1810 3142">
    <p class='ocr_par' dir='ltr' id='par_1_62' title="bbox 265 3073 1810 3142">
     <span class='ocr_line' id='line_1_62' title="bbox 265 3073 1810 3142; baseline -0.003 -9"><span class='ocrx_word' id='word_1_492' title='bbox 265 3080 584 3134; x_wconf 77' lang='lat' dir='ltr'><strong>surrexisse</strong></span> <span class='ocrx_word' id='word_1_493' title='bbox 607 3093 638 3128; x_wconf 89' lang='lat' dir='ltr'><strong>a</strong></span> <span class='ocrx_word' id='word_1_494' title='bbox 666 3073 910 3137; x_wconf 89' lang='lat' dir='ltr'><strong>mortuis,</strong></span> <span class='ocrx_word' id='word_1_495' title='bbox 925 3074 1123 3127; x_wconf 90' lang='lat' dir='ltr'><strong>credite</strong></span> <span class='ocrx_word' id='word_1_496' title='bbox 1145 3075 1302 3127; x_wconf 88' lang='lat' dir='ltr'><strong>etiam</strong></span> <span class='ocrx_word' id='word_1_497' title='bbox 1325 3075 1672 3142; x_wconf 85' lang='lat' dir='ltr'><strong>vosmetipsos</strong></span> <span class='ocrx_word' id='word_1_498' title='bbox 1691 3090 1810 3129; x_wconf 92' lang='lat' dir='ltr'><strong>cum</strong></span> 
     </span>
    </p>
   </div>
   <div class='ocr_carea' id='block_1_63' title="bbox 264 3165 1813 3242">
    <p class='ocr_par' dir='ltr' id='par_1_63' title="bbox 264 3165 1813 3242">
     <span class='ocr_line' id='line_1_63' title="bbox 264 3165 1813 3242; baseline -0.005 -17"><span class='ocrx_word' id='word_1_499' title='bbox 264 3173 388 3242; x_wconf 66' lang='lat' dir='ltr'><strong>ipso</strong></span> <span class='ocrx_word' id='word_1_500' title='bbox 423 3167 630 3237; x_wconf 84' lang='lat' dir='ltr'><strong>pariter</strong></span> <span class='ocrx_word' id='word_1_501' title='bbox 655 3165 982 3228; x_wconf 80' lang='lat' dir='ltr'><strong>surrexisse;</strong></span> <span class='ocrx_word' id='word_1_502' title='bbox 1021 3175 1076 3218; x_wconf 91' lang='lat' dir='ltr'><strong>et</strong></span> <span class='ocrx_word' id='word_1_503' title='bbox 1115 3166 1160 3218; x_wconf 92' lang='lat' dir='ltr'><strong>si</strong></span> <span class='ocrx_word' id='word_1_504' title='bbox 1189 3165 1407 3218; x_wconf 88' lang='lat' dir='ltr'><strong>creditis</strong></span> <span class='ocrx_word' id='word_1_505' title='bbox 1431 3166 1552 3232; x_wconf 90' lang='lat' dir='ltr'><strong>quia</strong></span> <span class='ocrx_word' id='word_1_506' title='bbox 1581 3167 1726 3218; x_wconf 88' lang='lat' dir='ltr'><strong>sedet</strong></span> <span class='ocrx_word' id='word_1_507' title='bbox 1747 3167 1813 3219; x_wconf 91' lang='lat' dir='ltr'><strong>ad</strong></span> 
     </span>
    </p>
   </div>
   <div class='ocr_carea' id='block_1_64' title="bbox 263 3253 1814 3320">
    <p class='ocr_par' dir='ltr' id='par_1_64' title="bbox 263 3253 1814 3320">
     <span class='ocr_line' id='line_1_64' title="bbox 263 3253 1814 3320; baseline -0.004 -7"><span class='ocrx_word' id='word_1_508' title='bbox 263 3263 557 3313; x_wconf 60' lang='lat' dir='ltr'><strong>deateram</strong></span> <span class='ocrx_word' id='word_1_509' title='bbox 587 3256 764 3309; x_wconf 83' lang='lat' dir='ltr'><strong>Patris</strong></span> <span class='ocrx_word' id='word_1_510' title='bbox 792 3256 842 3308; x_wconf 91' lang='lat' dir='ltr'><strong>in</strong></span> <span class='ocrx_word' id='word_1_511' title='bbox 865 3255 1035 3318; x_wconf 74' lang='lat' dir='ltr'><strong>cmlis,</strong></span> <span class='ocrx_word' id='word_1_512' title='bbox 1061 3253 1220 3308; x_wconf 88' lang='lat' dir='ltr'><strong>etiam</strong></span> <span class='ocrx_word' id='word_1_513' title='bbox 1249 3254 1594 3320; x_wconf 87' lang='lat' dir='ltr'><strong>vosmetipsos</strong></span> <span class='ocrx_word' id='word_1_514' title='bbox 1613 3254 1814 3307; x_wconf 88' lang='lat' dir='ltr'><strong>credite</strong></span> 
     </span>
    </p>
   </div>
   <div class='ocr_carea' id='block_1_65' title="bbox 258 3341 1810 3417">
    <p class='ocr_par' dir='ltr' id='par_1_65' title="bbox 258 3341 1810 3417">
     <span class='ocr_line' id='line_1_65' title="bbox 258 3341 1810 3417; baseline -0.004 -15"><span class='ocrx_word' id='word_1_515' title='bbox 258 3349 374 3417; x_wconf 88' lang='lat' dir='ltr'><strong>jam</strong></span> <span class='ocrx_word' id='word_1_516' title='bbox 417 3362 526 3400; x_wconf 91' lang='lat' dir='ltr'><strong>non</strong></span> <span class='ocrx_word' id='word_1_517' title='bbox 561 3346 613 3398; x_wconf 92' lang='lat' dir='ltr'><strong>in</strong></span> <span class='ocrx_word' id='word_1_518' title='bbox 652 3345 902 3405; x_wconf 89' lang='lat' dir='ltr'><strong>terrenis,</strong></span> <span class='ocrx_word' id='word_1_519' title='bbox 936 3344 1027 3396; x_wconf 88' lang='lat' dir='ltr'><strong>sed</strong></span> <span class='ocrx_word' id='word_1_520' title='bbox 1059 3343 1111 3395; x_wconf 92' lang='lat' dir='ltr'><strong>in</strong></span> <span class='ocrx_word' id='word_1_521' title='bbox 1153 3341 1456 3396; x_wconf 65' lang='lat' dir='ltr'><strong>caelestibus</strong></span> <span class='ocrx_word' id='word_1_522' title='bbox 1481 3342 1766 3396; x_wconf 87' lang='lat' dir='ltr'><strong>collocatos</strong></span> <span class='ocrx_word' id='word_1_523' title='bbox 1794 3358 1810 3406; x_wconf 89' lang='lat'><strong>;</strong></span> 
     </span>
    </p>
   </div>
   <div class='ocr_carea' id='block_1_66' title="bbox 261 3432 1811 3498">
    <p class='ocr_par' dir='ltr' id='par_1_66' title="bbox 261 3432 1811 3498">
     <span class='ocr_line' id='line_1_66' title="bbox 261 3432 1811 3498; baseline -0.006 -6"><span class='ocrx_word' id='word_1_524' title='bbox 261 3449 320 3492; x_wconf 91' lang='lat' dir='ltr'><strong>et</strong></span> <span class='ocrx_word' id='word_1_525' title='bbox 358 3439 408 3491; x_wconf 86' lang='lat' dir='ltr'><strong>si</strong></span> <span class='ocrx_word' id='word_1_526' title='bbox 445 3433 670 3490; x_wconf 85' lang='lat' dir='ltr'><strong>creditis</strong></span> <span class='ocrx_word' id='word_1_527' title='bbox 698 3446 793 3484; x_wconf 88' lang='lat' dir='ltr'><strong>vos</strong></span> <span class='ocrx_word' id='word_1_528' title='bbox 821 3432 1033 3485; x_wconf 89' lang='lat' dir='ltr'><strong>Christo</strong></span> <span class='ocrx_word' id='word_1_529' title='bbox 1059 3438 1435 3494; x_wconf 85' lang='lat' dir='ltr'><strong>commortuus,</strong></span> <span class='ocrx_word' id='word_1_530' title='bbox 1467 3432 1666 3484; x_wconf 89' lang='lat' dir='ltr'><strong>credite</strong></span> <span class='ocrx_word' id='word_1_531' title='bbox 1691 3433 1811 3498; x_wconf 87' lang='lat' dir='ltr'><strong>quia</strong></span> 
     </span>
    </p>
   </div>
   <div class='ocr_carea' id='block_1_67' title="bbox 261 3519 1809 3586">
    <p class='ocr_par' dir='ltr' id='par_1_67' title="bbox 261 3519 1809 3586">
     <span class='ocr_line' id='line_1_67' title="bbox 261 3519 1809 3586; baseline -0.009 -2"><span class='ocrx_word' id='word_1_532' title='bbox 261 3541 320 3585; x_wconf 88' lang='lat' dir='ltr'><strong>et</strong></span> <span class='ocrx_word' id='word_1_533' title='bbox 349 3525 658 3582; x_wconf 89' lang='lat' dir='ltr'><strong>convivetis</strong></span> <span class='ocrx_word' id='word_1_534' title='bbox 689 3526 772 3586; x_wconf 91' lang='lat' dir='ltr'><strong>ei;</strong></span> <span class='ocrx_word' id='word_1_535' title='bbox 803 3531 856 3575; x_wconf 92' lang='lat' dir='ltr'><strong>et</strong></span> <span class='ocrx_word' id='word_1_536' title='bbox 881 3522 925 3574; x_wconf 90' lang='lat' dir='ltr'><strong>si</strong></span> <span class='ocrx_word' id='word_1_537' title='bbox 977 3521 1193 3574; x_wconf 87' lang='lat' dir='ltr'><strong>creditis</strong></span> <span class='ocrx_word' id='word_1_538' title='bbox 1220 3521 1339 3586; x_wconf 87' lang='lat' dir='ltr'><strong>quia</strong></span> <span class='ocrx_word' id='word_1_539' title='bbox 1384 3519 1626 3574; x_wconf 89' lang='lat' dir='ltr'><strong>Christus</strong></span> <span class='ocrx_word' id='word_1_540' title='bbox 1667 3535 1809 3573; x_wconf 90' lang='lat' dir='ltr'><strong>mor-</strong></span> 
     </span>
    </p>
   </div>
   <div class='ocr_carea' id='block_1_68' title="bbox 262 3611 1810 3683">
    <p class='ocr_par' dir='ltr' id='par_1_68' title="bbox 262 3611 1810 3683">
     <span class='ocr_line' id='line_1_68' title="bbox 262 3611 1810 3683; baseline -0.006 -11"><span class='ocrx_word' id='word_1_541' title='bbox 262 3631 398 3672; x_wconf 87' lang='lat' dir='ltr'><strong>tuus</strong></span> <span class='ocrx_word' id='word_1_542' title='bbox 445 3626 528 3670; x_wconf 87' lang='lat' dir='ltr'><strong>est</strong></span> <span class='ocrx_word' id='word_1_543' title='bbox 573 3623 825 3683; x_wconf 84' lang='lat' dir='ltr'><strong>peccato,</strong></span> <span class='ocrx_word' id='word_1_544' title='bbox 865 3620 919 3664; x_wconf 91' lang='lat' dir='ltr'><strong>et</strong></span> <span class='ocrx_word' id='word_1_545' title='bbox 953 3611 1082 3664; x_wconf 85' lang='lat' dir='ltr'><strong>vivit</strong></span> <span class='ocrx_word' id='word_1_546' title='bbox 1125 3611 1250 3674; x_wconf 91' lang='lat' dir='ltr'><strong>Deo,</strong></span> <span class='ocrx_word' id='word_1_547' title='bbox 1279 3611 1440 3663; x_wconf 91' lang='lat' dir='ltr'><strong>etiam</strong></span> <span class='ocrx_word' id='word_1_548' title='bbox 1481 3625 1574 3664; x_wconf 91' lang='lat' dir='ltr'><strong>vos</strong></span> <span class='ocrx_word' id='word_1_549' title='bbox 1619 3611 1810 3664; x_wconf 89' lang='lat' dir='ltr'><strong>mortui</strong></span> 
     </span>
    </p>
   </div>
   <div class='ocr_carea' id='block_1_69' title="bbox 262 3700 1813 3774">
    <p class='ocr_par' dir='ltr' id='par_1_69' title="bbox 262 3700 1813 3774">
     <span class='ocr_line' id='line_1_69' title="bbox 262 3700 1813 3774; baseline -0.006 -11"><span class='ocrx_word' id='word_1_550' title='bbox 262 3716 452 3764; x_wconf 82' lang='lat' dir='ltr'><strong>estote</strong></span> <span class='ocrx_word' id='word_1_551' title='bbox 506 3715 754 3774; x_wconf 83' lang='lat' dir='ltr'><strong>peccato,</strong></span> <span class='ocrx_word' id='word_1_552' title='bbox 795 3700 954 3770; x_wconf 61' lang='lat'><strong>535.</strong></span> <span class='ocrx_word' id='word_1_553' title='bbox 989 3709 1042 3754; x_wconf 90' lang='lat' dir='ltr'><strong>et</strong></span> <span class='ocrx_word' id='word_1_554' title='bbox 1083 3700 1245 3754; x_wconf 85' lang='lat' dir='ltr'><strong>vivite</strong></span> <span class='ocrx_word' id='word_1_555' title='bbox 1283 3701 1389 3754; x_wconf 90' lang='lat' dir='ltr'><strong>Deo</strong></span> <span class='ocrx_word' id='word_1_556' title='bbox 1404 3701 1469 3753; x_wconf 75' lang='grc'><strong>⁸⁷.</strong></span> <span class='ocrx_word' id='word_1_557' title='bbox 1497 3701 1562 3754; x_wconf 87' lang='lat' dir='ltr'><strong>Et</strong></span> <span class='ocrx_word' id='word_1_558' title='bbox 1589 3701 1690 3754; x_wconf 91' lang='lat' dir='ltr'><strong>hoc</strong></span> <span class='ocrx_word' id='word_1_559' title='bbox 1729 3709 1813 3755; x_wconf 89' lang='lat' dir='ltr'><strong>est</strong></span> 
     </span>
    </p>
   </div>
   <div class='ocr_carea' id='block_1_70' title="bbox 263 3790 1808 3868">
    <p class='ocr_par' dir='ltr' id='par_1_70' title="bbox 263 3790 1808 3868">
     <span class='ocr_line' id='line_1_70' title="bbox 263 3790 1808 3868; baseline -0.004 -18"><span class='ocrx_word' id='word_1_560' title='bbox 263 3799 420 3868; x_wconf 88' lang='lat' dir='ltr'><strong>quod</strong></span> <span class='ocrx_word' id='word_1_561' title='bbox 444 3799 766 3848; x_wconf 81' lang='lat' dir='ltr'><strong>auctoritate</strong></span> <span class='ocrx_word' id='word_1_562' title='bbox 787 3791 1069 3856; x_wconf 89' lang='lat' dir='ltr'><strong>apostolica</strong></span> <span class='ocrx_word' id='word_1_563' title='bbox 1089 3798 1434 3858; x_wconf 88' lang='lat' dir='ltr'><strong>protestatur,</strong></span> <span class='ocrx_word' id='word_1_564' title='bbox 1451 3800 1502 3844; x_wconf 90' lang='lat' dir='ltr'><strong>et</strong></span> <span class='ocrx_word' id='word_1_565' title='bbox 1526 3791 1678 3844; x_wconf 90' lang='lat' dir='ltr'><strong>dicit:</strong></span> <span class='ocrx_word' id='word_1_566' title='bbox 1705 3809 1722 3840; x_wconf 81' lang='grc' dir='ltr'>ι</span> <span class='ocrx_word' id='word_1_567' title='bbox 1753 3790 1808 3844; x_wconf 85' lang='lat' dir='ltr'><strong>Si</strong></span> 
     </span>
    </p>
   </div>
   <div class='ocr_carea' id='block_1_71' title="bbox 263 3880 1812 3948">
    <p class='ocr_par' dir='ltr' id='par_1_71' title="bbox 263 3880 1812 3948">
     <span class='ocr_line' id='line_1_71' title="bbox 263 3880 1812 3948; baseline -0.006 -7"><span class='ocrx_word' id='word_1_568' title='bbox 263 3884 701 3941; x_wconf 86' lang='lat' dir='ltr'><strong>consurrexistis</strong></span> <span class='ocrx_word' id='word_1_569' title='bbox 734 3895 855 3934; x_wconf 80' lang='lat' dir='ltr'><strong>cum</strong></span> <span class='ocrx_word' id='word_1_570' title='bbox 883 3880 1117 3942; x_wconf 89' lang='lat' dir='ltr'><strong>Christo,</strong></span> <span class='ocrx_word' id='word_1_571' title='bbox 1143 3894 1257 3946; x_wconf 70' lang='lat' dir='ltr'><strong>quae</strong></span> <span class='ocrx_word' id='word_1_572' title='bbox 1279 3894 1484 3933; x_wconf 89' lang='lat' dir='ltr'><strong>sursum</strong></span> <span class='ocrx_word' id='word_1_573' title='bbox 1521 3889 1642 3934; x_wconf 91' lang='lat' dir='ltr'><strong>sunt</strong></span> <span class='ocrx_word' id='word_1_574' title='bbox 1670 3895 1812 3948; x_wconf 74' lang='lat' dir='ltr'><strong>qua:-</strong></span> 
     </span>
    </p>
   </div>
   <div class='ocr_carea' id='block_1_72' title="bbox 263 3969 1811 4040">
    <p class='ocr_par' dir='ltr' id='par_1_72' title="bbox 263 3969 1811 4040">
     <span class='ocr_line' id='line_1_72' title="bbox 263 3969 1811 4040; baseline -0.009 -8"><span class='ocrx_word' id='word_1_575' title='bbox 263 3981 394 4040; x_wconf 87' lang='lat' dir='ltr'><strong>rite,</strong></span> <span class='ocrx_word' id='word_1_576' title='bbox 423 3977 512 4029; x_wconf 91' lang='lat' dir='ltr'><strong>ubi</strong></span> <span class='ocrx_word' id='word_1_577' title='bbox 556 3974 804 4029; x_wconf 87' lang='lat' dir='ltr'><strong>Christus</strong></span> <span class='ocrx_word' id='word_1_578' title='bbox 839 3978 922 4024; x_wconf 86' lang='lat' dir='ltr'><strong>est</strong></span> <span class='ocrx_word' id='word_1_579' title='bbox 964 3969 1016 4022; x_wconf 93' lang='lat' dir='ltr'><strong>in</strong></span> <span class='ocrx_word' id='word_1_580' title='bbox 1044 3969 1260 4023; x_wconf 86' lang='lat' dir='ltr'><strong>dextera</strong></span> <span class='ocrx_word' id='word_1_581' title='bbox 1302 3969 1393 4022; x_wconf 91' lang='lat' dir='ltr'><strong>Dei</strong></span> <span class='ocrx_word' id='word_1_582' title='bbox 1434 3970 1662 4033; x_wconf 84' lang='lat' dir='ltr'><strong>sedens;</strong></span> <span class='ocrx_word' id='word_1_583' title='bbox 1694 3985 1811 4038; x_wconf 67' lang='lat' dir='ltr'><strong>qua;</strong></span> 
     </span>
    </p>
   </div>
   <div class='ocr_carea' id='block_1_73' title="bbox 261 4061 1811 4130">
    <p class='ocr_par' dir='ltr' id='par_1_73' title="bbox 261 4061 1811 4130">
     <span class='ocr_line' id='line_1_73' title="bbox 261 4061 1811 4130; baseline -0.005 -8"><span class='ocrx_word' id='word_1_584' title='bbox 261 4082 486 4122; x_wconf 85' lang='lat' dir='ltr'><strong>sursum</strong></span> <span class='ocrx_word' id='word_1_585' title='bbox 517 4073 648 4118; x_wconf 89' lang='lat' dir='ltr'><strong>sunt</strong></span> <span class='ocrx_word' id='word_1_586' title='bbox 673 4063 863 4130; x_wconf 88' lang='lat' dir='ltr'><strong>sapite,</strong></span> <span class='ocrx_word' id='word_1_587' title='bbox 883 4077 986 4115; x_wconf 91' lang='lat' dir='ltr'><strong>non</strong></span> <span class='ocrx_word' id='word_1_588' title='bbox 1017 4074 1136 4127; x_wconf 69' lang='lat' dir='ltr'><strong>quae</strong></span> <span class='ocrx_word' id='word_1_589' title='bbox 1162 4074 1318 4127; x_wconf 90' lang='lat' dir='ltr'><strong>super</strong></span> <span class='ocrx_word' id='word_1_590' title='bbox 1347 4061 1620 4124; x_wconf 74' lang='lat' dir='ltr'><strong>terram&quot;;</strong></span> <span class='ocrx_word' id='word_1_591' title='bbox 1647 4079 1665 4112; x_wconf 74' lang='grc' dir='ltr'><strong><em>ι</em></strong></span> <span class='ocrx_word' id='word_1_592' title='bbox 1687 4064 1811 4128; x_wconf 87' lang='lat' dir='ltr'><strong>quia</strong></span> 
     </span>
    </p>
   </div>
   <div class='ocr_carea' id='block_1_74' title="bbox 262 4150 1808 4227">
    <p class='ocr_par' dir='ltr' id='par_1_74' title="bbox 262 4150 1808 4227">
     <span class='ocr_line' id='line_1_74' title="bbox 262 4150 1808 4227; baseline -0.004 -18"><span class='ocrx_word' id='word_1_593' title='bbox 262 4159 360 4227; x_wconf 86' lang='lat' dir='ltr'><strong>qui</strong></span> <span class='ocrx_word' id='word_1_594' title='bbox 408 4159 524 4210; x_wconf 70' lang='lat' dir='ltr'><strong>haec</strong></span> <span class='ocrx_word' id='word_1_595' title='bbox 558 4157 708 4222; x_wconf 87' lang='lat' dir='ltr'><strong>agit,</strong></span> <span class='ocrx_word' id='word_1_596' title='bbox 745 4153 830 4207; x_wconf 90' lang='lat' dir='ltr'><strong>hic</strong></span> <span class='ocrx_word' id='word_1_597' title='bbox 861 4167 918 4206; x_wconf 84' lang='lat' dir='ltr'><strong>se</strong></span> <span class='ocrx_word' id='word_1_598' title='bbox 957 4151 1188 4206; x_wconf 87' lang='lat' dir='ltr'><strong>ostendit</strong></span> <span class='ocrx_word' id='word_1_599' title='bbox 1227 4150 1446 4204; x_wconf 82' lang='lat' dir='ltr'><strong>credere</strong></span> <span class='ocrx_word' id='word_1_600' title='bbox 1486 4151 1542 4204; x_wconf 89' lang='lat' dir='ltr'><strong>in</strong></span> <span class='ocrx_word' id='word_1_601' title='bbox 1570 4165 1689 4203; x_wconf 90' lang='lat' dir='ltr'><strong>eum</strong></span> <span class='ocrx_word' id='word_1_602' title='bbox 1720 4151 1808 4218; x_wconf 91' lang='lat' dir='ltr'><strong>qui</strong></span> 
     </span>
    </p>
   </div>
   <div class='ocr_carea' id='block_1_75' title="bbox 263 4240 1809 4304">
    <p class='ocr_par' dir='ltr' id='par_1_75' title="bbox 263 4240 1809 4304">
     <span class='ocr_line' id='line_1_75' title="bbox 263 4240 1809 4304; baseline -0.006 -2"><span class='ocrx_word' id='word_1_603' title='bbox 263 4247 557 4302; x_wconf 82' lang='lat' dir='ltr'><strong>suscitavit</strong></span> <span class='ocrx_word' id='word_1_604' title='bbox 589 4243 770 4298; x_wconf 71' lang='lat' dir='ltr'><strong>Iesum</strong></span> <span class='ocrx_word' id='word_1_605' title='bbox 814 4243 1090 4296; x_wconf 90' lang='lat' dir='ltr'><strong>Dominum</strong></span> <span class='ocrx_word' id='word_1_606' title='bbox 1130 4250 1371 4294; x_wconf 88' lang='lat' dir='ltr'><strong>nostrunt</strong></span> <span class='ocrx_word' id='word_1_607' title='bbox 1411 4255 1442 4294; x_wconf 85' lang='lat' dir='ltr'><strong>a</strong></span> <span class='ocrx_word' id='word_1_608' title='bbox 1480 4240 1727 4304; x_wconf 89' lang='lat' dir='ltr'><strong>mortuis,</strong></span> <span class='ocrx_word' id='word_1_609' title='bbox 1756 4250 1809 4294; x_wconf 93' lang='lat' dir='ltr'><strong>et</strong></span> 
     </span>
    </p>
   </div>
   <div class='ocr_carea' id='block_1_76' title="bbox 1912 3078 3440 3154">
    <p class='ocr_par' dir='ltr' id='par_1_76' title="bbox 1912 3078 3440 3154">
     <span class='ocr_line' id='line_1_76' title="bbox 1912 3078 3440 3154; baseline -0.006 -15"><span class='ocrx_word' id='word_1_610' title='bbox 1912 3095 2019 3139; x_wconf 90' lang='lat' dir='ltr'><strong>tmn</strong></span> <span class='ocrx_word' id='word_1_611' title='bbox 2046 3085 2178 3154; x_wconf 63' lang='lat'><strong>(2&#39;5),</strong></span> <span class='ocrx_word' id='word_1_612' title='bbox 2202 3093 2258 3136; x_wconf 91' lang='lat' dir='ltr'><strong>ut</strong></span> <span class='ocrx_word' id='word_1_613' title='bbox 2299 3083 2488 3136; x_wconf 89' lang='lat' dir='ltr'><strong>merito</strong></span> <span class='ocrx_word' id='word_1_614' title='bbox 2532 3081 2866 3134; x_wconf 89' lang='lat' dir='ltr'><strong>credentibus</strong></span> <span class='ocrx_word' id='word_1_615' title='bbox 2916 3081 3046 3134; x_wconf 87' lang='lat' dir='ltr'><strong>lides</strong></span> <span class='ocrx_word' id='word_1_616' title='bbox 3077 3079 3142 3132; x_wconf 90' lang='lat' dir='ltr'><strong>ad</strong></span> <span class='ocrx_word' id='word_1_617' title='bbox 3176 3078 3440 3145; x_wconf 88' lang='lat' dir='ltr'><strong>justitiam</strong></span> 
     </span>
    </p>
   </div>
   <div class='ocr_carea' id='block_1_77' title="bbox 1911 3172 3442 3242">
    <p class='ocr_par' dir='ltr' id='par_1_77' title="bbox 1911 3172 3442 3242">
     <span class='ocr_line' id='line_1_77' title="bbox 1911 3172 3442 3242; baseline -0.007 -12"><span class='ocrx_word' id='word_1_618' title='bbox 1911 3185 2206 3242; x_wconf 86' lang='lat' dir='ltr'><strong>reputetur.</strong></span> <span class='ocrx_word' id='word_1_619' title='bbox 2269 3191 2287 3223; x_wconf 73' lang='grc' dir='ltr'>ι</span> <span class='ocrx_word' id='word_1_620' title='bbox 2343 3172 2730 3225; x_wconf 89' lang='lat' dir='ltr'><strong>Traditus‘est</strong></span> <span class='ocrx_word' id='word_1_621' title='bbox 2790 3184 2916 3238; x_wconf 86' lang='lat' dir='ltr'><strong>ergo</strong></span> <span class='ocrx_word' id='word_1_622' title='bbox 2977 3177 3190 3238; x_wconf 88' lang='lat' dir='ltr'><strong>propter</strong></span> <span class='ocrx_word' id='word_1_623' title='bbox 3225 3177 3442 3233; x_wconf 79' lang='lat' dir='ltr'><strong>peccata</strong></span> 
     </span>
    </p>
   </div>
   <div class='ocr_carea' id='block_1_78' title="bbox 1908 3256 3508 3327">
    <p class='ocr_par' dir='ltr' id='par_1_78' title="bbox 1908 3256 3508 3327">
     <span class='ocr_line' id='line_1_78' title="bbox 1908 3256 3508 3327; baseline -0.008 -10"><span class='ocrx_word' id='word_1_624' title='bbox 1908 3275 2086 3317; x_wconf 88' lang='lat' dir='ltr'><strong>nostra</strong></span> <span class='ocrx_word' id='word_1_625' title='bbox 2114 3301 2129 3325; x_wconf 93' lang='lat'><strong>,</strong></span> <span class='ocrx_word' id='word_1_626' title='bbox 2159 3271 2211 3315; x_wconf 91' lang='lat' dir='ltr'><strong>et</strong></span> <span class='ocrx_word' id='word_1_627' title='bbox 2255 3261 2547 3314; x_wconf 78' lang='lat' dir='ltr'><strong>resurrexit</strong></span> <span class='ocrx_word' id='word_1_628' title='bbox 2592 3268 2806 3327; x_wconf 90' lang='lat' dir='ltr'><strong>propter</strong></span> <span class='ocrx_word' id='word_1_629' title='bbox 2855 3256 3285 3326; x_wconf 88' lang='lat' dir='ltr'><strong>justilicationem</strong></span> <span class='ocrx_word' id='word_1_630' title='bbox 3344 3269 3438 3306; x_wconf 82' lang='lat' dir='ltr'><strong>nn-</strong></span> <span class='ocrx_word' id='word_1_631' title='bbox 3502 3267 3508 3274; x_wconf 84' lang='lat'>&#39;</span> 
     </span>
    </p>
   </div>
   <div class='ocr_carea' id='block_1_79' title="bbox 1907 3343 3436 3407">
    <p class='ocr_par' dir='ltr' id='par_1_79' title="bbox 1907 3343 3436 3407">
     <span class='ocr_line' id='line_1_79' title="bbox 1907 3343 3436 3407; baseline -0.008 -2"><span class='ocrx_word' id='word_1_632' title='bbox 1907 3365 2072 3406; x_wconf 89' lang='lat' dir='ltr'><strong>stram</strong></span> <span class='ocrx_word' id='word_1_633' title='bbox 2095 3352 2139 3404; x_wconf 87' lang='grc'><strong>⁸.</strong></span> <span class='ocrx_word' id='word_1_634' title='bbox 2179 3370 2198 3402; x_wconf 76' lang='lat' dir='ltr'><strong>i</strong></span> <span class='ocrx_word' id='word_1_635' title='bbox 2247 3350 2450 3402; x_wconf 86' lang='lat' dir='ltr'><strong>Etenim</strong></span> <span class='ocrx_word' id='word_1_636' title='bbox 2491 3349 2537 3401; x_wconf 90' lang='lat' dir='ltr'><strong>si</strong></span> <span class='ocrx_word' id='word_1_637' title='bbox 2571 3347 3001 3400; x_wconf 82' lang='lat' dir='ltr'><strong>consurreximus</strong></span> <span class='ocrx_word' id='word_1_638' title='bbox 3031 3360 3149 3398; x_wconf 93' lang='lat' dir='ltr'><strong>cum</strong></span> <span class='ocrx_word' id='word_1_639' title='bbox 3189 3343 3436 3407; x_wconf 90' lang='lat' dir='ltr'><strong>Christo,</strong></span> 
     </span>
    </p>
   </div>
   <div class='ocr_carea' id='block_1_80' title="bbox 1907 3435 3436 3512">
    <p class='ocr_par' dir='ltr' id='par_1_80' title="bbox 1907 3435 3436 3512">
     <span class='ocr_line' id='line_1_80' title="bbox 1907 3435 3436 3512; baseline -0.003 -18"><span class='ocrx_word' id='word_1_640' title='bbox 1907 3443 1994 3512; x_wconf 89' lang='lat' dir='ltr'><strong>qui</strong></span> <span class='ocrx_word' id='word_1_641' title='bbox 2021 3440 2344 3506; x_wconf 88' lang='lat' dir='ltr'><strong>estjustitia,</strong></span> <span class='ocrx_word' id='word_1_642' title='bbox 2375 3447 2428 3492; x_wconf 92' lang='lat' dir='ltr'><strong>et</strong></span> <span class='ocrx_word' id='word_1_643' title='bbox 2470 3439 2520 3490; x_wconf 93' lang='lat' dir='ltr'><strong>in</strong></span> <span class='ocrx_word' id='word_1_644' title='bbox 2564 3436 2795 3489; x_wconf 87' lang='lat' dir='ltr'><strong>novitate</strong></span> <span class='ocrx_word' id='word_1_645' title='bbox 2826 3437 2947 3488; x_wconf 79' lang='lat' dir='ltr'><strong>vita:</strong></span> <span class='ocrx_word' id='word_1_646' title='bbox 2989 3435 3336 3499; x_wconf 88' lang='lat' dir='ltr'><strong>ambulamus,</strong></span> <span class='ocrx_word' id='word_1_647' title='bbox 3381 3446 3436 3491; x_wconf 87' lang='lat' dir='ltr'><strong>ct</strong></span> 
     </span>
    </p>
   </div>
   <div class='ocr_carea' id='block_1_81' title="bbox 1907 3522 3440 3594">
    <p class='ocr_par' dir='ltr' id='par_1_81' title="bbox 1907 3522 3440 3594">
     <span class='ocr_line' id='line_1_81' title="bbox 1907 3522 3440 3594; baseline -0.006 -10"><span class='ocrx_word' id='word_1_648' title='bbox 1907 3529 2194 3584; x_wconf 90' lang='lat' dir='ltr'><strong>secundum</strong></span> <span class='ocrx_word' id='word_1_649' title='bbox 2241 3527 2499 3594; x_wconf 90' lang='lat' dir='ltr'><strong>justitiam</strong></span> <span class='ocrx_word' id='word_1_650' title='bbox 2545 3525 2791 3587; x_wconf 90' lang='lat' dir='ltr'><strong>vivimus,</strong></span> <span class='ocrx_word' id='word_1_651' title='bbox 2833 3524 3069 3576; x_wconf 82' lang='lat' dir='ltr'><strong>surrexit</strong></span> <span class='ocrx_word' id='word_1_652' title='bbox 3101 3523 3252 3577; x_wconf 88' lang='lat' dir='ltr'><strong>nobis</strong></span> <span class='ocrx_word' id='word_1_653' title='bbox 3281 3522 3440 3578; x_wconf 86' lang='lat' dir='ltr'><strong>Chri-</strong></span> 
     </span>
    </p>
   </div>
   <div class='ocr_carea' id='block_1_82' title="bbox 1907 3600 3444 3686">
    <p class='ocr_par' dir='ltr' id='par_1_82' title="bbox 1907 3600 3444 3686">
     <span class='ocr_line' id='line_1_82' title="bbox 1907 3600 3444 3686; baseline -0.005 -10"><span class='ocrx_word' id='word_1_654' title='bbox 1907 3630 2021 3675; x_wconf 85' lang='lat' dir='ltr'><strong>stus</strong></span> <span class='ocrx_word' id='word_1_655' title='bbox 2061 3620 2126 3672; x_wconf 91' lang='lat' dir='ltr'><strong>ad</strong></span> <span class='ocrx_word' id='word_1_656' title='bbox 2167 3619 2599 3686; x_wconf 80' lang='lat' dir='ltr'><strong>justiﬁcationem</strong></span> <span class='ocrx_word' id='word_1_657' title='bbox 2647 3625 2902 3670; x_wconf 86' lang='lat' dir='ltr'><strong>nostram.</strong></span> <span class='ocrx_word' id='word_1_658' title='bbox 2939 3615 2994 3669; x_wconf 89' lang='lat' dir='ltr'><strong>Si</strong></span> <span class='ocrx_word' id='word_1_659' title='bbox 3049 3630 3175 3668; x_wconf 90' lang='lat' dir='ltr'><strong>vero</strong></span> <span class='ocrx_word' id='word_1_660' title='bbox 3205 3600 3444 3668; x_wconf 29' lang='lat' dir='ltr'><strong>nondum.</strong></span> 
     </span>
    </p>
   </div>
   <div class='ocr_carea' id='block_1_83' title="bbox 1907 3703 3435 3774">
    <p class='ocr_par' dir='ltr' id='par_1_83' title="bbox 1907 3703 3435 3774">
     <span class='ocr_line' id='line_1_83' title="bbox 1907 3703 3435 3774; baseline -0.005 -11"><span class='ocrx_word' id='word_1_661' title='bbox 1907 3709 2248 3774; x_wconf 87' lang='lat' dir='ltr'><strong>deposuimus</strong></span> <span class='ocrx_word' id='word_1_662' title='bbox 2296 3717 2525 3761; x_wconf 89' lang='lat' dir='ltr'><strong>veterem</strong></span> <span class='ocrx_word' id='word_1_663' title='bbox 2559 3705 2829 3760; x_wconf 89' lang='lat' dir='ltr'><strong>hominem</strong></span> <span class='ocrx_word' id='word_1_664' title='bbox 2883 3719 3002 3758; x_wconf 91' lang='lat' dir='ltr'><strong>cum</strong></span> <span class='ocrx_word' id='word_1_665' title='bbox 3051 3705 3255 3757; x_wconf 84' lang='lat' dir='ltr'><strong>actibus</strong></span> <span class='ocrx_word' id='word_1_666' title='bbox 3303 3703 3435 3767; x_wconf 89' lang='lat' dir='ltr'><strong>suis,</strong></span> 
     </span>
    </p>
   </div>
   <div class='ocr_carea' id='block_1_84' title="bbox 1909 3795 3437 3867">
    <p class='ocr_par' dir='ltr' id='par_1_84' title="bbox 1909 3795 3437 3867">
     <span class='ocr_line' id='line_1_84' title="bbox 1909 3795 3437 3867; baseline -0.007 -13"><span class='ocrx_word' id='word_1_667' title='bbox 1909 3802 1999 3854; x_wconf 90' lang='lat' dir='ltr'><strong>sed</strong></span> <span class='ocrx_word' id='word_1_668' title='bbox 2029 3800 2080 3852; x_wconf 94' lang='lat' dir='ltr'><strong>in</strong></span> <span class='ocrx_word' id='word_1_669' title='bbox 2121 3799 2376 3867; x_wconf 89' lang='lat' dir='ltr'><strong>injustitia</strong></span> <span class='ocrx_word' id='word_1_670' title='bbox 2408 3798 2633 3851; x_wconf 90' lang='lat' dir='ltr'><strong>vivimus</strong></span> <span class='ocrx_word' id='word_1_671' title='bbox 2657 3837 2671 3860; x_wconf 92' lang='lat'><strong>,</strong></span> <span class='ocrx_word' id='word_1_672' title='bbox 2701 3801 2866 3850; x_wconf 89' lang='lat' dir='ltr'><strong>audeo</strong></span> <span class='ocrx_word' id='word_1_673' title='bbox 2905 3797 3082 3850; x_wconf 89' lang='lat' dir='ltr'><strong>dicere</strong></span> <span class='ocrx_word' id='word_1_674' title='bbox 3117 3795 3256 3861; x_wconf 89' lang='lat' dir='ltr'><strong>quod</strong></span> <span class='ocrx_word' id='word_1_675' title='bbox 3306 3808 3437 3846; x_wconf 88' lang='lat' dir='ltr'><strong>non-</strong></span> 
     </span>
    </p>
   </div>
   <div class='ocr_carea' id='block_1_85' title="bbox 1909 3882 3431 3952">
    <p class='ocr_par' dir='ltr' id='par_1_85' title="bbox 1909 3882 3431 3952">
     <span class='ocr_line' id='line_1_85' title="bbox 1909 3882 3431 3952; baseline -0.007 -9"><span class='ocrx_word' id='word_1_676' title='bbox 1909 3891 2031 3943; x_wconf 88' lang='lat' dir='ltr'><strong>dum</strong></span> <span class='ocrx_word' id='word_1_677' title='bbox 2083 3890 2235 3942; x_wconf 88' lang='lat' dir='ltr'><strong>nobis</strong></span> <span class='ocrx_word' id='word_1_678' title='bbox 2279 3887 2571 3941; x_wconf 83' lang='lat' dir='ltr'><strong>resurrexit</strong></span> <span class='ocrx_word' id='word_1_679' title='bbox 2607 3886 2848 3940; x_wconf 80' lang='lat' dir='ltr'><strong>Christus</strong></span> <span class='ocrx_word' id='word_1_680' title='bbox 2887 3885 2950 3937; x_wconf 91' lang='lat' dir='ltr'><strong>ad</strong></span> <span class='ocrx_word' id='word_1_681' title='bbox 2976 3882 3431 3952; x_wconf 84' lang='lat' dir='ltr'><strong>justiticationem,</strong></span> 
     </span>
    </p>
   </div>
   <div class='ocr_carea' id='block_1_86' title="bbox 1909 3972 3432 4047">
    <p class='ocr_par' dir='ltr' id='par_1_86' title="bbox 1909 3972 3432 4047">
     <span class='ocr_line' id='line_1_86' title="bbox 1909 3972 3432 4047; baseline -0.006 -14"><span class='ocrx_word' id='word_1_682' title='bbox 1909 3993 2004 4033; x_wconf 90' lang='lat' dir='ltr'><strong>nec</strong></span> <span class='ocrx_word' id='word_1_683' title='bbox 2023 3979 2242 4032; x_wconf 88' lang='lat' dir='ltr'><strong>traditus</strong></span> <span class='ocrx_word' id='word_1_684' title='bbox 2274 3989 2359 4032; x_wconf 90' lang='lat' dir='ltr'><strong>est</strong></span> <span class='ocrx_word' id='word_1_685' title='bbox 2387 3990 2600 4047; x_wconf 86' lang='lat' dir='ltr'><strong>propter</strong></span> <span class='ocrx_word' id='word_1_686' title='bbox 2619 3986 2829 4045; x_wconf 89' lang='lat' dir='ltr'><strong>peccata</strong></span> <span class='ocrx_word' id='word_1_687' title='bbox 2853 3983 3055 4027; x_wconf 87' lang='lat' dir='ltr'><strong>nostra.</strong></span> <span class='ocrx_word' id='word_1_688' title='bbox 3081 3972 3136 4024; x_wconf 90' lang='lat' dir='ltr'><strong>Si</strong></span> <span class='ocrx_word' id='word_1_689' title='bbox 3167 3972 3307 4026; x_wconf 92' lang='lat' dir='ltr'><strong>enim</strong></span> <span class='ocrx_word' id='word_1_690' title='bbox 3333 3972 3432 4024; x_wconf 91' lang='lat' dir='ltr'><strong>hoc</strong></span> 
     </span>
    </p>
   </div>
   <div class='ocr_carea' id='block_1_87' title="bbox 1899 4060 3435 4136">
    <p class='ocr_par' dir='ltr' id='par_1_87' title="bbox 1899 4060 3435 4136">
     <span class='ocr_line' id='line_1_87' title="bbox 1899 4060 3435 4136; baseline -0.007 -14"><span class='ocrx_word' id='word_1_691' title='bbox 1899 4069 2088 4131; x_wconf 76' lang='lat' dir='ltr'><strong>,credo,</strong></span> <span class='ocrx_word' id='word_1_692' title='bbox 2125 4067 2558 4136; x_wconf 61' lang='lat' dir='ltr'><strong>quomododllud‘</strong></span> <span class='ocrx_word' id='word_1_693' title='bbox 2602 4082 2752 4129; x_wconf 90' lang='lat' dir='ltr'><strong>amo,</strong></span> <span class='ocrx_word' id='word_1_694' title='bbox 2785 4080 2880 4135; x_wconf 86' lang='lat' dir='ltr'><strong>pro</strong></span> <span class='ocrx_word' id='word_1_695' title='bbox 2928 4079 3034 4132; x_wconf 91' lang='lat' dir='ltr'><strong>quo</strong></span> <span class='ocrx_word' id='word_1_696' title='bbox 3084 4061 3169 4115; x_wconf 91' lang='lat' dir='ltr'><strong>ille</strong></span> <span class='ocrx_word' id='word_1_697' title='bbox 3220 4060 3435 4129; x_wconf 90' lang='lat' dir='ltr'><strong>pertulit</strong></span> 
     </span>
    </p>
   </div>
   <div class='ocr_carea' id='block_1_88' title="bbox 1909 4151 3434 4223">
    <p class='ocr_par' dir='ltr' id='par_1_88' title="bbox 1909 4151 3434 4223">
     <span class='ocr_line' id='line_1_88' title="bbox 1909 4151 3434 4223; baseline -0.007 -10"><span class='ocrx_word' id='word_1_698' title='bbox 1909 4167 2132 4213; x_wconf 89' lang='lat' dir='ltr'><strong>mortem</strong></span> <span class='ocrx_word' id='word_1_699' title='bbox 2157 4159 2180 4211; x_wconf 73' lang='lat' dir='ltr'><strong>‘I</strong></span> <span class='ocrx_word' id='word_1_700' title='bbox 2205 4157 2261 4210; x_wconf 90' lang='lat' dir='ltr'><strong>Si</strong></span> <span class='ocrx_word' id='word_1_701' title='bbox 2288 4157 2388 4211; x_wconf 92' lang='lat' dir='ltr'><strong>hoc</strong></span> <span class='ocrx_word' id='word_1_702' title='bbox 2424 4157 2584 4210; x_wconf 91' lang='lat' dir='ltr'><strong>credo</strong></span> <span class='ocrx_word' id='word_1_703' title='bbox 2621 4155 2758 4223; x_wconf 89' lang='lat' dir='ltr'><strong>quod</strong></span> <span class='ocrx_word' id='word_1_704' title='bbox 2790 4155 2875 4208; x_wconf 90' lang='lat' dir='ltr'><strong>ille</strong></span> <span class='ocrx_word' id='word_1_705' title='bbox 2911 4153 2975 4206; x_wconf 90' lang='lat' dir='ltr'><strong>ad</strong></span> <span class='ocrx_word' id='word_1_706' title='bbox 2999 4151 3434 4218; x_wconf 84' lang='lat' dir='ltr'><strong>justiticationetn</strong></span> 
     </span>
    </p>
   </div>
   <div class='ocr_carea' id='block_1_89' title="bbox 1913 4241 3436 4314">
    <p class='ocr_par' dir='ltr' id='par_1_89' title="bbox 1913 4241 3436 4314">
     <span class='ocr_line' id='line_1_89' title="bbox 1913 4241 3436 4314; baseline -0.008 -13"><span class='ocrx_word' id='word_1_707' title='bbox 1913 4263 2084 4302; x_wconf 90' lang='lat' dir='ltr'><strong>meam</strong></span> <span class='ocrx_word' id='word_1_708' title='bbox 2118 4248 2370 4310; x_wconf 87' lang='lat' dir='ltr'><strong>surrexit,</strong></span> <span class='ocrx_word' id='word_1_709' title='bbox 2415 4247 2678 4314; x_wconf 89' lang='lat' dir='ltr'><strong>quomodo</strong></span> <span class='ocrx_word' id='word_1_710' title='bbox 2721 4246 2848 4298; x_wconf 90' lang='lat' dir='ltr'><strong>mihi</strong></span> <span class='ocrx_word' id='word_1_711' title='bbox 2897 4243 3004 4314; x_wconf 68' lang='grc'>(24)</span> <span class='ocrx_word' id='word_1_712' title='bbox 3039 4241 3289 4311; x_wconf 86' lang='lat' dir='ltr'><strong>injustitia</strong></span> <span class='ocrx_word' id='word_1_713' title='bbox 3323 4243 3436 4308; x_wconf 88' lang='lat' dir='ltr'><strong>pla-</strong></span> 
     </span>
    </p>
   </div>
   <div class='ocr_carea' id='block_1_90' title="bbox 262 4319 3434 4402">
    <p class='ocr_par' dir='ltr' id='par_1_90' title="bbox 262 4319 3434 4402">
     <span class='ocr_line' id='line_1_90' title="bbox 262 4319 3434 4402; baseline -0.003 -10"><span class='ocrx_word' id='word_1_714' title='bbox 262 4338 399 4392; x_wconf 90' lang='lat' dir='ltr'><strong>huic</strong></span> <span class='ocrx_word' id='word_1_715' title='bbox 421 4350 547 4388; x_wconf 88' lang='lat' dir='ltr'><strong>vere</strong></span> <span class='ocrx_word' id='word_1_716' title='bbox 581 4333 712 4386; x_wconf 85' lang='lat' dir='ltr'><strong>lides</strong></span> <span class='ocrx_word' id='word_1_717' title='bbox 739 4339 1018 4399; x_wconf 88' lang='lat' dir='ltr'><strong>reputatur</strong></span> <span class='ocrx_word' id='word_1_718' title='bbox 1053 4329 1117 4382; x_wconf 87' lang='lat' dir='ltr'><strong>ad</strong></span> <span class='ocrx_word' id='word_1_719' title='bbox 1150 4329 1435 4398; x_wconf 91' lang='lat' dir='ltr'><strong>justitiam.</strong></span> <span class='ocrx_word' id='word_1_720' title='bbox 1462 4329 1642 4398; x_wconf 84' lang='lat' dir='ltr'><strong>Neque</strong></span> <span class='ocrx_word' id='word_1_721' title='bbox 1667 4331 1806 4384; x_wconf 90' lang='lat' dir='ltr'><strong>enim</strong></span> <span class='ocrx_word' id='word_1_722' title='bbox 1839 4319 1882 4373; x_wconf 82' lang='grc' dir='ltr'><strong>Ῑ)</strong></span> <span class='ocrx_word' id='word_1_723' title='bbox 1909 4336 2322 4390; x_wconf 81' lang='lat' dir='ltr'><strong>cet?.|ustiilcat</strong></span> <span class='ocrx_word' id='word_1_724' title='bbox 2361 4349 2488 4402; x_wconf 83' lang='lat' dir='ltr'><strong>ergo</strong></span> <span class='ocrx_word' id='word_1_725' title='bbox 2523 4349 2614 4390; x_wconf 89' lang='lat' dir='ltr'><strong>eos</strong></span> <span class='ocrx_word' id='word_1_726' title='bbox 2657 4337 2899 4391; x_wconf 85' lang='lat' dir='ltr'><strong>Christus</strong></span> <span class='ocrx_word' id='word_1_727' title='bbox 2943 4333 3301 4388; x_wconf 87' lang='lat' dir='ltr'><strong>tantummodo</strong></span> <span class='ocrx_word' id='word_1_728' title='bbox 3343 4329 3434 4399; x_wconf 90' lang='lat' dir='ltr'><strong>qui</strong></span> 
     </span>
    </p>
   </div>
   <div class='ocr_carea' id='block_1_91' title="bbox 263 4419 1807 4495">
    <p class='ocr_par' dir='ltr' id='par_1_91' title="bbox 263 4419 1807 4495">
     <span class='ocr_line' id='line_1_91' title="bbox 263 4419 1807 4495; baseline -0.003 -16"><span class='ocrx_word' id='word_1_729' title='bbox 263 4425 530 4495; x_wconf 84' lang='lat' dir='ltr'><strong>possibile</strong></span> <span class='ocrx_word' id='word_1_730' title='bbox 551 4432 636 4478; x_wconf 89' lang='lat' dir='ltr'><strong>est</strong></span> <span class='ocrx_word' id='word_1_731' title='bbox 663 4432 721 4475; x_wconf 92' lang='lat' dir='ltr'><strong>ut</strong></span> <span class='ocrx_word' id='word_1_732' title='bbox 747 4421 960 4474; x_wconf 89' lang='lat' dir='ltr'><strong>habenti</strong></span> <span class='ocrx_word' id='word_1_733' title='bbox 1003 4419 1054 4472; x_wconf 90' lang='lat' dir='ltr'><strong>in</strong></span> <span class='ocrx_word' id='word_1_734' title='bbox 1081 4434 1140 4473; x_wconf 90' lang='lat' dir='ltr'><strong>se</strong></span> <span class='ocrx_word' id='word_1_735' title='bbox 1174 4420 1370 4487; x_wconf 89' lang='lat' dir='ltr'><strong>aliquid</strong></span> <span class='ocrx_word' id='word_1_736' title='bbox 1394 4420 1664 4487; x_wconf 75' lang='lat' dir='ltr'><strong>injustitia:</strong></span> <span class='ocrx_word' id='word_1_737' title='bbox 1688 4437 1807 4489; x_wconf 88' lang='lat' dir='ltr'><strong>pos-</strong></span> 
     </span>
    </p>
   </div>
   <div class='ocr_carea' id='block_1_92' title="bbox 263 4509 1805 4584">
    <p class='ocr_par' dir='ltr' id='par_1_92' title="bbox 263 4509 1805 4584">
     <span class='ocr_line' id='line_1_92' title="bbox 263 4509 1805 4584; baseline -0.004 -14"><span class='ocrx_word' id='word_1_738' title='bbox 263 4518 341 4570; x_wconf 91' lang='lat' dir='ltr'><strong>sit</strong></span> <span class='ocrx_word' id='word_1_739' title='bbox 374 4514 586 4584; x_wconf 90' lang='lat' dir='ltr'><strong>justitia</strong></span> <span class='ocrx_word' id='word_1_740' title='bbox 613 4512 724 4582; x_wconf 83' lang='grc'>(21)</span> <span class='ocrx_word' id='word_1_741' title='bbox 756 4510 1012 4578; x_wconf 88' lang='lat' dir='ltr'><strong>reputari,</strong></span> <span class='ocrx_word' id='word_1_742' title='bbox 1037 4509 1195 4562; x_wconf 89' lang='lat' dir='ltr'><strong>etiam</strong></span> <span class='ocrx_word' id='word_1_743' title='bbox 1225 4510 1270 4564; x_wconf 91' lang='lat' dir='ltr'><strong>si</strong></span> <span class='ocrx_word' id='word_1_744' title='bbox 1291 4511 1473 4564; x_wconf 85' lang='lat' dir='ltr'><strong>credat</strong></span> <span class='ocrx_word' id='word_1_745' title='bbox 1501 4513 1552 4564; x_wconf 92' lang='lat' dir='ltr'><strong>in</strong></span> <span class='ocrx_word' id='word_1_746' title='bbox 1581 4525 1698 4564; x_wconf 89' lang='lat' dir='ltr'><strong>eum</strong></span> <span class='ocrx_word' id='word_1_747' title='bbox 1719 4511 1805 4578; x_wconf 91' lang='lat' dir='ltr'><strong>qui</strong></span> 
     </span>
    </p>
   </div>
   <div class='ocr_carea' id='block_1_93' title="bbox 262 4600 1804 4668">
    <p class='ocr_par' dir='ltr' id='par_1_93' title="bbox 262 4600 1804 4668">
     <span class='ocr_line' id='line_1_93' title="bbox 262 4600 1804 4668; baseline -0.003 -10"><span class='ocrx_word' id='word_1_748' title='bbox 262 4605 559 4659; x_wconf 86' lang='lat' dir='ltr'><strong>suscitavit</strong></span> <span class='ocrx_word' id='word_1_749' title='bbox 608 4603 884 4655; x_wconf 88' lang='lat' dir='ltr'><strong>Dominum</strong></span> <span class='ocrx_word' id='word_1_750' title='bbox 939 4600 1116 4655; x_wconf 79' lang='lat' dir='ltr'><strong>Jesunt</strong></span> <span class='ocrx_word' id='word_1_751' title='bbox 1169 4617 1198 4653; x_wconf 93' lang='lat' dir='ltr'><strong>a</strong></span> <span class='ocrx_word' id='word_1_752' title='bbox 1252 4603 1494 4655; x_wconf 89' lang='lat' dir='ltr'><strong>mortuis.</strong></span> <span class='ocrx_word' id='word_1_753' title='bbox 1545 4601 1804 4668; x_wconf 88' lang='lat' dir='ltr'><strong>lnjustitia</strong></span> 
     </span>
    </p>
   </div>
   <div class='ocr_carea' id='block_1_94' title="bbox 263 4691 1804 4765">
    <p class='ocr_par' dir='ltr' id='par_1_94' title="bbox 263 4691 1804 4765">
     <span class='ocr_line' id='line_1_94' title="bbox 263 4691 1804 4765; baseline -0.003 -16"><span class='ocrx_word' id='word_1_754' title='bbox 263 4709 502 4761; x_wconf 86' lang='lat' dir='ltr'><strong>namque</strong></span> <span class='ocrx_word' id='word_1_755' title='bbox 535 4707 662 4746; x_wconf 92' lang='lat' dir='ltr'><strong>cum</strong></span> <span class='ocrx_word' id='word_1_756' title='bbox 687 4692 890 4765; x_wconf 84' lang='lat' dir='ltr'><strong>justitia</strong></span> <span class='ocrx_word' id='word_1_757' title='bbox 919 4691 1051 4745; x_wconf 90' lang='lat' dir='ltr'><strong>nihil</strong></span> <span class='ocrx_word' id='word_1_758' title='bbox 1078 4698 1251 4760; x_wconf 91' lang='lat' dir='ltr'><strong>potest</strong></span> <span class='ocrx_word' id='word_1_759' title='bbox 1278 4691 1475 4744; x_wconf 87' lang='lat' dir='ltr'><strong>habere</strong></span> <span class='ocrx_word' id='word_1_760' title='bbox 1500 4705 1804 4759; x_wconf 89' lang='lat' dir='ltr'><strong>commune,</strong></span> 
     </span>
    </p>
   </div>
   <div class='ocr_carea' id='block_1_95' title="bbox 1912 4422 3436 4492">
    <p class='ocr_par' dir='ltr' id='par_1_95' title="bbox 1912 4422 3436 4492">
     <span class='ocr_line' id='line_1_95' title="bbox 1912 4422 3436 4492; baseline -0.003 -15"><span class='ocrx_word' id='word_1_761' title='bbox 1912 4439 2098 4477; x_wconf 88' lang='lat' dir='ltr'><strong>novatn</strong></span> <span class='ocrx_word' id='word_1_762' title='bbox 2127 4427 2290 4477; x_wconf 90' lang='lat' dir='ltr'><strong>vitam</strong></span> <span class='ocrx_word' id='word_1_763' title='bbox 2333 4424 2573 4492; x_wconf 85' lang='lat' dir='ltr'><strong>exemplo</strong></span> <span class='ocrx_word' id='word_1_764' title='bbox 2613 4423 3015 4478; x_wconf 87' lang='lat' dir='ltr'><strong>resurrectionis</strong></span> <span class='ocrx_word' id='word_1_765' title='bbox 3050 4422 3210 4490; x_wconf 90' lang='lat' dir='ltr'><strong>ipsius</strong></span> <span class='ocrx_word' id='word_1_766' title='bbox 3256 4433 3436 4472; x_wconf 78' lang='lat' dir='ltr'><strong>Susce-</strong></span> 
     </span>
    </p>
   </div>
   <div class='ocr_carea' id='block_1_96' title="bbox 1907 4510 3434 4582">
    <p class='ocr_par' dir='ltr' id='par_1_96' title="bbox 1907 4510 3434 4582">
     <span class='ocr_line' id='line_1_96' title="bbox 1907 4510 3434 4582; baseline -0.002 -18"><span class='ocrx_word' id='word_1_767' title='bbox 1907 4522 2118 4582; x_wconf 91' lang='lat' dir='ltr'><strong>perunt,</strong></span> <span class='ocrx_word' id='word_1_768' title='bbox 2143 4522 2195 4565; x_wconf 91' lang='lat' dir='ltr'><strong>et</strong></span> <span class='ocrx_word' id='word_1_769' title='bbox 2224 4522 2430 4567; x_wconf 90' lang='lat' dir='ltr'><strong>vetusta</strong></span> <span class='ocrx_word' id='word_1_770' title='bbox 2457 4513 2726 4582; x_wconf 62' lang='lat' dir='ltr'><strong>injustitia:</strong></span> <span class='ocrx_word' id='word_1_771' title='bbox 2765 4521 2924 4580; x_wconf 90' lang='lat' dir='ltr'><strong>atque</strong></span> <span class='ocrx_word' id='word_1_772' title='bbox 2962 4512 3255 4580; x_wconf 87' lang='lat' dir='ltr'><strong>iniquitatis</strong></span> <span class='ocrx_word' id='word_1_773' title='bbox 3279 4510 3434 4562; x_wconf 90' lang='lat' dir='ltr'><strong>indu-</strong></span> 
     </span>
    </p>
   </div>
   <div class='ocr_carea' id='block_1_97' title="bbox 1909 4601 3432 4668">
    <p class='ocr_par' dir='ltr' id='par_1_97' title="bbox 1909 4601 3432 4668">
     <span class='ocr_line' id='line_1_97' title="bbox 1909 4601 3432 4668; baseline -0.002 -13"><span class='ocrx_word' id='word_1_774' title='bbox 1909 4611 2086 4655; x_wconf 88' lang='lat' dir='ltr'><strong>menta</strong></span> <span class='ocrx_word' id='word_1_775' title='bbox 2107 4601 2244 4656; x_wconf 91' lang='lat' dir='ltr'><strong>velut</strong></span> <span class='ocrx_word' id='word_1_776' title='bbox 2276 4617 2488 4656; x_wconf 89' lang='lat' dir='ltr'><strong>causam</strong></span> <span class='ocrx_word' id='word_1_777' title='bbox 2518 4604 2704 4658; x_wconf 89' lang='lat' dir='ltr'><strong>mortis</strong></span> <span class='ocrx_word' id='word_1_778' title='bbox 2737 4602 3011 4668; x_wconf 87' lang='lat' dir='ltr'><strong>abjiciunt.</strong></span> <span class='ocrx_word' id='word_1_779' title='bbox 3048 4603 3149 4655; x_wconf 90' lang='lat' dir='ltr'><strong>Sed</strong></span> <span class='ocrx_word' id='word_1_780' title='bbox 3189 4601 3314 4653; x_wconf 88' lang='lat' dir='ltr'><strong>illttd</strong></span> <span class='ocrx_word' id='word_1_781' title='bbox 3339 4615 3432 4652; x_wconf 87' lang='lat' dir='ltr'><strong>ve-</strong></span> 
     </span>
    </p>
   </div>
   <div class='ocr_carea' id='block_1_98' title="bbox 1908 4691 3433 4760">
    <p class='ocr_par' dir='ltr' id='par_1_98' title="bbox 1908 4691 3433 4760">
     <span class='ocr_line' id='line_1_98' title="bbox 1908 4691 3433 4760; baseline -0.001 -15"><span class='ocrx_word' id='word_1_782' title='bbox 1908 4691 2000 4746; x_wconf 91' lang='lat' dir='ltr'><strong>lim</strong></span> <span class='ocrx_word' id='word_1_783' title='bbox 2032 4691 2325 4759; x_wconf 88' lang='lat' dir='ltr'><strong>requirere,</strong></span> <span class='ocrx_word' id='word_1_784' title='bbox 2367 4693 2410 4746; x_wconf 89' lang='lat' dir='ltr'><strong>si</strong></span> <span class='ocrx_word' id='word_1_785' title='bbox 2435 4706 2530 4760; x_wconf 90' lang='lat' dir='ltr'><strong>pro</strong></span> <span class='ocrx_word' id='word_1_786' title='bbox 2568 4692 2668 4747; x_wconf 91' lang='lat' dir='ltr'><strong>hoc</strong></span> <span class='ocrx_word' id='word_1_787' title='bbox 2696 4693 2806 4746; x_wconf 90' lang='lat' dir='ltr'><strong>solo</strong></span> <span class='ocrx_word' id='word_1_788' title='bbox 2843 4693 2972 4746; x_wconf 90' lang='lat' dir='ltr'><strong>dicit</strong></span> <span class='ocrx_word' id='word_1_789' title='bbox 3006 4693 3286 4760; x_wconf 83' lang='lat' dir='ltr'><strong>Apostolus</strong></span> <span class='ocrx_word' id='word_1_790' title='bbox 3308 4694 3433 4758; x_wconf 89' lang='lat' dir='ltr'><strong>quia</strong></span> 
     </span>
    </p>
   </div>
   <div class='ocr_carea' id='block_1_99' title="bbox 300 4825 3432 4900">
    <p class='ocr_par' dir='ltr' id='par_1_99' title="bbox 300 4825 3432 4900">
     <span class='ocr_line' id='line_1_99' title="bbox 300 4825 3432 4900; baseline -0.003 -13"><span class='ocrx_word' id='word_1_791' title='bbox 300 4834 368 4865; x_wconf 81' lang='grc'><strong>’⁸³</strong></span> <span class='ocrx_word' id='word_1_792' title='bbox 393 4833 551 4887; x_wconf 81' lang='lat' dir='ltr'><strong>Joan.</strong></span> <span class='ocrx_word' id='word_1_793' title='bbox 570 4845 687 4891; x_wconf 87' lang='lat' dir='ltr'><strong>vm.</strong></span> <span class='ocrx_word' id='word_1_794' title='bbox 715 4829 802 4885; x_wconf 87' lang='lat'><strong>56.</strong></span> <span class='ocrx_word' id='word_1_795' title='bbox 875 4830 922 4900; x_wconf 55' lang='grc' dir='ltr'><em>ἐ</em></span> <span class='ocrx_word' id='word_1_796' title='bbox 943 4827 1097 4900; x_wconf 77' lang='lat' dir='ltr'><strong>Rom.</strong></span> <span class='ocrx_word' id='word_1_797' title='bbox 1116 4828 1294 4900; x_wconf 27' lang='lat' dir='ltr'><strong>At_V,_3._</strong></span> <span class='ocrx_word' id='word_1_798' title='bbox 1347 4828 1436 4881; x_wconf 75' lang='lat'><strong>&quot;1</strong></span> <span class='ocrx_word' id='word_1_799' title='bbox 1464 4829 1584 4884; x_wconf 92' lang='lat' dir='ltr'><strong>Cor.</strong></span> <span class='ocrx_word' id='word_1_800' title='bbox 1603 4832 1854 4898; x_wconf 65' lang='lat'><strong>1,24,50;</strong></span> <span class='ocrx_word' id='word_1_801' title='bbox 1883 4835 2078 4896; x_wconf 62' lang='lat' dir='ltr'><strong>Joann,</strong></span> <span class='ocrx_word' id='word_1_802' title='bbox 2107 4836 2156 4899; x_wconf 86' lang='lat'><strong>1;</strong></span> <span class='ocrx_word' id='word_1_803' title='bbox 2188 4849 2295 4895; x_wconf 80' lang='lat' dir='ltr'><strong>xw,</strong></span> <span class='ocrx_word' id='word_1_804' title='bbox 2319 4833 2371 4886; x_wconf 83' lang='lat'><strong>6.</strong></span> <span class='ocrx_word' id='word_1_805' title='bbox 2444 4833 2489 4864; x_wconf 80' lang='lat'>&quot;</span> <span class='ocrx_word' id='word_1_806' title='bbox 2514 4831 2704 4900; x_wconf 86' lang='lat' dir='ltr'><strong>Ephes.</strong></span> <span class='ocrx_word' id='word_1_807' title='bbox 2726 4847 2779 4900; x_wconf 76' lang='lat' dir='ltr'><strong>ii.</strong></span> <span class='ocrx_word' id='word_1_808' title='bbox 2806 4830 2857 4881; x_wconf 85' lang='lat'><strong>6.</strong></span> <span class='ocrx_word' id='word_1_809' title='bbox 2919 4829 2961 4860; x_wconf 78' lang='grc'><strong>’⁷</strong></span> <span class='ocrx_word' id='word_1_810' title='bbox 2995 4828 3145 4900; x_wconf 69' lang='lat' dir='ltr'><strong>Rom.</strong></span> <span class='ocrx_word' id='word_1_811' title='bbox 3175 4825 3319 4900; x_wconf 56' lang='grc' dir='ltr'><strong>γωδ,</strong></span> <span class='ocrx_word' id='word_1_812' title='bbox 3344 4825 3432 4888; x_wconf 89' lang='lat'><strong>10,</strong></span> 
     </span>
    </p>
   </div>
   <div class='ocr_carea' id='block_1_100' title="bbox 264 4903 1044 5034">
    <p class='ocr_par' dir='ltr' id='par_1_100' title="bbox 264 4903 1044 5034">
     <span class='ocr_line' id='line_1_100' title="bbox 265 4903 1039 4960; baseline -0.006 -5"><span class='ocrx_word' id='word_1_813' title='bbox 265 4903 358 4956; x_wconf 89' lang='lat'><strong>11.</strong></span> <span class='ocrx_word' id='word_1_814' title='bbox 432 4904 479 4935; x_wconf 76' lang='lat'>&quot;</span> <span class='ocrx_word' id='word_1_815' title='bbox 517 4903 722 4953; x_wconf 73' lang='lat' dir='ltr'><strong>Coloss.</strong></span> <span class='ocrx_word' id='word_1_816' title='bbox 767 4913 846 4960; x_wconf 90' lang='lat' dir='ltr'><strong>Ill,</strong></span> <span class='ocrx_word' id='word_1_817' title='bbox 905 4903 952 4959; x_wconf 94' lang='lat'><strong>1,</strong></span> <span class='ocrx_word' id='word_1_818' title='bbox 984 4903 1039 4950; x_wconf 83' lang='grc'>2.</span> 
     </span>
     <span class='ocr_line' id='line_1_101' title="bbox 264 4965 1044 5034; baseline -0.005 -10"><span class='ocrx_word' id='word_1_819' title='bbox 264 4986 352 5033; x_wconf 83' lang='grc' dir='ltr'>ιιι,</span> <span class='ocrx_word' id='word_1_820' title='bbox 379 4971 432 5034; x_wconf 92' lang='lat'><strong>9,</strong></span> <span class='ocrx_word' id='word_1_821' title='bbox 469 4969 560 5022; x_wconf 89' lang='lat'><strong>10.</strong></span> <span class='ocrx_word' id='word_1_822' title='bbox 633 4968 656 4998; x_wconf 83' lang='grc'>⁸</span> <span class='ocrx_word' id='word_1_823' title='bbox 683 4967 834 5021; x_wconf 76' lang='lat' dir='ltr'><strong>Rom.</strong></span> <span class='ocrx_word' id='word_1_824' title='bbox 862 4981 934 5029; x_wconf 85' lang='lat' dir='ltr'><strong>tv,</strong></span> <span class='ocrx_word' id='word_1_825' title='bbox 956 4965 1044 5020; x_wconf 82' lang='grc'><strong>25.</strong></span> 
     </span>
    </p>
   </div>
   <div class='ocr_carea' id='block_1_101' title="bbox 258 5099 1806 5176">
    <p class='ocr_par' dir='ltr' id='par_1_101' title="bbox 258 5099 1806 5176">
     <span class='ocr_line' id='line_1_102' title="bbox 258 5099 1806 5176; baseline -0.004 -14"><span class='ocrx_word' id='word_1_826' title='bbox 258 5109 404 5176; x_wconf 75' lang='lat' dir='ltr'><strong>jec1a</strong></span> <span class='ocrx_word' id='word_1_827' title='bbox 454 5105 779 5166; x_wconf 78' lang='lat' dir='ltr'><strong>inStituere,</strong></span> <span class='ocrx_word' id='word_1_828' title='bbox 813 5104 916 5176; x_wconf 89' lang='lat' dir='ltr'><strong>hoc</strong></span> <span class='ocrx_word' id='word_1_829' title='bbox 966 5111 1143 5176; x_wconf 78' lang='lat' dir='ltr'><strong>autem</strong></span> <span class='ocrx_word' id='word_1_830' title='bbox 1195 5099 1395 5176; x_wconf 70' lang='lat' dir='ltr'><strong>deiecta</strong></span> <span class='ocrx_word' id='word_1_831' title='bbox 1423 5102 1746 5176; x_wconf 47' lang='lat' dir='ltr'><strong>restituere.</strong></span> <span class='ocrx_word' id='word_1_832' title='bbox 1786 5121 1806 5156; x_wconf 74' lang='grc' dir='ltr'><strong><em>ι</em></strong></span> 
     </span>
    </p>
   </div>
   <div class='ocr_carea' id='block_1_102' title="bbox 266 5166 1815 5237">
    <p class='ocr_par' dir='ltr' id='par_1_102' title="bbox 266 5166 1815 5237">
     <span class='ocr_line' id='line_1_103' title="bbox 266 5166 1815 5237; baseline -0.007 -9"><span class='ocrx_word' id='word_1_833' title='bbox 266 5166 374 5230; x_wconf 77' lang='lat' dir='ltr'><strong>Sed</strong></span> <span class='ocrx_word' id='word_1_834' title='bbox 408 5177 631 5228; x_wconf 88' lang='lat' dir='ltr'><strong>codices</strong></span> <span class='ocrx_word' id='word_1_835' title='bbox 663 5173 831 5224; x_wconf 85' lang='lat' dir='ltr'><strong>nostri</strong></span> <span class='ocrx_word' id='word_1_836' title='bbox 861 5185 988 5223; x_wconf 88' lang='lat' dir='ltr'><strong>mss.</strong></span> <span class='ocrx_word' id='word_1_837' title='bbox 1018 5166 1332 5237; x_wconf 7' lang='lat' dir='ltr'><strong>legunt,g_alii</strong></span> <span class='ocrx_word' id='word_1_838' title='bbox 1353 5183 1371 5216; x_wconf 74' lang='grc' dir='ltr'><strong>ε</strong></span> <span class='ocrx_word' id='word_1_839' title='bbox 1406 5166 1647 5231; x_wconf 65' lang='lat' dir='ltr'><strong>dilecta,»</strong></span> <span class='ocrx_word' id='word_1_840' title='bbox 1679 5172 1815 5224; x_wconf 76' lang='lat' dir='ltr'><strong>sicut</strong></span> 
     </span>
    </p>
   </div>
   <div class='ocr_carea' id='block_1_103' title="bbox 265 5233 1806 5305">
    <p class='ocr_par' dir='ltr' id='par_1_103' title="bbox 265 5233 1806 5305">
     <span class='ocr_line' id='line_1_104' title="bbox 265 5233 1806 5305; baseline -0.004 -9"><span class='ocrx_word' id='word_1_841' title='bbox 265 5256 324 5297; x_wconf 83' lang='lat' dir='ltr'><strong>et</strong></span> <span class='ocrx_word' id='word_1_842' title='bbox 357 5245 648 5305; x_wconf 69' lang='lat' dir='ltr'><strong>liabanus;</strong></span> <span class='ocrx_word' id='word_1_843' title='bbox 685 5239 796 5301; x_wconf 86' lang='lat' dir='ltr'><strong>alii,</strong></span> <span class='ocrx_word' id='word_1_844' title='bbox 830 5257 848 5290; x_wconf 85' lang='grc'><strong><em>‹</em></strong></span> <span class='ocrx_word' id='word_1_845' title='bbox 881 5233 1094 5300; x_wconf 68' lang='grc' dir='ltr'><strong>όθιθιειξ</strong></span> <span class='ocrx_word' id='word_1_846' title='bbox 1132 5254 1168 5305; x_wconf 77' lang='lat' dir='ltr'><strong>i_</strong></span> <span class='ocrx_word' id='word_1_847' title='bbox 1186 5233 1284 5305; x_wconf 74' lang='lat' dir='ltr'><strong>alii</strong></span> <span class='ocrx_word' id='word_1_848' title='bbox 1308 5248 1436 5305; x_wconf 80' lang='lat' dir='ltr'><strong>vero</strong></span> <span class='ocrx_word' id='word_1_849' title='bbox 1466 5251 1484 5284; x_wconf 74' lang='grc' dir='ltr'>ι</span> <span class='ocrx_word' id='word_1_850' title='bbox 1521 5237 1752 5304; x_wconf 88' lang='lat' dir='ltr'><strong>dirupta.</strong></span> <span class='ocrx_word' id='word_1_851' title='bbox 1787 5258 1806 5290; x_wconf 75' lang='grc' dir='ltr'><strong><em>ι</em></strong></span> 
     </span>
    </p>
   </div>
   <div class='ocr_carea' id='block_1_104' title="bbox 344 5301 1598 5377">
    <p class='ocr_par' dir='ltr' id='par_1_104' title="bbox 344 5301 1598 5377">
     <span class='ocr_line' id='line_1_105' title="bbox 344 5301 1598 5377; baseline -0.009 -14"><span class='ocrx_word' id='word_1_852' title='bbox 344 5313 452 5377; x_wconf 84' lang='grc'>(19)</span> <span class='ocrx_word' id='word_1_853' title='bbox 487 5309 569 5362; x_wconf 81' lang='lat' dir='ltr'><strong>Ad</strong></span> <span class='ocrx_word' id='word_1_854' title='bbox 591 5301 867 5374; x_wconf 75' lang='lat' dir='ltr'><strong>justitiam.</strong></span> <span class='ocrx_word' id='word_1_855' title='bbox 895 5306 1053 5377; x_wconf 81' lang='lat' dir='ltr'><strong>Edili,</strong></span> <span class='ocrx_word' id='word_1_856' title='bbox 1089 5321 1108 5354; x_wconf 70' lang='grc' dir='ltr'>ι</span> <span class='ocrx_word' id='word_1_857' title='bbox 1143 5303 1233 5377; x_wconf 80' lang='lat' dir='ltr'><strong>Dei</strong></span> <span class='ocrx_word' id='word_1_858' title='bbox 1263 5301 1546 5377; x_wconf 76' lang='lat' dir='ltr'><strong>justitiam.</strong></span> <span class='ocrx_word' id='word_1_859' title='bbox 1578 5321 1598 5352; x_wconf 74' lang='grc' dir='ltr'><strong><em>ι</em></strong></span> 
     </span>
    </p>
   </div>
   <div class='ocr_carea' id='block_1_105' title="bbox 344 5370 1804 5449">
    <p class='ocr_par' dir='ltr' id='par_1_105' title="bbox 344 5370 1804 5449">
     <span class='ocr_line' id='line_1_106' title="bbox 344 5370 1804 5449; baseline 0.002 -26"><span class='ocrx_word' id='word_1_860' title='bbox 486 5377 554 5430; x_wconf 82' lang='grc' dir='ltr'><strong>ιη</strong></span> <span class='ocrx_word' id='word_1_861' title='bbox 591 5370 1236 5449; x_wconf 36' lang='grc' dir='ltr'><strong>ᾕάε,ηοεινᾳ.ρροειοίιξξ.</strong></span> <span class='ocrx_word' id='word_1_862' title='bbox 1271 5378 1392 5449; x_wconf 54' lang='grc' dir='ltr'>ῳολ</span> <span class='ocrx_word' id='word_1_863' title='bbox 1407 5370 1495 5449; x_wconf 76' lang='lat' dir='ltr'><strong>Sic</strong></span> <span class='ocrx_word' id='word_1_864' title='bbox 1535 5379 1681 5449; x_wconf 79' lang='lat' dir='ltr'><strong>recte</strong></span> <span class='ocrx_word' id='word_1_865' title='bbox 1703 5372 1804 5426; x_wconf 90' lang='lat' dir='ltr'><strong>duo</strong></span> 
     </span>
    </p>
   </div>
   <div class='ocr_carea' id='block_1_106' title="bbox 266 5435 1804 5515">
    <p class='ocr_par' dir='ltr' id='par_1_106' title="bbox 266 5435 1804 5515">
     <span class='ocr_line' id='line_1_107' title="bbox 266 5435 1804 5515; baseline -0.006 -17"><span class='ocrx_word' id='word_1_866' title='bbox 266 5435 506 5515; x_wconf 65' lang='lat' dir='ltr'><strong>prtitores</strong></span> <span class='ocrx_word' id='word_1_867' title='bbox 537 5435 670 5496; x_wconf 71' lang='lat' dir='ltr'><strong>inss.</strong></span> <span class='ocrx_word' id='word_1_868' title='bbox 693 5441 858 5510; x_wconf 80' lang='lat' dir='ltr'><strong>Regii.</strong></span> <span class='ocrx_word' id='word_1_869' title='bbox 883 5435 1060 5494; x_wconf 53' lang='lat' dir='ltr'><strong>Alii&#39;et</strong></span> <span class='ocrx_word' id='word_1_870' title='bbox 1079 5437 1257 5499; x_wconf 76' lang='lat' dir='ltr'><strong>editi,t</strong></span> <span class='ocrx_word' id='word_1_871' title='bbox 1290 5435 1344 5491; x_wconf 89' lang='lat' dir='ltr'><strong>in</strong></span> <span class='ocrx_word' id='word_1_872' title='bbox 1363 5436 1464 5491; x_wconf 84' lang='lat' dir='ltr'><strong>ﬁde</strong></span> <span class='ocrx_word' id='word_1_873' title='bbox 1493 5453 1630 5491; x_wconf 86' lang='lat' dir='ltr'><strong>nunc</strong></span> <span class='ocrx_word' id='word_1_874' title='bbox 1658 5440 1804 5506; x_wconf 75' lang='lat' dir='ltr'><strong>Apo-</strong></span> 
     </span>
    </p>
   </div>
   <div class='ocr_carea' id='block_1_107' title="bbox 265 5519 642 5579">
    <p class='ocr_par' dir='ltr' id='par_1_107' title="bbox 265 5519 642 5579">
     <span class='ocr_line' id='line_1_108' title="bbox 265 5519 642 5579; baseline -0.021 -9"><span class='ocrx_word' id='word_1_875' title='bbox 265 5519 454 5579; x_wconf 71' lang='lat' dir='ltr'><strong>SIolus,</strong></span> <span class='ocrx_word' id='word_1_876' title='bbox 490 5533 510 5564; x_wconf 71' lang='grc' dir='ltr'><strong><em>ι</em></strong></span> <span class='ocrx_word' id='word_1_877' title='bbox 536 5521 642 5564; x_wconf 89' lang='lat' dir='ltr'><strong>etc.</strong></span> 
     </span>
    </p>
   </div>
   <div class='ocr_carea' id='block_1_108' title="bbox 341 5575 1039 5646">
    <p class='ocr_par' dir='ltr' id='par_1_108' title="bbox 341 5575 1039 5646">
     <span class='ocr_line' id='line_1_109' title="bbox 341 5575 1039 5646; baseline -0.017 -9"><span class='ocrx_word' id='word_1_878' title='bbox 341 5575 451 5645; x_wconf 77' lang='grc'>(21)</span> <span class='ocrx_word' id='word_1_879' title='bbox 484 5582 656 5638; x_wconf 80' lang='lat' dir='ltr'><strong>Alias.</strong></span> <span class='ocrx_word' id='word_1_880' title='bbox 701 5595 720 5629; x_wconf 75' lang='grc' dir='ltr'>ί</span> <span class='ocrx_word' id='word_1_881' title='bbox 753 5575 982 5646; x_wconf 59' lang='lat' dir='ltr'><strong>justitia.</strong></span> <span class='ocrx_word' id='word_1_882' title='bbox 1021 5591 1039 5623; x_wconf 73' lang='grc' dir='ltr'>ι</span> 
     </span>
    </p>
   </div>
   <div class='ocr_carea' id='block_1_109' title="bbox 432 4894 1821 4964">
    <p class='ocr_par' dir='ltr' id='par_1_109' title="bbox 432 4894 1821 4964">
     <span class='ocr_line' id='line_1_110' title="bbox 432 4894 1821 4964; baseline 0.005 -14"><span class='ocrx_word' id='word_1_883' title='bbox 432 4904 479 4935; x_wconf 67' lang='grc'><strong>’⁸</strong></span> <span class='ocrx_word' id='word_1_884' title='bbox 517 4901 722 4953; x_wconf 65' lang='lat' dir='ltr'><strong>Colossi.</strong></span> <span class='ocrx_word' id='word_1_885' title='bbox 767 4913 846 4960; x_wconf 90' lang='lat' dir='ltr'><strong>Ill,</strong></span> <span class='ocrx_word' id='word_1_886' title='bbox 905 4899 952 4959; x_wconf 93' lang='lat'><strong>1,</strong></span> <span class='ocrx_word' id='word_1_887' title='bbox 984 4897 1039 4950; x_wconf 83' lang='grc'>2.</span> <span class='ocrx_word' id='word_1_888' title='bbox 1112 4896 1157 4928; x_wconf 81' lang='grc'><strong>⁸⁸</strong></span> <span class='ocrx_word' id='word_1_889' title='bbox 1185 4897 1225 4950; x_wconf 88' lang='lat' dir='ltr'><strong>ll</strong></span> <span class='ocrx_word' id='word_1_890' title='bbox 1256 4896 1376 4950; x_wconf 91' lang='lat' dir='ltr'><strong>Cor.</strong></span> <span class='ocrx_word' id='word_1_891' title='bbox 1409 4912 1479 4962; x_wconf 87' lang='lat' dir='ltr'><strong>vi,</strong></span> <span class='ocrx_word' id='word_1_892' title='bbox 1535 4894 1742 4964; x_wconf 62' lang='lat'><strong>14,15.</strong></span> <span class='ocrx_word' id='word_1_893' title='bbox 1815 4907 1821 4934; x_wconf 82' lang='grc'>²</span> 
     </span>
    </p>
   </div>
   <div class='ocr_carea' id='block_1_110' title="bbox 1922 4894 3428 4964">
    <p class='ocr_par' dir='ltr' id='par_1_110' title="bbox 1922 4894 3428 4964">
     <span class='ocr_line' id='line_1_111' title="bbox 1922 4894 3428 4964; baseline -0.005 -7"><span class='ocrx_word' id='word_1_894' title='bbox 1922 4894 2238 4964; x_wconf 58' lang='grc' dir='ltr'><strong>ποεεέιιιζυ.</strong></span> <span class='ocrx_word' id='word_1_895' title='bbox 2285 4894 2475 4955; x_wconf 40' lang='grc' dir='ltr'><strong>ίειίυῑιι.</strong></span> <span class='ocrx_word' id='word_1_896' title='bbox 2523 4894 2607 4953; x_wconf 76' lang='lat' dir='ltr'><strong>iii.</strong></span> <span class='ocrx_word' id='word_1_897' title='bbox 2679 4899 2877 4952; x_wconf 76' lang='lat' dir='ltr'><strong>&#39;Rom.</strong></span> <span class='ocrx_word' id='word_1_898' title='bbox 2911 4912 2984 4959; x_wconf 76' lang='grc' dir='ltr'><strong>ιν,</strong></span> <span class='ocrx_word' id='word_1_899' title='bbox 3019 4895 3107 4949; x_wconf 73' lang='lat'><strong>25.</strong></span> <span class='ocrx_word' id='word_1_900' title='bbox 3179 4894 3428 4950; x_wconf 69' lang='lat' dir='ltr'><strong>‘Coloss.</strong></span> 
     </span>
    </p>
   </div>
   <div class='ocr_carea' id='block_1_111' title="bbox 1984 5092 3434 5171">
    <p class='ocr_par' dir='ltr' id='par_1_111' title="bbox 1984 5092 3434 5171">
     <span class='ocr_line' id='line_1_112' title="bbox 1984 5092 3434 5171; baseline -0.012 -16"><span class='ocrx_word' id='word_1_901' title='bbox 1984 5101 2092 5171; x_wconf 85' lang='grc'>(22)</span> <span class='ocrx_word' id='word_1_902' title='bbox 2130 5099 2217 5154; x_wconf 88' lang='lat' dir='ltr'><strong>Sic</strong></span> <span class='ocrx_word' id='word_1_903' title='bbox 2252 5115 2376 5152; x_wconf 90' lang='lat' dir='ltr'><strong>mss.</strong></span> <span class='ocrx_word' id='word_1_904' title='bbox 2413 5098 2598 5171; x_wconf 81' lang='lat' dir='ltr'><strong>nostri,</strong></span> <span class='ocrx_word' id='word_1_905' title='bbox 2631 5097 2948 5171; x_wconf 75' lang='lat' dir='ltr'><strong>Salodiantis</strong></span> <span class='ocrx_word' id='word_1_906' title='bbox 2967 5103 3020 5147; x_wconf 88' lang='lat' dir='ltr'><strong>et</strong></span> <span class='ocrx_word' id='word_1_907' title='bbox 3044 5092 3313 5171; x_wconf 73' lang='lat' dir='ltr'><strong>h1erlinus.</strong></span> <span class='ocrx_word' id='word_1_908' title='bbox 3334 5093 3434 5150; x_wconf 83' lang='lat' dir='ltr'><strong>Ge.</strong></span> 
     </span>
    </p>
   </div>
   <div class='ocr_carea' id='block_1_112' title="bbox 1917 5163 3436 5230">
    <p class='ocr_par' dir='ltr' id='par_1_112' title="bbox 1917 5163 3436 5230">
     <span class='ocr_line' id='line_1_113' title="bbox 1917 5163 3436 5230; baseline -0.005 -6"><span class='ocrx_word' id='word_1_909' title='bbox 1917 5163 2208 5224; x_wconf 61' lang='lat' dir='ltr'><strong>ncbra&#39;rdus</strong></span> <span class='ocrx_word' id='word_1_910' title='bbox 2232 5184 2374 5230; x_wconf 89' lang='lat' dir='ltr'><strong>vero,</strong></span> <span class='ocrx_word' id='word_1_911' title='bbox 2404 5182 2423 5216; x_wconf 69' lang='grc' dir='ltr'><strong><em>ι</em></strong></span> <span class='ocrx_word' id='word_1_912' title='bbox 2463 5167 2762 5219; x_wconf 86' lang='lat' dir='ltr'><strong>indumenta</strong></span> <span class='ocrx_word' id='word_1_913' title='bbox 2792 5163 3028 5229; x_wconf 69' lang='lat' dir='ltr'><strong>alijiciat,</strong></span> <span class='ocrx_word' id='word_1_914' title='bbox 3057 5170 3110 5212; x_wconf 91' lang='lat' dir='ltr'><strong>et</strong></span> <span class='ocrx_word' id='word_1_915' title='bbox 3160 5175 3348 5230; x_wconf 87' lang='lat' dir='ltr'><strong>novum</strong></span> <span class='ocrx_word' id='word_1_916' title='bbox 3379 5182 3436 5217; x_wconf 77' lang='lat' dir='ltr'><strong>se</strong></span> 
     </span>
    </p>
   </div>
   <div class='ocr_carea' id='block_1_113' title="bbox 1915 5229 3436 5314">
    <p class='ocr_par' dir='ltr' id='par_1_113' title="bbox 1915 5229 3436 5314">
     <span class='ocr_line' id='line_1_114' title="bbox 1915 5229 3436 5314; baseline -0.003 -25"><span class='ocrx_word' id='word_1_917' title='bbox 1915 5238 2148 5314; x_wconf 70' lang='lat' dir='ltr'><strong>indiicat,</strong></span> <span class='ocrx_word' id='word_1_918' title='bbox 2186 5254 2204 5285; x_wconf 73' lang='grc' dir='ltr'><strong><em>ι</em></strong></span> <span class='ocrx_word' id='word_1_919' title='bbox 2233 5245 2363 5298; x_wconf 89' lang='lat' dir='ltr'><strong>etc.,</strong></span> <span class='ocrx_word' id='word_1_920' title='bbox 2387 5248 2482 5304; x_wconf 91' lang='lat' dir='ltr'><strong>pro</strong></span> <span class='ocrx_word' id='word_1_921' title='bbox 2510 5250 2529 5282; x_wconf 69' lang='grc' dir='ltr'><strong><em>ι</em></strong></span> <span class='ocrx_word' id='word_1_922' title='bbox 2563 5234 2763 5298; x_wconf 87' lang='lat' dir='ltr'><strong>induat,</strong></span> <span class='ocrx_word' id='word_1_923' title='bbox 2786 5249 2806 5282; x_wconf 72' lang='grc' dir='ltr'><strong><em>ι</em></strong></span> <span class='ocrx_word' id='word_1_924' title='bbox 2829 5241 2886 5282; x_wconf 91' lang='lat' dir='ltr'><strong>ut</strong></span> <span class='ocrx_word' id='word_1_925' title='bbox 2914 5231 3089 5295; x_wconf 85' lang='lat' dir='ltr'><strong>legunt</strong></span> <span class='ocrx_word' id='word_1_926' title='bbox 3116 5229 3436 5286; x_wconf 78' lang='lat' dir='ltr'><strong>Salodianus</strong></span> 
     </span>
    </p>
   </div>
   <div class='ocr_carea' id='block_1_114' title="bbox 1905 5305 3438 5442">
    <p class='ocr_par' dir='ltr' id='par_1_114' title="bbox 1905 5305 3438 5442">
     <span class='ocr_line' id='line_1_115' title="bbox 1905 5305 2246 5359; baseline -0.009 0"><span class='ocrx_word' id='word_1_927' title='bbox 1905 5317 1955 5359; x_wconf 85' lang='lat' dir='ltr'><strong>el</strong></span> <span class='ocrx_word' id='word_1_928' title='bbox 1981 5305 2246 5358; x_wconf 84' lang='lat' dir='ltr'><strong>Merlittus.</strong></span> 
     </span>
     <span class='ocr_line' id='line_1_116' title="bbox 1977 5361 3438 5442; baseline -0.004 -18"><span class='ocrx_word' id='word_1_929' title='bbox 1977 5374 2084 5442; x_wconf 78' lang='grc'>(25)</span> <span class='ocrx_word' id='word_1_930' title='bbox 2117 5371 2280 5434; x_wconf 83' lang='lat' dir='ltr'><strong>Alias,</strong></span> <span class='ocrx_word' id='word_1_931' title='bbox 2317 5387 2336 5419; x_wconf 70' lang='grc' dir='ltr'>ι</span> <span class='ocrx_word' id='word_1_932' title='bbox 2369 5369 2508 5438; x_wconf 91' lang='lat' dir='ltr'><strong>quod</strong></span> <span class='ocrx_word' id='word_1_933' title='bbox 2551 5379 2634 5423; x_wconf 89' lang='lat' dir='ltr'><strong>est</strong></span> <span class='ocrx_word' id='word_1_934' title='bbox 2672 5380 2858 5422; x_wconf 89' lang='lat' dir='ltr'><strong>verum</strong></span> <span class='ocrx_word' id='word_1_935' title='bbox 2899 5361 3117 5430; x_wconf 66' lang='lat' dir='ltr'><strong>iustitiae</strong></span> <span class='ocrx_word' id='word_1_936' title='bbox 3154 5362 3438 5419; x_wconf 88' lang='lat' dir='ltr'><strong>indumen-</strong></span> 
     </span>
    </p>
   </div>
   <div class='ocr_carea' id='block_1_115' title="bbox 1908 5449 3100 5579">
    <p class='ocr_par' dir='ltr' id='par_1_115' title="bbox 1908 5449 3100 5579">
     <span class='ocr_line' id='line_1_117' title="bbox 1908 5449 3100 5579; baseline 0.015 -31"><span class='ocrx_word' id='word_1_937' title='bbox 1908 5449 2094 5579; x_wconf 57' lang='grc' dir='ltr'><strong>ωῗξι)</strong></span> <span class='ocrx_word' id='word_1_938' title='bbox 2125 5504 2273 5562; x_wconf 80' lang='lat' dir='ltr'><strong>Mihi.</strong></span> <span class='ocrx_word' id='word_1_939' title='bbox 2297 5505 2635 5560; x_wconf 86' lang='lat' dir='ltr'><strong>Desideratur</strong></span> <span class='ocrx_word' id='word_1_940' title='bbox 2657 5506 2708 5558; x_wconf 88' lang='lat' dir='ltr'><strong>in</strong></span> <span class='ocrx_word' id='word_1_941' title='bbox 2734 5511 2901 5558; x_wconf 83' lang='lat' dir='ltr'><strong>antea</strong></span> <span class='ocrx_word' id='word_1_942' title='bbox 2925 5497 3100 5551; x_wconf 58' lang='lat' dir='ltr'><strong>editis-</strong></span> 
     </span>
    </p>
   </div>
  </div>
