3836 6224
363 299 453 352 )87

360 499 444 549 sed
467 507 518 549 et
547 507 761 563 propter
783 510 877 546 nos
906 495 946 557 ⁸,
980 513 996 544 ι
1036 496 1176 562 quod
1199 495 1332 546 dixit
1361 511 1376 546 :
1407 514 1424 546 ι
1462 493 1872 547 CrediditAbra-

358 588 476 636 ham
523 584 661 642 Deo,
705 591 758 634 et
805 592 1100 649 reputatum
1151 592 1230 637 est
1268 584 1338 635 illi
1383 585 1446 635 ad
1481 583 1740 652 justitiam
1764 583 1806 633 '.
1849 600 1867 632 ι

357 674 580 724 Putasne
608 674 751 727 solus
785 675 871 727 hic
909 690 1083 728 sermo
1110 691 1174 728 ex
1201 677 1444 730 omnibus
1479 691 1596 743 quae
1630 675 1875 729 dicuntur

355 759 417 810 de
439 759 731 824 Abraham,
761 777 863 815 non
894 764 1063 816 solum
1109 774 1323 832 propter
1355 765 1522 823 illum,
1558 763 1647 817 sed
1671 772 1720 816 et
1749 775 1872 828 pro-

354 859 469 916 pter
500 864 595 904 nos
635 852 862 919 scriptus
897 863 979 906 est
1002 855 1122 906 ?An
1155 864 1208 906 et
1237 854 1334 906 alia
1363 855 1536 921 aliqua
1563 852 1876 904 videbuntur

354 951 455 988 non
471 938 637 990 solum
655 949 869 1006 propter
889 941 1058 1003 illum,
1077 945 1167 996 sed
1195 952 1247 996 et
1271 952 1485 1011 pr0pter
1508 958 1603 995 uos
1629 941 1824 1006 scripta
1851 939 1875 992 ?

353 1024 428 1075 Au
468 1035 614 1078 certe
639 1029 815 1080 omnia
842 1043 957 1094 quae
989 1030 1053 1082 de
1077 1031 1191 1097 ipso
1227 1031 1498 1092 dicuntur,
1525 1043 1630 1082 non
1663 1030 1727 1082 de
1763 1028 1875 1095 ipso

352 1111 480 1172 solo.
507 1115 598 1167 sed
627 1125 682 1168 et
710 1131 804 1184 pro
831 1117 982 1170 nobis
1019 1118 1266 1171 dicuntur
1290 1117 1398 1186 (26)
1425 1117 1448 1169 ?
1475 1115 1540 1168 Et
1575 1132 1677 1168 non
1704 1117 1873 1169 solum

352 1201 416 1253 de
465 1201 753 1266 Abraham,
788 1207 879 1258 sed
910 1206 1027 1259 vide
1056 1222 1120 1259 ne
1154 1206 1290 1259 forte
1339 1207 1448 1259 hzec
1494 1206 1675 1259 eadem
1718 1206 1876 1257 etiam

351 1290 417 1341 de
451 1289 593 1344 Isaac
634 1293 879 1346 similiter
913 1295 1216 1362 accipienda
1257 1296 1382 1356 sint,
1415 1303 1471 1346 ut
1504 1310 1622 1362 quae
1669 1293 1732 1346 de
1765 1295 1878 1358 ipso

351 1378 549 1450 scripta
577 1390 720 1446 sunt,
741 1396 843 1434 non
879 1382 1047 1450 ipsqu
1078 1383 1267 1446 solum,
1287 1383 1378 1436 sed
1405 1392 1457 1435 et
1486 1397 1581 1436 nos
1601 1384 1874 1450 aspiciant.

354 1465 608 1520 Similiter
635 1479 687 1522 et
725 1471 789 1523 de
825 1468 987 1524 Jacob
1024 1480 1078 1524 et
1129 1472 1337 1526 exteris
1379 1473 1711 1539 patriarehis.
1745 1471 1878 1524 Nam

353 1571 470 1624 quae
516 1558 652 1611 ratio
696 1559 958 1614 videbitur
1001 1571 1058 1615 ut
1104 1561 1168 1616 de
1207 1562 1470 1615 Abraham
1510 1563 1720 1630 quidem
1763 1578 1879 1631 quae

355 1647 552 1714 scripta
583 1656 726 1710 sunt,
756 1649 914 1703 etiam
943 1651 1006 1704 ad
1043 1666 1140 1706 nos
1173 1653 1438 1718 pertinere
1479 1654 1743 1716 dicantur,
1775 1669 1875 1706 non

355 1744 534 1787 autem
562 1736 718 1790 simili
752 1737 924 1793 forma
953 1741 1112 1793 etiam
1144 1745 1208 1795 de
1248 1742 1414 1805 Isaac,
1442 1751 1492 1795 et
1514 1743 1578 1795 de
1604 1741 1790 1804 Jacob,
1824 1755 1879 1796 et

355 1825 422 1880 do
448 1824 602 1891 Juda,
638 1827 718 1880 vel
755 1831 817 1882 de
859 1828 1075 1898 Ioseph,
1105 1839 1159 1885 et
1203 1832 1459 1885 caeteris?
1491 1832 1637 1897 Quod
1677 1834 1719 1886 si
1752 1833 1878 1886 nihil

357 1913 579 1966 rationis
600 1916 860 1971 videbitur
895 1933 990 1971 cur
1014 1919 1079 1973 de
1103 1936 1209 1972 uno
1242 1920 1542 1988 patriarcha
1572 1921 1670 1974 hoc
1697 1921 1765 1973 ita
1792 1936 1878 1974 ac-

357 2000 458 2066 eipi
501 2001 722 2066 debeat,
753 2013 807 2057 et
839 2020 941 2059 non
989 2007 1146 2059 etiam
1177 2008 1240 2060 de
1279 2009 1486 2060 caeteris
1511 2045 1524 2069 ,
1555 2022 1880 2075 consequens

356 2089 461 2140 erit
486 2097 543 2140 ut
558 2091 622 2142 de
640 2093 887 2146 omnibus
910 2110 1025 2161 quae
1048 2096 1242 2164 scripta
1273 2108 1418 2161 sunt,
1437 2113 1540 2150 non
1571 2097 1738 2152 solum
1761 2113 1881 2165 pro-

357 2185 474 2244 pter
505 2177 619 2231 iiios
647 2180 734 2247 qui
764 2191 888 2235 tunc
922 2194 1092 2248 erant,
1113 2188 1203 2239 sed
1236 2196 1290 2240 et
1319 2195 1531 2254 propter
1561 2202 1655 2241 nos
1683 2187 1880 2253 scripta

357 2265 657 2321 videantur.
684 2271 738 2323 in
758 2285 862 2338 quo
893 2272 998 2340 (27)
1037 2288 1118 2326 me
1142 2275 1408 2342 praecipue
1451 2274 1635 2329 suadet
1665 2275 1735 2327 ita
1768 2289 1883 2328 sen-

363 2368 460 2411 tire
489 2359 572 2409 ille
599 2355 864 2424 Evangelii
893 2370 1096 2416 sermo,
1126 2356 1178 2406 in
1203 2369 1308 2421 quo
1338 2353 1589 2405 Dominus
1627 2361 1680 2405 et
1708 2353 1889 2404 Salva-

364 2456 445 2500 tor
479 2455 660 2499 noster
699 2446 762 2498 ad
799 2460 890 2499 eos
941 2444 1028 2513 qui
1076 2445 1173 2497 sibi
1212 2444 1479 2505 dixerant,
1517 2443 1638 2510 quia
1680 2461 1697 2492 ι
1743 2451 1891 2510 pater

360 2547 542 2590 noster
568 2537 827 2588 Abraham
853 2545 934 2588 est
960 2554 976 2584 ι
1001 2534 1306 2602 respondit:
1337 2553 1354 2583 ι
1381 2533 1434 2585 Si
1458 2547 1636 2584 semen
1667 2531 1891 2584 Abrahze

360 2627 568 2689 essetis,
596 2642 756 2694 opera
787 2626 965 2692 utique
987 2624 1210 2677 Abrahae
1239 2622 1500 2676 faceretis.
1533 2621 1687 2674 Nunc
1712 2630 1889 2673 autem

360 2714 592 2783 qmeritis
621 2730 704 2766 me
735 2714 994 2776 occidere,
1026 2713 1290 2765 hominem
1330 2710 1417 2778 qui
1442 2709 1716 2764 veritatem
1746 2710 1892 2762 iocu-

362 2813 446 2856 tus
471 2819 585 2854 sum
614 2802 783 2864 vobis,
811 2817 966 2869 quam
990 2800 1164 2854 audivi
1191 2816 1219 2852 a
1243 2801 1396 2854 Patre
1425 2815 1544 2853 meo
1569 2818 1581 2852 :
1607 2801 1707 2852 hoc
1730 2799 1891 2852 Abra-

361 2891 483 2944 ham
529 2907 634 2944 non
677 2886 800 2943 fecit
833 2892 874 2942 ⁸.
908 2909 925 2938 ι
958 2889 1058 2943 Per
1083 2890 1222 2958 quod
1257 2891 1437 2958 utique
1481 2890 1736 2952 ostendit,
1768 2892 1889 2956 quia

358 2981 448 3049 qui
478 2981 852 3048 faciuntopera
870 2979 1114 3044 Abrahae,
1141 2980 1225 3033 isti
1249 2988 1372 3032 sunt
1393 2979 1483 3031 ﬁlii
1503 2979 1724 3032 Abrahae
1746 2979 1852 3046 (28)
1873 2995 1887 3042 ;
1909 3017 1949 3073 ϐ

358 3082 414 3124 et
446 3080 658 3139 propter
685 3070 800 3123 illos
828 3071 1020 3138 scripta
1048 3079 1188 3134 sunt,
1219 3085 1336 3138 quae
1369 3070 1435 3124 de
1463 3069 1724 3122 Abraham
1757 3069 1890 3122 seri-

359 3169 447 3228 pta
481 3169 622 3212 sunt.
667 3159 762 3213 Hic
785 3161 892 3228 jam
922 3159 1173 3228 sapientis
1202 3160 1299 3214 viri
1329 3169 1382 3213 et
1408 3175 1437 3212 a
1477 3160 1585 3213 Deo
1613 3160 1888 3213 illuminati

358 3259 439 3303 est
454 3249 642 3303 intueri
663 3258 715 3302 et
735 3251 1030 3317 perspicere
1045 3250 1307 3318 quomodo
1328 3251 1735 3318 unumquodque
1755 3265 1888 3318 opus

359 3342 502 3410 quod
524 3342 589 3395 de
609 3342 873 3394 Abraham
890 3342 1153 3404 scribitur,
1176 3341 1230 3394 in
1250 3343 1531 3410 semetipso
1547 3341 1787 3396 videatur
1805 3357 1889 3394 ex-

358 3433 485 3499 pleri
507 3451 520 3494 ;
542 3434 686 3486 verbi
710 3435 891 3503 gratia,
910 3435 1048 3502 quod
1069 3434 1265 3487 dictum
1285 3445 1366 3488 est
1384 3436 1450 3489 ad
1469 3435 1686 3488 illunt’u
1710 3434 1802 3486 Exi
1824 3435 1889 3489 de

360 3529 499 3572 terra
521 3529 628 3585 tua,
652 3530 705 3574 et
724 3522 789 3574 de
809 3523 1116 3590 cognatione
1141 3533 1246 3587 tua,
1270 3533 1323 3576 et
1344 3523 1408 3576 de
1432 3523 1588 3576 domo
1607 3523 1770 3591 patris
1791 3523 1886 3587 tui,

357 3617 413 3662 et
441 3610 560 3662 veni
589 3610 742 3679 535
769 3611 820 3663 in
850 3613 954 3681 (29)
986 3621 1178 3666 terram
1210 3629 1365 3681 quam
1393 3614 1485 3667 tibi
1512 3613 1786 3667 ostendam
1812 3631 1824 3666 :
1865 3630 1882 3663 ι

357 3701 620 3767 quomodo
656 3710 708 3754 et
745 3701 788 3753 is
824 3703 911 3769 qui
949 3703 1013 3756 de
1042 3705 1241 3757 semine
1271 3703 1496 3758 Abrahae
1524 3719 1641 3758 esse
1668 3719 1729 3757 ex
1759 3719 1888 3772 ope-

358 3790 504 3843 ribus
524 3791 635 3844 vult
654 3792 840 3855 videri,
863 3794 944 3846 his
965 3794 1154 3847 debeat
1172 3795 1408 3862 obsequi,
1432 3810 1549 3862 qua:
1567 3794 1746 3862 utique
1767 3803 1891 3849 sunt

356 3893 463 3932 non
509 3889 724 3949 propter
770 3881 914 3934 illum
949 3892 1150 3936 tantum
1197 3884 1411 3952 scripta,
1456 3884 1547 3937 sed
1584 3893 1637 3937 et
1675 3893 1890 3951 pr0pter

355 3984 447 4023 eos
485 3971 572 4039 qui
601 3973 825 4026 credunt
855 3974 908 4025 in
936 3989 1056 4026 eum
1086 3974 1174 4042 qui
1200 3975 1474 4027 suscitavit
1500 3974 1678 4026 Jesum
1709 3975 1888 4026 Domi-

357 4074 484 4110 num
519 4069 758 4113 nostrum
796 4076 825 4113 a
862 4062 1116 4126 mortuis;
1158 4072 1212 4115 et
1256 4077 1374 4113 cum
1414 4062 1526 4114 haec
1573 4061 1884 4129 impleverit,

355 4149 618 4214 quomodo
651 4163 862 4217 sperare
903 4152 1059 4203 etiam
1098 4151 1221 4204 illud
1255 4151 1394 4219 quod
1430 4151 1766 4220 subjungitur
1792 4154 1888 4206 de-

1779 283 2093 341 ORIGENIS

361 425 378 454 ι
415 424 516 461 ηοη
541 416 752 476 propter
785 425 805 459 ι
832 406 1096 458 Abraham
1119 423 1135 454 ι
1156 404 1326 457 solum
1360 404 1471 473 (25)
1497 413 1752 471 scriptum
1774 413 1874 463 est,
1905 402 1947 456 A
1975 402 2057 448 est
2080 394 2126 446 ei
2158 393 2375 445 Domiuu

3519 253 3620 308 588

2382 389 2470 443 s“
2507 381 2877 452 :iquomodo
2897 375 3082 431 etiam
3122 373 3240 425 hoc
3277 383 3398 421 non
3421 367 3620 419 totum

1974 493 2184 552 propter
2209 481 2498 540 Abraham,
2525 477 2624 530 sed
2653 484 2711 527 et
2737 478 2983 540 propter
3023 476 3142 516 nos
3197 459 3490 552 scriptum
3540 456 3621 507 vi-

1972 545 2179 634 deatur,
2215 581 2271 622 ut
2303 568 2650 620 ambulemus
2679 563 3014 617 secundum
3049 551 3259 605 omnia
3297 561 3431 615 qua:
3469 545 3612 634 iocu-

1973 671 2056 713 tus
2102 633 2182 713 est
2231 658 2508 711 Dominus.
2541 653 2649 707 Sed
2691 659 2750 704 ct
2801 648 2876 701 de
2914 643 3114 706 Isaac,
3145 637 3244 691 vel
3291 637 3367 689 de
3409 633 3630 687 caneris

1970 765 2088 818 quae
2134 749 2379 803 similiter
2420 745 2771 805 scribuntur,
2806 731 3124 805 quomodo
3183 727 3374 781 etiam
3408 723 3493 824 .ad
3531 737 3628 774 nos

1970 839 2236 908 pertinere
2261 837 2567 890 videantur.
2599 831 2722 885 Non
2755 835 2845 882 est
2873 836 3084 878 autem
3133 824 3462 915 praesentis
3493 824 3630 915 tem-

1970 901 2116 999 poris
2136 927 2312 980 omnia
2367 940 2463 977 nos
2503 923 2784 975 adducere
2830 916 2888 968 in
2939 910 3246 972 medium,
3305 913 3369 958 et
3416 901 3628 999 singula

1971 994 2190 1089 qumque
2219 1020 2511 1079 discutere,
2558 1027 2667 1080 quo
2722 1009 2934 1063 ordine
2967 1003 3164 1058 etiam
3223 999 3286 1052 in
3341 994 3511 1050 nobis
3543 994 3636 1089 qui

1971 1085 2239 1164 credimus
2283 1108 2336 1160 in
2374 1122 2494 1160 cum
2532 1105 2620 1158 cui
2677 1097 2930 1157 credidit
2985 1091 3346 1152 Abraham,
3393 1100 3525 1155 qua
3571 1085 3636 1139 de

1972 1199 2237 1252 Abraham
2277 1197 2360 1250 vel
2390 1196 2457 1249 de
2481 1193 2701 1249 caeteris
2732 1187 2960 1244 sanctis
3000 1187 3065 1238 in
3124 1179 3466 1249 Seripturis
3494 1177 3636 1231 divi-

1975 1290 2055 1342 nis
2074 1290 2214 1342 dicta
2239 1288 2322 1342 vel
2353 1288 2494 1340 facta
2531 1295 2664 1340 sunt
2691 1279 3127 1348 compleantur
3166 1295 3182 1333 ;
3226 1272 3335 1326 sed
3374 1272 3432 1324 in
3457 1284 3636 1332 quat;-

1977 1387 2085 1430 tum
2137 1377 2420 1442 pr:esentis
2463 1375 2647 1442 operis
2697 1369 3036 1425 necessitas
3111 1364 3380 1434 patitur,
3418 1360 3636 1429 aperui-

1975 1482 2091 1519 mus
2121 1468 2258 1518 viam
2294 1479 2397 1532 qua
2431 1464 2599 1516 latius
2631 1465 2726 1532 qui
2757 1463 2814 1514 in
2853 1455 3212 1525 Scripturis
3249 1453 3516 1508 exerceri
3543 1452 3634 1504 de-

1975 1553 2192 1616 siderat,
2221 1551 2389 1620 possit
2423 1549 3056 1616 ineederc..liactenus
3114 1543 3197 1598 de
3247 1541 3482 1595 ratione
3516 1537 3634 1593 ﬁdei

1976 1641 2088 1710 ejus
2113 1656 2231 1709 qua:
2262 1643 2326 1693 ad
2353 1639 2625 1709 justitiam
2675 1624 2947 1706 reputata
2987 1643 3113 1696 est,
3170 1640 3236 1686 et
3278 1630 3633 1685 diversarum

1910 1715 1952 1772 Β
1980 1731 2150 1797 legum
2192 1729 2557 1790 observantia,
2586 1742 2653 1781 ac
2703 1725 2981 1794 praeputii
3043 1721 3638 1788 circumcisionisque

1977 1820 2312 1880 diversitate,
2357 1818 2746 1886 disputationis
2797 1829 3010 1870 sermo
3062 1813 3436 1867 cucurrerit.
3488 1811 3635 1865 Nunc

1971 1908 2079 1975 jam
2119 1910 2344 1978 qualiter
2387 1909 2437 1961 hi
2467 1908 2561 1975 qui
2601 1922 2671 1960 ex
2716 1905 2852 1970 ﬁde,
2884 1914 2948 1958 et
2979 1919 3109 1958 non
3143 1917 3220 1956 ex
3257 1899 3633 1971 operibusju-

1977 1999 2188 2050 stiﬁcati
2241 2004 2399 2060 sunt,
2446 1996 2824 2050 iui'ormentur
2875 1992 3010 2064 (50)
3065 1993 3153 2047 ab
3213 1991 3515 2062 Apostolo,
3553 1992 3630 2044 vi-

1978 2086 2209 2140 deamus.

2046 2174 2099 2227 8.
2135 2192 2152 2223 ι
2179 2171 2462 2226 Justiﬂcati
2494 2173 2662 2240 igitur
2686 2186 2756 2225 ex
2794 2171 2940 2237 tide,
2966 2186 3200 2240 pacem
3229 2173 3542 2226 habeamus
3566 2171 3632 2224 ad

1979 2262 2141 2313 Deum
2169 2260 2278 2329 (51)
2307 2275 2402 2328 per
2431 2260 2726 2312 Dominum
2753 2269 3043 2313 nostrum
3083 2260 3298 2316 Jesum
3327 2261 3626 2326 Christum,

1979 2364 2072 2418 per
2099 2365 2252 2419 quem
2286 2359 2339 2403 et
2378 2364 2658 2404 accessum
2695 2350 2998 2404 habemus
3050 2367 3170 2419 per
3208 2354 3384 2408 [idem
3425 2355 3478 2406 in
3508 2369 3626 2421 gra-

1979 2440 2106 2492 tiam
2142 2440 2295 2492 istam
2321 2441 2372 2493 in
2402 2455 2506 2508 qua
2533 2451 2772 2504 stamus,
2803 2451 2866 2495 et
2898 2443 3256 2510 gloriamur
3288 2445 3350 2498 in
3382 2460 3479 2512 spe
3519 2444 3627 2513 glo-

1979 2530 2072 2583 riae
2121 2530 2211 2582 Dei
2241 2531 2302 2583 ι’.
2335 2548 2354 2581 ι
2394 2530 2755 2598 Apertissime
2804 2547 2918 2600 per
2973 2533 3102 2588 hoc
3135 2548 3279 2588 eum
3328 2535 3430 2602 qui
3474 2537 3627 2589 intel-

1980 2619 2112 2673 lexit
2138 2618 2246 2687 ('52)
2274 2619 2401 2686 quid
2431 2620 2502 2673 sit
2531 2635 2598 2673 ex
2634 2620 2744 2674 ﬁde
2771 2630 2833 2675 et
2873 2637 3004 2676 non
3043 2637 3125 2676 ex
3177 2624 3454 2693 operibus
3477 2624 3626 2691 justi-

1981 2712 2147 2771 licari,
2187 2712 2251 2764 ad
2307 2725 2490 2778 pacem
2552 2711 2648 2764 Dei
2701 2728 2832 2780 qua!
2899 2723 3174 2783 superat
3220 2732 3455 2771 omnem
3487 2732 3626 2770 men-

1980 2807 2083 2852 tem
2115 2797 2179 2862 “,
2212 2797 2263 2849 in
2296 2812 2395 2865 qua
2425 2806 2480 2850 et
2522 2813 2740 2851 summa
2773 2799 3198 2866 perfectionis
3230 2806 3514 2869 consistit,
3547 2807 3622 2858 iu-

1980 2889 2129 2940 vitat.
2163 2887 2266 2940 Sed
2291 2897 2348 2938 ut
2375 2887 2690 2955 diligentius
2725 2903 2984 2943 sensum
3027 2894 3470 2963 perspiciamus
3493 2897 3625 2964 Apo-

1982 2978 2124 3040 stoli,
2152 2977 2276 3044 quid
2309 2977 2409 3031 sibi
2439 2977 2573 3030 velit
2597 2979 2753 3044 pacis
2778 2995 3051 3046 nomen,
3089 2995 3151 3038 et
3176 2987 3312 3055 ejus
3340 2987 3491 3054 pacis
3508 3002 3622 3056 qua

1982 3083 2073 3134 per
2095 3067 2370 3120 Dominum
2407 3075 2653 3120 nostrum
2686 3067 3008 3124 Christum
3049 3085 3188 3140 est,
3218 3079 3619 3146 perquiramus.

1979 3159 2087 3211 Pax
2119 3157 2312 3210 dicitur
2350 3155 2440 3208 ubi
2474 3171 2634 3210 nemo
2655 3158 2940 3224 dissidet,
2975 3177 3172 3219 nemo
3201 3167 3517 3230 discordat,
3539 3167 3620 3220 ubi

1981 3247 2114 3301 nihil
2137 3246 2347 3311 hostile,
2375 3247 2515 3300 nihil
2541 3247 2855 3302 barbarum
2895 3254 3185 3320 geritur.
3231 3255 3354 3312 Nos
3382 3272 3511 3328 ergo
3539 3256 3619 3326 qui

1980 3338 2260 3406 aliquando
2288 3336 2485 3390 fuimus
2518 3337 2728 3392 inimici
2772 3339 2911 3405 Dei,
2961 3358 3311 3414 sequentes
3352 3350 3555 3402 hostem
3572 3355 3621 3400 et

1983 3437 2261 3496 tyrannum
2285 3426 2582 3492 diabolum,
2607 3442 2758 3482 nunc
2781 3429 2835 3483 si
2872 3430 3057 3488 illius
3093 3452 3270 3492 arma
3296 3439 3618 3510 projicimus,

1981 3524 2034 3570 et
2061 3515 2266 3583 signum
2298 3515 2496 3568 Christi
2525 3522 2581 3568 et
2626 3517 2819 3572 erucis
2856 3520 3006 3588 ejus
3038 3527 3270 3581 vexilla
3305 3530 3618 3597 suscipimus

1983 3605 2118 3676 (53'),
2162 3619 2344 3674 pacem
2402 3605 2588 3672 utique
2638 3606 2934 3666 habemus
2988 3616 3069 3668 ad
3133 3617 3364 3684 Deum,
3400 3619 3494 3676 sed
3538 3633 3620 3689 per

1982 3694 2261 3749 Dominum
2298 3703 2540 3747 nostrum
2587 3693 2782 3750 Jesum
2847 3699 3184 3762 Christum
3241 3711 3344 3778 qui
3396 3725 3495 3765 nos
3537 3723 3622 3777 per

1983 3785 2211 3839 hostiam
2229 3785 2512 3852 sanguinis
2536 3786 2618 3839 sui
2645 3791 3084 3850 reconciliavit
3117 3800 3266 3864 Deo,
3284 3802 3440 3856 sicut
3505 3797 3636 3858 seri--

1976 3878 2308 3944 ptumest“:
2337 3894 2356 3924 ι
2384 3874 2516 3928 Cum
2539 3889 2791 3931 essemus
2829 3880 3083 3940 inimici
3120 3890 3255 3953 Dei,
3296 3893 3620 3946 reconciliati

1983 3978 2165 4051 sumus
2187 3976 2306 4051 per
2339 3964 2680 4051 sanguinem
2726 3971 2934 4025 crucis
2985 3973 3137 4032 Filii
3190 3979 3324 4049 ejus
3349 3982 3486 4051 (54).
3515 4000 3532 4033 ι
3566 3978 3625 4034 Et

1981 4049 2104 4102 alibi
2139 4047 2286 4139 fidem
2334 4047 2535 4102 Paulus
2576 4051 2794 4107 addidit
2830 4055 2932 4111 his
2983 4047 3267 4122 dicens:
3305 4088 3325 4119 ι
3359 4047 3628 4139 Rogamus

1981 4155 2076 4230 pro
2122 4138 2357 4203 Christo,
2385 4141 2829 4230 reconciliamini
2890 4147 3026 4206 Deo
3071 4157 3149 4210 η,
3183 4178 3207 4211 ι
3258 4159 3322 4214 Si
3355 4138 3481 4230 qui;
3510 4173 3629 4229 ergo

356 4237 495 4300 beat,
524 4238 576 4291 id
609 4247 689 4291 est
719 4256 732 4290 :
767 4258 783 4288 ι
818 4241 881 4292 Et
911 4240 1096 4292 faciam
1125 4241 1261 4293 teoin
1305 4250 1514 4310 gentem
1560 4257 1800 4311 magnam
1834 4253 1883 4298 et

2053 4228 2138 4280 bet
2157 4229 2451 4321 pacem—ad
2476 4229 2671 4321 Deum,
2702 4243 2759 4287 et
2789 4245 3254 4304 reconciliatus
3283 4228 3517 4321 est—(55)
3543 4228 3631 4320 per

358 4326 663 4379 benedicam
695 4336 770 4389 te,
803 4337 856 4381 et
896 4329 1238 4397 magniﬁcabo
1282 4345 1474 4384 nomen
1500 4340 1667 4393 tuum,
1702 4342 1755 4386 et
1781 4335 1887 4388 eris
1915 4317 1956 4370 D
1984 4317 2295 4410 §allgllineln
2323 4316 2551 4410 Clitis”:
2577 4319 2725 4410 {illm
2756 4338 2875 4379 ιιοῐι
2908 4334 3250 4404 contingat
3279 4316 3636 4410 (36)‘ea-q-ua

359 4413 664 4468 benedictus
695 4433 708 4466 :
744 4424 797 4468 et
824 4416 1130 4469 benedicam
1154 4417 1525 4473 benedicentes
1550 4427 1620 4484 te,
1646 4429 1699 4473 et
1720 4421 1886 4474 male-

358 4503 525 4555 dicam
555 4505 929 4558 maledicentes
961 4513 1034 4570 te,
1063 4516 1117 4559 et
1140 4507 1519 4561 benedicentur
1540 4509 1590 4561 in
1621 4517 1674 4562 te
1701 4524 1884 4563 omnes

358 4593 526 4647 tribus
563 4603 715 4650 terra:
747 4595 822 4660 ¹⁰;
866 4613 884 4645 ι
919 4604 972 4649 et
1011 4597 1200 4651 iterum
1245 4613 1364 4652 cum
1405 4599 1530 4653 dicit
1568 4598 1880 4668 Scriptura:

375 4693 394 4722 σ
421 4673 562 4726 Abiit
594 4684 769 4726 autem
804 4675 1070 4728 Abraham
1113 4682 1400 4733 secundum
1428 4693 1491 4731 ea
1523 4694 1639 4745 quae
1678 4681 1884 4733 loeutus

438 4786 458 4816 ⁸
487 4785 636 4839 Rom.
669 4801 738 4848 tv,
768 4787 856 4842 25.
917 4791 1080 4844 'ibid.
1103 4792 1153 4845 3.
1219 4794 1239 4823 ⁸
1268 4791 1418 4845 Joan.
1450 4808 1564 4853 vin,
1589 4792 1675 4849 59.
1703 4791 1790 4844 40.
1861 4793 1882 4824 ⁹

2050 4807 2102 4841 :s.
2134 4805 2228 4846 xu.
2260 4790 2308 4840 i.

1663 4861 1706 4891 “
1729 4859 1770 4913 ll
1796 4860 1918 4914 Cor.
1944 4875 1992 4922 v,
2019 4859 2108 4912 2t).
2184 4857 2225 4887 ¹⁶
2248 4855 2404 4910 Rom.
2440 4875 2563 4924 vui,
2585 4861 2647 4914 7.

367 4870 414 4916 v,
444 4855 494 4917 1,
521 4855 574 4910 2.
649 4857 691 4888 ³³
715 4856 908 4926 Philip.
931 4874 1004 4922 Iv,
1033 4861 1083 4913 7.
1159 4861 1201 4892 “
1226 4860 1374 4914 liorn.
1409 4875 1462 4924 ν,
1494 4862 1576 4915 10.

434 4968 544 5039 (25)
577 4971 772 5025 Solum.
803 4975 857 5026 ln
889 4976 1048 5028 editis
1078 4977 1360 5032 omittitur.

435 5038 545 5118 (26)
563 5041 686 5118 “AL,
722 5060 740 5091 ι
778 5059 893 5109 qum
921 5047 1165 5099 dicuntur
1190 5048 1255 5100 de
1276 5047 1390 5115 ipso
1414 5046 1545 5111 solo,
1570 5043 1662 5100 sed
1690 5053 1745 5098 et
1782 5058 1876 5112 pro

367 5108 516 5158 nobis
545 5108 808 5164 dicuntur.
839 5130 856 5163 ι

582 5177 745 5251 Alias,
781 5196 798 5227 ι
839 5183 891 5251 In
923 5181 1098 5251 quod;
1135 5199 1156 5251 ρ
1189 5181 1285 5247 aL,
1316 5199 1335 5231 ‹
1366 5183 1551 5251 idque.
1579 5199 1598 5232 ι

585 5243 838 5317 bis._t_iuu_s
876 5240 1052 5310 habet,
1079 5240 1096 5300 ἆ
1127 5240 1283 5317 Ῑυειέ
1304 5240 1555 5303 ιίιιηιἹῙΙὶἰ
1581 5248 1826 5302 Λιπθιιτθ.
1857 5266 1876 5298 ι

437 5308 545 5382 (ἓξ)
579 5310 664 5382 l_:_t.
687 5312 936 5368 Merlinus
968 5328 1020 5368 et
1040 5308 1445 5382 'Gciiebrardus,
1475 5336 1493 5368 ι
1518 5318 1608 5379 ad,
1634 5336 1651 5366 ι
1693 5317 1843 5368 male.

439 5373 686 5458 mus.
720 5385 884 5458 codex
927 5386 1303 5450 Vanis-Clarae,
1358 5373 1607 5441 et'unus'
1665 5383 1885 5454 Regius,

380 5454 399 5486 ε
436 5444 835 5502 confirmentur.
879 5470 897 5500 ι

445 5506 554 5580 (ξι)
591 5511 752 5580 Alias,
781 5533 799 5563 ι
829 5518 1080 5571 habemus
1104 5521 1167 5572 ad
1211 5522 1392 5574 Deum.
1427 5541 1444 5572 ι

447 5573 560 5641 (δέ)
599 5573 751 5642 Editi.
790 5601 806 5632 ι
841 5585 891 5638 in
924 5601 1013 5653 spe
1049 5590 1224 5655 gloria:
1259 5573 1481 5644 liliorum
1515 5591 1623 5646 Dei.
1660 5591 1894 5653 Apertis-

1985 4407 2196 4460 inimica
2227 4417 2353 4459 sunt
2399 4406 2534 4465 Deo.
2562 4409 2658 4464 Vis
2685 4424 2885 4468 autem
2921 4424 3154 4481 audire
3191 4444 3330 4497 qua:
3365 4406 3502 4484 sunt
3535 4406 3632 4484 ista

1983 4511 2104 4566 quae
2134 4497 2351 4550 inimica
2395 4508 2526 4550 sunt
2579 4499 2732 4554 Deo?
2771 4501 3003 4564 Paulus
3053 4514 3192 4582 ipse
3242 4528 3301 4572 te
3330 4519 3515 4582 docet,
3545 4516 3636 4585 qui

1985 4588 2100 4640 ait:
2144 4604 2162 4636 ι
2193 4586 2474 4653 Sapientia
2501 4590 2686 4644 carnis
2710 4591 2960 4652 inimica
2992 4613 3094 4656 est
3139 4607 3266 4662 Deo
3295 4625 3312 4662 :
3355 4609 3465 4679 legi
3495 4610 3634 4662 enim

1988 4674 2081 4728 Dei
2114 4689 2216 4727 non
2251 4682 2335 4727 est
2361 4675 2609 4742 subjecta
2629 4679 2696 4731 ”.
2726 4698 2747 4730 ι
2787 4681 2852 4736 Si
2880 4700 3036 4756 ergo
3074 4674 3636 4765 carnaliter'sapias,

2388 4790 2432 4820 ¹⁰
2477 4792 2636 4866 ibidL,
2671 4793 2730 4858 2,
2779 4795 2840 4851 3.
2930 4801 2980 4832 “
3037 4805 3192 4862 ibid.
3244 4810 3309 4864 4.
3391 4813 3439 4843 ⁸¹
3480 4813 3632 4866 Rom.

1983 4975 2283 5050 sim_e_eni_m
2311 4988 2408 5043 per
2442 4977 2560 5032 haec
2583 4978 3058 5050 quaeinteilexit,
3103 5011 3125 5043 ι
3164 5004 3288 5049 etc.

2383 5051 2573 5131 jtwstri
2654 5049 2770 5112 alii,
2831 5069 2853 5131 ς
2899 5041 3336 5131 βι-οῂίρῖιιῆξξί..
3399 5063 3632 5131 suscipi-

1980 5114 2354 5201 .alii,
2369 5117 2806 5201 rprojecimus“
2825 5114 3268 5192 suscepimus;
3294 5114 3452 5196 salii,
3478 5114 3634 5201 iiii-o-

1973 5188 2689 5252 Jiciamus..Asuscipiamus.
2719 5206 2738 5237 ι

2401 5247 2802 5338 c_j'ee0tiei_liati
2832 5273 3037 5317 sumus
3071 5263 3474 5338 Deo.Siiquis
3496 5285 3634 5338 ergo

2195 5327 2358 5406 rete.
2378 5405 2384 5406 γ
2403 5323 2559 5406 .Mss.
2601 5328 2823 5406 quidam
2861 5344 2968 5397 pro
3020 5351 3042 5383 ε
3067 5317 3286 5406 erucis.
3302 5317 3628 5406 Filii—eiu?-

1982 5385 2232 5469 minent:
2262 5392 2458 5447 crucis
2484 5385 2634 5464 ejus,
2650 5416 2671 5449 ι
2702 5385 2913 5469 omissa
2942 5385 3091 5454 voce
3118 5385 3157 5451 «ί
3177 5385 3400 5459 [τίὶῖἰῖίῖ

2056 5453 2288 5537 (55))19.
2334 5474 2490 5537 unus
2517 5453 2535 5518 ἶ
2578 5453 2666 5523 (Si
2688 5467 2812 5536 quis
2846 5483 2986 5537 ergo
3009 5453 3344 5530 habebat—ur
3371 5453 3642 5532 inimicat

1987 5521 2186 5602 Dcilgt
2207 5521 2639 5602 [egonciiiatus
2657 5521 2760 5602 est,
2787 5556 2806 5588 ι
2836 5521 2948 5593 (ειοῖ

2060 5590 2170 5656 (56)
2207 5591 2381 5666 Eum,
2434 5625 2453 5655 ι
2487 5590 2860 5681 nun—cogitat,
2885 5590 2920 5660 ι*
2945 5608 3108 5664 male.
