3836 6242
201 286 332 354 9‘.)

119 341 206 413 γ

1220 325 1566 381 contuear.
1599 324 1662 377 IN
1702 320 1914 377 EPIST.
1951 322 2040 374 AD
2081 320 2242 376 non.
2279 321 2404 374 un.
2447 304 2536 375 tv“
3339 320 3440 376 99c

273 406 528 512 έξνῖῑὲῖη
589 435 758 490 tuam
804 442 1190 508 cupiditatibus
1242 445 1422 497 carnis
1465 454 1696 512 exponas
1721 483 1734 505 ,
1768 451 1823 495 et
1851 446 1894 501 Α
1922 443 2212 494 habeamus
2259 441 2324 492 ad
2352 441 2516 492 Deum
2547 457 2560 491 :
2597 457 2616 489 ι
2647 439 2820 492 sciens
2847 439 2968 504 quia
3018 436 3210 490 bellum
3257 446 3442 490 contra

191 569 212 597 -ι
281 501 582 610 ωξωξηίδη
612 501 940 582 ἀεὶῖεῑίπιίιῐι
1004 530 1284 585 resolveris
1331 529 1481 600 (57).
1530 501 1622 582 aut
1678 501 1829 582 side
1926 529 2189 584 diabolum
2239 542 2426 596 pacem
2480 537 2696 596 praestat
2740 501 2957 595 (tn-ad
2997 527 3188 590 Deum,
3219 534 3274 579 et
3323 537 3445 580 tunc

218 600 400 678 “agis
422 600 724 665 intellectu
757 618 1118 674 carnaliteret
1145 633 1246 672 non
1273 617 1584 685 spiritaliter
1611 618 1825 678 sentias,
1925 621 2091 687 magis
2129 620 2180 671 in
2223 633 2402 686 pacem
2449 617 2538 670 Dei
2594 616 2854 678 venimus,
2899 615 3115 682 quando
3163 615 3444 668 adversum

253 704 326 764 et
358 694 479 752 haec
509 704 914 760 assertionibus
943 709 1170 762 humana
1205 716 1320 760 arte
1357 707 1614 776 qumsitis,
1662 707 1828 771 magis
1924 709 2192 762 diabolum
2220 707 2546 776 persistiinus
2595 707 2839 773 impacati
2871 705 3006 774 (42),
3029 714 3082 759 et
3115 707 3330 772 quando
3353 705 3446 757 ad-

282 803 446 860 quam
483 789 726 856 spiritali
764 796 938 862 gratia
995 805 1049 849 et
1108 795 1370 848 intellectu
1411 793 1682 846 subtiliore
1733 793 1825 845 de-

282 879 504 941 fendas,
521 893 618 945 per
639 881 958 947 sapientiam
983 883 1160 936 carnis
1183 881 1426 936 inimicus
1448 878 1668 934 elliceris
1697 880 1821 934 Deo.

281 967 394 1020 Nec
426 967 574 1021 solus
606 968 721 1022 haec
753 969 946 1024 Paulus
976 972 1027 1024 in
1069 972 1177 1026 suis
1216 970 1438 1028 Litteris
1457 971 1676 1024 scribit:
1706 971 1825 1024 andi

277 1066 332 1110 et
371 1056 639 1111 Jacobum
677 1057 898 1112 fratrem
942 1059 1148 1113 Domini
1190 1060 1381 1113 similia
1412 1069 1822 1127 protestantem,

277 1163 407 1200 cum
451 1149 584 1201 dicit
615 1166 630 1202 :
676 1167 695 1198 ι
731 1149 830 1212 Qui
868 1150 1092 1203 voluerit
1122 1149 1325 1204 amicus
1353 1164 1471 1204 esse
1502 1151 1677 1203 saeculi
1725 1151 1822 1202 hu-

269 1234 390 1300 jus,
451 1237 704 1289 inimicus
750 1235 842 1288 Dei
878 1239 1324 1292 constituetur".
1361 1257 1379 1289 ι
1419 1239 1520 1291 Sed
1568 1247 1621 1291 et
1663 1237 1826 1292 Joan-

276 1339 378 1377 nes
405 1327 564 1391 paria
599 1334 866 1378 testatur:
909 1341 928 1376 ι
978 1324 1172 1391 Filioli,
1212 1327 1398 1393 inquit,
1436 1327 1597 1380 nolite
1647 1343 1827 1381 amare

274 1413 576 1472 mundum,
611 1426 786 1478 neque
815 1427 876 1466 ea
903 1428 1018 1480 quae
1050 1413 1160 1481 (38)
1194 1414 1245 1466 in
1277 1415 1472 1466 mundo
1495 1423 1618 1467 sunt
1647 1432 1660 1468 :
1694 1430 1828 1483 quo-

274 1502 435 1554 niam
470 1516 632 1555 omne
657 1502 795 1566 quod
828 1503 878 1554 in
911 1502 1107 1556 mundo
1133 1513 1232 1566 est,
1249 1503 1674 1571 concupiscentia
1700 1519 1822 1557 car-

271 1592 365 1643 nis
421 1601 531 1652 est,
569 1601 624 1643 et
670 1592 1100 1659 concupiscentia
1147 1593 1444 1656 oculorum,
1479 1602 1533 1646 et
1585 1594 1826 1661 superbia

272 1679 408 1730 vita:
443 1678 580 1746 (59),
616 1694 735 1744 qua:
787 1694 890 1731 non
931 1690 1012 1732 est
1049 1693 1116 1732 ex
1162 1680 1268 1733 Deo
1291 1680 1351 1732 ‘3.
1382 1697 1400 1729 ι
1436 1680 1601 1748 Igitur
1629 1681 1679 1733 in
1722 1695 1828 1748 quo

1923 811 2134 850 versum
2161 797 2334 849 carnis
2358 795 2484 847 vitia
2513 794 2844 847 dimicamus.
2869 792 3106 861 Denique
3134 803 3188 846 et
3217 791 3447 846 Jacobus

1923 885 2188 952 apostolus
2232 885 2301 938 ita
2335 883 2462 936 dicit
2494 899 2508 936 :
2543 903 2560 934 ι
2593 883 2844 937 Resistite
2886 883 3116 946 diabolo,
3149 892 3196 936 et
3225 881 3390 949 fugiet
3415 897 3446 934 a

1922 975 2068 1027 vobis
2094 993 2108 1028 :
2139 966 2557 1040 appropinquate
2600 971 2727 1036 Deo,
2771 981 2826 1024 et
2877 971 3316 1039 appropinquabit
3354 986 3447 1022 vo-

1922 1061 2002 1115 bis
2023 1063 2088 1112 ".
2121 1081 2140 1113 ι
2175 1062 2332 1115 Vides
2368 1071 2424 1114 et
2453 1061 2626 1128 ipsum
2663 1061 2731 1112 ita
2759 1061 3160 1126 seusisse,quod
3194 1070 3318 1113 tunc
3348 1076 3446 1128 ap-

1922 1152 2191 1219 propietur
2216 1149 2342 1211 Deo,
2364 1150 2573 1216 quando
2603 1149 2871 1201 resistitur
2899 1148 3132 1202 diabolo.
3166 1166 3185 1198 ι
3206 1149 3392 1202 Pacem
3421 1168 3441 1200 ι

1922 1254 2048 1307 ergo
2087 1257 2105 1289 ι
2141 1237 2429 1291 habeamus
2471 1238 2536 1290 ad
2563 1237 2727 1290 Deum
2762 1253 2856 1301 per
2886 1238 3166 1290 Dominum
3199 1247 3443 1292 nostrum

1922 1326 2098 1382 Jesum
2133 1325 2422 1380 Christum.
2453 1341 2473 1376 ι
2521 1325 2585 1378 Ει
2621 1325 2824 1377 addidit
2855 1342 2870 1378 :
2905 1342 2923 1374 ι
2951 1325 3050 1378 Per
3087 1340 3241 1389 quem
3267 1334 3321 1377 et
3356 1339 3447 1377 ac-

1923 1430 2132 1469 cessum
2166 1416 2418 1468 habemus
2447 1413 2498 1466 in
2525 1415 2752 1482 gratiam
2790 1415 2946 1467 istam
2979 1414 3033 1466 in
3059 1430 3160 1480 qua
3190 1423 3443 1466 stamus.»

1924 1503 2195 1568 Quomodo
2230 1517 2502 1557 accessum
2529 1503 2780 1556 habemus
2809 1503 2873 1554 ad
2901 1503 3126 1571 gratiam
3151 1517 3246 1570 per
3271 1501 3448 1554 Domi-

1927 1608 2050 1645 num
2086 1601 2322 1645 nostrum
2345 1591 2524 1645 Jesum
2547 1591 2840 1657 Christum,
2865 1593 2975 1658 ipse
3000 1591 3246 1645 Salvator
3272 1591 3401 1644 dicit
3425 1609 3440 1645 :

1932 1697 1950 1729 ι
1989 1680 2096 1746 Ego
2146 1693 2262 1732 sum
2311 1679 2506 1732 ostium
2530 1680 2604 1742 ¹²;
2640 1696 2659 1729 ι
2693 1689 2741 1731 et
2775 1695 2790 1730 :
2822 1696 2840 1728 ι
2870 1676 3034 1731 Nemo
3065 1679 3209 1730 venit
3240 1678 3303 1729 ad
3348 1677 3448 1729 Pa-

269 1767 396 1821 hmc
428 1777 574 1832 sunt,
623 1782 729 1820 non
766 1776 938 1834 potest
968 1767 1165 1820 habere
1211 1782 1395 1835 pacem
1426 1769 1490 1820 ad
1521 1767 1702 1829 Deum,
1733 1769 1824 1822 sed
1853 1753 1898 1810 Β
1929 1777 2081 1830 trem,
2109 1766 2209 1821 nisi
2238 1781 2333 1834 per
2362 1782 2444 1820 me
2469 1767 2537 1820 ".
2573 1785 2592 1819 ι
2637 1767 2735 1821 Per
2765 1755 2934 1834 ipsum
2973 1781 3100 1834 ergo
3131 1767 3220 1834 qui
3252 1768 3442 1820 ostium

274 1871 504 1910 rursum
553 1856 865 1910 inimicitias
903 1857 1141 1922 suscitat,
1171 1857 1288 1910 illas
1333 1871 1429 1924 pro
1484 1858 1677 1925 quibus
1719 1858 1824 1911 sol-

272 1946 480 1997 vendis
512 1944 764 1998 Christus
818 1946 1064 2007 advenit,
1099 1946 1236 1998 sicut
1268 1956 1318 1998 et
1371 1947 1507 2000 idem
1542 1948 1824 2014 Apostolus

276 2032 419 2085 dicit
452 2031 523 2083 de
555 2031 815 2086 Christo:
851 2050 870 2082 ι
893 2018 1002 2098 Ipse
1031 2042 1111 2086 est
1158 2034 1301 2086 enim
1349 2049 1448 2101 pax
1494 2043 1696 2099 nostra,
1730 2037 1822 2103 qui

275 2121 417 2175 fecit
469 2130 698 2189 utraque
761 2136 945 2186 unum,
1005 2129 1059 2174 et
1099 2123 1332 2176 medium
1379 2123 1635 2189 parietem
1685 2125 1826 2192 sepis

283 2209 532 2272 solvens,
567 2209 870 2263 inimicitias
911 2211 962 2262 in
1003 2226 1162 2264 carne
1193 2229 1284 2264 sua
1318 2229 1330 2263 :
1359 2215 1522 2280 legem
1553 2218 1830 2271 mandato-

281 2312 409 2349 rum
452 2297 509 2349 in
548 2299 776 2352 decretis
819 2315 1096 2363 evacuans,
1130 2310 1189 2354 ut
1230 2303 1361 2355 duos
1388 2304 1639 2358 conderet
1666 2307 1718 2358 in
1750 2322 1830 2361 se.

278 2388 542 2455 metipso,
584 2389 640 2442 in
692 2405 799 2442 uno
839 2406 976 2443 novo
1006 2391 1218 2444 homine
1257 2392 1454 2447 faciens
1496 2409 1676 2461 pacem
1709 2397 1768 2450 ²⁹.
1801 2415 1820 2448 ι

275 2477 438 2540 Quod
480 2477 524 2531 si
565 2477 811 2533 Christus
860 2480 1074 2533 advenit
1118 2490 1176 2534 ut
1227 2482 1526 2536 inimicitias
1576 2485 1820 2551 solveret,

277 2576 476 2629 pacem
529 2561 748 2624 laceret,
789 2575 852 2614 ae
893 2562 1206 2618 dissidentes
1261 2579 1357 2618 nos
1395 2575 1608 2634 propter
1643 2583 1820 2634 sepem

280 2651 508 2703 malitiae
567 2665 727 2718 quam
780 2651 1048 2717 peccando
1103 2653 1407 2719 texuimus,
1458 2657 1822 2710 reconciliaret

277 2742 396 2793 Deo
421 2741 626 2808 peccati
666 2753 791 2807 sepe
827 2741 1061 2793 resoluta
1103 2757 1117 2794 :
1161 2742 1249 2809 qui
1289 2743 1478 2796 iterum
1511 2745 1576 2798 ad
1608 2755 1820 2812 peccata

277 2829 648 2890 convertitur,
683 2831 799 2882 sine
826 2829 984 2882 dubio
1019 2845 1203 2884 rursus
1241 2832 1544 2885 inimicitias
1573 2846 1818 2901 reparat,

276 2929 338 2972 et
377 2933 562 2986 sepem
613 2919 964 2973 dissensionis
1017 2920 1238 2982 intexit,
1291 2929 1344 2972 et
1393 2935 1489 2986 per
1532 2921 1645 2975 haec
1693 2937 1822 2989 opus

277 3008 490 3061 Christi
548 3007 730 3070 solvit,
768 3017 821 3061 et
855 3021 1063 3061 crucem
1118 3009 1379 3076 passionis
1416 3010 1529 3078 ejus
1577 3021 1814 3064 evacuat.

1926 1864 2007 1908 est
2037 1854 2168 1924 (45),
2193 1869 2464 1908 accessum
2500 1853 2756 1908 habemus
2780 1856 2846 1906 ad
2874 1855 3118 1923 gratiam.
3145 1855 3248 1908 Sed
3275 1855 3448 1907 videa-

1927 1959 2044 1998 mus
2070 1943 2226 2013 quale
2258 1953 2338 1997 est
2361 1945 2577 2007 ostium,
2619 1953 2677 1996 ut
2724 1943 2957 1997 sciamus
2995 1942 3179 2010 quales
3207 1955 3324 1996 esse
3348 1942 3447 1996 de-

1926 2035 2083 2084 beant
2119 2031 2212 2098 qui
2240 2031 2440 2083 intrent
2470 2045 2564 2099 per
2600 2032 2791 2100 ipsum,
2822 2040 2876 2084 et
2912 2045 3187 2085 accessum
3219 2031 3450 2085 habeant

1926 2121 1992 2172 ad
2029 2121 2281 2188 gratiam.
2309 2119 2455 2173 lstttd
2487 2121 2682 2174 ostium
2720 2122 2914 2173 veritas
2929 2129 3102 2184 est,et
3133 2135 3227 2188 per
3249 2121 3445 2174 ostium

1926 2209 2163 2262 veritatis
2198 2223 2300 2262 non
2340 2218 2556 2276 possunt
2591 2210 2816 2262 introire
2849 2210 3158 2263 mendaces.
3209 2209 3274 2262 Et
3325 2225 3447 2262 rur-

1925 2311 2042 2351 sum
2077 2297 2219 2350 istud
2249 2297 2440 2351 ostium
2467 2297 2672 2365 justitia
2704 2307 2808 2357 est.
2849 2309 2904 2350 et
2933 2313 3026 2364 per
3065 2298 3260 2351 ostium
3288 2297 3450 2365 justi-

1928 2385 2014 2437 tiae
2057 2400 2157 2438 non
2207 2387 2577 2454 ingrediuntur
2624 2385 2830 2451 iujusti.
2865 2386 3004 2438 Istud
3037 2388 3229 2439 ostium
3272 2387 3444 2442 dicit:

1931 2490 1949 2521 ι
1991 2471 2182 2525 Discite
2208 2488 2236 2523 a
2263 2487 2346 2526 me
2379 2473 2499 2540 quia
2528 2472 2673 2524 mitis
2705 2486 2820 2524 sum
2849 2481 2903 2525 et
2927 2473 3142 2526 humilis
3165 2473 3324 2526 corde
3342 2474 3442 2527 ³⁸..

1923 2561 2025 2614 Per
2053 2564 2244 2614 ostium
2285 2576 2413 2630 ergo
2455 2562 2767 2617 humilitatis
2809 2572 2861 2616 et
2894 2557 3316 2617 mansuetudinis
3347 2579 3448 2618 nec

1927 2652 2211 2705 iracundus
2236 2652 2548 2719 ingreditur,
2582 2665 2677 2706 nec
2719 2655 2998 2721 superbus.
3041 2653 3095 2707 Si
3127 2656 3246 2723 quis
3272 2656 3448 2723 itaque

1923 2750 2004 2792 cst
2046 2741 2135 2806 qui
2168 2741 2455 2792 secundum
2483 2741 2718 2807 Apostoli
2757 2744 2996 2804 verbum,
3033 2758 3126 2810 per
3165 2745 3444 2798 Dominum

1925 2840 2160 2881 nostrum
2192 2827 2370 2882 Jesum
2399 2830 2667 2884 Christum
2705 2847 2976 2886 accessum
3011 2833 3124 2886 vult
3164 2834 3361 2889 habere
3393 2836 3446 2889 in

1924 2917 2144 2982 gratiam
2184 2917 2413 2980 Domini,
2445 2919 2496 2970 in
2529 2935 2632 2984 qua
2663 2920 2878 2983 Paulus,
2918 2933 2971 2975 ct
2997 2922 3040 2975 si
3066 2923 3157 2991 qui
3204 2933 3329 2976 sunt
3369 2926 3448 2978 si-

1925 3006 2076 3060 miles
2107 3006 2239 3074 ejus,
2263 3016 2406 3061 stare
2435 3023 2492 3062 se
2521 3010 2670 3074 dicit,
2689 3019 2904 3076 oportet
2927 3025 3046 3064 eum
3081 3011 3148 3064 ab
3171 3012 3254 3066 bis
3279 3015 3449 3065 omni-

280 3096 391 3149 Sed
423 3112 522 3150 nos
555 3115 574 3147 ι
600 3067 877 3181 justiticati
911 3111 972 3149 ex
1005 3067 1332 3164 [idm-pacem
1356 3067 1642 3153 habeamus
1666 3100 1822 3171 536
1847 3067 1888 3123 ο
1923 3097 2022 3149 bus
2046 3067 2164 3164 quae
2195 3067 2354 3163 supra
2386 3067 2796 3150 memoravimus
2825 3112 2943 3151 esse
2965 3107 3266 3166 purgatum.
3296 3099 3448 3153 Alio-

277 3185 348 3235 ad
380 3185 547 3237 Deum
577 3199 676 3252 per
707 3186 985 3239 Dominum
1027 3196 1265 3239 nostrum
1296 3185 1473 3240 Jesum
1499 3186 1816 3240 Christum.)

279 3274 594 3328 Habeamus
624 3289 810 3341 pacem
843 3282 899 3325 ut
928 3274 1062 3326 ultra
1094 3289 1194 3327 non
1227 3277 1534 3328 adversetur
1563 3293 1686 3330 caro
1714 3279 1824 3346 spi-

276 3364 434 3425 ritui,
476 3377 576 3416 nec
613 3363 715 3430 legi
770 3363 861 3416 Dei
896 3364 1182 3417 obsistatur
1215 3379 1244 3416 a
1289 3365 1403 3434 lege
1446 3366 1821 3420 membrorum.

279 3453 400 3506 Non
434 3453 506 3506 sit
552 3453 606 3504 in
650 3452 806 3504 nobis
839 3463 956 3505 «est
982 3461 1159 3505 etnon
1183 3454 1261 3518 '°,
1283 3473 1301 3506 ι
1349 3455 1442 3506 sed
1471 3470 1628 3508 unum
1672 3455 1822 3509 dica-

281 3556 406 3594 mus
435 3555 649 3602 omnes,
691 3540 874 3592 eadem
921 3541 1214 3606 sapiamus,
1259 3557 1357 3596 nec
1405 3544 1541 3596 intra
1593 3553 1824 3596 nosmet-

281 3631 452 3698 ipsos,
487 3645 586 3683 nec
608 3630 943 3684 extrinsecus
965 3631 1029 3684 ad
1056 3631 1279 3684 invicem
1309 3632 1566 3685 habeatur
1586 3633 1688 3686 ulla
1715 3634 1822 3686 dis-

279 3719 490 3780 sensio,
513 3725 568 3769 et
600 3726 726 3769 tunc
755 3731 935 3784 pacem
970 3717 1281 3770 habebimus
1303 3718 1414 3787 (40)
1448 3720 1510 3771 ad
1541 3719 1703 3774 Deum
1733 3735 1825 3788 per

279 3808 569 3861 Dominum
627 3816 869 3859 nostrum
928 3805 1106 3860 Jesum
1137 3806 1426 3861 Christum.
1479 3807 1605 3861 lllud
1645 3817 1819 3861 autem

279 3896 594 3950 certissime
619 3895 893 3948 sciendum
923 3905 1025 3958 est,
1043 3896 1165 3962 quia
1193 3897 1365 3949 omnis
1393 3897 1444 3948 in
1473 3911 1580 3965 quo
1605 3907 1685 3950 est
1713 3912 1824 3949 ma-

279 3987 416 4042 litiae
450 3987 664 4047 vitium,
707 3999 979 4050 nunquam
1016 3994 1190 4051 potest
1214 3986 1410 4038 habere
1445 3999 1649 4053 pacem.
1691 3987 1822 4040 Dum

281 4079 432 4128 enim
481 4089 701 4140 semper
749 4073 946 4141 cogitat
998 4077 1260 4141 quomodo
1309 4073 1462 4127 liedat
1523 4075 1821 4142 proximum

283 4181 467 4226 suum,
486 4166 614 4216 dum
637 4177 849 4230 semper
868 4163 1089 4216 nocendi
1118 4172 1262 4216 artes
1285 4164 1528 4232 requirit,
1553 4179 1821 4232 nunquam

280 4270 437 4309 mens
466 4254 582 4319 ejus
617 4254 669 4304 in
709 4265 837 4318 pace
860 4252 1120 4306 consistit.
1150 4253 1297 4318 Quod
1337 4253 1381 4306 si
1412 4255 1651 4322 requiras
1679 4270 1709 4307 a
1738 4267 1822 4308 me

1921 3184 2046 3250 quin
2084 3199 2186 3237 nou
2225 3184 2454 3251 patietur
2507 3187 2606 3238 hoc
2652 3187 2848 3240 ostium
2899 3187 3118 3241 introire
3145 3201 3238 3241 eos
3265 3202 3360 3256 per
3388 3203 3448 3243 se

1923 3274 2012 3340 qui
2041 3288 2103 3327 ea
2141 3289 2257 3341 qua:
2283 3288 2313 3326 a
2355 3287 2414 3326 se
2460 3274 2631 3326 aliena
2659 3285 2784 3328 sunt
2828 3285 3038 3343 gerunt,
3071 3276 3164 3330 sed
3196 3277 3449 3332 continuo

1920 3364 2186 3416 clauditur
2223 3373 2275 3416 et
2316 3364 2544 3416 transire
2579 3379 2671 3431 per
2697 3378 2756 3417 se
2787 3379 2889 3416 non
2916 3365 3043 3417 sinit
3068 3365 3355 3420 dissimiles
3381 3366 3449 3420 si-

1919 3451 1992 3504 bi.
2024 3449 2134 3504 Hoe
2161 3451 2412 3503 nimirum
2437 3459 2521 3503 est
2539 3451 2680 3517 quod
2706 3459 2758 3502 et
2787 3450 2892 3503 illis
2918 3452 3155 3518 quinque
3192 3449 3450 3519 insipien-

1922 3538 2060 3592 tibus
2087 3539 2374 3606 virginibus
2407 3539 2622 3602 accidit,
2659 3553 2775 3607 quae
2803 3541 3054 3607 quoniam
3078 3539 3254 3593 oleum
3285 3540 3450 3594 bono-

1921 3642 2036 3679 rum
2064 3641 2282 3694 operum
2314 3627 2365 3680 in
2404 3627 2634 3682 vasculis
2673 3630 2784 3682 suis
2834 3645 2936 3682 non
2989 3629 3333 3698 collegerant,
3356 3644 3450 3684 ve-

1921 3715 2128 3768 nientes
2155 3725 2273 3781 post
2309 3731 2508 3783 moras,
2538 3719 2775 3771 clausum
2813 3719 3006 3771 ostium
3036 3719 3353 3774 invenerunt
3379 3720 3446 3773 ”.

1922 3803 2028 3856 Nec
2053 3807 2193 3856 enim
2245 3816 2489 3873 poterant
2523 3808 2833 3875 insipientes
2883 3809 3075 3862 anima:
3114 3824 3208 3877 per
3252 3810 3448 3864 ostium

1929 3894 2152 3946 introire
2186 3896 2478 3962 sapientize,
2513 3903 2567 3949 et
2602 3911 2871 3950 accessum
2904 3898 3103 3950 habere
3136 3899 3189 3950 in
3218 3899 3446 3966 gratiam

1923 3983 2052 4053 (44).
2079 3983 2219 4036 Bene
2265 3994 2441 4038 autem
2476 3985 2746 4052 apostolus
2789 3985 2984 4039 Paulus
3013 3986 3066 4038 in
3101 3987 3271 4052 gratia
3303 3994 3449 4038 stare

1921 4086 1978 4124 se
2012 4072 2157 4136 dicit,
2203 4073 2292 4140 qui
2334 4082 2388 4126 et
2427 4073 2552 4126 alibi
2592 4074 2761 4128 dixit:
2816 4093 2834 4125 ι
2859 4074 3230 4127 Abundantius
3271 4083 3448 4128 autem

1921 4174 2078 4227 quam
2107 4175 2290 4213 oumes
2322 4160 2394 4212 illi
2426 4161 2660 4214 laboravi
2688 4180 2701 4216 :
2726 4176 2828 4215 non
2859 4171 3037 4214 autem
3058 4175 3175 4230 ego,
3207 4161 3298 4216 sed
3323 4177 3446 4226 gra-

1922 4249 1993 4299 tia
2021 4247 2114 4300 Dei
2152 4263 2357 4302 mecum
2383 4249 2446 4303 ³⁸.
2475 4267 2493 4300 ι
2533 4249 2679 4304 Unde
2709 4251 2753 4303 si
2779 4252 2898 4318 quis
2917 4259 2999 4304 est
3022 4250 3159 4303 alius
3177 4250 3267 4318 qui
3297 4249 3446 4302 laboo

283 4341 748 4411 quomodojustus
770 4349 944 4404 potest
971 4339 1166 4394 habere
1192 4354 1399 4409 pacem,
1423 4343 1512 4410 qui
1546 4342 1820 4410 impugna—
1848 4367 1891 4418 ο
1923 4345 2001 4390 ret
2029 4336 2415 4400 abundantius,
2465 4345 2518 4389 et
2543 4337 2631 4404 qui
2669 4337 2924 4406 glorietur
2966 4340 3017 4393 in
3053 4336 3448 4391 inﬁrmitatibus

286 4439 376 4483 tur
406 4446 435 4483 a
465 4429 702 4493 diabolo,
734 4429 824 4493 qui
859 4429 1206 4481 teutationum
1239 4429 1375 4483 bella
1407 4439 1688 4492 sustentat,
1720 4445 1818 4498 ego

285 4522 461 4588 ipsum
494 4520 667 4586 magis
711 4533 868 4583 supra
897 4530 1082 4571 omnes
1119 4529 1339 4572 caeteros
1373 4519 1569 4572 habere
1594 4521 1816 4573 dixerim

284 4624 495 4678 pacem.
532 4607 662 4661 Vide
709 4608 848 4659 enim
881 4615 932 4659 et
974 4606 1255 4674 Apostolus
1282 4623 1441 4675 quam
1477 4611 1822 4663 observanter

285 4702 510 4751 scribat.
547 4697 662 4750 Non
691 4698 826 4750 dixit
857 4713 871 4748 :
908 4715 926 4747 ι
954 4696 1240 4750 Justillcati
1283 4697 1440 4764 igitur
1476 4713 1540 4752 ex
1577 4700 1697 4764 lide,
1725 4715 1821 4768 pa-

283 4801 402 4840 cem
444 4787 758 4848 babeamus,
785 4804 805 4838 ι
846 4791 902 4840 et
931 4785 1115 4846 siluit;
1148 4785 1238 4840 sed
1269 4786 1546 4854 adjungit:
1585 4805 1604 4838 ι
1636 4788 1822 4842 Pacem

360 4921 400 4951 ³⁷
423 4919 613 4972 Jacob.
643 4931 716 4979 Iv,
746 4915 830 4986 §._
877 4915 953 4967 ⁸⁸1
979 4914 1134 4986 Joan.
1168 4915 1358 4986 ιιηίβρ
1393 4916 1478 4986 lli.
1555 4917 1595 4948 ¹⁹
1647 4916 1821 4986 Ephes

1976 4917 2063 4984 ιιι,
2108 4918 2193 4970 l5.

1918 4426 2052 4488 suis,
2075 4427 2166 4492 qui
2197 4427 2247 4478 in
2275 4427 2527 4494 periculis
2553 4441 2693 4496 swpe
2722 4438 2980 4494 versetur,
3014 4447 3032 4480 ι
3064 4427 3317 4498 periculis
3337 4443 3451 4480 ma-

1920 4516 2275 4584 ris,periculis
2298 4515 2569 4568 ﬂuminum
2599 4516 2733 4587 (45),
2753 4518 3006 4584 periculis
3034 4518 3323 4581 latronum,
3347 4527 3442 4584 pe-

1921 4605 2107 4658 riculis
2131 4604 2181 4656 in
2209 4602 2358 4658 falsis
2385 4605 2646 4659 fratribus
2670 4607 2738 4670 ⁸⁷,
2763 4625 2783 4658 ι
2809 4617 2864 4660 et
2891 4607 2942 4659 in
2973 4608 3055 4659 bis
3077 4607 3323 4659 omnibus
3343 4611 3450 4658 stet

1923 4709 2132 4762 semper
2162 4694 2213 4746 in
2242 4695 2369 4758 lide,
2397 4707 2497 4746 iste
2517 4695 2760 4748 similiter
2785 4706 2928 4748 stare
2953 4697 3146 4750 dicitur
3169 4697 3221 4747 in
3247 4695 3446 4760 gratia.

1926 4788 2030 4842 Sed
2063 4796 2117 4840 et
2147 4787 2287 4854 quod
2311 4788 2570 4852 sequitur,
2611 4802 2630 4835 ι
2660 4785 2726 4838 Ει
2749 4786 3038 4852 gloriamur
3064 4786 3116 4837 in
3140 4797 3234 4850 spe
3265 4781 3450 4848 gloriae

2289 4916 2334 4947 ὀ
2365 4915 2381 4968 l
2407 4915 2531 4969 Cor.
2579 4931 2616 4976 ι,
2658 4916 2840 4968 l7-l9.
2913 4917 2956 4946 ³³
2985 4914 3172 4967 Jacoh.
3211 4927 3283 4972 tv,
3311 4914 3366 4973 7,
3397 4913 3453 4965 8.

283 4989 332 5020 ’θ
357 4987 514 5041 .Ιο;ιιι.
548 5002 605 5050 x,
624 4987 676 5040 9.
733 4985 778 5015 ²³
803 4981 953 5037 Joan.
981 5000 1086 5050 xtv,
1107 4985 1158 5036 6.
1230 4983 1275 5014 ³³⁵
1302 4983 1486 5036 Matth.
1510 5000 1584 5052 χι,
1610 4981 1710 5040 29ξ
1769 4986 1812 5017 ³⁸

1926 4989 2016 5039 tth.
2049 4981 2174 5049 xxv,
2204 4985 2257 5051 8,
2294 4985 2382 5036 l0.
2455 4985 2499 5014 ³⁸
2525 4984 2545 5036 l
2570 4983 2695 5038 Cor.
2730 4997 2819 5044 xv,
2844 4983 2908 5036 10
2981 4983 3022 5012 ’τ
3048 4983 3088 5034 ll
3107 4983 3232 5033 Cor.
3259 4995 3336 5042 xi,
3361 4983 3452 5032 ‘26.

357 5102 469 5171 ('57)
504 5101 672 5171 Alias,
702 5117 721 5149 ι
741 5100 995 5171 resolvas.
1016 5119 1035 5150 ι

361 5163 474 5242 (38)
505 5170 666 5233 Editi,
698 5185 716 5217 ι
741 5171 854 5236 pari
886 5168 1072 5242 spiritu
1091 5175 1406 5242 attestatur:
1436 5163 1633 5242 Filioli,
1655 5165 1817 5242 nolite

288 5231 474 5293 amare
493 5252 567 5306 ea,
585 5231 724 5304 quae,
741 5231 770 5285 ἰ
797 5247 898 5306 etc.
916 5231 1182 5306 Maiunus
1204 5234 1380 5306 habet,
1403 5249 1418 5280 ι
1443 5231 1623 5287 Filioli
1659 5237 1778 5306 mei,
1795 5255 1812 5285 ι

291 5323 388 5374 pro
446 5324 466 5356 ι
492 5303 689 5367 Filibli,
716 5305 918 5374 inquit.
944 5322 964 5354 ι
1017 5303 1281 5374 RabanuS,
1320 5303 1377 5352 ct’
1424 5315 1561 5354 mss.
1605 5304 1816 5371 quidam

289 5371 552 5427 omittunt
578 5382 634 5424 et
663 5389 682 5421 ι
714 5372 885 5436 inquit
907 5389 925 5421 ι
951 5380 1006 5424 et
1033 5387 1051 5418 ι
1075 5371 1190 5421 mei.
1213 5387 1231 5417 ι

363 5442 475 5510 (59)
507 5437 575 5488 Et
609 5434 848 5510 superbia
874 5439 1002 5489 vim.
1035 5437 1166 5510 _ll:_ec_
1185 5434 1338 5487 verba
1361 5448 1453 5489 non
1493 5447 1818 5506 comparent

295 5511 348 5564 iu
372 5503 510 5559 'ms's.
543 5509 756 5564 nostris,
791 5519 886 5557 nec
917 5505 1048 5572 apud
1079 5503 1363 5559 Ribatmtn.

364 5577 472 5643 (40)
511 5576 672 5640 Alias,
714 5591 733 5625 ι
770 5574 1029 5626 habemus.
1060 5589 1076 5622 ι

1991 5100 2102 5168 (ll)
2142 5098 2230 5153 Sic
2273 5111 2459 5151 omnes
2513 5113 2642 5153 mss.
2687 5099 2878 5151 nostri.
2924 5097 3067 5151 Editt
3099 5107 3264 5157 vero,
3312 5111 3334 5142 ι
3361 5109 3460 5160 pa-

1923 5178 2104 5305 ιΐῗίὲ)
2133 5234 2302 5296 Alias,
2337 5250 2356 5284 ι
2377 5242 2560 5287 contra
2591 5242 2840 5304 peccata;
2868 5252 2887 5287 ι
2919 5234 3012 5296 al.,
3043 5250 3062 5282 ι
3089 5231 3144 5283 in
3167 5227 3466 5292 peccatum

1921 5305 2104 5436 mill?)
2143 5368 2316 5434 Alias,
2350 5387 2367 5418 ι
2393 5369 2518 5436 quia
2553 5370 2745 5424 οθιί¹¹¹¹¹
2774 5382 2876 5424 es"
2910 5390 2928 5421 ’

1992 5439 2100 5504 (Η)
2137 5437 2297 5504 Alias,
2339 5455 2355 5486 ι
2392 5440 2443 5488 in
2475 5441 2695 5504 gratiam
2727 5437 2904 5493 istam.
2931 5458 2948 5487 ι

1992 5493 2100 5574 (45)
2141 5493 2390 5557 Ρενὶειιιισ
2423 5493 2714 5574 [ιιῖηιίηιιηι.
2746 5504 2864 5562 llaec
2898 5506 3186 5561 adduntur
3210 5493 3376 5550 verba
3411 5493 3490 5548 ab

1922 5592 2025 5628 υιιυ
2053 5592 2148 5628 ius.
2182 5574 2342 5642 “t‘glu
2373 5584 2426 5627 et
2463 5591 2491 5626 a
2526 5573 2759 5626 liabano.
