3836 6222
389 283 484 338 ﬁlii

1835 261 2146 321 ORIGENIS

3579 236 3674 292 99!

387 399 480 451 Dei
503 398 569 459 ",
598 413 616 446 ι
643 391 797 460 quale
822 390 890 441 sit
921 387 1214 440 videamus.
1249 385 1420 439 Movet
1457 398 1542 438 me
1578 398 1672 437 cur
1704 398 1807 438 non
1840 384 1920 436 di-
1946 388 1990 441 Λ
2019 379 2152 432 riam
2177 375 2359 438 dicat;
2400 372 2492 426 sed
2533 370 2637 424 hoc
2677 366 2820 421 mihi
2853 359 3119 460 videtur
3147 354 3504 460 ostendere:
3537 356 3673 460 quod

388 488 526 539 xerit
552 481 763 551 gloriari
793 492 851 532 se
897 477 950 528 in
997 476 1161 544 gloria
1197 475 1310 538 Dei,
1341 474 1432 527 sed
1467 493 1485 524 ‹
1519 475 1570 526 itt
1611 489 1702 542 spe
1730 474 1910 542 gloria

385 574 476 626 Dei
503 590 516 625 :
558 591 576 620 ι
613 571 663 619 itt
690 582 794 633 quo
822 566 1004 618 deesse
1032 563 1244 630 quidem
1275 562 1471 629 aliquid
1499 563 1812 615 elocutionis
1835 562 1912 613 vi-

381 663 556 719 detur,
587 659 655 710 ita
691 665 745 708 ut
789 652 1062 708 subaudiri
1105 653 1314 712 debeat,
1365 671 1382 703 ι
1414 653 1464 704 in
1496 667 1588 718 spe
1621 670 1638 701 ι
1675 650 1912 703 videnda

387 768 404 799 ι
439 747 618 816 gloria
659 744 770 796 Dei.
809 761 826 792 ι
862 742 1064 795 Edocct
1089 751 1265 795 autem
1296 757 1392 794 nos
1417 756 1510 808 per
1534 741 1666 801 hac,
1691 739 1826 792 sicut
1858 749 1912 792 et

379 840 502 892 alibi
535 839 645 905 ipse
673 837 825 899 dicit,
856 835 982 903 quia
1015 852 1034 885 ι
1057 849 1176 902 qua
1201 843 1505 901 sperantur,
1528 843 1724 885 aterna
1754 838 1907 892 sunt;

379 944 495 999 qua
526 935 699 979 autem
733 928 999 986 videntur,
1054 923 1364 990 temporalia
1388 924 1452 976 ²⁰.
1492 931 1512 973 i
1545 920 1677 974 Nam
1715 919 1913 971 vidisse

385 1019 581 1069 dicitur
607 1027 660 1069 et
688 1014 894 1082 Moyses
916 1015 1135 1081 gloriam
1179 1016 1270 1065 Dei
1297 1013 1376 1071 ³ος
1407 1011 1610 1064 vidisse
1633 1010 1825 1063 dicitur
1859 1015 1914 1059 et

383 1104 606 1171 populus
661 1104 711 1155 in
761 1103 1162 1156 consecratione
1213 1103 1400 1154 domus
1450 1099 1655 1151 Domini
1688 1096 1911 1166 gloriam

383 1193 474 1246 Dei
517 1191 756 1244 Israel".
792 1190 895 1242 Sed
933 1198 987 1242 et
1025 1191 1088 1242 de
1139 1189 1431 1256 ltujnsmodi
1464 1187 1629 1256 gloria
1681 1200 1799 1252 qua
1829 1185 1912 1236 vi-

383 1284 495 1334 deri
528 1282 722 1348 potuit,
752 1295 915 1331 ausus
946 1288 1026 1330 est
1049 1277 1368 1344 Paulus,qni
1395 1287 1509 1329 erat
1539 1276 1909 1344 mysteriorum

381 1370 474 1423 Dei
527 1384 761 1436 gnarus,
805 1368 1152 1434 pronuntiare
1181 1367 1252 1427 ³³,
1284 1367 1424 1432 quod
1482 1364 1567 1416 illa
1607 1363 1774 1434 gloria
1818 1363 1909 1415 de-

374 1471 633 1522 Struetur,
669 1473 787 1526 qua
821 1458 986 1510 etiam
1021 1457 1068 1507 in
1097 1455 1244 1506 vultu
1276 1453 1443 1522 Moysi
1471 1454 1764 1507 videbatur.
1787 1451 1910 1507 Hac

374 1561 550 1603 autem
593 1549 757 1611 gloria
805 1561 921 1613 qua
967 1554 1232 1612 speratur,
1267 1543 1333 1596 de
1363 1557 1464 1609 qua
1495 1542 1644 1606 dicit,
1686 1560 1702 1592 ι
1730 1541 1785 1595 In
1814 1555 1908 1609 spe

375 1641 560 1708 gloria:
622 1639 710 1692 Dei
758 1638 864 1701 ³³.»
924 1650 1192 1702 nunquam
1256 1633 1580 1685 destruetur.
1625 1631 1716 1683 Est
1761 1632 1905 1684 enim

2011 468 2126 523 ista
2151 466 2329 536 gloria
2357 478 2477 530 qua
2503 461 2588 514 vel
2615 476 2714 528 per
2747 457 3001 525 Moysen
3023 449 3373 520 prioribus,
3401 445 3496 498 vel
3523 446 3675 536 nobis

2009 572 2104 626 per
2131 534 2414 608 adventum
2440 551 2624 606 carnis
2655 547 2867 603 Christi
2919 543 3156 598 delatas
3198 545 3368 600 sunt,
3409 549 3523 590 non
3557 534 3672 590 fue-

2009 653 2133 699 runt
2177 642 2509 712 angelorum,
2563 638 2660 692 sed
2706 636 3022 690 hominum
3065 647 3085 697 ;
3147 626 3499 682 hominibus
3535 627 3669 678 enim

2011 736 2324 791 ministrata
2357 740 2502 796 sunt,
2535 740 2590 784 et
2613 728 2846 782 fuerunt
2869 724 3012 792 ejus
3045 730 3360 774 mensura
3415 730 3563 784 quas
3587 730 3672 769 ca-
3704 786 3710 795 ί

2010 838 2134 893 pere
2165 822 2415 876 homines
2445 824 2673 888 possent
2712 832 2728 870 :
2764 815 2857 868 illa
2886 826 3075 873 vero,
3113 810 3174 863 in
3208 823 3332 877 qua
3365 807 3548 859 Filius
3582 807 3672 859 lto-

2010 913 2168 966 minis
2192 911 2257 964 ad
2278 910 2540 980 judicium
2571 906 2763 960 mundi
2790 911 3099 958 venturus
3126 908 3254 961 est,
3285 897 3477 965 gloria
3502 895 3668 953 Patris

2012 1011 2154 1055 tanta
2186 1001 2308 1065 erit,
2339 1014 2462 1068 qua
2489 1014 2520 1051 a
2551 997 2684 1051 solis
2715 995 2938 1064 angelis
2972 990 3115 1058 capi
3173 989 3400 1058 possit.
3442 987 3503 1042 Si
3547 1004 3668 1042 vero

2010 1089 2171 1143 etiam
2198 1099 2514 1142 sanctorum
2549 1085 2720 1153 aliqui
2750 1096 3011 1151 capaces
3043 1080 3220 1135 illius
3258 1078 3468 1148 gloria
3504 1079 3667 1132 exsti-

2011 1179 2196 1240 terint,
2222 1176 2296 1232 illi
2328 1177 2585 1231 nimirum
2626 1183 2795 1227 erunt
2843 1173 2914 1226 de
2957 1170 3198 1237 quibus
3248 1168 3500 1233 dicitur,
3536 1169 3665 1234 Quia

2014 1279 2033 1312 ‹
2074 1267 2232 1315 erunt
2279 1258 2418 1312 sicut
2458 1255 2632 1326 angeli
2684 1254 2783 1308 Dei
2819 1253 2890 1307 “.
2947 1270 2970 1301 ι
3027 1251 3110 1304 Et
3157 1253 3280 1303 hoc
3322 1250 3498 1302 modo
3539 1263 3672 1306 recte

2008 1353 2074 1407 de
2100 1350 2276 1405 futura
2304 1347 2488 1419 gloria,
2532 1361 2656 1415 qua
2703 1343 2999 1413 speranda
3044 1350 3168 1405 est,
3205 1339 3435 1395 dictum
3465 1341 3670 1396 videtur

2006 1442 2146 1510 quod
2183 1441 2346 1494 Filius
2397 1438 2637 1492 hominis
2690 1435 2886 1489 veniat
2936 1452 2958 1484 ε
3017 1434 3084 1486 in
3131 1433 3325 1502 gloria
3371 1432 3584 1494 Patris,
3623 1445 3670 1488 et

2005 1539 2306 1585 sanctorum
2337 1528 2682 1597 angelorum,
2730 1543 2749 1576 ι
2782 1524 2838 1577 id
2867 1532 2998 1585 est,
3042 1537 3234 1591 quam
3276 1536 3400 1575 non
3433 1523 3548 1590 jam
3582 1521 3668 1576 D0-

2005 1622 2176 1674 mines
2212 1619 2430 1680 terreni,
2465 1617 2561 1672 sed
2593 1616 2772 1670 sancti
2807 1614 3012 1685 angeli
3058 1628 3292 1682 capere
3331 1623 3663 1666 mereantur.

378 1699 495 1780 falis
523 1729 586 1780 de
608 1742 709 1794 qua
757 1699 893 1778 idem
922 1699 1208 1791 Apostolus
1249 1720 1382 1773 dicit
1412 1721 1632 1786 loquens
1661 1721 1725 1772 de
1750 1719 1907 1772 Chri-
1931 1699 1977 1758 Β
2005 1712 2106 1764 Ρτο
2161 1710 2450 1778 camellam
2505 1707 2710 1762 etenim
2785 1706 3098 1759 mentium
3167 1704 3478 1774 όίερειιεθι
3535 1703 3665 1759 Deus

374 1826 456 1869 sto
498 1834 513 1870 :
568 1835 585 1866 ι
632 1815 730 1880 Qui
777 1825 879 1878 est,
928 1815 1120 1881 inquit,
1157 1813 1410 1879 splendor
1437 1809 1640 1878 gloria,
1661 1815 1714 1860 et
1740 1808 1906 1874 figura

373 1920 624 1974 expressa
653 1903 966 1957 substantia
989 1902 1102 1969 ejus
1122 1901 1188 1954 ³³⁵.
1217 1919 1237 1952 t
1275 1899 1438 1964 l-lujns
1473 1910 1600 1965 ergo
1625 1895 1802 1962 gloria
1832 1894 1908 1946 vi-

372 1998 556 2048 denda
579 2009 726 2063 spem
751 2003 943 2061 gerunt
970 1993 1021 2045 hi
1049 1995 1112 2045 de
1137 1991 1329 2058 quibus
1343 1991 1541 2041 dictum
1571 1996 1654 2040 est
1679 2000 1692 2036 :
1719 2002 1736 2034 ι
1762 1984 1908 2037 Beati

373 2084 569 2138 mundo
623 2083 805 2147 corde,
838 2083 1089 2149 quoniam
1141 2080 1243 2147 ipsi
1304 2078 1466 2130 Deum
1509 2074 1852 2135 videbunt“,
1883 2091 1902 2124 ι

375 2185 501 2226 tunc
529 2188 649 2227 cum
676 2173 787 2240 jam
814 2173 1078 2238 aufugerit
1105 2170 1278 2233 dolor,
1305 2180 1357 2221 et
1381 2167 1624 2230 tristitia,
1659 2174 1713 2218 et
1745 2164 1910 2232 gemi-

375 2274 480 2328 tus,
508 2273 705 2316 etcum
734 2276 795 2315 ea
821 2276 937 2328 qua
973 2262 1024 2312 in
1065 2258 1278 2326 speculo
1309 2273 1449 2310 nunc
1502 2255 1749 2308 videntur
1772 2262 1824 2306 et
1857 2251 1909 2304 in

371 2355 673 2422 aenigmate,
719 2353 1079 2414 destruantur,
1115 2361 1169 2403 et
1199 2348 1490 2404 manebunt
1535 2344 1645 2416 (46)
1680 2345 1762 2398 illa
1794 2360 1911 2412 qua

384 2457 509 2500 sunt
539 2445 671 2499 facie
695 2445 762 2497 ad
791 2442 980 2496 faciem
1013 2441 1078 2495 ³⁸.
1109 2441 1258 2506 Quod
1283 2440 1330 2493 si
1364 2439 1448 2492 cui
1480 2437 1616 2490 forte
1645 2435 1911 2488 videbitur

374 2545 498 2599 huic
518 2541 832 2610 expositioni
856 2551 1050 2594 nostra
1076 2540 1203 2593 illud
1227 2538 1533 2592 econtrario
1565 2537 1727 2604 objici
1755 2547 1909 2603 posse

372 2635 513 2702 quod
551 2634 662 2700 ipse
699 2631 984 2698 Apostolus
1015 2631 1183 2684 dicit:
1224 2647 1242 2680 ι
1285 2628 1389 2682 Nos
1443 2638 1619 2680 autem
1676 2625 1910 2678 revelata

372 2723 510 2775 faeie
542 2720 764 2789 gloriam
817 2719 1023 2772 Domini
1055 2717 1412 2786 speculantes,
1439 2717 1623 2770 eadem
1673 2715 1907 2783 imagine

375 2810 817 2866 transformamur
830 2824 857 2861 a
873 2807 1041 2877 gloria
1066 2807 1116 2860 in
1133 2807 1636 2875 gloriam,tanquam
1659 2819 1686 2856 a
1702 2804 1910 2856 Domini

373 2901 670 2969 Spiritu";
703 2918 722 2951 ι
759 2907 813 2952 et
842 2899 968 2952 dicit
1001 2916 1013 2951 :
1047 2897 1321 2962 Quomodo
1347 2895 1520 2948 adhuc
1545 2909 1690 2960 spem
1727 2893 1911 2961 gloria

374 2994 623 3064 gerit,qui
645 2994 875 3047 revelata
893 2992 999 3059 jam
1021 2992 1156 3044 facie
1173 2989 1434 3058 speculari
1458 3002 1515 3042 se
1534 2988 1665 3045 dicit
1684 2987 1904 3059 gloriam
1931 3005 1973 3063 ο

375 3087 616 3147 Domini,
649 3094 703 3139 et
736 3101 763 3137 a
802 3085 971 3154 gloria
1005 3084 1057 3136 itt
1099 3082 1325 3150 gloriam
1357 3077 1761 3132 transformari?
1788 3078 1908 3132 vide

376 3178 530 3246 537
557 3176 600 3230 si
638 3176 902 3244 possimus
931 3175 1033 3227 hoc
1055 3177 1208 3226 modo
1239 3171 1444 3225 solvere
1473 3171 1614 3239 quod
1640 3170 1906 3238 objectum

375 3272 475 3317 est.
507 3261 839 3315 Diﬂ'erentias
875 3261 1002 3313 mihi
1050 3260 1334 3328 Apostolus
1381 3259 1590 3312 videtur
1630 3260 1908 3311 ostendere

377 3353 688 3420 gloriarum,
719 3361 774 3404 et
801 3351 956 3402 aliam
985 3351 1150 3403 fuisse
1185 3349 1406 3419 gloriam
1453 3365 1570 3417 qua
1617 3347 1782 3416 Moysi
1811 3348 1908 3399 nti-

378 3442 598 3494 nisterio
624 3440 733 3509 (47)
763 3440 994 3494 revelata
1027 3452 1132 3501 est,
1160 3441 1225 3492 de
1253 3453 1353 3507 qua
1383 3440 1490 3507 jam
1527 3439 1577 3492 in
1613 3438 1908 3505 superiori-

380 3530 479 3583 bus
505 3530 768 3582 diximus:
795 3530 952 3581 aliam
996 3527 1158 3581 fuisse
1187 3543 1304 3594 quae
1347 3527 1398 3581 itt
1434 3529 1664 3581 adventu
1703 3526 1908 3579 carnali

379 3617 672 3672 Salvatoris
706 3618 1005 3670 ministrata
1043 3627 1146 3679 est,
1187 3621 1250 3670 de
1281 3630 1385 3684 qua
1419 3617 1549 3670 dicit
1591 3626 1643 3669 et
1678 3615 1910 3669 Joannes

379 3711 432 3760 in
465 3708 787 3777 Evangelia:
827 3727 845 3759 ‹
875 3708 936 3760 Et
969 3709 1197 3760 vidimus
1245 3707 1464 3775 gloriam
1509 3708 1642 3775 ejus,
1685 3706 1908 3774 gloriam

383 3811 630 3868 tanquam
667 3798 935 3868 Unigeniti
964 3815 992 3852 a
1025 3799 1205 3862 Patre,
1230 3799 1444 3867 plenuttt
1481 3799 1667 3867 gratia
1688 3805 1739 3851 et
1768 3798 1905 3849 veri-

381 3891 506 3944 tatis
526 3891 590 3942 ⁸³.
612 3909 629 3941 ι
661 3889 732 3943 De
761 3905 863 3959 qua
894 3889 1067 3958 gloria
1107 3904 1212 3942 non
1242 3902 1522 3956 possumus
1553 3888 1730 3940 dicere
1771 3887 1909 3955 quod

381 3982 494 4050 ipsa
522 3982 591 4034 sit
616 3995 731 4048 qua
759 3981 1020 4049 speranda
1050 3990 1132 4032 est
1169 3998 1182 4032 :
1234 3979 1372 4030 hanc
1419 3977 1559 4030 enim
1605 3977 1802 4029 vidisse
1832 3977 1912 4030 di-

379 4081 505 4124 cunt
528 4072 747 4140 apostoli
777 4089 792 4135 ;
822 4081 878 4124 et
899 4087 1020 4125 vera
1059 4080 1139 4125 est
1177 4070 1263 4123 illa
1293 4068 1555 4122 sententia
1589 4083 1704 4134 qua
1740 4068 1906 4122 dicit:

381 4178 402 4211 ι
431 4162 578 4225 Quod
607 4161 748 4215 enim
780 4162 922 4214 videt
950 4160 1088 4228 quis,
1119 4158 1244 4227 quid
1282 4165 1460 4225 sperat
1481 4156 1564 4207 "i
1603 4175 1621 4206 ι
1655 4155 1745 4208 llla
1782 4171 1911 4210 vero

377 4246 544 4312 gloria
574 4246 684 4313 (48)
717 4261 834 4314 qua
868 4249 1130 4313 speranda
1156 4254 1258 4308 est,
1288 4245 1353 4296 de
1376 4259 1478 4311 qua
1500 4244 1661 4296 etiam
1693 4244 1744 4295 in
1778 4260 1910 4313 pra--

2003 1801 2158 1856 etiam
2189 1800 2585 1870 magnitudines
2625 1797 2964 1868 gloriarum.
3018 1795 3148 1850 Sed
3180 1796 3342 1851 sicut
3369 1796 3534 1849 istam
3563 1795 3665 1866 glo-

2003 1893 2131 1945 riam
2159 1906 2315 1958 quam
2355 1891 2552 1944 vidisse
2582 1905 2642 1944 se
2685 1889 2938 1958 apostoli
2968 1889 3038 1942 in
3079 1889 3432 1960 Evangeliis
3459 1889 3660 1956 dicunt,

2011 1998 2028 2031 ι
2061 1979 2284 2048 gloriam
2321 1988 2580 2046 tanquam
2615 1977 2910 2046 Unigeniti
2953 1991 2989 2029 a
3019 1976 3242 2039 Patre,
3283 1977 3513 2044 plenum
3547 1991 3660 2044 grao

2009 2070 2094 2121 tia
2130 2076 2182 2122 et
2216 2069 2463 2123 veritatis
2494 2069 2563 2134 δ’,
2600 2086 2620 2118 ι
2671 2084 2776 2122 nec
2802 2069 3073 2123 credere
3108 2068 3278 2136 quis,
3330 2082 3440 2123 nec
3474 2083 3658 2136 capere

2009 2157 2197 2225 potuit,
2230 2156 2331 2209 nisi
2361 2165 2414 2210 et
2465 2155 2555 2209 illa
2599 2156 2777 2225 gloria
2826 2170 2971 2223 qua:
3025 2171 3142 2225 per
3181 2156 3424 2226 Moysen
3468 2157 3579 2224 (50)
3609 2158 3656 2208 in

2009 2245 2121 2316 lege
2144 2245 2439 2298 ministrata
2464 2254 2567 2307 est,
2596 2249 2740 2297 viam
2769 2245 3082 2300 tenuisset
3113 2246 3537 2313 intelligentia,
3557 2247 3655 2301 sic-

2009 2345 2064 2388 ut
2115 2343 2448 2388 contestatur
2499 2333 2592 2387 ille
2652 2334 2751 2400 qui
2806 2334 3069 2388 dicebat
3157 2335 3236 2389 ad
3305 2334 3652 2390 Natbanael:

2015 2444 2033 2477 ι
2064 2425 2230 2490 Quem
2273 2424 2491 2493 scripsit
2539 2423 2788 2493 Moyses,
2843 2435 2905 2478 et
2966 2426 3318 2495 propheta,
3360 2427 3654 2482 invenimus

2007 2513 2186 2568 Jesum
2217 2530 2245 2566 a
2276 2512 2544 2566 Nazareth
2583 2513 2630 2543 “
2675 2531 2690 2568 :
2740 2531 2761 2564 ι
2818 2514 2925 2583 (in
2979 2531 3113 2583 quo
3155 2517 3366 2584 utique
3407 2517 3649 2579 ostendit,

2009 2608 2132 2674 quia
2159 2619 2224 2659 ex
2252 2604 2392 2673 Lege
2419 2612 2475 2656 et
2513 2603 2813 2672 l’ropbetis
2838 2605 3219 2671 illuminati,
3255 2607 3426 2676 hujus
3455 2607 3650 2677 gloria,

2009 2711 2126 2764 qua
2155 2703 2272 2748 erat
2299 2704 2556 2761 tanquam
2590 2695 2886 2762 Unigeniti
2940 2711 2979 2750 a
3018 2697 3237 2766 Patre,
3285 2699 3477 2753 lumen
3507 2712 3648 2766 aspe-

2009 2785 2211 2853 xerint)
2245 2785 2323 2836 ita
2350 2794 2404 2836 et
2432 2785 2577 2854 quod
2609 2785 2929 2853 Apostolus
2964 2787 3136 2842 dixit
3159 2788 3236 2853 “,
3278 2807 3299 2841 ι
3339 2789 3453 2844 Nos
3480 2798 3646 2842 autent

2013 2878 2252 2929 revelata
2282 2873 2420 2928 faeie
2449 2873 2682 2941 gloriam
2711 2874 2959 2930 Domini
3016 2879 3424 2948 speculantes,
3471 2882 3642 2933 cadent

2011 2964 2242 3032 imagine
2291 2965 2754 3016 transformamur
2801 2979 2835 3018 a
2886 2967 3098 3034 gloria
3136 2972 3200 3022 in
3233 2969 3492 3039 gloriam,
3532 2977 3644 3020 tan-

2005 3067 2163 3120 quam
2194 3065 2222 3103 a
2258 3052 2468 3105 Domini
2502 3050 2736 3118 Spiritu,
2796 3071 2816 3103 »
2891 3055 3171 3127 intelligi
3225 3057 3401 3112 debet
3425 3057 3558 3126 quod
3592 3064 3642 3109 et

2005 3140 2096 3209 qui
2125 3141 2281 3194 istam
2317 3141 2542 3209 gloriam
2568 3140 2868 3211 Unigeniti
2905 3147 3201 3201 revelata
3235 3147 3406 3212 facie,
3435 3147 3639 3206 hocest,

2005 3233 2161 3301 plena
2196 3231 2316 3286 fidei
2355 3233 2720 3301 intelligentia
2757 3239 3232 3307 contemplatur
3281 3240 3426 3308 (51),
3467 3240 3637 3294 eadem

2005 3323 2236 3389 imagine
2268 3337 2374 3390 qua
2433 3324 2501 3376 de
2547 3323 2693 3391 Lege
2742 3329 2916 3381 venit
2979 3332 3063 3384 ad
3126 3332 3466 3402 Evangelia,
3501 3340 3550 3384 et
3579 3330 3638 3382 ad

2007 3411 2276 3466 carnalem
2321 3411 2618 3466 Salvatoris
2654 3415 3015 3484 adventum,
3079 3422 3416 3477 illuminato
3461 3436 3549 3490 per
3579 3421 3634 3473 ﬁ-

2008 3503 2128 3556 dem
2165 3503 2347 3556 cordis
2381 3502 2600 3568 intuitu,
2637 3503 2690 3557 itt
2723 3509 3076 3564 secundum
3125 3513 3502 3566 nihilominus
3533 3509 3632 3576 glo-

2008 3593 2102 3645 ria
2134 3593 2419 3646 adventum
2463 3594 2638 3646 aciem
2695 3596 2917 3650 mentis
2977 3601 3290 3668 intendat,
3334 3612 3392 3658 et
3421 3617 3450 3656 a
3486 3599 3631 3672 gloria

2006 3683 2255 3751 prasenti
2302 3683 2367 3735 ad
2409 3681 2650 3737 futuram
2682 3699 2810 3752 qua
2855 3701 3160 3756 speratur
3192 3695 3436 3763 gloriam
3476 3703 3630 3746 trans-

2009 3771 2284 3826 formetur.
2331 3770 2482 3826 Unde
2529 3773 2775 3827 arbitror
2799 3791 2914 3832 nec
2947 3796 3141 3849 posse
3171 3785 3516 3854 quempiam,
3547 3795 3632 3835 nec

2010 3863 2204 3916 mereri
2239 3861 2434 3916 futura
2467 3863 2614 3917 illius
2655 3864 2852 3934 gloria
2899 3869 3040 3926 fieri
3073 3891 3380 3944 capacem,
3409 3875 3506 3929 nisi
3533 3872 3632 3939 jam

2008 3952 2135 4006 hinc
2176 3967 2328 4005 usum
2372 3962 2426 4006 et
2473 3953 2902 4013 meditationem
2963 3966 3307 4030 quamdam
3352 3964 3469 4035 ejus
3500 3965 3632 4018 acci-

2009 4043 2140 4112 piat,
2167 4044 2462 4096 secundum
2492 4047 2640 4112 quod
2665 4047 2991 4116 Apostolus
3024 4055 3180 4110 dicit
3222 4057 3298 4123 “,
3334 4057 3388 4111 in
3431 4053 3633 4124 speculo

2009 4146 2126 4185 eam
2160 4132 2272 4201 (52)
2302 4141 2359 4186 et
2391 4134 2444 4187 in
2488 4135 2786 4203 anigmate
2859 4149 3252 4214 conmendo,
3312 4158 3374 4202 ut
3421 4161 3487 4200 ex
3545 4144 3634 4198 hac

2013 4219 2244 4289 imagine
2277 4223 2647 4280 meditationis
2681 4229 2968 4297 assidua,
3007 4251 3200 4305 quam
3255 4241 3313 4294 in
3360 4253 3528 4295 carne
3553 4251 3635 4305 po-

376 4310 512 4387 senti
545 4310 818 4389 locovdicit
853 4310 1130 4404 apostolus
1170 4336 1472 4406 gloriarise
1500 4335 1612 4402 (49)
1665 4351 1684 4383 ι
1723 4310 1905 4402 ιιι-δρα
1939 4315 1981 4369 Ῑ)
2013 4310 2149 4364 suus
2183 4312 2250 4364 de
2271 4311 2455 4406 dif“
2495 4315 2669 4406 Gloria
2721 4321 2900 4388 εθτὶι.
2952 4330 3240 4394 paratior
3278 4332 3350 4384 ad
3383 4329 3636 4398 capacita-

378 4426 557 4492 gloria
581 4426 694 4487 Dei,
737 4458 754 4476 .
791 4436 963 4493 potest
1003 4427 1112 4494 ipsa
1153 4426 1374 4495 intelligi
1412 4426 1477 4478 de
1520 4439 1621 4492 qua
1661 4423 1906 4477 Salvator

377 4512 504 4565 dicit
529 4513 578 4565 in
607 4511 896 4582 Evangelio
937 4531 952 4567 :
1011 4532 1030 4563 ε
1066 4513 1198 4568 Cum
1247 4516 1452 4570 venerit
1481 4514 1646 4567 Filius
1677 4514 1905 4569 hominis

378 4604 430 4657 in
453 4603 616 4672 gloria
647 4603 842 4668 Patris,
869 4615 923 4657 et
945 4616 1251 4659 sanctorum
1277 4605 1584 4673 angelorum
1607 4605 1672 4657 ⁸ο.
1700 4624 1719 4656 ι
1756 4605 1905 4670 Quod

377 4703 553 4746 autem
595 4693 750 4755 dixit,
789 4712 808 4744 ι
857 4695 1051 4758 Patris,
1094 4707 1147 4750 et
1180 4706 1484 4749 sanctorum
1526 4694 1859 4763 angelorum,
1889 4713 1908 4746 ι

378 4798 480 4835 ttun
509 4784 648 4851 quod
673 4783 765 4838 Dei
793 4783 967 4840 Patris
1007 4795 1060 4840 et
1094 4787 1403 4855 angelorum
1437 4802 1596 4839 unam
1630 4800 1752 4839 esse
1795 4786 1912 4854 glo-

480 5003 524 5033 ⁹⁸
550 5002 704 5058 Rom.
729 5019 782 5068 v,
811 5002 866 5056 2.
942 5004 985 5034 ²⁹
1007 5004 1048 5056 ll
1071 5002 1190 5059 Cor.
1225 5019 1297 5066 tv,
1328 5004 1412 5058 18.
1487 5003 1531 5034 ⁸⁸
1556 5000 1711 5055 Num.
1736 4987 1845 5059 avt,
1874 4998 1962 5052 45.

379 5071 423 5102 ³³
448 5071 598 5122 llum.
641 5087 688 5130 v,
711 5073 764 5125 2.
839 5072 882 5102 "
920 5071 1046 5139 Sap.
1076 5087 1169 5134 vn,
1195 5074 1296 5135 26;
1324 5071 1485 5125 Hehr.
1520 5088 1559 5132 I,
1599 5071 1651 5125 5.
1726 5071 1770 5099 ³⁵
1805 5070 1989 5122 Matth.

382 5153 420 5209 ι,
445 5139 528 5209 id.
601 5140 642 5170 ³³
671 5141 821 5193 llout.
857 5155 972 5206 VIII,
997 5138 1086 5193 21.
1164 5141 1207 5173 ⁸⁰
1239 5143 1365 5195 Luc.
1391 5157 1461 5201 Ix,
1491 5141 1579 5193 26.
1657 5140 1696 5168 δ’
1721 5139 1905 5191 Matth.

2078 5139 2163 5194 30.
2238 5141 2283 5170 δ’
2300 5138 2458 5194 Joau.
2483 5157 2522 5209 ι,
2547 5145 2642 5200 14.

373 5205 425 5247 ι⁴⁵
445 5207 466 5259 l
489 5207 606 5260 Cor.
630 5223 746 5268 xnt,
765 5210 850 5261 12.

458 5360 568 5432 (ᾴρ)
604 5362 773 5432 Alias,
813 5383 832 5416 ι
857 5375 914 5417 ut
949 5377 1234 5432 maneant;
1258 5387 1276 5419 ι
1309 5368 1401 5430 aL,
1436 5387 1454 5419 ι
1481 5377 1532 5421 et
1565 5374 1798 5420 manent.
1825 5381 1843 5414 ι

600 5429 695 5504 Ms.
721 5448 877 5504 unus,
914 5451 932 5482 ι
965 5435 1130 5504 Moysi
1162 5428 1514 5504 itt'tttysterio.
1549 5457 1566 5488 ι

600 5497 757 5578 [ddi-ti,
786 5515 804 5548 ι
833 5515 948 5578 qua
965 5495 1233 5567 speratur.
1255 5495 1346 5556 Illa
1369 5521 1496 5558 vero
1525 5498 1765 5575 gloria,»
1787 5508 1913 5564 etc.,

388 5575 602 5613 OIIIISSIS
633 5570 975 5619 ittterntcdiis.

464 5626 573 5693 (49)
606 5627 688 5681 Se.
723 5630 874 5686 Deest
909 5638 958 5686 in
986 5637 1158 5690 editis.

2012 4409 2117 4452 lem
2149 4414 2288 4454 verae
2318 4401 2458 4457 illius
2490 4404 2680 4471 gloria
2712 4423 2818 4476 per
2845 4413 3150 4473 virtutem
3184 4421 3374 4474 sancti
3418 4417 3637 4488 Spiritus

2008 4489 2380 4543 transferatur.

2078 4579 2132 4668 9.
2163 4595 2182 4628 ι
2218 4577 2331 4668 Non
2369 4580 2544 4635 solum
2573 4593 2786 4651 autem,
2820 4592 2942 4653 'sed
2983 4605 3052 4650 et
3089 4600 3418 4668 gloriamur
3464 4599 3516 4652 in
3550 4595 3636 4649 ιτί-

2007 4666 2390 4729 bulationibus,
2451 4670 2691 4727 scientes
2739 4677 2877 4744 quia
2938 4666 3257 4744 tribulatio
3326 4687 3634 4758 patientiam

2008 4767 2286 4826 operatur,
2339 4759 2602 4826 patientia
2661 4778 2803 4820 vero
2867 4774 3323 4844 probationem,
3401 4776 3638 4850 probatio

2008 4859 2135 4898 vero
2163 4860 2308 4914 spem
2333 4863 2348 4910 ;
2374 4863 2500 4916 spes
2528 4860 2717 4908 autem
2746 4872 2861 4912 non
2888 4865 3232 4938 confundit,
3255 4873 3390 4941 quia
3411 4870 3636 4924 charitas

2041 5000 2082 5031 ⁸¹
2107 4999 2276 5054 Levit.
2307 5017 2358 5063 ιι.
2389 5002 2492 5064 2'5;
2540 5004 2604 5058 lll
2634 5007 2714 5062 Re

2041 5021 2082 5031 --
2107 5021 2276 5054 Levu.
2307 5021 2358 5083 ur2
2389 5021 2492 5064 τος
2542 5021 2604 5058 ιιι
2636 5021 2773 5082 tteg.
2811 5029 2942 5081 vm,
2978 5021 3075 5077 11.
3165 5027 3215 5059 ³³
3254 5027 3298 5081 ll
3325 5029 3457 5084 Cor.
3488 5043 3544 5081 tu
3588 5025 3633 5078 1.

2013 5084 2064 5132 v,
2086 5070 2138 5121 8.
2213 5069 2293 5121 ³⁸1-
2321 5075 2448 5125 Lor.
2477 5089 2598 5137 XIII,
2626 5079 2717 5131 l2.
2800 5083 2848 5115 ⁸⁷
2881 5088 2926 5137 ll
2958 5091 3094 5137 tim,
3137 5112 3201 5137 ιιι
3259 5099 3330 5137 ιιι
3429 5099 3474 5132 ιι
3491 5069 3631 5137 Ιηέιη,

2800 5083 2926 5162 :1-”
2958 5091 3098 5162 (ἔρι’.
3135 5112 3227 5162 ιιι,
3259 5083 3351 5153 18.
3429 5099 3474 5132 ³⁸
3491 5083 3632 5151 Joan.

2721 5149 2772 5182 δ’
2798 5154 2943 5210 ibid.
2967 5158 3067 5215 45.
3142 5149 3278 5219 wn
3300 5149 3432 5223 Cor.
3452 5149 3541 5230 ui,
3558 5167 3633 5219 ιε.

2019 5363 2400 5494 se.€i“1)é\llcias,
2442 5386 2462 5419 ι
2493 5371 2600 5426 nisi
2638 5387 2700 5430 et
2729 5377 2787 5433 in
2833 5382 2928 5438 illa
2966 5387 3154 5458 gloria
3191 5408 3325 5462 qua
3359 5407 3458 5462 per
3494 5391 3633 5459 Moy-

2018 5501 2728 5650 ιὶιιξὲξιζιἒίξῗιῗῑὶιὶιέζιῗηῧω
2754 5521 2889 5592 La!"
2919 5525 3114 5600 Plena]
3151 5529 3287 5586 ﬁdei
3339 5530 3632 5596 intelligen-

2089 5638 2198 5708 (52)
2227 5639 2377 5694 Eam.
2413 5642 2469 5696 ltt
2501 5638 2676 5708 editis
2703 5661 3022 5721 omittitur.
