3836 6254
273 313 412 370 9925
1239 315 1676 377 COMMENTJN
1708 313 1922 370 EPIST.
1951 313 2039 366 AD
2071 312 2233 366 ROM.
2267 311 2392 367 LIB.
2427 311 2494 366 Ν
2515 351 2527 365 .
3353 315 3455 372 99ι

273 425 394 481 Dei
452 428 642 486 diffusa
683 438 764 483 est
811 431 864 484 in
911 435 1158 488 cordibus
1201 436 1395 488 nostris
1434 449 1526 502 per
1578 432 1829 500 Spiritum
1859 437 1902 490 Α
1933 430 2156 495 divitiis,
2195 429 2532 496 culpabiliter
2581 427 2840 496 gloriatur
2883 445 2896 480 :
2942 430 2986 482 si
3041 427 3161 496 quis
3216 443 3346 482 vero
3395 433 3447 485 in

269 529 551 571 sanctum
607 518 700 586 qui
748 520 903 574 datus
942 530 1024 575 est
1068 521 1218 574 nobis
1251 522 1314 572 “.
1353 539 1370 572 ι
1422 521 1627 574 Primus
1653 522 1833 573 statim
1932 519 2266 587 agnoscendo
2299 519 2574 571 Dominum
2611 520 2889 587 gloriatur,
2912 519 3045 571 etin
3083 518 3342 572 intellectu
3367 521 3452 586 ju-

269 619 487 660 sermo
519 605 738 674 capituli
759 607 914 676 hujus
941 609 1303 676 ambiguitatis
1329 608 1525 676 aliquid
1555 611 1788 662 continet
1815 628 1828 663 :
1932 607 2193 659 diciorum
2225 606 2360 674 ejus,
2390 616 2443 659 et
2467 609 2863 672 misericordiae,
2913 616 2968 660 et
2999 605 3238 674 justitize,
3269 608 3452 661 lauda-

270 709 406 748 non
440 697 587 748 enim
615 695 779 750 habet
801 698 854 750 iu
889 700 1336 767 consequentibus
1359 700 1422 753 ad
1465 700 1594 767 quid
1639 700 1828 753 referri
1929 696 2107 750 biliter
2138 696 2417 763 gloriatur.
2452 697 2581 750 Cum
2624 713 2750 766 ergo
2792 711 2970 751 sermo
3009 698 3108 751 iste
3145 699 3210 750 ad
3241 707 3450 751 utrum-

265 780 411 847 (55)
450 782 648 836 debeat
680 786 821 851 quod
849 786 1027 840 dixit:
1059 802 1198 840 «non
1227 787 1392 840 solum
1414 797 1607 840 autem.
1640 805 1659 838 ι
1683 786 1833 842 Unde
1927 799 2030 853 que
2078 786 2348 853 respiciat,
2401 788 2775 852 requirendum
2825 788 2976 844 nobis
3024 796 3106 840 est
3154 789 3206 839 in
3259 787 3452 855 quibus

265 870 418 924 vide
447 871 494 926 si
525 873 794 940 possimus
833 874 934 929 hoc
965 879 1118 930 modo
1145 877 1538 945 ambiguitatem
1569 877 1827 931 elocutio-
1929 883 2072 928 recta
2104 874 2348 942 gloriatio
2379 875 2471 937 sit,
2499 883 2552 928 et
2578 876 2626 927 in
2661 876 2853 943 quibus
2877 877 3054 928 minus
3079 885 3219 929 recta
3254 875 3450 944 gloria-

264 959 371 1013 nis
403 961 714 1016 absolvere.
748 963 1007 1028 Quoniam
1043 967 1094 1019 in
1126 968 1493 1034 superioribus
1542 968 1701 1021 multa
1738 984 1803 1021 no

1930 961 2022 1012 tio.
2065 959 2218 1024 Quod
2256 961 2326 1013 ita
2356 961 2566 1014 demum
2609 962 2896 1027 poterimus
2935 976 3238 1030 agnoscere,
3281 965 3323 1015 si
3356 976 3450 1014 na-

265 1047 369 1100 bis
414 1061 520 1115 per
552 1049 835 1103 Dominum
888 1061 1124 1106 nostrum
1167 1051 1344 1106 Jesnm
1388 1054 1654 1108 Christum
1698 1071 1827 1123 pm-
1930 1058 2076 1102 turas
2134 1061 2308 1102 rerum
2370 1051 2685 1117 competenti
2745 1052 3084 1104 distinctione
3153 1061 3446 1106 teneamus.

259 1135 415 1188 stita
453 1149 583 1190 esse
614 1138 909 1205 perdocuit,
967 1149 1026 1193 nt
1069 1155 1186 1194 cum
1231 1141 1354 1194 dicit
1380 1139 1698 1206 justilicaios
1727 1158 1825 1197 nos
1927 1135 2076 1201 Quod
2098 1146 2275 1190 autem
2308 1138 2534 1191 dicimus
2566 1138 2666 1190 tale
2688 1148 2788 1191 est.
2820 1139 3006 1192 Omnia
3043 1154 3160 1207 qua:
3193 1149 3316 1193 sunt
3365 1139 3448 1193 vel

263 1237 409 1277 esse
430 1239 504 1278 ex
527 1225 628 1279 fide
650 1241 745 1295 per
763 1229 1042 1282 Dominum
1072 1241 1310 1284 nostrum
1329 1231 1508 1286 Jesum
1535 1232 1823 1300 Chrismm,
1927 1235 2176 1294 aguntur,
2218 1237 2305 1280 aut
2345 1229 2478 1280 bona
2505 1237 2652 1291 sunt,
2683 1238 2774 1279 aut
2811 1232 2968 1290 mala,
3015 1238 3106 1281 aut
3139 1229 3446 1282 indifferen-

263 1323 327 1364 et
365 1328 478 1381 per
506 1315 680 1383 ipsum
711 1331 984 1370 accessum
1041 1318 1236 1372 habere
1287 1322 1338 1373 in
1384 1323 1610 1390 gratiam
1651 1323 1824 1387 istam,
1928 1318 2018 1368 tia.
2053 1316 2124 1369 De
2156 1317 2351 1384 quibus
2375 1319 2616 1385 quamvis
2639 1318 2795 1370 latior
2823 1319 3004 1371 haberi
3050 1319 3238 1372 debeat
3267 1321 3446 1388 dispu-

261 1415 376 1466 per
406 1405 590 1470 ipsum
631 1403 788 1457 etiam
828 1404 1044 1473 gloriari
1095 1409 1146 1461 in
1183 1423 1276 1476 spe
1306 1409 1487 1476 gloriae
1525 1411 1614 1464 Dei
1645 1411 1726 1477 Ι’⁴’;
1759 1413 1824 1465 ad
1923 1404 2077 1465 tatio,
2115 1416 2288 1459 tamen
2319 1418 2570 1472 quantum
2607 1407 2670 1458 ad
2703 1417 3020 1474 praesentem
3053 1409 3223 1461 locum
3248 1409 3442 1462 sutlicit

262 1485 402 1538 hanc
438 1489 624 1542 omnia
652 1504 770 1557 quae
816 1491 956 1544 dicta
996 1503 1137 1556 sunt,
1185 1495 1374 1548 referri
1429 1508 1556 1562 puto
1605 1499 1822 1565 debere,

267 1593 290 1626 ι
333 1592 452 1630 non
482 1577 657 1631 solum
698 1589 912 1635 autem:
947 1599 966 1632 ι
1003 1581 1104 1636 hoc
1137 1593 1238 1646 est,
1285 1598 1386 1636 non
1435 1586 1603 1638 solum
1648 1595 1823 1640 autem

261 1681 404 1732 quae
433 1680 602 1733 supra
639 1667 755 1737 (54)
787 1669 935 1734 dixi;
967 1673 1058 1724 sed
1088 1681 1141 1725 et
1164 1673 1263 1726 boc
1283 1673 1422 1741 quod
1453 1674 1740 1742 gloriamur
1766 1677 1818 1730 in

1924 1491 2270 1559 proferemus.
2300 1495 2440 1548 Bona
2469 1495 2555 1546 illa
2588 1504 2791 1548 certum
2826 1507 2908 1548 est
2938 1497 3153 1563 proprie
3173 1497 3300 1562 dici,
3325 1513 3444 1564 qua:

1923 1581 1987 1632 ad
2013 1580 2238 1634 virtutes
2262 1582 2422 1634 animi
2453 1581 2722 1649 pertinent
2746 1599 2760 1643 ;
2805 1591 2863 1634 et
2918 1583 3057 1635 mala
3083 1598 3143 1635 ea
3175 1585 3287 1637 sola
3315 1585 3445 1636 deli-

1924 1668 2048 1732 niri,
2078 1681 2195 1734 qua:
2237 1668 2302 1720 ad
2340 1667 2595 1722 malitiam
2638 1678 2902 1736 spectant,
2953 1682 3006 1723 et
3050 1682 3238 1725 contra
3271 1671 3441 1740 legein

263 1755 728 1811 tribulationibus
761 1760 974 1822 nostris,
1003 1776 1094 1828 per
1130 1739 1408 1815 Dominum
1450 1739 1690 1818 nostrum
1733 1765 1803 1819 .Ie‘

1923 1755 2012 1808 Dei
2039 1765 2268 1824 aguntur
2291 1771 2307 1819 ;
2331 1767 2520 1810 cmtera
2546 1772 2674 1811 vero
2704 1758 3053 1812 indiﬁ'ereutia
3084 1775 3224 1824 esse,
3256 1762 3306 1814 id
3330 1739 3437 1826 est,

267 1853 408 1898 sum
443 1844 726 1900 Christum
755 1849 1031 1903 habemus.
1063 1850 1277 1906 (laeteris
1315 1853 1454 1906 enim
1497 1855 1548 1908 in
1602 1854 1822 1910 tribula-

260 1936 428 1988 tione
467 1935 830 2000 tristantibus,
863 1954 960 1994 nos
985 1941 1167 2008 gratiae
1214 1942 1378 2010 ipsius
1416 1944 1613 1998 virtute
1664 1947 1820 1999 robo-

263 2022 404 2086 rati,
449 2024 506 2077 in
538 2027 974 2082 tribulationibus
999 2029 1308 2098 gloriamur.
1335 2032 1629 2090 Didicimus
1662 2050 1816 2088 nam-

264 2128 384 2180 que
411 2128 614 2168 novam
644 2131 709 2168 ex
737 2118 1034 2172 eruditione
1059 2121 1226 2186 ipsius
1245 2121 1600 2190 disciplinam,
1630 2134 1688 2178 ut
1722 2140 1818 2193 per

270 2203 674 2258 tribulationes
709 2206 906 2260 bonum
927 2206 1195 2276 patientiae
1221 2212 1490 2279 capiamus
1516 2231 1531 2267 :
1565 2214 1818 2269 habentes

258 2306 408 2344 vero
468 2295 744 2359 patientia:
797 2296 994 2349 bonum
1047 2299 1342 2366 probabiles
1378 2301 1676 2367 judicemur
1712 2322 1727 2359 :
1762 2314 1816 2358 et

264 2396 375 2448 per
430 2383 745 2450 patientiam
794 2386 1082 2439 multarum
1135 2388 1529 2444 tribulationum
1579 2393 1813 2460 probati,

262 2484 433 2538 spem
465 2470 660 2525 futura:
687 2474 797 2542 (55)
826 2488 856 2527 a
892 2474 997 2528 Deo
1024 2478 1467 2533 remunerationis
1492 2480 1811 2538 habeamus:

260 2574 400 2628 qua:
427 2572 580 2627 spes,
612 2563 734 2628 quia
783 2572 927 2616 certa
975 2575 1030 2616 et
1073 2579 1198 2618 vera
1240 2575 1340 2627 est.
1391 2581 1494 2622 non
1541 2571 1815 2625 confundit

263 2655 591 2713 sperantes.
629 2647 814 2701 Fidem
846 2665 1069 2718 namque
1104 2650 1262 2721 538
1286 2665 1340 2708 et
1363 2670 1510 2724 spem
1541 2662 1815 2729 consequi-

261 2746 360 2789 tur
391 2739 639 2794 charitas
670 2739 783 2801 Dei,
814 2754 932 2807 qua:
960 2740 1194 2794 omnium
1222 2744 1390 2812 major
1423 2745 1532 2815 (56)
1561 2757 1642 2802 est
1672 2749 1738 2815 ⁸⁸,
1760 2759 1812 2805 et

257 2847 379 2884 non
415 2831 590 2885 solum
635 2831 806 2898 replet
827 2842 1056 2885 mentem
1086 2842 1342 2900 nostram,
1371 2839 1462 2889 sed
1491 2847 1544 2890 et
1578 2839 1813 2896 abundat

260 2934 331 2972 ac
369 2918 701 2972 diffunditur
732 2925 782 2971 in
809 2919 1055 2974 cordibus
1091 2921 1308 2985 nostris,
1341 2938 1434 2990 pro
1461 2939 1525 2978 eo
1547 2929 1808 2994 quodnon

1919 1859 2090 1912 neque
2122 1845 2284 1912 bona,
2311 1860 2480 1914 neque
2520 1850 2657 1902 mala
2692 1850 3012 1903 nominanda
3054 1850 3187 1920 (60),
3224 1862 3280 1904 ut
3321 1861 3444 1906 sunt

1918 1934 2133 2001 divitiae,
2167 1936 2372 2004 species
2403 1937 2662 2004 corporis,
2693 1947 2747 1991 et
2781 1938 3034 1993 fortitudo
3080 1940 3163 1992 vel
3203 1942 3442 2007 proceri-

1918 2033 2022 2089 tas,
2054 2036 2210 2095 atque
2244 2042 2305 2080 ea
2333 2043 2449 2095 qua:
2475 2031 2715 2097 corporis
2748 2031 2933 2084 usibus
2961 2033 3218 2086 serviunt.
3243 2035 3297 2086 Si
3319 2036 3441 2102 quis

1917 2117 2081 2184 igitur
2108 2117 2502 2172 distinctionem
2550 2120 2869 2172 diversitatis
2917 2120 3070 2186 hujus
3120 2122 3346 2190 ignorat,
3383 2133 3440 2176 et

1913 2206 2171 2273 gloriatur
2216 2207 2268 2259 in
2318 2207 2400 2260 his
2445 2221 2564 2275 qua:
2596 2223 2698 2260 non
2729 2216 2852 2262 sunt
2891 2225 3018 2263 vere
3051 2209 3206 2274 bona,
3243 2226 3340 2264 nec
3367 2213 3436 2265 ad

1911 2289 2162 2348 virtutem
2213 2297 2375 2349 animi
2421 2301 2706 2364 pertinent,
2752 2299 3090 2366 culpabiliter
3152 2299 3433 2368 gloriatur.

1912 2380 2107 2436 Paulus
2139 2399 2288 2452 vero,
2319 2386 2484 2454 quiin
2519 2387 2604 2438 bis
2629 2397 2746 2439 erat
2787 2388 3157 2454 peritissimus,
3191 2403 3309 2442 cum
3352 2389 3437 2442 di-

1910 2472 2096 2535 xisset,
2118 2475 2240 2542 quia
2266 2493 2285 2525 ι
2313 2470 2599 2542 gloriamur
2630 2476 2682 2528 iu
2717 2476 3144 2530 tribulationibus
3171 2478 3384 2543 nostris,
3410 2496 3429 2528 ι

1911 2577 1978 2616 ne
2004 2563 2143 2617 forte
2179 2574 2454 2632 putaretur
2480 2566 2532 2618 in
2567 2564 2724 2618 rebus
2768 2563 3194 2619 indiﬂ‘erentibus
3235 2578 3290 2619 et
3325 2582 3437 2620 me-

1908 2652 2009 2704 diis
2054 2650 2291 2719 gloriari,
2327 2652 2498 2705 reddit
2529 2652 2778 2705 continuo
2809 2653 3093 2716 rationem,
3126 2663 3179 2706 et
3199 2656 3436 2708 ostendit

1907 2739 2046 2807 quod
2079 2740 2323 2808 gloriatio
2349 2756 2463 2807 sua,
2497 2755 2655 2808 quam
2698 2740 2750 2794 in
2789 2741 3218 2796 tribulationibus
3248 2741 3430 2806 habet,

1906 2831 1971 2882 ad
2005 2829 2227 2883 virtutes
2256 2830 2418 2882 animi
2452 2831 2734 2897 pertineat.
2773 2831 2910 2884 Dicit
2947 2832 3114 2894 enim,
3145 2832 3266 2900 quia
3294 2851 3312 2884 ι
3339 2835 3437 2885 tri-

1906 2918 2124 2982 bulatio,
2148 2936 2168 2970 »
2212 2933 2306 2986 pro
2331 2934 2435 2986 qua
2472 2919 2692 2988 glorior,
2737 2937 2755 2970 ι
2794 2920 3106 2987 patientiam
3159 2931 3429 2988 Operatur,

261 3010 516 3061 humana
553 3023 582 3060 a
611 3007 766 3061 nobis
790 3017 907 3062 arte
934 3009 1230 3076 acquiritur
1266 3010 1398 3080 (57),
1437 3015 1526 3067 sed
1569 3030 1663 3083 per
1691 3032 1809 3084 gra-
1835 3039 1880 3100 ρ
1909 3009 2157 3074 patientia
2189 3023 2315 3060 vero
2345 3011 2733 3075 probationem,
2785 3009 3033 3077 probatio
3079 3025 3208 3063 vero
3253 3025 3427 3077 spem,

261 3099 407 3151 tiam
441 3099 618 3152 sancti
677 3097 910 3166 Spiritus
955 3098 1267 3156 infunditur.
1341 3102 1460 3157 Herc
1519 3107 1804 3161 secundum

257 3190 543 3242 sermonis
569 3189 738 3256 ipsius
763 3189 846 3242 vel
879 3190 1066 3243 littera:
1097 3195 1526 3260 consequentiam
1559 3211 1655 3264 pro
1682 3199 1810 3252 ada-

255 3278 518 3345 pertione
542 3276 660 3347 (58)
685 3278 958 3346 apostolici
983 3280 1181 3348 eloquii
1208 3282 1485 3350 explanata
1512 3285 1636 3339 sint.
1656 3285 1807 3342 Nunc

253 3369 379 3437 jam
411 3368 540 3435 quid
577 3368 805 3421 interior
831 3382 1022 3422 sensus
1056 3371 1326 3424 contineat
1361 3374 1713 3441 requiramus.
1746 3377 1808 3431 Et

260 3458 450 3524 primo
481 3456 551 3510 de
578 3455 897 3524 gloriatione
927 3457 1194 3512 videamus
1233 3461 1374 3526 quod
1407 3462 1540 3515 dixit
1571 3481 1584 3517 :
1623 3480 1644 3515 ι
1678 3465 1806 3520 Glo-

262 3547 480 3598 riamur
521 3544 576 3598 in
623 3545 1058 3600 tribulationibus
1110 3550 1324 3602 nostris.
1366 3568 1385 3601 »
1431 3550 1618 3608 Sermo
1662 3557 1802 3609 enim

259 3635 610 3705 gloriationis
641 3634 776 3702 (59),
827 3636 1088 3689 interdum
1121 3637 1454 3694 laudabiliter
1486 3643 1537 3696 in
1565 3643 1803 3715 Scriptu-

261 3727 367 3790 ris,
401 3724 676 3777 interdum
702 3722 1035 3790 culpabiliter
1063 3726 1291 3792 ponitur.
1317 3728 1520 3783 Etenim
1563 3747 1682 3785 cum
1723 3734 1804 3786 di-

257 3817 336 3868 cit
373 3813 683 3868 Jeremias:
718 3830 738 3863 ι
769 3810 894 3866 Haec
918 3813 1048 3866 dicit
1076 3813 1324 3871 Dominus
1353 3836 1366 3871 :
1401 3819 1514 3872 Non
1549 3821 1803 3890 glorietur

257 3905 490 3972 sapiens
517 3904 570 3956 in
607 3901 867 3967 sapientia
921 3916 1038 3967 sua,
1089 3917 1187 3956 nec
1229 3903 1382 3960 fortis
1411 3907 1462 3960 in
1494 3909 1801 3966 fortitudine

256 4009 388 4057 sua,
420 4005 599 4060 neque
629 3990 886 4059 glorietur
910 3988 1058 4043 dives
1096 3990 1148 4044 in
1179 3992 1377 4048 divitiis
1418 3996 1529 4050 suis
1567 4016 1580 4050 :
1629 4000 1719 4052 sed
1745 4000 1799 4054 in

256 4085 369 4138 hoc
397 4083 665 4152 glorietur
687 4080 778 4148 qui
804 4078 1084 4147 gloriatur,
1119 4081 1414 4144 intelligere
1441 4094 1493 4138 et
1515 4101 1800 4154 agnoscere

257 4189 380 4235 me,
411 4172 540 4241 quia
573 4185 673 4238 ego
703 4184 818 4224 sum
854 4170 1102 4223 Dominus
1147 4173 1234 4238 qui
1288 4183 1466 4228 statuo
1501 4177 1802 4232 misericor-

254 4265 437 4326 diam,
469 4272 523 4316 et
544 4261 832 4330 judicium,
863 4268 918 4313 et
941 4259 1199 4327 justitiam
1226 4277 1385 4332 super
1429 4275 1620 4320 terram
1656 4267 1700 4300 "
1727 4286 1741 4334 ;
1773 4287 1792 4320 ι

1907 3111 2026 3164 spes
2054 3111 2177 3150 vero
2204 3111 2306 3150 non
2333 3098 2633 3161 confundit,
2683 3099 2807 3166 quia
2834 3098 3070 3152 charitas
3099 3099 3191 3152 Dei
3239 3099 3431 3154 diﬂ‘nsa

1904 3195 1984 3237 est
2012 3184 2064 3237 iu
2091 3187 2340 3240 cordibus
2361 3187 2561 3240 nostris
2599 3202 2692 3255 per
2720 3188 2977 3255 Spiritum
3017 3199 3297 3253 sanctum;
3328 3208 3347 3240 ι
3375 3200 3431 3243 et

1905 3274 1955 3325 in
1987 3275 2068 3328 bis
2099 3276 2466 3343 edocet’quod
2517 3291 2613 3344 per
2661 3279 3009 3331 succedentes
3057 3277 3156 3331 sibi
3206 3280 3430 3332 virtutes

1903 3361 2148 3430 gloriatio
2188 3363 2587 3417 tribulationum
2627 3380 2794 3432 usque
2849 3365 2918 3418 ad
2978 3367 3148 3418 sancti
3196 3365 3429 3434 Spiritus

1902 3453 2106 3506 culmen
2136 3453 2244 3522 (6i)
2278 3453 2550 3515 ascendat,
2603 3453 2743 3508 sicut
2778 3464 2832 3507 et
2875 3455 2999 3509 alibi
3034 3455 3162 3508 dicit
3199 3473 3212 3508 :
3260 3472 3279 3506 ι
3323 3455 3426 3521 Qui

1902 3541 2184 3611 gloriatur,
2216 3545 2267 3596 in
2299 3545 2517 3597 Domino
2546 3543 2802 3612 glorietur
2826 3545 2890 3596 ⁵ο.
2924 3565 2943 3596 ι
2979 3544 3164 3614 Neque
3189 3561 3321 3615 ergo
3369 3551 3421 3602 in

1901 3633 2159 3700 sapientia
2191 3636 2425 3703 propria,
2452 3648 2623 3702 neque
2666 3635 2717 3688 in
2768 3633 3104 3698 fortitudine,
3154 3651 3323 3704 neque
3368 3639 3423 3690 in

1901 3721 2119 3784 divitiis,
2147 3723 2241 3774 sed
2271 3722 2323 3774 in
2350 3721 2462 3774 solo
2495 3720 2606 3774 Deo
2639 3725 2888 3775 convenit
2918 3723 3158 3791 gloriari.
3189 3725 3290 3778 Sed
3315 3724 3426 3779 for-

1899 3820 2041 3863 tasse
2088 3810 2238 3864 dicas
2277 3827 2290 3863 :
2339 3810 2585 3878 Nunquid
2630 3825 2735 3862 non
2783 3812 3043 3878 sapientia
3092 3815 3156 3865 ad
3196 3815 3423 3868 virtutes

1899 3903 2062 3955 animi
2090 3910 2295 3970 spectat
2319 3900 2340 3952 ?
2361 3901 2425 3954 Et
2454 3917 2550 3953 cur
2579 3900 2842 3969 culpabile
2873 3903 3085 3956 ducitur
3124 3903 3177 3956 in
3205 3907 3422 3973 sapieno

1901 3995 1972 4047 tia
1995 3991 2210 4059 gloriari
2234 3991 2257 4043 ?
2283 3991 2413 4045 Vide
2434 4004 2558 4056 ergo
2583 4004 2744 4057 quam
2775 4001 2962 4045 cautus
2993 3991 3104 4060 (62)
3152 4004 3232 4046 est
3276 3994 3423 4046 Scri-

1898 4093 2065 4150 ptura:
2113 4095 2312 4143 sermo,
2357 4080 2450 4147 qui
2500 4079 2772 4144 impolitus
2810 4079 3022 4134 videtur
3065 4090 3120 4134 et
3171 4082 3418 4148 agrestis.

1897 4171 2008 4224 Non
2040 4172 2214 4224 dixit:
2247 4188 2267 4220 ι
2308 4169 2418 4223 Non
2450 4169 2705 4237 glorietur
2743 4170 2954 4238 sapiens
2995 4170 3046 4221 in
3074 4171 3352 4238 sapientia,
3393 4191 3413 4224 ο

1896 4269 1950 4316 et
1976 4261 2158 4324 siluit;
2190 4260 2282 4314 sed
2311 4260 2387 4312 ait
2421 4276 2435 4310 :
2480 4277 2498 4308 ι
2547 4258 2662 4312 Non
2708 4258 2964 4326 glorietur
2996 4261 3206 4326 sapiens
3250 4261 3300 4314 in
3333 4276 3422 4316 sa-

256 4357 314 4409 in
348 4370 460 4407 uno
483 4355 782 4419 eodemque
805 4351 1037 4418 capitulo
1067 4351 1430 4418 gloriationem
1463 4364 1518 4409 et
1556 4356 1793 4412 laudabi-
1824 4342 1874 4401 D
1898 4351 2091 4421 pientia
2126 4364 2220 4404 sua
2242 4349 2308 4402 “.
2334 4367 2354 4401 ³
2385 4348 2485 4414 Ουί
2519 4347 2658 4402 enim
2683 4348 2735 4400 Ῑιι
2771 4337 2888 4412 ευέ,
2914 4356 2969 4400 ει
2996 4363 3099 4402 n0n
3136 4350 3186 4402 in
3218 4349 3308 4404 ί)θὶ
3339 4365 3422 4404 83-

257 4447 388 4500 liter
408 4453 463 4498 et
484 4442 824 4510 culpabiliter
851 4441 1043 4507 posuit.
1063 4440 1193 4493 Nam
1220 4441 1265 4496 si
1293 4443 1434 4510 quis,
1462 4447 1654 4511 inquit,
1683 4448 1793 4516 glo-

257 4537 434 4591 riatur
457 4532 544 4588 vel
573 4533 626 4587 in
651 4529 909 4600 sapientia
937 4544 1058 4594 sua,
1091 4529 1171 4583 vel
1196 4531 1246 4584 in
1276 4531 1600 4597 fortitudine,
1628 4537 1706 4589 vel
1738 4537 1789 4590 in

329 4713 377 4744 “
398 4710 561 4764 Rom.
583 4720 636 4772 v,
659 4705 768 4760 3-5.
839 4704 1052 4770 "ibid.,
1074 4706 1126 4770 l,
1147 4705 1202 4760 2.
1275 4706 1320 4738 ⁸⁸
1337 4706 1354 4760 l
1373 4707 1493 4762 Cor.
1515 4712 1741 4776 xnt,13.
1811 4713 1856 4747 δ’
1875 4712 2074 4768 Jerem.
2101 4724 2179 4775 Ix,
2199 4709 2290 4772 23,
2309 4707 2400 4762 ει.

336 4864 450 4932 (55)
475 4858 646 4932 Alias,
678 4874 698 4909 ι
733 4856 1028 4932 aliquid_ad
1055 4857 1192 4926 quod
1218 4855 1426 4932 referri,
1461 4877 1480 4909 ι
1519 4871 1621 4916 etc.

334 4925 453 5004 ('54)
483 4927 648 4987 Editi,
707 4946 726 4978 ι
747 4925 846 4977 non
878 4925 1251 5004 soluntnautem
1287 4927 1396 4979 ltzec
1431 4944 1444 4978 :
1478 4944 1581 4981 non
1618 4931 1786 5004 solum

259 4992 450 5052 au‘ten't
488 5011 608 5062 quae
639 5008 820 5074 supra.
848 5013 865 5044 ι
897 5002 1003 5074 etc.
1036 4992 1135 5044 Sed
1160 5006 1344 5046 omnes
1383 5009 1509 5046 mss.
1545 5001 1711 5052 nostri
1739 5009 1793 5054 et

261 5069 523 5121 [tabanus
551 5071 610 5116 ut
639 5069 693 5116 in
724 5070 908 5115 nostro
932 5069 1098 5114 textu.

339 5133 453 5203 (55)
485 5131 590 5184 Ms.
629 5145 782 5192 unus,
821 5138 914 5203 ret
947 5143 1039 5195 per
1069 5127 1370 5203 patientiam
1393 5131 1678 5203 multarum
1705 5137 1793 5188 tri-

262 5197 608 5257 bulationum
640 5199 1000 5265 probationem
1043 5209 1059 5261 ;
1095 5210 1190 5263 per
1231 5197 1596 5264 probationem
1642 5217 1786 5270 spem

263 5272 376 5324 futu
387 5285 481 5330 ra},
513 5287 535 5320 ι
565 5278 672 5319 etc.

332 5338 446 5405 (56)
465 5329 642 5405 ’Erditi,
673 5350 692 5383 ι
721 5339 938 5405 (ιιιφᾳει
962 5331 1190 5405 omnium
1227 5329 1468 5405 maxima.
1500 5351 1519 5382 ι

334 5399 446 5476 (57)
483 5404 613 5456 Mss.
645 5399 919 5476 nost_ri_hic
949 5399 1181 5476 sibinnon
1206 5399 1490 5476 cohaerent.
1524 5401 1669 5476 Imus
1691 5418 1781 5476 sq.

264 5464 351 5527 lus
371 5464 536 5528 habet
564 5489 584 5521 ι
616 5469 967 5535 acquiritur,»
1009 5464 1136 5535 alii,‘
1159 5480 1178 5514 ι
1216 5465 1503 5535 quaeritur:
1539 5485 1558 5518 ›
1591 5469 1780 5526 deinde

265 5538 402 5595 nitier
429 5539 618 5594 itidem
656 5530 798 5589 solus
826 5535 983 5586 habet
1007 5547 1026 5580 ι
1057 5530 1360 5597 infunditur,
1389 5549 1416 5581 a
1451 5537 1632 5587 caeteri
1649 5553 1774 5592 vero

259 5612 644 5679 “inundatur.
673 5621 693 5656 ι
722 5613 773 5658 et
799 5601 932 5656 alius
985 5617 1004 5650 ι
1053 5599 1340 5653 mundatur.
1382 5617 1402 5650 ι
1452 5599 1559 5658 Sed
1596 5612 1768 5659 tamen

1898 4442 2093 4507 pientia
2116 4439 2396 4509 gloriatur,
2417 4438 2756 4506 culpabiliter
2771 4437 3046 4507 gloriatur,
3072 4439 3192 4507 quia
3217 4449 3270 4493 et
3293 4440 3418 4493 alibi

1897 4532 2025 4586 dicit
2053 4531 2349 4600 propheta:
2383 4545 2403 4580 ι
2447 4528 2537 4583 Va:
2569 4529 2655 4582 his
2686 4529 2775 4596 qui
2813 4529 3078 4596 sapientes
3111 4540 3234 4585 sunt
3273 4531 3418 4600 apud

2473 4707 2519 4738 ⁸⁸
2539 4706 2561 4760 ι
2581 4707 2703 4761 Cor.
2728 4722 2769 4773 ι,
2786 4707 2875 4761 51.
2947 4707 2992 4738 ³⁸
3011 4705 3206 4762 Jerem.
3233 4724 3306 4771 ιχ,
3323 4708 3416 4766 25.

1896 4861 2175 4930 legendum
2216 4860 2421 4914 videtur
2449 4867 2511 4930 ut
2539 4858 2592 4910 in
2623 4867 2807 4930 nostro
2842 4865 3012 4930 textu.
3048 4857 3186 4910 Editi
3223 4865 3276 4910 et
3308 4857 3413 4910 Ila-

1893 4927 2062 4984 banus
2088 4931 2280 4982 habent
2309 4947 2327 4978 ι
2351 4928 2605 4996 quaeritur
2625 4943 2644 4975 ›
2670 4937 2725 4978 et
2757 4945 2773 4974 ι
2796 4927 3101 4978 inundatur.
3130 4943 3148 4974 ι

2099 4997 2264 5069 Erilli,
2298 4994 2417 5069 sed
2444 4994 2786 5069 apertiaperti.
2820 5011 2838 5044 ι
2884 5059 2896 5069 .
2981 5067 2990 5069 4
3031 5059 3062 5069 η
3123 5057 3135 5069 .
3177 5057 3207 5069 Α

1981 5057 2068 5130 59)
2098 5065 2232 5117 Editi
2252 5057 2514 5130 plerique,
2564 5077 2584 5110 ι
2612 5060 2846 5130 Gloriam
2883 5059 2936 5111 in
2977 5057 3410 5114 tribulationibus

1893 5128 2109 5188 nostris.
2139 5128 2330 5187 Sermo
2357 5131 2514 5182 etiam
2542 5128 2888 5196 gloriationis,
2915 5135 3063 5196 ιρις.

1963 5201 2072 5270 (60)
2104 5201 2193 5253 Sic
2224 5212 2407 5274 omnes
2460 5191 2587 5250 mss.
2641 5196 2806 5249 nostri
2852 5202 2918 5274 et_
2945 5191 3216 5274 Rabanus.
3269 5191 3413 5274 Editi

1893 5263 2096 5329 vero,'t
2121 5279 2290 5333 neque
2329 5267 2460 5316 bOna
2484 5301 2510 5333 ,_
2558 5278 2655 5317 nec
2700 5277 2816 5331 qua:
2849 5263 2920 5333 ad
2955 5263 3208 5313 virtutem
3243 5263 3414 5315 animi

1888 5337 2181 5404 pertinent,
2205 5330 2375 5398 neque
2410 5330 2544 5382 mala
2579 5330 2984 5404 nominanda”.
2999 5337 3106 5381 etc.

1956 5403 2065 5475 (6i)
2099 5395 2191 5455 Sic
2214 5395 2399 5454 omnes
2429 5412 2563 5455 mss.
2600 5399 2767 5454 nostri
2799 5414 2812 5464 ;
2858 5395 2988 5451 editi
3031 5410 3186 5461 vero,
3230 5413 3252 5446 ι
3298 5397 3421 5449 cul-

1882 5481 2009 5526 luut.
2033 5489 2052 5522 ι

1950 5539 2056 5610 (62)
2085 5535 2239 5600 Editi,
2281 5552 2298 5586 ι
2328 5541 2552 5589 astutus.
2587 5552 2606 5585 ι
