3836 6224
398 244 501 297 9Ἷό

1831 238 2145 295 ORIGENIS

3601 229 3699 286 996

397 358 725 426 semetipsos,
779 363 832 408 et
878 355 928 406 in
981 364 1268 421 conSpectn
1309 369 1406 407 suo
1432 356 1624 408 cruditi
1681 356 1745 406 δ’.
1774 373 1790 404 ι
1825 355 1914 406 Dei
1947 357 1989 410 Α
2018 353 2268 419 pertinet,
2297 353 2419 420 quia
2454 353 2554 421 ipsi
2582 351 2833 420 suntqui
2857 355 3100 401 arctam
3132 354 3197 399 et
3222 353 3537 412 angustam
3567 348 3697 400 viam

396 465 522 515 ergo
550 444 806 512 sapientia
847 459 928 495 eat
974 441 1135 496 Deum
1162 458 1503 509 cognoscere,
1529 454 1583 496 et
1618 443 1917 511 intelligere

395 536 810 593 misericordiam
839 533 975 602 ejus,
999 543 1052 586 et
1083 535 1361 602 judicium,
1387 544 1441 588 et
1463 535 1728 601 justitiam
1760 553 1916 603 quam

393 630 518 682 fecit
546 642 703 693 super
737 638 928 680 terram
955 627 1022 691 ⁵³,
1059 628 1110 681 in
1150 645 1256 696 quo
1291 630 1382 698 qui
1421 631 1700 700 gloriatur,
1733 633 1781 684 in
1813 634 1916 685 Do—

390 719 537 771 mino
562 718 838 784 gloriatur.
876 717 1115 772 Humana
1148 735 1274 772 vero
1300 722 1560 789 sapientia
1595 738 1700 776 non
1747 734 1918 791 potest

388 806 529 859 scire
564 815 615 858 et
653 806 950 874 intelligere
981 808 1282 871 Dominum,
1316 825 1487 879 neque
1513 827 1806 880 agnoscere
1831 815 1920 880 ju-

389 895 548 956 dicia,
581 903 635 946 et
670 895 1118 959 misericordiam,
1148 907 1201 948 et
1228 897 1488 962 justitiam
1511 899 1625 967 ejus
1656 916 1816 967 quam
1841 901 1919 954 fc-

389 983 466 1036 cit
492 997 653 1050 super
686 993 881 1035 terram
909 992 1001 1046 ;et
1031 984 1150 1037 ideo
1177 982 1483 1040 indifferens
1505 997 1608 1050 est,
1641 997 1694 1043 et
1723 993 1915 1046 media.

385 1072 565 1126 Potest
590 1072 730 1125 enim
767 1072 878 1125 fieri
912 1083 966 1124 ut
996 1088 1064 1126 ex
1105 1074 1206 1126 hac
1246 1074 1476 1129 humana
1505 1079 1764 1146 sapientia
1792 1096 1919 1134 eru-

386 1161 529 1216 ditus
554 1162 693 1230 quis,
725 1163 789 1215 ad
817 1162 1218 1232 intelligentiam
1243 1165 1435 1218 divinae
1461 1169 1734 1234 sapientiae
1764 1185 1921 1237 para-

387 1253 491 1304 tior
523 1252 722 1314 veniat,
751 1261 806 1306 et
837 1251 888 1304 in
917 1252 1015 1305 bac
1045 1255 1372 1309 exercitatus
1397 1257 1463 1309 ad
1487 1258 1632 1311 illam
1672 1262 1919 1328 capacior

386 1343 508 1402 fiat,
529 1340 699 1394 Sitnili
733 1341 890 1394 modo
912 1342 1001 1408 qui
1032 1344 1197 1394 utitur
1224 1346 1432 1398 cteteris
1453 1361 1570 1414 qua:
1604 1349 1774 1402 media
1801 1365 1919 1406 esse

385 1431 636 1494 diximus,
690 1431 1001 1486 fortitudine
1038 1435 1312 1497 duntaxat,
1358 1438 1439 1490 vel
1489 1439 1691 1492 divitiis
1735 1459 1748 1494 :
1802 1458 1918 1509 qna:

384 1522 506 1574 dum
548 1523 719 1574 media
772 1531 916 1586 sunt,
963 1523 1065 1576 hoc
1090 1533 1192 1587 est,
1229 1528 1351 1579 dum
1387 1543 1489 1581 non
1518 1529 1569 1581 in
1613 1545 1778 1599 opere
1824 1533 1914 1588 Dei

385 1613 507 1678 quis
536 1612 687 1666 fortis
735 1621 836 1674 cst,
891 1629 1064 1682 neque
1105 1615 1156 1667 in
1190 1618 1574 1674 misericordii's
1623 1637 1913 1691 pauperum

384 1701 556 1764 dives,
587 1703 803 1768 gloriari
840 1719 1011 1770 neque
1042 1705 1094 1758 in
1120 1706 1452 1772 fortitudine,
1495 1725 1664 1778 neque
1700 1712 1752 1764 in
1786 1713 1917 1765 divi-

385 1792 475 1846 tiis
501 1793 680 1846 debet.
711 1793 766 1847 Si
801 1809 926 1847 vero
970 1795 1070 1848 ista
1102 1810 1220 1863 quae
1264 1799 1435 1851 media
1473 1808 1614 1860 sunt,
1652 1802 1718 1853 ad
1753 1802 1914 1855 animi

384 1882 666 1944 virtutem,
698 1891 752 1934 et
781 1883 845 1934 ad
883 1882 1113 1936 fructum
1141 1885 1261 1937 boni
1297 1886 1474 1954 operis
1517 1897 1914 1952 convertantur,

383 1969 702 2035 gloriatione
757 1971 915 2038 digna
953 1971 1255 2026 eﬂieiuntur
1294 1990 1308 2026 :
1350 1976 1492 2028 sicut
1533 1991 1744 2031 rursum
1771 1979 1814 2032 si
1851 1981 1915 2033 ad

383 2058 581 2111 malum
614 2073 746 2127 Opus
777 2060 1149 2124 conferantur,
1201 2073 1260 2116 ut
1297 2079 1394 2131 per
1431 2066 1644 2121 divitias
1671 2069 1791 2134 quis
1822 2084 1917 2136 op-

381 2150 578 2213 primat
605 2165 917 2218 pauperem,
967 2162 1022 2206 et
1068 2166 1164 2219 per
1203 2153 1567 2209 fortitudinem
1607 2168 1916 2224 prosternat

382 2235 674 2302 infirmum,
722 2237 833 2305 jam
895 2253 998 2292 non
1063 2239 1176 2292 haec
1231 2242 1424 2306 media,
1484 2243 1577 2298 sed
1618 2245 1756 2296 mala
1796 2261 1916 2300 esse

378 2335 661 2393 putantur.
728 2327 928 2381 Idcirco
994 2328 1156 2396 igitur
1206 2337 1393 2383 natura
1455 2332 1536 2385 sui
1607 2333 1915 2389 indiﬂ'eren-

380 2413 454 2467 tia
519 2423 574 2468 et
641 2416 813 2469 media
891 2417 1174 2482 dicuntur,
1252 2420 1379 2487 Quia
1449 2429 1503 2475 et
1583 2423 1648 2476 ad
1717 2425 1913 2478 malum

378 2520 514 2572 Opus
542 2507 770 2572 sociata,
798 2507 932 2560 mala
964 2508 1068 2561 dici
1118 2524 1198 2576 poi
1212 2519 1352 2572 sunt,
1393 2519 1447 2564 et
1487 2513 1640 2568 bonis
1670 2516 1917 2583 operibus

378 2593 586 2662 juncta,
644 2595 780 2648 bona
837 2596 1112 2664 appellari.
1168 2595 1297 2650 Sine
1351 2601 1452 2654 bac
1517 2617 1643 2657 vero
1691 2603 1918 2659 inclina-

381 2681 525 2733 tione
558 2679 718 2748 539
757 2681 822 2733 ad
865 2682 1085 2734 alterum
1124 2696 1155 2734 e
1183 2682 1408 2748 duobus,
1441 2688 1527 2754 qui
1561 2701 1619 2741 ea
1663 2690 1799 2743 bona
1830 2692 1914 2746 di-

379 2779 524 2830 cunt,
554 2770 785 2836 imperiti
829 2782 883 2824 et
912 2771 1081 2841 ignari
1114 2773 1506 2828 rationabilium
1547 2778 1912 2834 definitionum

380 2859 899 2928 appellationumque
944 2862 1194 2916 credendi
1225 2873 1368 2918 sunt.
1399 2865 1632 2923 Abusive
1658 2877 1831 2925 tamen
1863 2881 1917 2926 et

2019 440 2298 502 incedunt,
2355 450 2408 493 et
2464 451 2762 507 propterea
2824 435 3116 490 tribulari
3185 432 3496 488 dicuntur.
3553 435 3699 500 Quod

2017 528 2178 578 etiam
2219 527 2270 579 in
2299 529 2413 596 ipso
2450 527 2710 590 Domino,
2737 526 2840 594 qui
2881 538 3031 576 vera
3065 531 3167 576 est
3205 522 3306 573 via
3332 535 3512 588 quam
3532 527 3697 578 sancti

2017 616 2304 679 incedunt,
2339 616 2690 671 intellexisse
2741 614 3062 684 apostolos
3122 612 3437 675 arbitror,
3476 627 3603 668 cum
3637 618 3699 669 ad

2016 719 2134 757 eum
2183 706 2425 760 dicerent
2466 721 2483 758 :
2536 725 2555 756 ‹
2590 705 2804 760 Turbae
2845 715 2905 760 te
2968 704 3407 774 comprimunt
3442 715 3502 758 et
3550 719 3698 758 coar-

2016 805 2199 859 ctant,
2237 796 2493 863 Magister
2521 797 2591 851 ⁸⁷.
2643 815 2664 847 ι
2699 792 3180 851 Tribulationes
3227 809 3382 864 ergo
3427 794 3697 863 jnstorum

2016 901 2122 939 non
2152 885 2320 940 solum
2369 900 2462 941 eas
2508 888 2782 942 debemus
2824 889 3122 954 accipere
3163 901 3306 954 qua:
3349 887 3698 943 extrinsecus

2016 975 2236 1028 veniunt
2266 991 2332 1030 ex
2369 977 2486 1030 istis
2516 979 2684 1032 rebus
2713 992 2862 1046 quas
2898 976 3342 1032 indifl’erentes
3368 977 3458 1031 vel
3493 979 3694 1035 medias

2015 1079 2175 1132 supra
2205 1066 2460 1131 diximus,
2501 1067 2554 1121 id
2588 1077 2677 1121 est
2721 1069 2815 1121 vel
2854 1069 3137 1134 damnis,
3177 1068 3278 1123 vel
3314 1068 3695 1137 languoribus,

2018 1154 2098 1206 vel
2142 1169 2207 1207 ex
2253 1154 2496 1222 quolibet
2558 1157 2819 1226 corporis
2857 1158 3159 1211 cruciatu
3203 1171 3223 1210 :
3265 1159 3376 1213 sed
3432 1168 3490 1212 et
3546 1159 3599 1214 in
3637 1176 3696 1216 eo

2014 1243 2153 1310 quod
2181 1245 2340 1298 etiam
2373 1243 2425 1296 in
2468 1245 2662 1312 requie
2695 1247 2869 1312 positi
2909 1247 3304 1315 semetipsos
3341 1245 3620 1316 afﬂigunt,
3649 1260 3696 1302 et

2014 1343 2249 1389 atterunt
2287 1337 2594 1390 resistendo
2645 1336 3067 1390 voluntatibus
3147 1337 3320 1402 suis,
3365 1338 3692 1396 refrenando

2016 1424 2314 1490 libidinem,
2347 1429 2656 1482 coercendo
2695 1429 3011 1482 licentiam
3050 1429 3221 1500 (65),
3256 1440 3322 1484 et
3361 1434 3555 1486 omnia
3584 1450 3694 1502 quae

2013 1519 2082 1569 ad
2111 1516 2309 1570 bonum
2339 1517 2697 1571 continentia:
2722 1519 3037 1586 pertinent
3080 1518 3492 1590 proﬂiganda,
3517 1537 3693 1578 secun-

2016 1607 2139 1659 dum
2159 1606 2298 1660 hunc
2329 1607 2504 1673 ipsum
2533 1609 2629 1676 qui
2661 1609 2804 1662 dixit
2836 1627 2850 1663 :
2899 1628 2921 1660 ‹
2960 1611 3231 1666 Macero
3260 1627 3478 1678 corpus
3500 1629 3691 1678 meum,

2015 1705 2070 1750 et
2100 1699 2347 1752 servituti
2391 1698 2659 1766 subjicio,
2709 1716 2783 1754 ne
2825 1701 2994 1757 forte
3049 1718 3204 1758 cum
3252 1704 3393 1758 aliis
3439 1707 3690 1775 praedica-

2014 1800 2157 1845 vero.
2210 1787 2324 1856 ipse
2366 1791 2635 1857 reprobus
2669 1789 2891 1846 eﬂiciar
2923 1792 3008 1846 ⁸⁸.
3065 1811 3089 1844 ι
3153 1794 3233 1847 Ει
3274 1795 3393 1850 hoc
3424 1799 3587 1852 modo
3607 1781 3686 1865 ju-

2013 1884 2216 1930 storum
2262 1877 2539 1932 tribulatio
2581 1893 2692 1932 non
2750 1889 2951 1948 potest
3003 1881 3384 1940 indiﬂ‘erens
3414 1886 3559 1952 dici,
3597 1888 3680 1942 sed

2013 1975 2196 2033 aperte
2247 1967 2409 2034 bona,
2450 1984 2548 2036 per
2595 1986 2764 2038 quam
2821 1971 2987 2025 bona
3050 1975 3321 2030 virtutis
3384 1977 3681 2046 implentur.

2014 2055 2199 2125 lnjusti
2241 2073 2390 2123 vero,
2473 2061 2698 2115 etiamsi
2765 2063 3198 2134 tribulentur,
3249 2067 3408 2135 quod
3456 2071 3622 2139 magis
3654 2085 3678 2122 τι

2018 2147 2294 2214 Scriptura
2324 2148 2534 2219 ﬂagella
2584 2153 2836 2209 diximus
2876 2159 3226 2225 appellari,
3270 2162 3540 2229 quoniam
3559 2164 3682 2216 nihil

2016 2236 2068 2289 in
2125 2238 2208 2290 his
2259 2237 2392 2306 ipsis
2435 2241 2666 2310 ﬂagellis
2715 2255 2771 2298 et
2813 2249 3345 2316 correptionibus
3395 2255 3676 2308 secundum

2015 2326 2260 2381 virtutem
2290 2332 2454 2384 animi
2486 2343 2710 2400 gerunt,
2745 2336 2900 2390 nihil
2944 2338 3029 2392 ad
3062 2340 3432 2408 patientiam
3467 2346 3674 2408 ducunt,

2015 2430 2115 2468 nec
2143 2417 2516 2484 probationem
2550 2437 2648 2490 per
2676 2425 3047 2492 patientiam
3083 2440 3380 2500 sperant:
3418 2433 3617 2488 idcirco
3631 2435 3674 2488 in

2015 2504 2120 2560 illis
2152 2522 2256 2562 non
2300 2509 2583 2566 tribulatio
2609 2528 2737 2582 quae
2767 2517 2841 2569 ad
2878 2518 3023 2574 haec
3055 2521 3232 2576 bona
3273 2527 3562 2592 pervenit,
3592 2529 3675 2583 sed

2015 2594 2244 2664 ﬂagella,
2277 2607 2332 2650 ut
2369 2599 2651 2670 Scriptura
2678 2604 2889 2668 voluit.
2922 2614 3326 2668 nominanda
3349 2625 3501 2678 sunt,
3521 2620 3670 2672 etiam

2013 2686 2058 2740 si
2097 2687 2317 2744 abusive
2340 2688 2633 2759 aliquando
2657 2705 2716 2748 et
2755 2711 2947 2766 super
3010 2701 3287 2770 injustas
3322 2707 3432 2762 dici
3464 2709 3670 2764 tribula-

2016 2776 2172 2831 tionis
2191 2794 2383 2834 nomen
2408 2781 2680 2838 invenias.
2712 2785 2786 2841 Ut
2814 2800 3033 2844 autem
3069 2796 3240 2850 scias
3257 2798 3396 2865 quia
3413 2797 3665 2864 jnstorum

2017 2867 2284 2922 tribulatio
2312 2884 2417 2923 non
2453 2883 2720 2941 angustat
2754 2878 2956 2932 animi
2991 2881 3299 2939 virtutem
3330 2926 3347 2952 ,
3383 2891 3476 2942 sed
3502 2892 3662 2958 potius

379 2946 588 3000 fabrum
639 2948 864 3003 dicimus
901 2951 1211 3018 sapientem,
1259 2963 1314 3010 et
1365 2955 1818 3024 gubernatorem,
1861 2970 1982 3039 etc
2015 2958 2226 3033 dilatat,
2270 2961 2396 3014 audi
2457 2973 2516 3015 et
2569 2963 2687 3031 ipse
2739 2965 2975 3025 Paulus
3027 2946 3381 3033 Corinthiis
3436 2946 3662 3034 scribens

379 3037 750 3100 architectum,
786 3049 843 3093 et
876 3041 1150 3097 mulierem
1180 3045 1393 3098 texendi
1418 3046 1712 3113 sapientem
1740 3049 1913 3102 nomi-

379 3143 588 3182 namus.
632 3128 782 3194 Quod
813 3144 939 3196 ergo
969 3131 1019 3184 in
1062 3133 1308 3201 praesenti
1351 3134 1585 3203 capitulo
1629 3136 1913 3205 Apostolus

378 3218 537 3282 dicit,
571 3235 591 3268 ι
635 3219 770 3284 Quia
806 3220 1078 3275 tribulatio
1126 3223 1438 3290 patientiam
1493 3235 1768 3293 operatur,
1817 3245 1835 3276 ι
1867 3227 1911 3280 si

378 3308 685 3375 patientiam
714 3324 873 3362 unam
913 3324 1032 3364 esse
1059 3325 1124 3365 ex
1155 3313 1318 3365 animi
1361 3314 1647 3368 virtutibus
1679 3325 1908 3379 constat,

379 3397 654 3450 tribulatio
683 3397 797 3451 sine
827 3399 988 3452 dubio
1027 3416 1144 3467 quae
1179 3404 1403 3457 virtutes
1431 3404 1595 3457 animi
1620 3405 1796 3473 parit,
1827 3421 1913 3460 ne-

379 3498 484 3551 que
528 3483 686 3548 mala,
709 3486 896 3552 'neque
941 3486 1270 3553 indifferens,
1313 3492 1404 3545 sed
1438 3492 1576 3546 bona
1602 3493 1911 3562 appellanda

379 3582 482 3626 cst.
517 3573 570 3626 In
595 3582 796 3628 tantum
819 3575 932 3646 (65)
953 3586 1152 3644 autem,
1183 3580 1322 3635 sicut
1347 3596 1509 3650 supra
1537 3584 1788 3651 diximus,
1819 3600 1912 3654 pa-

381 3663 569 3718 tientia
597 3666 765 3720 virtus
787 3667 951 3721 animi
986 3668 1206 3722 dicenda
1238 3680 1348 3734 est,
1378 3682 1436 3725 ut
1469 3687 1569 3742 per
1599 3675 1910 3743 patientiam

379 3756 524 3808 dicat
547 3756 911 3824 probationem
946 3759 1113 3813 nostri
1156 3760 1293 3822 fieri,
1335 3771 1390 3816 et
1420 3778 1516 3832 per
1540 3765 1908 3832 probationem

377 3859 526 3912 spem
558 3845 671 3899 dari
700 3863 714 3898 :
740 3862 857 3916 qua:
896 3849 1077 3917 utique
1115 3853 1364 3918 quoniam
1411 3853 1465 3906 in
1509 3854 1618 3907 Deo
1673 3855 1775 3908 sita
1805 3863 1908 3920 est,

378 3935 468 4002 qui
498 3935 750 3990 virtutum
780 3939 1014 3992 omnium
1039 3950 1189 4007 pater
1221 3950 1324 4006 est,
1353 3957 1456 3997 non
1488 3943 1762 3997 confundit
1787 3959 1912 4014 spe-

380 4033 608 4077 tantem.
649 4026 817 4080 Simul
849 4027 990 4082 enim
1033 4044 1154 4083 cum
1201 4045 1294 4098 spe
1336 4041 1391 4086 et
1431 4031 1710 4086 cbaritatis
1740 4034 1911 4087 abun-

378 4117 610 4170 dantiam
634 4128 796 4182 tenet,
813 4135 930 4188 qua:
947 4122 1119 4189 primo
1141 4121 1275 4182 loco,
1295 4123 1419 4188 quia
1437 4140 1457 4172 ‹
1486 4123 1654 4191 major
1671 4125 1909 4179 omnium

377 4212 460 4255 est
487 4203 720 4258 cliaritas
759 4205 826 4268 ⁸⁵,
873 4223 892 4256 ι
939 4205 1156 4274 Spiritui
1187 4209 1488 4275 copulatur.
1530 4210 1680 4275 Quod
1711 4213 1755 4266 si
1788 4215 1910 4282 quis

379 4296 535 4348 nobis
555 4307 822 4360 occurrat,
855 4307 908 4350 et
936 4298 1079 4351 dicat
1107 4301 1339 4354 medium
1370 4315 1495 4356 esse
1520 4312 1575 4356 et
1603 4303 1910 4361 indifferens
1938 4291 1986 4350 Ῑ)
2009 4309 2062 4353 ει
2092 4306 2320 4372 esurire.

378 4383 794 4453 tribulationem,
838 4389 1086 4456 quoniam
1133 4390 1344 4454 quidem
1399 4389 1698 4448 invenimus
1743 4396 1905 4450 etiam

378 4473 550 4527 malos
576 4483 630 4528 et
654 4476 843 4544 impios
866 4479 1107 4532 tribulari
1135 4479 1268 4549 (64),
1303 4490 1355 4535 et
1377 4495 1479 4535 non
1508 4484 1759 4539 continuo
1783 4487 1908 4554 quia

379 4566 699 4622 tribulantur
749 4585 848 4638 pro
898 4572 1053 4624 malis
1106 4572 1314 4626 actibus
1355 4574 1499 4639 suis,
1531 4577 1698 4630 virtus
1741 4578 1904 4632 animi

377 4656 649 4711 tribulatio
686 4673 868 4713 eorum
919 4661 1208 4728 reputanda
1241 4671 1364 4716 est:
1395 4663 1513 4718 vide
1551 4665 1594 4719 si
1639 4668 1903 4734 possimus

377 4746 476 4801 hoc
505 4749 661 4802 modo
695 4749 1036 4818 respondere,
1067 4753 1208 4821 quod
1242 4753 1513 4809 tribulatio
1540 4757 1751 4823 quidem
1778 4773 1903 4826 pro-

378 4834 491 4902 prie
512 4845 814 4890 sanctornm
842 4847 956 4903 est;
988 4839 1268 4907 impiorum
1299 4850 1480 4894 autem
1511 4853 1560 4896 et
1589 4843 1905 4913 injustorunt

380 4923 656 4978 tribulatio
701 4925 902 4994 ﬂagella
947 4928 1295 4996 appellentur.
1338 4929 1577 4998 Denique
1610 4932 1662 4984 in
1697 4931 1906 4988 Psalmo

377 5013 454 5065 sic
481 5013 610 5067 dicit
640 5031 655 5068 :
689 5033 709 5066 ι
750 5015 924 5068 Multa:
952 5018 1320 5073 tribulationes
1351 5019 1621 5086 iustorum
1665 5021 1732 5074 ³³.
1770 5041 1790 5075 ι
1830 5023 1906 5079 De

379 5099 496 5154 istis
515 5111 688 5156 autem
720 5105 793 5158 ait
823 5122 837 5158 :
877 5123 897 5155 ‹
930 5105 1087 5160 Multa
1117 5107 1318 5176 ﬂagella
1349 5110 1646 5178 peccatoris
1675 5111 1741 5162 ⁸⁸.
1779 5129 1798 5162 ι
1838 5112 1903 5167 Et

380 5187 617 5246 fortassis
639 5203 914 5262 propterea
949 5197 1220 5252 tribulatio
1251 5209 1305 5253 et
1330 5199 1570 5269 angustia
1594 5199 1660 5253 ad
1689 5211 1900 5256 sanctos

449 5303 492 5334 "
517 5303 638 5383 Isai.
680 5323 738 5383 γλ
767 5309 874 5383 ξι,-
929 5309 1189 5366 "Jerem.
1224 5329 1299 5372 rx.
1326 5315 1416 5369 24.
1488 5315 1536 5348 ⁸⁵
1569 5316 1584 5368 Ι
1616 5317 1738 5370 Cor.
1777 5333 1896 5378 xm.
1921 5321 1964 5375 ιε

784 5309 874 5383 tl._
929 5309 1189 5366 "Jerem.
1224 5329 1299 5372 ιχ.
1326 5315 1416 5369 24.
1488 5315 1536 5348 ⁸⁵
1569 5316 1584 5368 Ι
1616 5317 1738 5370 Cor.
1777 5333 1896 5378 xm.
1921 5321 2005 5377 15.
2079 5326 2125 5357 ⁵⁸
2161 5327 2299 5383 Psal.

383 5381 496 5432 vnt,
532 5374 619 5426 45.
693 5373 740 5407 ⁸⁸
774 5379 789 5429 l
836 5378 958 5433 Cor.
1004 5395 1077 5443 tt,
1115 5383 1203 5434 27.
1277 5385 1320 5415 ⁵³
1363 5385 1400 5436 II
1427 5385 1548 5438 Cor.
1580 5401 1654 5448 tv,
1686 5385 1738 5438 8.
1813 5387 1855 5418 ⁸⁸
1881 5373 2067 5461 Philip.
2097 5373 2287 5461 IV,-

454 5477 560 5550 (ἐξῆ)
606 5481 764 5550 Editi,
802 5502 821 5535 ι
859 5487 1090 5550 interim,
1131 5509 1149 5542 ι
1193 5491 1347 5545 male.

454 5545 562 5604 (64)
601 5548 696 5601 Ms.
733 5568 888 5617 unus,
923 5572 942 5606 ι
977 5567 1028 5612 et
1053 5545 1102 5612 in
1134 5560 1251 5613 aliis
1275 5561 1466 5627 impios
1497 5563 1760 5618 tribulari.
1799 5583 1816 5614 ι

2011 3051 2275 3117 quomodo
2301 3051 2406 3104 ista
2433 3052 2764 3125 distinguat;
2809 3061 2973 3116 dicit
3018 3067 3196 3122 enim
3241 3069 3326 3124 ita
3363 3088 3382 3127 ε
3420 3090 3440 3124 ι
3474 3071 3527 3126 ιιι
3553 3089 3659 3128 om.

2012 3141 2168 3192 nibus
2192 3139 2594 3198 tribulationem
2613 3149 2902 3215 patimur,
2947 3157 3068 3210 sed
3109 3173 3236 3214 non
3265 3173 3654 3233 angustamur;

2012 3229 2309 3295 dejicimur,
2341 3233 2437 3286 sed
2470 3249 2579 3288 non
2621 3238 2884 3303 perimus
2915 3243 3002 3298 ”.
3047 3264 3075 3300 ι
3120 3248 3307 3309 Vides
3338 3229 3584 3324 quouis
3604 3271 3654 3310 se

2013 3319 2408 3375 tribulationem
2443 3324 2552 3390 pati
2583 3341 2692 3380 non
2727 3329 2786 3381 in
2827 3340 2958 3387 uno
2987 3375 3007 3400 ,
3046 3341 3161 3394 sed
3199 3342 3259 3396 in
3299 3319 3553 3400 omnibus
3585 3348 3654 3400 di-

2011 3497 2128 3550 aliis
2157 3497 2494 3568 inferuntur;
2543 3513 2600 3558 et
2634 3506 2691 3560 in
2743 3509 2840 3564 his
2885 3529 3038 3582 qua:
3094 3521 3229 3590 ipse
3274 3527 3424 3581 intra
3471 3497 3647 3583 mi.

2011 3592 2181 3653 ipsum
2209 3602 2306 3656 pro
2338 3592 2584 3658 corporis
2630 3599 3046 3672 continentia,
3084 3621 3152 3666 et
3195 3619 3536 3684 optimarum
3578 3619 3648 3672 in-

2009 3677 2342 3732 stitutionum
2380 3679 2662 3739 laboribus
2711 3690 2952 3754 perfert
2994 3715 3012 3750 :
3053 3710 3123 3755 et
3181 3677 3490 3774 pr0pterea
3515 3709 3645 3772 dicit,

2010 3771 2130 3835 quia
2157 3787 2177 3820 ι
2215 3770 2270 3824 in
2299 3773 2550 3828 omnibus
2590 3777 3056 3845 tribulationem
3117 3770 3407 3867 patimur,
3437 3801 3528 3858 sed
3557 3770 3648 3856 non

2009 3869 2382 3962 angustamur.
2417 3881 2436 3912 ι
2465 3863 2649 3934 Neque
2673 3869 2829 3926 enim
2858 3888 3194 3948 angustari
3222 3863 3415 3957 potest
3433 3894 3521 3962 qui
3548 3894 3645 3946 vir-

2011 3949 2214 4044 tutibus
2254 3949 2543 4044 dilatatur.
2579 3956 2648 4011 Et
2686 3969 2749 4014 ut
2799 3965 3017 4026 adhuc
3075 3949 3246 4044 quod
3290 3949 3527 4037 dicimus
3562 3983 3649 4037 hoc

2009 4037 2181 4129 modo,
2219 4038 2419 4095 clarius
2463 4042 2581 4109 ﬁat,
2627 4045 2747 4115 ipse
2794 4050 3040 4116 Paulus
3097 4037 3321 4124 scribit
3369 4073 3426 4128 in
3476 4089 3650 4129 conse-

2007 4128 2292 4230 quentibus
2325 4149 2339 4184 :
2377 4149 2396 4182 (
2443 4130 2572 4230 Scio
2597 4146 2656 4190 et
2693 4140 3038 4218 humiliari,
3083 4158 3218 4213 scio
3243 4171 3306 4215 er
3347 4164 3650 4230 abundare,

2009 4216 2086 4321 (in
2115 4220 2382 4318 omnibus,
2410 4225 2558 4321 et‘ad
2579 4230 2773 4321 omnia
2799 4216 3094 4300 imbutus
3125 4251 3289 4321 sum)

2356 4318 2410 4362 et
2439 4311 2740 4415 abundare,
2767 4329 2830 4375 et
2861 4333 3204 4392 penuriam
3242 4311 3363 4408 pati
3398 4345 3466 4398 ".
3503 4363 3522 4395 ι
3555 4311 3650 4415 ιςίλ

2011 4402 2102 4447 tur
2231 4409 2416 4500 verum
2451 4411 2542 4500 est
2586 4403 2723 4460 illud
2771 4419 2938 4479 quod
2991 4395 3289 4494 supernis
3333 4395 3511 4500 dixit,
3547 4395 3650 4488 ῗῖη

2011 4485 2258 4540 omnibus
2299 4489 2713 4550 tribulationem
2745 4485 3091 4580 patimur;
3114 4535 3138 4569 ι
3185 4485 3533 4580 certumvest

2011 4575 2167 4682 ξι).εο
2194 4576 2446 4646 indicari,
2473 4585 2604 4682 quia
2632 4597 2690 4641 et
2713 4603 2848 4646 cum
2891 4575 3225 4664 penuriam
3277 4575 3526 4682 satin...
3563 4618 3651 4670 ιτί-

2007 4662 2226 4761 bulal_ur
2245 4685 2261 4733 ;
2286 4677 2340 4761 et
2373 4685 2498 4725 cum
2529 4675 2778 4735 abundat
2807 4662 2962 4759 (66).
3009 4662 3651 4761 nabannaigig'lisiiii.

2008 4765 2114 4864 tur.
2143 4756 2454 4864 Tribulatur
2488 4776 2674 4822 autem
2708 4772 2768 4827 in
2817 4756 3082 4846 penuria
3105 4829 3126 4856 ,
3189 4756 3648 4864 quia

2007 4847 2328 4961 abundantia
2357 4867 2510 4918 vero,
2533 4860 2665 4961 quia
2698 4847 3124 4943 semetipsum-
3147 4847 3452 4954 retire—nat:
3468 4906 3537 4946 ne
3553 4847 3650 4961 ’ρετ

2007 4936 2390 5050 abundantiam
2433 4949 2778 5022 resolvatur,
2814 4962 2910 5020 vel
2936 4982 3015 5023 ne
3053 4973 3263 5033 minus
3281 4936 3651 5050 competenter

2005 5038 2067 5078 ea
2117 5043 2236 5130 quae
2285 5031 2541 5089 videntur
2575 5043 2877 5108 abundare
2923 5031 3262 5130 dispenset.

2006 5119 2194 5219 esurit,
2229 5130 2282 5176 et
2307 5137 2439 5231 cum.
2462 5139 2779 5208 saturatur,
2826 5156 2889 5200 et
2918 5119 3050 5206 cum
3090 5166 3535 5224 persecutiones
3557 5181 3645 5234 pa-

2004 5217 2152 5274 mur’
2186 5221 2242 5265 et
2270 5229 2393 5270 cum
2425 5217 2481 5273 in
2522 5229 2725 5295 τθαυῖθ
2766 5234 2944 5307 degit.
2973 5217 3174 5314 Atque
3213 5217 3327 5308 hoc
3557 5217 3643 5324 qui

2347 5348 2550 5404 χχχιιι,
2594 5343 2696 5402 20.
2778 5353 2830 5386 "
2863 5356 3018 5414 Psal.
3049 5377 3224 5432 xxxi,
3261 5369 3358 5426 10.
3437 5371 3643 5426 "'Luc.
