3836 6238
266 273 386 328 99η

1208 275 1556 336 COMMENT.
1585 277 1650 333 IN
1677 275 1884 334 EPIST.
1922 276 2011 328 AD
2050 276 2211 331 “0M.
2248 280 2370 330 ΜΒ.
2408 281 2491 331 ιν.

3327 287 3428 340 998

267 389 331 442 in
366 387 453 442 his
481 387 727 442 omnibus
758 387 1090 458 lribulatur,
1121 404 1268 450 recte
1307 397 1358 448 in
1393 398 1815 452 tribulationibus
1842 399 1888 456 Α
1914 395 2089 464 impiis
2107 404 2344 450 mortuus
2365 404 2462 449 est.
2496 396 2639 465 lmpii
2665 411 2889 466 namque
2907 412 3119 452 eramus
3143 409 3422 470 antequam

267 481 400 534 suis
433 480 694 549 gloriatur
726 494 742 532 :
774 493 839 533 ex
871 484 1062 551 quibus
1098 486 1210 537 sine
1246 485 1404 538 dubio
1445 489 1676 542 nascitur
1712 505 1806 558 pa-

269 570 494 630 tientia,
520 584 637 636 quae
663 570 951 636 probabilis
968 573 1149 626 effecta
1171 575 1341 641 pariat
1357 590 1525 644 spem,
1553 593 1669 644 qum
1687 594 1805 633 eum

263 660 531 712 charitati
565 659 851 727 conjuncta
889 662 1112 729 Spiritui
1152 673 1338 718 sancto
1381 668 1650 721 consociet
1675 669 1805 736 (67).

265 748 432 810 Quod
463 756 642 802 autem
671 749 828 815 dixit,
864 770 882 802 ‹
911 751 1155 806 Charitas
1183 753 1274 806 Dei
1299 754 1483 808 diffusa
1513 765 1596 810 est
1623 756 1673 810 in
1699 773 1808 810 cor-

262 838 436 890 dibus
473 839 710 903 nostris,
752 857 771 889 ι
809 840 1112 910 diligentius
1153 843 1588 898 considerandum
1643 857 1722 899 est
1755 847 1807 899 in

258 941 508 994 quorum
531 929 788 991 cordibus
815 929 904 982 Dei
931 931 1163 984 charitas
1186 930 1527 985 diffundatur.
1551 933 1660 1002 Ego
1685 945 1808 1003 puto

260 1016 421 1083 quod
446 1017 500 1069 in
532 1016 743 1070 illorum
766 1019 853 1085 qui
875 1018 981 1086 jam
1009 1033 1116 1071 non
1145 1021 1343 1073 habent
1373 1039 1391 1070 ε
1432 1022 1673 1088 spiritum
1695 1038 1808 1076 ser-

261 1106 470 1160 vitutis
501 1106 698 1160 iterum
729 1108 781 1160 in
809 1108 998 1163 timore
1033 1111 1099 1172 “,
1142 1128 1160 1161 ι
1202 1112 1292 1163 sed
1319 1121 1370 1163 et
1391 1112 1599 1164 illorum
1627 1113 1677 1165 in
1695 1113 1808 1179 qui-

263 1196 376 1248 bus
416 1213 439 1246 c
485 1196 726 1264 perfecta
771 1197 1006 1252 charitas
1037 1198 1179 1251 foras
1223 1201 1382 1253 mittit
1411 1201 1650 1254 timorem
1679 1203 1742 1263 ⁸³,
1784 1219 1803 1252 ι

259 1290 322 1335 et
357 1282 562 1350 quibus
600 1282 822 1348 spiritus
858 1299 876 1331 ‹
913 1283 1214 1350 adoptionis
1266 1301 1284 1333 ι
1323 1285 1474 1336 datur
1499 1284 1586 1351 qui
1620 1283 1809 1338 clamet

258 1369 322 1424 in
352 1370 615 1424 cordibus
635 1385 839 1432 eorum,
873 1388 891 1420 ι
929 1371 1073 1424 Abba
1103 1382 1253 1439 pater
1282 1372 1344 1424 ⁸³.
1380 1390 1398 1422 ι
1432 1372 1543 1425 Νοη
1566 1382 1647 1426 est
1684 1388 1805 1440 ergo

257 1459 649 1527 cujuscunque
692 1461 920 1514 hominis
963 1461 1063 1512 nisi
1102 1460 1353 1528 perfecti,
1396 1471 1449 1513 et
1481 1461 1600 1514 talis
1639 1462 1807 1529 qualis

253 1559 390 1604 crat
420 1550 644 1614 Paulus,
671 1551 722 1602 in
753 1549 902 1615 cujus
933 1551 1094 1603 corde
1115 1550 1433 1604 diffundatur
1460 1549 1694 1604 charitas
1712 1551 1804 1604 Dei

259 1656 289 1689 ‹
326 1652 433 1705 per
467 1637 726 1705 Spiritum
768 1648 1032 1690 sanctum.
1064 1656 1082 1688 ι
1117 1637 1275 1708 540
1303 1637 1403 1692 Sed
1435 1647 1486 1692 et
1525 1639 1650 1692 illud
1678 1639 1802 1692 mihi

256 1725 734 1779 considerandum
792 1725 1035 1790 videtur,
1077 1734 1324 1780 utrumne
1370 1728 1456 1781 hic
1497 1729 1805 1783 charitatem

261 1817 425 1868 illam
453 1814 600 1868 dicat
633 1829 738 1879 qua
776 1829 871 1867 nos
893 1815 1162 1884 diligimus
1195 1817 1386 1881 Deum,
1428 1832 1492 1870 an
1534 1818 1674 1872 illam
1703 1835 1806 1887 qua

260 1903 553 1971 diligimur
570 1919 600 1955 a
623 1903 748 1967 Deo,
773 1902 1019 1958 diffusam
1038 1919 1154 1958 esse
1176 1919 1269 1973 per
1293 1905 1546 1973 Spiritum
1569 1917 1805 1962 sanctum

265 1992 324 2045 in
359 1992 624 2046 cordibus
649 1993 866 2045 nostris.
908 1993 973 2046 Et
1011 1993 1056 2046 si
1087 1992 1298 2060 quidem
1334 1995 1420 2047 illa
1444 1996 1676 2050 charitas
1705 2013 1805 2065 qua

271 2085 453 2138 Deum
493 2083 766 2150 diligimus
799 2083 1145 2152 intelligatur,
1178 2099 1353 2137 sermo
1384 2085 1484 2138 iste
1514 2087 1806 2140 assertione

268 2189 376 2228 non
423 2173 673 2241 indiget:
701 2172 748 2226 si
791 2187 916 2226 vero
952 2173 1074 2240 quia
1110 2172 1244 2226 dixit
1287 2172 1506 2228 effusam
1559 2189 1677 2230 esse
1715 2176 1808 2230 Dei

267 2263 602 2318 cbaritatem
635 2262 686 2315 iu
716 2262 964 2316 cordibus
994 2263 1196 2316 nostris
1224 2263 1288 2327 “,
1314 2263 1414 2316 ista
1448 2263 1620 2330 potius
1651 2266 1808 2319 intel-

267 2350 489 2417 ligenda
538 2349 611 2402 sit
655 2363 758 2415 qua
794 2347 1110 2414 diligimura
1141 2349 1272 2411 Deo,
1314 2359 1518 2402 certum
1553 2357 1634 2403 est
1667 2351 1808 2418 quod

265 2443 424 2496 velut
453 2455 724 2495 summum
751 2449 805 2493 et
831 2441 1116 2492 maximum
1154 2440 1345 2492 donum
1375 2442 1544 2494 sancti
1577 2441 1808 2509 Spiritus

267 2532 597 2585 charitatem
626 2537 810 2596 ponat,
839 2543 946 2596 quo
973 2528 1114 2581 velut
1141 2542 1357 2582 munere
1395 2529 1506 2597 (68)
1542 2529 1688 2598 prius
1719 2544 1809 2583 su-

268 2629 462 2688 scepto
501 2633 534 2672 a
582 2619 714 2683 Deo,
757 2632 854 2685 per
905 2618 1006 2672 hoc
1061 2619 1227 2684 ipsum
1281 2618 1500 2687 diligere
1547 2619 1807 2686 possimus

271 2709 479 2772 Deum,
511 2708 658 2777 quod
708 2706 978 2774 diligimur
1016 2722 1045 2758 a
1081 2705 1208 2760 Deo.
1230 2706 1360 2758 Nam
1393 2716 1445 2759 et
1475 2707 1584 2775 ipse
1610 2707 1808 2761 Paulus

268 2796 521 2851 nominat
551 2795 801 2864 spiritum
827 2795 1105 2848 charitatis
1132 2795 1196 2855 εδ,
1225 2804 1278 2848 et
1308 2795 1443 2848 Deus
1464 2796 1694 2849 charitas
1724 2797 1806 2849 di-

266 2887 408 2939 citur
439 2886 508 2950 “,
550 2893 607 2938 et
639 2884 887 2938 Christus
927 2883 1066 2936 filius
1094 2885 1376 2937 cbaritatis
1410 2883 1705 2951 appellatur
1739 2886 1804 2939 ⁸⁷.

267 2975 422 3040 Quod
453 2974 501 3028 si
521 2983 578 3028 et
611 2973 831 3041 spiritus
845 2972 1144 3036 charitatis,
1175 2980 1227 3024 et
1258 2972 1397 3026 filius
1430 2973 1726 3036 charitatis,
1751 2983 1806 3026 et

267 3063 410 3117 Deus
459 3062 704 3116 charitas
732 3061 844 3127 (69)
888 3061 1172 3123 invenitur,
1207 3070 1412 3113 certum
1453 3069 1534 3115 est
1567 3062 1704 3128 quod
1739 3077 1804 3115 ex

267 3167 378 3206 uno
411 3151 664 3205 Paterna:
702 3150 925 3204 Deitatis
970 3149 1116 3203 fonte
1149 3159 1202 3204 et
1234 3149 1401 3203 Filius
1433 3150 1806 3220 intelligendus

266 3251 370 3304 est,
407 3249 467 3295 et
497 3240 732 3308 Spiritus
767 3248 1003 3303 sanctus,
1035 3251 1098 3290 ex
1122 3238 1272 3306 cujus
1299 3238 1620 3291 abundantia
1645 3238 1804 3292 etiam

266 3340 586 3386 sanctorum
620 3329 869 3384 cordibus
898 3328 964 3381 ad
1003 3328 1456 3396 participationem
1495 3329 1804 3396 capiendam

269 3421 468 3475 divinae
512 3428 719 3473 natura:
741 3456 757 3481 ,
803 3419 943 3471 sicut
983 3416 1172 3470 Petrus
1204 3415 1468 3485 apostolus
1497 3417 1708 3470 edocuit
1737 3416 1803 3482 ⁸⁸,

271 3511 605 3565 abundantia
625 3509 904 3562 charitatis
925 3505 1217 3560 infunditur
1238 3521 1254 3560 :
1281 3514 1338 3557 ut
1358 3520 1451 3572 per
1475 3507 1610 3560 istud
1635 3507 1805 3559 sancti

271 3603 510 3673 Spiritus
532 3602 730 3655 donum
758 3601 1087 3668 compleatur
1117 3597 1205 3651 ille
1235 3611 1410 3651 sermo
1435 3613 1590 3666 quem
1624 3599 1804 3651 Domi-

271 3709 371 3748 nus
397 3693 578 3746 dicit:
617 3708 637 3741 ‹
681 3689 832 3743 Sicut
875 3698 930 3741 tu
958 3687 1114 3740 Pater
1144 3687 1195 3740 in
1221 3701 1325 3750 me,
1357 3699 1410 3740 et
1427 3701 1524 3754 ego
1552 3688 1603 3740 in
1641 3697 1712 3751 te,
1751 3695 1807 3740 et

269 3782 355 3836 isti
382 3782 438 3836 in
472 3781 631 3835 nobis
657 3794 818 3832 unum
847 3778 954 3831 sint
973 3776 1018 3807 ⁶⁹
1047 3793 1061 3830 :
1104 3793 1123 3826 ι
1159 3775 1350 3828 divinae
1374 3775 1578 3828 scilicet
1606 3785 1806 3828 natum

268 3871 566 3940 participes
592 3867 799 3932 elfecti,
829 3867 880 3919 in
910 3864 1230 3919 abundantia
1263 3863 1537 3918 charitatis
1561 3878 1654 3932 per
1686 3863 1804 3932 Spi-

272 3959 436 4023 ritum
460 3966 708 4012 sanctum
737 3954 1070 4008 ministratus.

339 4049 431 4103 l0.
481 4065 504 4098 ε
543 4045 734 4100 Adhuc
781 4043 924 4098 enim
966 4041 1240 4104 Christus,
1279 4055 1397 4096 cum
1443 4055 1676 4096 essemus
1725 4043 1804 4096 in-

272 4140 410 4194 firmi
456 4137 597 4207 (70),
649 4134 938 4190 secundum
976 4139 1184 4200 tempus
1217 4146 1314 4200 pro
1352 4132 1528 4197 impiis
1569 4139 1805 4186 mortuus

265 4237 367 4284 est.
394 4228 498 4282 Vix
520 4226 662 4280 enim
685 4237 781 4292 pro
803 4222 948 4292 justo
975 4220 1096 4287 quis
1117 4222 1359 4274 moritur.
1392 4219 1522 4273 Nam
1547 4233 1641 4288 pro
1666 4222 1803 4272 bono

1911 496 2338 540 converterentur
2380 489 2443 538 ad
2480 488 2665 550 Deum,
2705 499 2757 542 et
2786 487 3030 542 Christus
3062 491 3242 557 utique
3280 509 3424 544 mor-

1912 585 2015 630 tem
2045 591 2140 642 pro
2163 576 2310 628 nobis
2332 588 2615 643 antequam
2641 579 2976 632 crederemus
3000 582 3212 646 excepit
3244 598 3257 632 :
3285 583 3424 648 quod

1910 665 2272 734 proculdubio
2305 681 2409 719 non
2436 666 2666 730 fecisset,
2695 669 2792 721 nisi
2825 669 3043 721 nimiam
3066 684 3189 735 erga
3215 685 3310 723 nos
3335 673 3426 722 ha-

1911 754 2108 808 buisset
2149 764 2202 807 et
2255 753 2758 807 abundantissimam
2822 756 3134 810 charitatem
3189 759 3270 809 vel
3319 759 3430 826 ipse

1911 843 2162 896 Dominus
2207 853 2388 896 noster
2430 842 2581 896 Jesus
2617 844 2856 897 Christus
2885 847 3157 898 moriendo
3195 861 3290 913 pro
3332 849 3428 898 im-

1910 934 2032 1001 piis,
2057 934 2139 987 vel
2158 933 2293 986 Deus
2309 933 2462 986 Pater
2487 934 2822 1001 Unigeuitum
2854 950 3005 986 suum
3032 950 3125 1002 pro
3143 935 3422 1002 impiorum

1912 1024 2272 1090 redemptione
2302 1023 2574 1075 tradendo.
2621 1022 2750 1075 Cum
2790 1022 2928 1075 enim
2969 1025 3054 1076 vix
3099 1025 3289 1090 aliquis
3333 1040 3427 1091 pro

1909 1110 2054 1178 justo
2085 1111 2361 1172 moriatur,
2388 1117 2440 1160 et
2458 1108 2653 1160 dubitet
2675 1109 3033 1176 unusquisque
3059 1121 3276 1164 mortem
3303 1115 3428 1165 sub-

1913 1201 2009 1266 ire,
2037 1199 2194 1254 etiam
2219 1199 2263 1252 si
2292 1199 2476 1252 mortis
2501 1198 2639 1265 justa
2673 1199 2742 1251 sit
2768 1214 2948 1260 causa,
2969 1210 3194 1267 quantus
3222 1203 3426 1262 esthic,

1911 1295 1964 1340 et
1985 1286 2215 1340 charitas
2239 1285 2352 1353 ejus
2382 1301 2503 1353 erga
2533 1299 2627 1338 nos
2656 1296 2847 1353 quanta
2885 1291 3146 1352 pensanda
3193 1300 3302 1350 est.
3335 1291 3426 1357 qui

1911 1375 2195 1429 secundum
2224 1374 2350 1427 illttd
2394 1381 2598 1443 tempus
2634 1389 2738 1442 quo
2762 1389 2946 1441 passus
2983 1387 3096 1439 est,
3135 1393 3230 1444 pro
3253 1379 3428 1445 impiis

1911 1473 1965 1518 et
1993 1464 2199 1531 injustis
2228 1473 2448 1517 mortem
2482 1464 2680 1532 perpeti
2717 1479 2820 1517 non
2855 1466 3157 1534 refugit?lu
3181 1482 3286 1534 quo
3319 1470 3426 1521 uti-

1910 1570 2011 1623 que
2053 1571 2268 1610 summze
2322 1557 2463 1610 illius
2504 1555 2693 1610 divinae
2733 1556 2983 1609 bonitatis
3028 1557 3276 1610 iudicium
3321 1569 3424 1612 est.

1913 1644 2022 1697 Nisi
2056 1646 2196 1698 enim
2231 1654 2374 1700 esset
2415 1645 2500 1698 hic
2537 1660 2600 1698 ex
2643 1645 2728 1698 illa
2773 1645 2987 1698 veniens
3017 1646 3341 1710 substantia,
3372 1657 3430 1700 et

1814 1716 1883 1809 ’Β
1912 1731 2049 1785 illius
2083 1732 2258 1785 Patris
2284 1732 2467 1792 Filius,
2500 1733 2562 1785 de
2587 1748 2691 1799 quo
2720 1732 2918 1785 dictum
2937 1741 3034 1790 est.
3061 1733 3186 1798 quia
3225 1751 3243 1782 ι
3273 1748 3428 1787 nemo

1906 1821 2096 1883 bonus,
2149 1821 2248 1873 nisi
2295 1835 2429 1874 unus
2465 1822 2602 1874 Deus
2641 1821 2797 1874 Pater
2823 1821 2891 1880 “,
2946 1838 2964 1869 ι
2999 1830 3196 1872 tantam
3246 1823 3427 1889 utique

1906 1923 2027 1976 erga
2055 1923 2150 1962 nos
2184 1909 2468 1961 bonitatem
2512 1924 2615 1961 non
2656 1908 2913 1976 potuisset
2945 1909 3242 1962 ostendere.
3276 1910 3425 1964 Unde

1906 1998 2028 2063 quia
2056 2012 2120 2050 ex
2165 1998 2271 2050 hoc
2310 2006 2466 2050 tanta:
2509 1998 2762 2050 bonitatis
2806 1997 3004 2050 indicio
3038 1999 3150 2066 ipse
3177 2013 3292 2052 esse
3333 2000 3423 2053 hic

1907 2087 2209 2154 agnoscitur
2251 2088 2447 2149 bonus,
2485 2102 2580 2154 pro
2624 2087 2723 2140 hoc
2769 2087 2908 2140 bono
2947 2087 3167 2141 forsitan
3214 2089 3332 2156 quis
3368 2099 3424 2142 et

1906 2175 2098 2228 audeat
2142 2175 2294 2228 mori.
2343 2173 2474 2228 Cum
2516 2176 2657 2228 enim
2706 2176 3012 2242 cognoverit
3068 2179 3426 2244 unusquisque

1908 2274 2103 2317 tantam
2131 2279 2252 2333 erga
2303 2279 2360 2318 se
2403 2265 2688 2318 bonitatem
2739 2265 2960 2328 Christi,
3004 2266 3425 2334 cbaritatcmqttc
3485 2263 3488 2266 ’

1905 2353 2020 2420 ejus
2056 2353 2300 2407 habuerit
2339 2354 2391 2406 in
2435 2353 2594 2406 corde
2636 2353 2909 2416 diffusam,
2947 2369 3048 2408 non
3090 2354 3256 2406 solum
3287 2355 3423 2406 mori

1908 2456 2002 2507 pro
2044 2441 2144 2494 hoc
2174 2441 2344 2503 bono,
2393 2441 2486 2494 sed
2523 2450 2578 2493 et
2607 2441 2858 2495 audacter
2897 2442 3030 2495 mori
3074 2443 3421 2496 desiderabit.

1907 2528 2056 2594 Quod
2086 2529 2240 2582 rebus
2260 2529 2385 2597 ipsis
2407 2538 2459 2582 et
2491 2529 2738 2596 operibus
2765 2544 2901 2597 sazpe
2930 2530 3168 2583 videmus
3189 2530 3422 2596 impleri,

1907 2633 2024 2671 cum
2055 2618 2106 2670 hi
2141 2618 2192 2670 in
2230 2632 2448 2685 quorum
2475 2619 2724 2673 cordibus
2751 2620 3087 2672 abundanter
3120 2619 3310 2674 dili‘usa
3339 2631 3424 2676 est

1905 2705 2136 2760 charitas
2162 2706 2380 2770 Christi,
2405 2714 2591 2774 sponte
2623 2706 2782 2760 etiam
2804 2716 2856 2759 et
2881 2721 2999 2758 cum
3023 2706 3168 2758 omni
3199 2707 3418 2760 audacia

1906 2794 2216 2862 semetipsos
2245 2796 2675 2862 persecutoribus
2694 2794 2944 2861 offerunt,
2967 2804 3021 2848 et
3043 2810 3232 2849 nomen
3266 2795 3422 2850 Chri-

1905 2883 1996 2942 sti,
2030 2883 2275 2936 audiente
2307 2887 2535 2948 mundo,
2578 2898 2756 2937 coram
2799 2883 3000 2952 angelis
3027 2892 3079 2936 et
3118 2885 3425 2939 hominibus

1905 2972 2250 3035 confitentur,
2301 2981 2357 3024 ut
2396 2987 2500 3026 non
2548 2973 2717 3027 solum
2749 2973 2856 3040 (η)
2895 2972 3142 3039 injuriam
3178 2971 3284 3039 pati
3325 2987 3422 3039 pro

1907 3059 2119 3112 nomine
2156 3059 2290 3126 ejus,
2325 3059 2418 3112 sed
2463 3068 2516 3112 et
2557 3069 2778 3112 mortem
2813 3074 2908 3128 pro
2936 3060 3036 3112 hoc
3062 3060 3202 3111 bono
3239 3059 3420 3111 subire

1905 3149 2158 3210 audeant,
2185 3152 2359 3216 .‘quam
2396 3148 2482 3200 vix
2512 3147 2619 3218 (73)
2651 3164 2750 3216 pro
2769 3147 2910 3212 justo
2939 3147 3059 3214 quis
3084 3148 3298 3214 perfert.
3329 3147 3424 3200 Est

1904 3238 2044 3291 enim
2079 3252 2228 3290 amor
2265 3237 2384 3290 vitae
2421 3236 2576 3302 hujus
2616 3246 2811 3298 tantus,
2846 3245 2902 3288 ut
2941 3237 3100 3289 etiam
3138 3251 3256 3289 cum
3283 3235 3422 3302 iusta

1903 3339 2061 3378 causa
2087 3323 2275 3378 mortis
2291 3325 2581 3387 advenerit,
2601 3326 2687 3378 vix
2712 3324 3070 3390 unuSquiStjtte
3088 3332 3306 3376 mortem
3329 3340 3424 3391 pa-

1905 3415 2098 3466 tienter
2117 3413 2363 3480 accipiat.
2387 3411 2534 3466 Justa
2564 3421 2738 3466 autem
2773 3427 2930 3464 causa
2973 3412 3160 3465 mortis
3189 3413 3420 3478 videtur,

1904 3517 2022 3555 cum
2064 3511 2265 3554 naturae
2300 3501 2411 3569 lege
2439 3500 2679 3554 defertur
2712 3517 2726 3554 :
2761 3509 2814 3554 et
2848 3499 3088 3566 quamvis
3119 3499 3317 3567 justum
3350 3502 3425 3556 sit

1901 3592 2201 3645 conditione
2223 3590 2578 3654 mortalitatis,
2609 3592 2697 3643 vix
2725 3598 2901 3642 tamen
2932 3590 3266 3658 amplectitur
3299 3592 3419 3643 ani-

1903 3696 2019 3734 mus
2041 3680 2151 3748 (74)
2177 3689 2379 3732 natura}
2405 3667 2604 3745 legibus
2633 3681 2838 3732 cedere.
2875 3695 2894 3727 ι
2931 3677 3035 3730 Vix
3066 3691 3194 3745 ergo
3218 3692 3314 3745 pro
3335 3677 3424 3742 ju-

1901 3779 1984 3822 sto
2009 3767 2129 3834 quis
2164 3765 2384 3818 moritur
2414 3765 2480 3815 ⁷⁸.
2505 3784 2523 3814 ι
2548 3766 2677 3822 Nam
2695 3783 2788 3837 pro
2800 3765 3106 3821 bonoaudet
3135 3765 3254 3831 quis
3285 3764 3422 3817 mori

1901 3867 1952 3912 et
1981 3861 2230 3910 audacter
2251 3853 2546 3918 occumbit,
2575 3856 2836 3922 praecipue
2872 3854 2916 3906 si
2959 3853 3257 3916 intellexit,
3295 3853 3420 3920 quia

1901 3961 2020 4001 cum
2051 3947 2222 3998 adhuc
2265 3945 2551 3999 secundum
2586 3951 2788 4009 tempus
2818 3942 2958 4009 impii
2986 3956 3223 3996 essemus
3254 3950 3308 3995 et
3337 3943 3421 3994 in-

1901 4036 2062 4100 firmi,
2089 4038 2198 4104 ipse
2222 4034 2367 4102 prior
2393 4047 2488 4100 pro
2504 4031 2654 4085 nobis
2677 4041 2914 4084 mortuus
2937 4042 3038 4084 est.
3060 4030 3124 4082 Et
3149 4030 3415 4098 quomodo

1901 4141 2006 4178 non
2045 4128 2132 4192 qui
2162 4125 2272 4178 haec
2301 4124 2400 4177 sibi
2427 4123 2492 4176 ab
2527 4121 2614 4175 illo
2649 4123 2879 4190 praestita
2909 4122 3053 4189 prius
3076 4135 3192 4174 esse
3222 4134 3420 4186 cogno‘

1902 4215 2022 4276 scit,
2053 4221 2275 4266 mortem
2313 4225 2470 4278 quam
2516 4210 2603 4264 ille
2636 4210 2788 4264 malis
2838 4209 3125 4278 impendit,
3157 4207 3244 4261 hic
3280 4207 3420 4260 bono

269 4318 502 4374 forsitan
542 4314 664 4385 quis
701 4312 893 4365 audeat
936 4311 1069 4362 mori
1091 4309 1158 4361 ⁷ο.
1198 4326 1218 4359 ι
1245 4307 1458 4363 Plenius
1492 4310 1674 4363 volens
1698 4308 1806 4359 vir-
1834 4319 1879 4373 Ῑ)
1911 4301 2385 4368 reddat?Arguitu’r
2405 4307 2580 4352 autem
2619 4299 3016 4362 illorum-error,
3045 4297 3132 4365 qui
3165 4297 3304 4349 hunc
3336 4295 3415 4348 lo-

269 4421 412 4464 tutes
439 4405 726 4463 charitatis
759 4401 1044 4457 ostendere
1079 4413 1234 4466 quam
1265 4397 1504 4452 diffusam
1541 4399 1591 4451 in
1625 4398 1800 4451 cordi-

268 4502 368 4555 bus
398 4498 608 4555 nostris
645 4495 855 4548 dixerat
898 4506 991 4560 per
1025 4491 1279 4556 Spiritum
1317 4498 1579 4553 sanctum,
1611 4489 1803 4556 quibus

263 4587 366 4642 hoc
419 4588 600 4642 causis
658 4585 948 4656 intelligere
994 4585 1308 4639 deberemus
1356 4585 1628 4652 exposuit,
1676 4585 1806 4638 edo-

260 4693 392 4731 cens
430 4693 532 4732 nos
570 4677 680 4747 (7i)
719 4677 861 4744 quod
892 4675 1136 4730 Christus
1170 4689 1276 4728 non
1310 4689 1408 4744 pro
1442 4675 1563 4744 piis,
1591 4676 1684 4730 sed
1709 4691 1808 4746 pro

1903 4410 2020 4451 cum
2077 4395 2147 4446 ita
2199 4391 2308 4462 (75)
2361 4391 2810 4456 interpretandum
2861 4397 3128 4456 putarunt,
3175 4397 3232 4440 ut
3277 4385 3418 4454 quod

1904 4483 2062 4545 dixit,
2090 4499 2108 4531 ε
2148 4479 2241 4532 Vix
2265 4480 2400 4532 enim
2432 4494 2526 4546 pro
2548 4479 2693 4543 justo
2715 4476 2834 4544 quis
2862 4478 3103 4540 moritur,
3159 4494 3177 4526 ι
3220 4477 3284 4528 de
3315 4475 3420 4526 Βιιο

1904 4573 2057 4642 legis,
2087 4584 2239 4639 quem
2263 4570 2482 4638 justum,
2505 4583 2612 4622 non
2637 4567 2796 4621 etiam
2825 4566 3022 4620 bonum
3046 4567 3421 4627 dicunt,intel-

1905 4664 1993 4732 ligi
2038 4661 2230 4714 debere
2285 4659 2631 4722 confirment;
2667 4658 2858 4708 bonum
2909 4663 3083 4706 autem
3126 4653 3418 4714 Christum,

339 4807 383 4838 “
424 4806 582 4858 Rom.
629 4798 870 4861 vttt,15.
943 4795 1212 4849 “lJoan.
1261 4808 1332 4855 tv,
1387 4791 1468 4844 18.
1542 4793 1586 4824 ⁸⁸
1622 4793 1770 4846 Boni.

1907 4831 1919 4854 ,
1953 4791 2038 4844 15.
2111 4791 2156 4822 “
2174 4789 2432 4861 Altomzv,
2450 4787 2502 4840 5.
2577 4788 2622 4818 “
2664 4785 3072 4861 Rga.._xv,__39-.
3149 4782 3415 4861 “lJoan.

271 4890 345 4934 tv,
391 4875 445 4926 8.
523 4871 565 4902 ⁸⁷
599 4870 803 4923 Coloss.
855 4883 895 4930 ι,
961 4865 1044 4918 15.
1133 4865 1176 4892 ³⁸
1207 4862 1249 4913 ll
1299 4863 1439 4914 l’etr.
1496 4877 1534 4926 I,
1581 4861 1635 4912 4.

270 4945 316 4975 ⁷·
369 4942 526 4994 Rom.
572 4953 622 5000 ν,
671 4939 722 4989 7.

343 5031 456 5098 (67)
486 5029 577 5098 Sic
597 5040 760 5098 mss._;
788 5023 914 5098 editi
933 5035 1074 5083 vero,
1099 5037 1118 5068 ι
1138 5031 1392 5098 quaecum
1415 5016 1660 5070 charitati
1677 5031 1804 5071 con-

268 5091 454 5166 juncta
489 5097 580 5166 sit,
616 5091 834 5162 Spiritui
856 5091 1416 5166 s‘anctojconsocietttr.
1434 5164 1442 5166 Δ
1456 5101 1479 5166 ξ

344 5166 456 5235 (68)
489 5155 712 5235 ᾼΙὶἐιεξιΔ
752 5161 889 5235 quod
930 5155 1068 5235 velut
1097 5164 1333 5235 munere,
1372 5158 1527 5235 rete,

343 5219 456 5300 (‘69)
498 5219 1070 5300 Deus'charitas._ll_zec
1097 5223 1283 5300 desltnt
1306 5221 1358 5274 in
1377 5219 1609 5300 editione
1634 5219 1802 5274 Gene-

275 5287 478 5354 brardi.
510 5299 700 5352 (Σπιθτί
722 5309 846 5348 vero
876 5293 1022 5352 editi,
1057 5307 1075 5339 ι
1101 5298 1153 5341 et
1182 5291 1314 5342 Deus
1341 5287 1632 5354 charitatis.
1671 5306 1690 5337 ι

346 5352 475 5439 (ξω
497 5367 585 5421 Sic
621 5379 750 5418 mss.
771 5361 978 5439 _nostri.
1010 5359 1146 5410 Editi
1182 5371 1395 5439 vero”
1438 5352 1627 5439 utquid
1655 5357 1796 5408 enim

275 5425 541 5498 Cb‘ris'tus,
566 5449 686 5488 cum
721 5431 891 5483 adhuc
927 5440 1162 5479 essemus
1187 5425 1401 5501 infirmi,
1441 5438 1459 5469 ›
1492 5430 1587 5472 etc.

345 5506 454 5575 (7i)
494 5489 657 5563 E'diti,
700 5517 720 5575 ς
748 5501 999 5575 deliemus
1020 5491 1274 5575 esposuit.
1300 5489 1736 5575 Et‘locetn'ur'nos,
1776 5509 1794 5538 ι

279 5555 386 5627 etc.
408 5555 670 5627 llis—unus
701 5566 904 5622 itidem,
947 5579 964 5608 ι
1003 5555 1276 5614 edocemur
1303 5568 1417 5612 nos.
1461 5574 1480 5606 ι
1520 5555 1795 5626 Rabanus,

1723 4863 1764 4892 °°
1788 4861 1939 4916 Joan.
1993 4874 2121 4923 xvn,
2167 4858 2257 4911 21.

2328 4857 2373 4888 "°
2401 4857 2553 4909 Rom.
2614 4869 2668 4916 v,
2713 4853 2765 4914 6,
2810 4854 2862 4904 7.
2933 4854 2977 4884 ’ί
3017 4851 3178 4903 Marc.
3229 4866 3285 4914 ι,
3329 4857 3418 4903 18.

1909 5035 1930 5069 ι
1973 5026 2026 5070 et
2057 5016 2213 5071 docet
2259 5029 2374 5076 nos,
2428 5030 2446 5062 ι
2497 5012 2588 5066 sed
2623 5010 2798 5064 caeteri
2854 5023 2982 5062 mss.
3025 5015 3082 5058 ut
3126 5004 3177 5056 in
3233 5015 3419 5060 nostro

1904 5096 2070 5141 textu.

1969 5152 2080 5224 (ΤΞ)
2113 5150 2281 5224 Alias,
2314 5167 2332 5199 ι
2369 5156 2422 5200 et
2443 5161 2554 5224 .non
2585 5145 2829 5222 solum.)

1969 5205 2079 5288 {73$
2110 5205 2279 5274 Alias,
2303 5235 2320 5264 ι
2355 5217 2564 5275 audent,
2593 5213 2864 5288 quamvis,
2893 5227 2911 5260 ι
2948 5205 3105 5288 male.

1970 5275 2081 5359 (74)
2121 5287 2208 5359 Sic
2264 5296 2448 5359 omnes
2516 5275 2643 5359 mss.
2706 5279 2889 5359 nostri.
2955 5275 3423 5359 “abstrusa—veru,

1905 5376 1924 5407 ι
1961 5341 2197 5410 conditio
2227 5348 2556 5404 mortalitatis
2595 5348 2685 5416 vix,
2722 5354 2894 5416 tamen
2931 5341 3272 5416 amplectitur
3305 5343 3426 5393 ani—

1900 5405 2234 5480 tilttit'n—Taclc.
2274 5418 2432 5476 Etlili,
2467 5412 2843 5482 «conditionig
2863 5424 2953 5476 pro
2981 5428 2997 5458 ι
3031 5405 3364 5482 conti-ilione.
3410 5425 3428 5455 ι

1971 5478 2080 5561 (75)
2120 5487 2222 5539 Ιια.
2256 5485 2594 5539 Desideratur
2623 5483 2675 5533 in
2700 5479 2851 5533 libris
2876 5484 3028 5529 antea
3053 5478 3236 5526 editis.
