3836 6222
405 268 510 320 999

1832 251 2148 310 ORIGENIS

3561 238 3692 294 1000

405 389 656 448 tanquam
698 377 818 430 boni
845 375 1016 429 Patris
1044 375 1258 438 Filium,
1307 385 1635 430 assevcrent.
1677 374 1779 430 Sed
1807 376 1931 443 quid
1960 371 2004 426 A
2030 367 2232 422 idcirco
2260 364 2320 418 ﬁt
2365 364 2511 433 (81),
2559 363 2709 433 quod
2758 360 3208 448 relinquentes
3247 353 3453 448 Deum—
3489 366 3694 448 patrum

407 477 580 532 agent,
606 465 726 532 quia
759 465 1055 517 invenimus
1090 475 1145 518 et
1174 466 1225 517 in
1255 465 1370 534 lege
1399 478 1660 533 martyres
1691 468 1927 522 multos?

407 557 603 624 Legam
625 555 1043 607 Machabtcorum
1076 555 1266 619 libros,
1298 557 1388 610 ubi
1411 573 1532 611 cum
1562 559 1706 612 omni
1727 559 1933 611 instan-

406 645 478 695 tia
518 645 666 695 beata
715 653 886 695 mater
922 658 1041 696 cum
1095 653 1296 710 septem
1340 643 1461 699 ﬁliis
1490 648 1798 716 martyrium
1842 661 1932 699 su-

401 732 558 804 scjpit
598 733 664 794 ⁷³,
712 733 912 800 quique
961 747 1062 786 non
1100 733 1269 788 solum
1319 737 1630 805 martyrium
1673 739 1932 806 patienter

400 822 693 888 excipiunt,
727 837 910 876 verum
931 833 982 877 et
1012 827 1366 881 contumelias
1390 828 1640 896 ingerunt
1675 829 1724 881 in
1748 839 1930 896 tyran-

399 928 559 965 num:
593 923 644 966 et
700 915 914 969 videant
963 917 1006 970 si
1039 932 1224 971 verum
1271 927 1354 972 est
1385 919 1524 986 quod
1567 920 1768 982 dicunt,
1805 921 1928 989 quia

401 1018 422 1050 ι
454 1003 540 1054 vix
581 1017 676 1070 pro
706 1003 853 1069 justo
881 1004 1000 1072 quis
1041 1007 1283 1060 moritur.
1329 1027 1349 1060 ι
1403 1008 1627 1062 Videant
1671 1020 1780 1062 tres
1811 1026 1932 1075 pne-

397 1106 486 1144 ros
515 1093 566 1145 in
599 1095 808 1146 camino
839 1094 977 1161 ignis
1005 1097 1239 1150 ardentis
1263 1113 1384 1151 cum
1425 1097 1567 1152 omni
1603 1097 1793 1151 fiducia
1835 1115 1929 1164 pro

396 1181 518 1235 tidei
551 1183 799 1238 libertate
828 1185 1100 1253 conjeclos
1127 1187 1192 1252 τι,
1225 1197 1279 1241 et
1303 1189 1484 1243 dicant
1511 1190 1631 1257 quia
1664 1207 1683 1240 ι
1720 1191 1804 1242 vix
1832 1206 1929 1259 pro

390 1273 532 1338 justo
565 1274 686 1342 quis
714 1276 961 1329 moritur.
1000 1296 1019 1329 ι
1061 1279 1182 1332 Sola
1216 1293 1341 1345 ergo
1375 1295 1517 1333 mors
1554 1287 1636 1334 cst
1665 1296 1762 1348 pro
1789 1281 1925 1344 Deo,

395 1363 548 1434 541
583 1381 698 1432 qua:
725 1381 844 1419 cum
867 1369 1008 1420 omni
1036 1369 1255 1422 audacia
1285 1369 1399 1441 (76)
1419 1371 1733 1438 suscipitur:
1756 1373 1929 1425 omnis

396 1465 574 1508 autem
601 1455 804 1523 reliqua
829 1472 974 1511 mors
998 1459 1086 1510 vix
1131 1459 1418 1513 toleranter
1447 1459 1655 1514 subitur
1681 1461 1838 1514 etiam
1883 1461 1928 1514 si

392 1545 528 1613 iusta
545 1548 633 1612 sit,
651 1546 960 1601 ethumana:
977 1549 1298 1602 conditionis
1361 1546 1476 1616 lege
1494 1549 1780 1604 descendat
1794 1550 1924 1619 (77).

464 1641 549 1694 ll.
593 1659 612 1691 ι
649 1640 999 1694 Commendat
1046 1649 1220 1694 autem
1258 1656 1408 1694 suam
1442 1641 1756 1695 charitatem
1788 1641 1927 1695 Deus

395 1729 447 1784 iu
477 1731 624 1783 nobis
657 1747 670 1782 :
706 1732 953 1796 quoniam
986 1729 1028 1783 si
1072 1745 1192 1782 cum
1225 1729 1399 1783 adhuc
1441 1739 1752 1798 peccatores
1783 1743 1926 1784 esse-

394 1835 542 1883 mus,
571 1818 817 1873 Christus
870 1833 965 1885 pro
1007 1818 1159 1870 nobis
1199 1827 1440 1870 mortuus
1471 1825 1552 1869 est
1602 1815 1735 1884 (78),
1763 1817 1926 1870 multo

394 1911 566 1975 magis
598 1924 741 1962 nunc
762 1923 890 1974 ergo
912 1906 1186 1973 iustificati
1220 1907 1272 1959 in
1307 1905 1558 1974 sanguine
1583 1906 1768 1972 ipsius,
1798 1905 1924 1958 salvi

393 2000 592 2054 erimus
633 1998 698 2051 ab
727 1997 801 2050 ira
830 2012 926 2065 per
956 1997 1126 2064 ipsum
1155 1995 1221 2046 ⁷⁸.
1265 2012 1283 2045 ι
1323 1993 1454 2048 Cum
1484 1993 1705 2048 dixisset
1753 1995 1804 2047 in
1838 2010 1926 2047 sn-

394 2089 724 2156 perioribus,
753 2088 879 2155 quia
922 2104 939 2136 ι
977 2085 1223 2140 Christus
1269 2085 1556 2139 secundum
1601 2094 1806 2154 tempus
1835 2086 1929 2138 ad-

327 2232 332 2236 ,
396 2180 498 2231 huc
551 2191 646 2245 pro
688 2175 860 2244 impiis
906 2183 1144 2227 mortuus
1180 2182 1281 2235 est,
1321 2193 1340 2226 ι
1373 2187 1516 2226 nunc
1545 2175 1824 2227 ostendere
1859 2189 1922 2226 ex

394 2269 495 2320 hoc
519 2265 632 2317 vult
661 2264 750 2316 Dei
774 2261 1049 2316 charitatis
1070 2276 1194 2328 erga
1227 2262 1469 2316 homines
1491 2262 1925 2329 magnitudinem,

394 2355 516 2423 quia
551 2353 594 2407 si
620 2369 742 2422 erga
778 2352 968 2419 impios
1002 2358 1055 2403 et
1081 2359 1396 2419 peccatores
1426 2361 1568 2402 tanta
1602 2351 1829 2414 exstitit,
1871 2360 1928 2403 ut

393 2461 491 2514 pro
535 2444 706 2498 salute
751 2457 936 2497 eorum
999 2442 1214 2494 unicum
1266 2440 1456 2494 Filium
1504 2441 1689 2504 daret,
1730 2450 1928 2507 quanto

394 2535 561 2604 magis
581 2549 704 2602 erga
735 2546 1041 2593 conversos,
1072 2539 1126 2585 et
1150 2532 1479 2596 emendatos,
1501 2540 1574 2595 et,
1601 2541 1656 2583 ut
1689 2532 1804 2598 ipse
1829 2531 1925 2594 ait,

396 2639 494 2677 suo
529 2623 786 2693 sanguine
830 2621 1128 2690 redemptos
1173 2621 1372 2688 largior
1402 2631 1454 2673 et
1499 2619 1741 2673 diffusior
1769 2620 1873 2672 erit
1902 2617 1930 2673 τ

396 2705 510 2765 Non
539 2722 665 2780 puto
697 2725 824 2765 sane
849 2711 991 2780 quod
1041 2711 1214 2765 otiosa
1238 2710 1308 2763 sit
1338 2709 1473 2777 apud
1506 2709 1726 2761 Paulum
1750 2709 1921 2762 varie-

397 2812 478 2856 tas
521 2801 624 2854 ista
650 2802 966 2863 verborum,
1005 2803 1146 2866 quod
1193 2799 1476 2866 aliquando
1525 2797 1796 2861 inﬁrmos,
1830 2798 1930 2852 ali-

397 2892 608 2960 quando
637 2892 824 2960 impios
844 2931 857 2952 ,
887 2889 1172 2958 aliquando
1201 2898 1510 2958 peccatores
1538 2889 1796 2951 nominat,
1830 2905 1926 2958 pro

396 2981 586 3050 quibus
624 2979 889 3034 Christum
934 2987 1200 3031 mortuum
1249 2977 1419 3030 dicit:
1456 2987 1510 3031 et
1557 2978 1799 3044 quamvis
1832 2977 1928 3030 im-

395 3073 619 3138 peritum
645 3084 702 3123 se
734 3069 964 3122 fateatur
997 3069 1047 3121 in
1077 3081 1323 3121 sermone
1355 3068 1420 3130 ",
1449 3083 1550 3121 non
1583 3078 1759 3122 tamen
1785 3069 1924 3121 arbi-

398 3173 509 3214 tror
532 3162 670 3226 quod
696 3162 747 3214 in
779 3163 860 3214 his
890 3160 975 3213 ille
1007 3176 1099 3226 per
1126 3161 1470 3230 imperitiam,
1499 3161 1590 3214 sed
1625 3161 1802 3228 potius
1831 3176 1927 3229 per

395 3251 705 3320 profundam
741 3251 1018 3304 scientiam
1052 3251 1362 3306 variaverit.
1400 3250 1504 3304 Per
1534 3252 1645 3305 haec
1699 3267 1928 3320 namque

397 3343 496 3394 tria
526 3342 635 3409 (79)
665 3355 821 3393 omne
867 3341 1068 3407 peccati
1104 3341 1366 3409 colligitur
1414 3355 1599 3408 genus.
1640 3340 1745 3393 Aut
1781 3342 1924 3393 enim

396 3430 643 3497 ignorans
672 3430 830 3481 Deum
860 3427 999 3494 quis,
1029 3437 1214 3495 peccat
1242 3431 1294 3480 in
1330 3428 1584 3492 tenebris,
1625 3437 1680 3481 et
1708 3437 1927 3481 vocatur

397 3519 589 3587 impius
636 3536 650 3572 :
704 3526 799 3570 aut
839 3517 1021 3572 volens
1061 3532 1276 3572 servare
1320 3519 1656 3580 mandatum,
1695 3519 1928 3571 vincitur

397 3607 683 3676 fragilitate
714 3607 911 3668 carnis,
943 3615 1000 3660 et
1028 3607 1294 3662 illecebris
1324 3609 1602 3676 praesentis
1631 3609 1753 3662 vitae
1779 3609 1925 3662 deci-

395 3700 561 3769 pitur,
594 3707 648 3751 et
675 3697 917 3751 infirmus
947 3699 1242 3766 appellatur
1271 3715 1285 3751 :
1319 3707 1413 3752 aut
1444 3700 1620 3752 sciens
1642 3699 1926 3767 volensque

395 3788 692 3843 contemnit
721 3787 1058 3853 mandatum,
1087 3796 1140 3841 et
1187 3788 1296 3841 odit
1337 3788 1670 3856 disciplinam
1703 3789 1831 3850 Dei,
1864 3801 1927 3840 ac

394 3878 603 3948 prnjicit
628 3892 900 3930 sermones
929 3877 1042 3944 ejus
1087 3886 1204 3944 post
1233 3891 1290 3930 se
1319 3878 1386 3940 ⁷⁷,
1434 3887 1490 3931 et
1532 3887 1783 3946 peccator
1831 3893 1927 3930 no-

396 3967 646 4019 minatur.
684 3967 857 4033 Atque
905 3965 975 4018 ita
1010 3964 1202 4020 Paulus
1246 3967 1336 4034 qui
1393 3981 1454 4020 se
1495 3967 1794 4034 imperitum
1819 4007 1833 4031 ,
1867 3975 1926 4017 ut

396 4056 643 4118 diximus,
680 4053 731 4107 in
767 4069 1011 4108 sermone
1043 4055 1340 4121 profitetur,
1371 4056 1421 4109 in
1449 4057 1616 4109 tribus
1647 4057 1729 4110 his
1750 4057 1926 4109 diver-

395 4144 645 4196 sitatibus
672 4142 915 4194 universa
937 4180 950 4202 ,
981 4157 1076 4209 pro
1103 4145 1298 4211 quibus
1327 4145 1570 4200 Christus
1607 4147 1926 4216 praedicatur

396 4241 634 4284 mortuus
656 4245 807 4294 esse,
836 4233 1142 4300 complexus
1170 4244 1251 4286 est
1300 4233 1429 4304 (80).
1463 4233 1614 4299 Quod
1669 4235 1710 4288 si
1754 4235 1923 4288 inter-

2029 472 2270 521 suorum,
2300 457 2430 509 deos
2468 449 2712 522 gentium
2749 453 2986 504 colunt.
3028 445 3212 512 Quod
3240 459 3395 498 vero
3415 443 3620 498 Paulus
3643 463 3696 502 se

2029 562 2147 600 cum
2196 544 2570 614 peccatoribus
2617 538 2999 599 numerat",
3063 536 3172 604 qui
3234 533 3296 587 in
3371 533 3503 587 aliis
3552 536 3693 604 dicit,

2035 656 2056 688 ι
2092 636 2200 689 Nos
2245 643 2435 688 natura
2473 631 2681 693 Judaei,
2706 638 2766 683 et
2815 643 2937 682 non
2971 641 3055 680 ex
3106 624 3396 692 gentibus
3454 637 3695 692 peccato-

2030 739 2118 778 res
2144 724 2214 790 τ’,
2261 740 2281 774 ι
2314 719 2646 776 humilitatis
2670 718 2796 787 ejus
2833 724 2934 771 est
2970 715 3207 768 virtus.
3259 710 3532 790 Imitatur
3559 715 3692 767 enim

1995 795 2002 810 ’
2029 814 2197 876 illum,
2233 832 2252 864 ι
2285 813 2376 882 qui
2407 825 2531 866 cum
2561 817 2863 878 peccatum
2897 819 3028 859 non
3071 803 3333 857 fecisset
3358 842 3376 865 ,
3413 815 3691 870 peccatum

2027 920 2125 972 pro
2154 903 2308 957 nobis
2337 903 2512 956 factus
2542 909 2627 955 est
2653 899 2740 961 ⁸ος
2782 916 2804 950 ι
2857 905 2924 952 et
2951 909 3102 949 cum
3141 893 3309 946 Deus
3345 901 3528 956 esset,
3567 893 3694 949 inter

2030 999 2272 1053 homines
2319 1004 2682 1051 conversatus
2741 1000 2829 1047 est
2861 992 2944 1048 “.
3019 1007 3043 1040 ‹
3117 988 3523 1043 Commendat
3575 1005 3691 1058 ergo

2029 1104 2175 1143 suam
2206 1087 2530 1142 charitatem
2587 1085 2737 1139 Deus
2783 1082 2903 1153 (82)
2944 1082 3012 1135 in
3048 1080 3262 1134 nobis.
3307 1097 3329 1130 ι
3368 1079 3476 1134 llic
3510 1099 3529 1131 ι
3558 1096 3692 1136 com-

2029 1178 2263 1240 mendat,
2307 1195 2326 1228 ι
2366 1176 2450 1228 vel
2481 1175 2786 1229 confirmat
2824 1171 3234 1240 intelligitur,
3273 1169 3369 1224 vel
3407 1171 3690 1226 amabile

2029 1269 2156 1323 facit
2185 1283 2284 1338 pro
2315 1266 2616 1321 beneficiis.
2659 1265 2820 1330 Quod
2847 1264 3018 1318 enim
3059 1280 3083 1312 α
3121 1261 3432 1322 Christus,
3466 1275 3589 1315 cum
3611 1265 3691 1317 ad-

2028 1361 2132 1414 huc
2183 1369 2500 1428 peccatores
2530 1369 2786 1410 essemus
2807 1394 2823 1418 ,
2859 1368 2976 1423 pro
3031 1352 3217 1406 nobis
3252 1362 3523 1406 mortuus
3545 1364 3642 1416 est,
3667 1371 3689 1406 ι

2028 1466 2174 1518 spem
2211 1450 2367 1504 nobis
2395 1450 2492 1501 dat
2528 1447 2676 1515 quod
2731 1446 2918 1499 ιιιιιιιο
2976 1444 3187 1512 magis
3239 1456 3352 1496 nos
3407 1458 3439 1495 a
3482 1454 3690 1510 peccato

2029 1551 2279 1610 purgatos
2305 1538 2738 1603 etjustilicatos,
2781 1537 2854 1589 ab
2888 1535 2984 1588 ira
3022 1548 3174 1604 quas
3209 1532 3484 1587 imminet
3512 1549 3689 1601 pecca-

2032 1632 2233 1684 toribus
2258 1628 2495 1682 salvabit
2520 1643 2619 1696 per
2652 1626 2840 1693 ipsum
2879 1641 2894 1677 :
2937 1634 3008 1679 et
3037 1623 3149 1691 qui
3180 1623 3416 1676 alienos
3438 1631 3496 1675 et
3524 1623 3687 1676 inimi-

2029 1737 2119 1775 cos
2151 1722 2222 1773 ita
2256 1719 2479 1782 dilexit,
2517 1726 2580 1770 ut
2625 1732 2730 1786 pro
2763 1717 2934 1771 nobis
3010 1717 3090 1768 ad
3151 1723 3414 1768 mortem
3471 1713 3683 1770 Unicum

2028 1826 2179 1864 suum
2206 1810 2394 1870 daret,
2429 1807 2602 1861 multo
2640 1807 2821 1873 magis
2864 1820 3021 1859 suos
3052 1804 3315 1858 eﬂ'ectos
3359 1815 3418 1857 et
3460 1804 3683 1858 reconci-

2029 1902 2180 1955 lialos
2209 1900 2331 1964 sibi,
2361 1908 2564 1951 teterna
2599 1898 2782 1950 salute
2820 1896 3111 1949 donabit.
3164 1895 3475 1962 Quomodo
3519 1907 3681 1950 auten

2025 1988 2272 2042 Christus
2295 2001 2393 2055 pro
2437 1985 2594 2039 nobis
2626 1991 2889 2039 mortuus
2940 1987 3032 2039 sit
3055 2025 3074 2050 ,
3108 1993 3177 2039 et
3233 1984 3528 2052 quomodo
3569 1999 3678 2038 cum

2027 2079 2095 2133 sit
2123 2080 2307 2147 Agnus
2337 2078 2427 2131 Dei
2453 2077 2524 2139 ⁸³,
2563 2075 2756 2129 tulerit
2782 2085 3128 2143 peccatum
3190 2075 3439 2138 mundi,
3466 2085 3522 2129 et
3552 2074 3679 2130 inﬁr-

2030 2170 2243 2222 mitates
2274 2177 2492 2220 nostras
2519 2166 2865 2234 portaverit,
2898 2174 2966 2219 et
2999 2180 3122 2234 pro
3154 2166 3337 2220 nobis
3367 2165 3599 2219 doluerit
3616 2163 3676 2228 ⁸³,

2029 2273 2168 2326 saepe
2199 2273 2227 2310 a
2257 2256 2414 2310 nobis
2452 2257 2505 2309 in
2538 2256 2662 2309 aliis
2693 2255 2847 2308 dicta
2883 2266 3042 2309 sunt
3089 2254 3284 2319 locis,
3317 2255 3413 2310 ubi
3442 2255 3673 2310 adhibui-

2028 2365 2146 2404 mus
2163 2359 2217 2402 et
2245 2363 2306 2402 ea
2328 2363 2448 2415 qua:
2475 2349 2529 2400 in
2551 2346 2929 2402 saecularibus
2963 2347 3258 2401 historiis
3281 2345 3673 2415 feruntur(83).

2025 2440 2166 2508 quod
2209 2439 2368 2491 etiam
2423 2439 2564 2506 apud
2621 2437 2774 2504 ipsos
2831 2437 3132 2491 nonnulli
3190 2436 3672 2506 pestilentias,vel

2028 2528 2300 2590 turbines,
2334 2525 2549 2593 aliaque
2604 2526 2690 2579 his
2719 2525 2945 2579 similia
2985 2526 3401 2595 perhibentur
3428 2527 3581 2581 morti
3617 2541 3670 2580 se

2025 2615 2322 2682 objiciendo
2356 2614 2652 2682 repulisse,
2679 2623 2736 2669 et
2764 2617 3046 2682 patriam
3073 2655 3092 2679 ,
3135 2617 3234 2670 vel
3273 2627 3499 2686 gentem
3532 2631 3666 2672 suam

2025 2705 2354 2759 imminentis
2392 2704 2560 2758 cladis
2612 2705 2838 2759 excidio
2899 2706 3243 2762 liberasse.
3304 2711 3442 2776 Qua:
3467 2709 3667 2776 quidem

2026 2811 2186 2864 quam
2215 2810 2341 2848 vere
2374 2795 2576 2861 scripta
2613 2796 2756 2860 sint,
2789 2796 2885 2849 vel
2925 2798 3087 2865 quid
3147 2801 3398 2854 rationis
3435 2800 3665 2861 habent,

2025 2885 2069 2938 si
2098 2900 2221 2938 vera
2251 2893 2410 2950 sunt,
2469 2884 2564 2937 Dei
2610 2893 2697 2938 est
2752 2901 2938 2942 nosse
3003 2890 3231 2946 solius.
3280 2891 3473 2946 Nullus
3507 2902 3666 2944 tamen

2027 2975 2286 3043 ipsorum,
2324 2975 2390 3029 de
2415 2974 2611 3043 quibus
2643 2975 2754 3029 ista
2791 2991 3170 3043 narrantur,
3207 2997 3283 3036 ne
3316 2982 3448 3036 ﬁcto
3474 2983 3663 3050 quidem

2026 3079 2273 3119 sermone
2306 3066 2471 3119 totius
2501 3067 2688 3118 mundi
2726 3077 2983 3135 peccata
3056 3073 3396 3128 absolvisse
3439 3075 3663 3142 perhibe-

2027 3164 2135 3218 tur,
2166 3155 2269 3208 nisi
2295 3152 2452 3208 Jesus
2473 3153 2643 3217 solus,
2679 3173 2701 3205 ι
2746 3158 2849 3223 qui
2871 3173 3037 3212 cum
3077 3172 3246 3216 esset
3286 3163 3345 3215 in
3367 3163 3530 3216 forma
3559 3159 3659 3220 Dei.

2027 3258 2131 3296 non
2159 3246 2396 3311 rapinam
2420 3244 2716 3297 arbitratus
2733 3255 2822 3299 est
2847 3261 3000 3302 esse
3026 3265 3101 3305 se
3126 3253 3417 3322 aequalem
3437 3254 3557 3316 Deo,
3579 3253 3657 3306 sed

2027 3334 2365 3402 semetipsum
2391 3334 2693 3386 exinanivit
2717 3335 2792 3400 ⁸⁸,
2821 3355 2842 3388 ι
2883 3349 2954 3395 et
2977 3345 3328 3396 secundum
3355 3344 3655 3396 voluntatem

2026 3423 2218 3486 Patris,
2249 3422 2416 3475 forma
2442 3424 2584 3476 servi
2629 3437 2906 3496 suscepta
2936 3468 2954 3492 ,
2986 3431 3225 3487 obtulit
3270 3434 3547 3489 victimam
3574 3445 3654 3500 pro

2025 3513 2276 3566 universo
2305 3513 2526 3576 mundo,
2564 3515 2801 3569 tradens
2835 3524 3227 3590 sanguinem
3265 3539 3429 3579 suum
3455 3520 3651 3593 principi

2026 3600 2180 3668 hujus
2232 3601 2452 3665 mundi,
2517 3604 2824 3658 secundum
2896 3613 3284 3678 sapientiam
3357 3615 3454 3669 Dei
3517 3611 3648 3684 (86).

2031 3709 2050 3741 ι
2085 3705 2243 3759 quam
2287 3705 2446 3744 nemo
2489 3693 2808 3763 principum
2869 3697 3071 3768 hujus
3129 3707 3338 3760 mundi
3386 3704 3648 3774 cognovit:

2025 3781 2068 3833 si
2098 3780 2238 3833 enim
2293 3781 2715 3848 cognovissent,
2773 3801 3108 3859 nunquam
3161 3797 3464 3851 Dominum
3507 3793 3650 3863 maje-

2024 3869 2175 3922 statis
2201 3869 2605 3924 crucifixissent
2633 3871 2704 3938 ⁸⁸,
2740 3891 2762 3924 ι
2798 3891 2914 3930 nec
2950 3887 3220 3952 sanguis
3261 3888 3356 3942 ille
3378 3887 3488 3956 (85)
3517 3899 3650 3952 quem

2025 3959 2286 4025 sitierant,
2321 3973 2427 4012 non
2455 3967 2567 4012 tam
2593 3961 2769 4028 sitim,
2806 3981 3000 4034 quam
3041 3975 3213 4032 vires
3253 3992 3447 4032 eorum
3485 3976 3662 4030 exstin-

2024 4058 2240 4111 gueret,
2287 4064 2625 4120 regnumque
2669 4053 3013 4116 destrueret
3049 4081 3067 4117 :
3109 4083 3230 4123 nec
3284 4071 3551 4124 accideret
3588 4068 3649 4118 eis

2025 4139 2150 4192 illud
2203 4141 2344 4207 quod
2394 4141 2661 4197 Dominus
2703 4145 2760 4200 in
2809 4147 3163 4222 Evangelia
3216 4161 3364 4216 dicit
3409 4176 3425 4215 :
3463 4177 3483 4212 ι
3535 4157 3658 4212 Ecce

2026 4246 2168 4285 nunc
2218 4231 2468 4300 princeps
2517 4232 2680 4298 hujus
2726 4243 2936 4296 mundi
2989 4247 3311 4313 judicatus
3349 4259 3437 4306 est
3455 4251 3534 4315 “;
3565 4267 3584 4300 ι
3611 4257 3656 4301 et

398 4323 521 4374 dum
553 4321 711 4375 etiam
745 4321 798 4373 hi
829 4321 918 4388 qui
963 4322 1058 4375 sub
1098 4322 1210 4389 lege
1238 4335 1399 4385 sunt,
1450 4335 1504 4378 et
1534 4322 1699 4378 Deum
1743 4325 1919 4378 colere
1953 4306 1996 4360 D
2027 4322 2153 4376 illud
2186 4337 2200 4373 :
2237 4339 2255 4371 t
2291 4322 2429 4391 Ecce
2454 4323 2711 4378 videbam
2745 4306 3046 4390 Satanam
3071 4340 3239 4395 sicut
3268 4341 3455 4411 fulgur
3481 4306 3654 4396 οέάοη.

396 4409 674 4475 videntur,
727 4411 870 4479 impii
921 4411 972 4464 in
1003 4412 1290 4478 Scripturis
1321 4414 1513 4468 divinis
1541 4413 1910 4479 nominantur;

469 4557 515 4625 1⁸
550 4554 594 4607 ll
619 4554 790 4625 Mach.
828 4555 1135 4625 vittlgseq.
1210 4557 1256 4588 "
1287 4557 1417 4609 Dan.
1454 4571 1556 4625 7m,
1597 4557 1666 4611 20
1713 4571 1832 4623 seq.

397 4623 446 4656 "
467 4623 618 4678 Rom.
651 4640 702 4682 v,
724 4623 775 4676 8.
848 4624 893 4656 7’
921 4623 1111 4678 GalatJ
1139 4641 1198 4687 ll,
1221 4626 1310 4683 15.
1385 4626 1430 4658 ³ο
1453 4624 1492 4677 ll
1529 4625 1649 4678 Cor.
1675 4640 1723 4688 v,
1747 4626 1837 4680 21.

470 4824 576 4896 (76)
608 4824 784 4885 Alias,
817 4837 964 4896 pret
999 4825 1216 4896 audacia
1256 4844 1296 4896 ιγ
1328 4823 1523 4896 legitur
1577 4841 1596 4874 ι
1637 4823 1861 4886 fiducia;
1898 4840 1918 4872 ι

399 4891 528 4951 ³1.ζι
561 4891 682 4945 cum
714 4892 856 4945 omni
896 4891 1082 4945 ﬁducia
1115 4902 1169 4946 et
1201 4894 1438 4946 audacia.
1473 4909 1490 4941 ι

469 4962 579 5032 (77)
616 4963 779 5032 Alias,
813 4979 832 5011 t
862 4962 951 5014 vix
1003 4962 1282 5032 toleratur,
1324 4961 1428 5032 vix
1455 4958 1660 5032 subitur
1689 4957 1849 5032 etiam
1877 4957 1920 5009 si

395 5029 532 5098 justa
552 5027 640 5088 sit.
657 5040 709 5082 et
732 5030 974 5098 humanm
998 5030 1310 5084 cunditionis
1331 5028 1431 5096 legi
1456 5027 1862 5098 condescendat.
1897 5043 1914 5075 ι

472 5099 579 5162 (78)
615 5098 782 5161 Editi,
823 5116 841 5148 ι
877 5096 1121 5150 Christus
1150 5112 1243 5165 pro
1273 5098 1428 5150 nobis
1457 5096 1750 5165 secundum
1789 5103 1920 5145 tem-

402 5181 504 5233 pus
525 5161 762 5220 mortuus
790 5175 890 5219 est.
923 5183 941 5216 ι
975 5165 1077 5218 Sed
1101 5161 1284 5220 omnes
1308 5181 1435 5219 mss.
1463 5164 1624 5218 nostri
1647 5161 1917 5224 omittunt,

412 5250 432 5281 ι
466 5237 749 5286 secundum
785 5244 1009 5299 tempus.
1045 5251 1064 5284 ι

472 5300 580 5368 (79)
623 5301 776 5361 Editi,
812 5319 832 5352 ι
863 5297 1097 5365 nomina,
1136 5320 1155 5353 ι
1183 5300 1394 5363 deinde,
1433 5319 1452 5352 ι
1484 5297 1590 5353 Aut
1612 5301 1752 5353 enim
1777 5299 1925 5368 igno-

405 5367 544 5436 rans
565 5369 723 5422 Deum
746 5371 890 5436 quis,
917 5379 973 5422 et
1001 5371 1182 5423 volens
1211 5383 1449 5431 servare,
1487 5387 1507 5420 ι
1536 5378 1665 5431 etc.,
1710 5367 1924 5420 omissis

407 5435 603 5548 :ﬁrbis,
645 5452 666 5484 ι
718 5435 900 5504 peccat
946 5438 999 5490 in
1046 5437 1310 5499 tenebris,
1339 5447 1395 5491 et
1433 5447 1654 5492 vocatur
1698 5436 1923 5504 impius;

506 5540 519 5548 .
551 5519 570 5548 1

410 5511 519 5552 ant.
551 5519 570 5548 ι

481 5566 584 5634 (80)
620 5569 708 5622 Sic
749 5585 930 5626 omnes
975 5587 1102 5630 mss.
1153 5583 1208 5627 et
1261 5571 1532 5630 Rabanus.
1589 5571 1728 5629 Editi
1776 5553 1927 5635 vero,

1901 4558 1946 4588 ⁷⁸
1971 4556 2120 4608 Rom.
2163 4569 2212 4616 v,
2242 4553 2297 4612 8.
2339 4550 2396 4605 9.

1907 4625 1949 4655 ⁸⁸
1976 4621 2198 4676 Baruch.
2245 4636 2328 4684 ιιι,
2356 4621 2444 4685 56,
2489 4621 2581 4676 58.

399 4691 584 4747 Matth.
609 4709 722 4749 vnt.
755 4694 840 4746 i7.
911 4693 955 4723 ⁸⁵
979 4691 1170 4762 Philip.
1209 4709 1265 4754 ιι,
1295 4694 1346 4747 6.
1419 4695 1465 4725 ⁸⁵
1495 4695 1512 4747 l
1540 4694 1662 4746 Cor.
1701 4710 1762 4756 ll,
1797 4696 1848 4748 8.
1920 4697 1924 4722 ³

2103 4707 2147 4743 ιι.
2182 4705 2293 4752 xvr,
2335 4690 2424 4742 11.

2023 4424 2125 4467 tem
2180 4411 2248 4465 de
2301 4411 2438 4466 coelo
2492 4411 2562 4465 ⁸⁷.
2603 4442 2678 4454 -
2727 4414 2912 4474 Multo
2951 4437 3149 4496 ergo,
3220 4432 3446 4502 inquit,
3504 4430 3654 4498 magis

2472 4551 2590 4632 1.6..“
2621 4553 2757 4632 (δέέτι
2812 4573 2898 4621 κιο
2949 4561 3012 4616 6ο
3099 4568 3155 4598 ⁷⁷
3186 4569 3342 4624 Psal.
3394 4585 3541 4632 χιιι,
3578 4567 3652 4621 l'i.

2502 4623 2604 4721 218.!
2628 4623 2705 4721 ..εἷς
2727 4623 2910 4721 ιῐνοειξιὁ
2943 4645 2988 4697 1,
3024 4633 3132 4693 29.
3226 4639 3278 4671 ⁸⁸
3298 4623 3577 4704 [saliua],
3597 4639 3656 4700 δί

2582 4689 2717 4746 Luc.
2744 4709 2806 4760 x,
2835 4697 2936 4753 18.

2033 4839 2052 4870 ι
2109 4821 2458 4904 praedicatur,
2514 4832 2569 4876 et
2614 4836 2896 4904 mortuus
2965 4849 3102 4892 esse
3159 4852 3654 4904 commemoratur,

2029 4889 2342 4956 complexus
2375 4900 2480 4954 est,
2515 4910 2534 4943 ι
2576 4901 2686 4947 εις,
3048 4889 3096 4892 "
3169 4889 3681 4956 “'"m-v-uv-vw-y:

2033 5041 2051 5074 ί
2091 4953 2204 5077 ἐξ.)
2229 4955 2344 5076 ξθίι.
2378 4953 2609 5031 Deestin
2638 4964 2838 5034 editis,
2871 4979 2933 5024 et
2955 4975 3110 5044 apud
3135 4975 3453 5035 Babanum
3503 4983 3651 5037 Alias.
3679 4953 3681 4966 Ι

2246 5094 2405 5176 Dens.
2437 5095 2812 5176 Desideratur
2841 5107 2903 5162 in
2935 5123 3109 5167 antea
3145 5117 3350 5174 editis.

2103 5160 2213 5252 ΕΞ)
2245 5160 2728 5252 Ηέἱεάξξίδιιέῑημε
2751 5160 2910 5252 ερηῶ
2937 5160 3550 5252 ἧὶἱιῖίιῖῖὲἑὲῖιατίιαε
3582 5187 3654 5237 1ιέ-

2023 5233 2196 5283 storiis
2239 5234 2503 5313 feruntur.
2562 5237 2704 5294 Vide
2783 5233 3647 5313 nbrmii’"{"cB'IJFFcEuJ.

2028 5301 2329 5381 nnm._§l,
2391 5314 2448 5357 et
2515 5316 2650 5362 tom.
2710 5328 2768 5368 νι
2863 5301 3365 5380 Commemini);—

2028 5382 2183 5461 1|“ng
2195 5369 2376 5461 ξἰεξνιξι
2398 5381 2554 5461 λῆψι-
2575 5395 2757 5461 xxvttt
2800 5390 2985 5461 etiam
3011 5369 3340 5461 jam-tt,

2031 5437 2360 5570 ψ’(ῗΐλεέεὲ.
2397 5442 2563 5498 Deest
2595 5464 2650 5501 ιιι
2689 5437 3346 5524 librii’Sil'teZ'eJiIiﬂi

2106 5572 2216 5642 (85)
2251 5579 2422 5646 Alias,
2462 5600 2481 5634 ι
2519 5601 2589 5642 nc
2619 5598 2862 5664 sanguis
2887 5601 3014 5674 ille,
3055 5625 3076 5658 ι
3117 5621 3228 5665 etc.
