3836 6228
309 242 457 293 ιυυι

294 352 600 420 iustiﬁcati
627 375 760 412 nunc
780 362 834 413 in
877 362 1160 424 sanguine
1189 364 1337 431 ejus,
1380 365 1512 418 salvi
1555 365 1756 418 erimus
1801 365 1866 420 ab

303 439 398 492 ira
443 459 542 509 per
581 448 745 514 ipsum
770 448 835 501 “.
879 463 897 497 ›
945 437 1010 498 lu
1050 454 1414 518 superioribus
1445 455 1660 521 quidem
1714 455 1863 511 dixe-

306 543 404 584 rat
447 551 461 586 ι
501 554 520 586 ι
559 536 838 592 Justiﬁeati
868 536 1032 604 igitur
1067 556 1133 595 ex
1189 543 1326 609 ﬁde,
1367 560 1548 612 pacem
1581 546 1866 601 habeamus

298 622 587 706 adDenm
618 627 700 692 ἐς
737 647 757 678 ›
792 637 847 680 et
875 642 1013 682 nunc
1052 632 1182 684 dicit
1219 651 1233 684 :
1269 652 1288 684 ι
1327 633 1486 688 Multo
1518 638 1685 706 magis
1726 652 1864 691 nunc

288 705 612 771 iustiﬁcati
644 716 693 767 in
734 717 994 784 sanguine
1030 719 1216 787 ipsius,
1265 723 1394 776 salvi
1444 705 1642 778 erimus
1675 729 1739 778 ab
1787 730 1860 779 ira

293 813 410 863 per
445 801 622 866 ipsum
654 805 722 856 ’0.
762 825 781 854 ι
823 807 892 858 Ex
929 823 1032 874 quo
1071 813 1326 874 ostendit,
1355 815 1493 880 quod
1539 830 1704 882 neque
1735 817 1864 870 ﬁdes

297 901 513 940 nostra
548 891 664 944 sine
696 889 892 947 Christi
923 899 1200 966 sanguine,
1228 915 1397 968 neque
1427 906 1640 972 sanguis
1663 905 1861 958 Christi

299 991 419 1028 nos
453 979 578 1032 sine
608 982 710 1034 ﬁde
753 994 930 1036 nostra
975 987 1232 1051 justificat
1261 1006 1275 1052 ;
1306 1006 1367 1043 ex
1419 1000 1644 1059 utroque
1689 1003 1860 1048 tamen

299 1067 495 1120 multo
542 1072 714 1137 magis
747 1076 963 1142 sanguis
990 1078 1185 1132 Christi
1229 1096 1326 1134 nos
1353 1081 1462 1152 (86)
1483 1123 1498 1147 ,
1528 1099 1684 1152 quam
1736 1086 1862 1138 fides

293 1171 514 1212 nostra
559 1161 840 1227 justiﬁcat.
876 1165 940 1217 Et
973 1167 1088 1220 ideo
1115 1169 1240 1222 mihi
1283 1171 1506 1234 videtur,
1539 1191 1656 1229 eum
1686 1178 1736 1230 in
1775 1194 1863 1230 su-

293 1250 638 1316 perioribus
693 1255 1006 1322 simpliciter
1047 1259 1273 1324 dixerit,
1329 1261 1482 1333 542
1536 1265 1858 1333 (iustificati

290 1354 369 1392 ex
415 1342 531 1392 (ide
552 1344 622 1400 οι,
660 1361 678 1392 ι
701 1345 794 1414 hic
821 1346 1102 1410 addidisse,
1139 1367 1158 1399 ι
1195 1351 1359 1404 multo
1387 1356 1555 1420 magis
1575 1373 1702 1426 ergo
1723 1374 1861 1413 nunc

284 1429 602 1494 jttstilieati
644 1432 696 1483 iu
744 1436 1000 1502 sanguine
1037 1437 1152 1505 ejus
1172 1441 1238 1502 θ’,
1279 1459 1298 1490 ι
1342 1452 1398 1493 ttt
1445 1445 1688 1508 doceret,
1721 1450 1859 1514 quod

292 1519 371 1570 ab
423 1521 510 1573 ira
567 1531 794 1575 ventura
843 1525 1002 1577 etiam
1042 1527 1084 1579 si
1128 1527 1260 1582 fides
1307 1542 1486 1585 nostra
1539 1550 1636 1588 nos
1670 1538 1856 1602 salvet,

287 1613 540 1664 etiarnsi
589 1628 752 1680 opera
788 1613 1045 1680 iustitiae,
1091 1633 1251 1688 super
1296 1624 1407 1676 haec
1465 1634 1635 1679 tamen
1681 1629 1856 1681 omnia

290 1703 492 1756 multo
551 1705 722 1772 magis
763 1707 979 1775 sanguis
1024 1709 1215 1763 Christi
1267 1713 1442 1767 salvos
1469 1729 1567 1769 nos
1602 1716 1760 1771 faciat
1791 1720 1858 1771 ab

298 1792 392 1844 ira
432 1803 692 1847 ventura.
723 1794 802 1846 Ira
831 1812 958 1849 vero
979 1798 1070 1852 Dei
1097 1804 1360 1867 quomodo
1387 1804 1608 1873 intelligi
1645 1807 1855 1870 debeat,

289 1884 355 1934 in
389 1885 631 1936 secundi
661 1899 688 1936 a
723 1887 876 1942 nobis
908 1892 1096 1957 psalmi
1147 1893 1479 1959 expositione
1531 1896 1736 1962 plenius
1772 1898 1858 1950 di-

288 1983 462 2024 ctum
500 1985 604 2036 est,
639 1985 691 2028 et
713 1981 975 2043 quomodo
1006 1983 1174 2048 possit
1205 1983 1409 2048 impleri
1440 1986 1578 2050 quod
1606 1987 1858 2054 scriptum

289 2072 413 2126 est,
458 2074 520 2115 ut
553 2065 686 2117 salvi
718 2067 1008 2122 efﬁciamur
1039 2070 1299 2138 fugientes
1327 2073 1392 2126 ab
1420 2073 1496 2127 ira
1533 2087 1777 2139 ventura,
1806 2087 1860 2130 et

291 2153 453 2205 iram
490 2156 706 2222 quidem
749 2157 1009 2223 fugientes
1055 2161 1122 2213 ita
1155 2170 1209 2214 ut
1241 2179 1341 2216 non
1389 2177 1484 2216 nos
1512 2167 1859 2233 comprehen-

292 2243 432 2302 dat,
467 2252 738 2298 sectantes
766 2260 891 2298 vero
917 2247 1197 2314 justitiam,
1227 2250 1473 2316 pietatem
1491 2289 1505 2312 ,
1532 2252 1710 2317 fidem,
1734 2255 1860 2307 cha-

290 2332 538 2385 ritatem
559 2373 575 2395 ,
604 2336 914 2402 patientiam
934 2376 946 2397 ,
980 2338 1436 2392 mansuetudinem
1464 2341 1528 2400 ⁸³,
1571 2351 1624 2394 et
1666 2355 1856 2397 caetera

291 2423 393 2475 his
431 2423 660 2475 similia.
704 2425 781 2476 Ira
814 2427 994 2491 itaque
1023 2436 1104 2478 est
1130 2426 1259 2495 (87).
1301 2429 1385 2481 cui
1422 2430 1648 2483 traditur
1689 2447 1857 2486 unus-

293 2512 556 2578 quisque
589 2527 684 2578 pro
712 2529 960 2566 mensura
1007 2524 1059 2567 et
1089 2517 1278 2570 merito
1329 2527 1702 2584 peccatorum,
1753 2521 1859 2575 Deo

292 2609 544 2666 tamen,
578 2603 872 2655 secundum
899 2605 1039 2671 quod
1072 2607 1326 2673 scriptum
1357 2617 1441 2660 est
1486 2607 1539 2660 in
1583 2617 1859 2676 septuage-

289 2691 460 2744 simo
492 2691 724 2756 septimo
756 2691 958 2756 psalmo
979 2731 993 2754 ,
1019 2707 1120 2746 non
1145 2695 1464 2748 accendente
1487 2711 1695 2750 omnem
1724 2699 1855 2751 iram

289 2793 496 2832 suam.
539 2776 674 2842 Quis
718 2779 861 2830 enim
911 2779 1134 2834 sufferre
1184 2792 1360 2847 posset
1406 2785 1450 2836 si
1482 2797 1689 2838 omnem
1725 2787 1856 2839 iram

287 2866 607 2919 adversum
663 2875 970 2934 peccatores
1019 2871 1332 2924 accenderet
1393 2872 1682 2938 Dominus,
1737 2891 1855 2928 cum

1249 244 1597 299 COMMENT.
1637 242 1698 295 IN
1741 242 1946 296 tact‘sr.
1985 241 2072 292 an
2112 241 2272 296 non.
2312 213 2445 298 LIB.
2475 239 2561 292 tv.

3351 243 3487 296 i002

1896 369 1940 428 Α
1969 369 2206 413 nostrum
2237 358 2416 413 Jesum
2448 358 2716 421 Christum
2741 396 2756 418 ,
2783 373 2877 425 per
2919 373 3071 432 quem
3113 375 3253 414 nunc
3304 377 3490 415 recou-

1965 449 2286 503 ciliationem
2313 451 2616 516 accepimus
2638 450 2702 500 ’5.
2740 469 2758 501 ι
2803 450 2950 514 Quod
2976 451 3138 514 dicit,
3182 473 3200 502 t
3231 468 3352 516 cum
3385 453 3486 505 ini-

1965 537 2083 590 mici
2123 551 2376 598 essemus,
2405 539 2724 592 reconciliati
2749 554 2931 592 sumus
2960 538 3062 592 Deo
3089 579 3104 602 ,
3150 557 3167 589 ι
3213 542 3489 608 evidenter

1963 629 2194 682 ostendit
2235 643 2336 680 non
2388 643 2509 682 esse
2551 630 2783 698 aliquam
2833 629 3181 686 substantiam
3207 669 3224 695 ,
3249 647 3366 698 quae
3401 648 3486 685 se-

1962 719 2190 770 cundum
2226 718 2585 772 definitionem
2616 720 2898 774 Marcionis
2923 721 3002 780 vel
3028 719 3294 776 Valentini
3328 731 3484 775 natu-

1965 806 2148 858 raliter
2179 805 2392 858 initnica
2421 807 2489 858 sit
2518 806 2622 859 Deo
2652 823 2665 858 :
2701 807 2931 876 alioquin
2965 809 3008 861 si
3040 812 3178 876 quod
3213 810 3485 864 inimicum

1962 903 2062 954 est,
2095 902 2296 946 natura:
2316 903 2456 948 esset
2483 904 2535 947 et
2577 911 2680 948 non
2734 896 3042 958 voluntatis,
3093 898 3486 952 reconciliatio‘

1963 999 2080 1037 nem
2115 984 2296 1051 utique
2323 999 2426 1036 non
2453 983 2673 1038 haberet
2699 984 2828 1054 (90).
2856 985 2951 1038 Ubi
2985 996 3161 1039 autem
3181 1002 3246 1040 ex
3271 987 3487 1042 inimico

1964 1075 2082 1144 quis
2116 1076 2317 1128 amicus
2357 1072 2613 1139 elIicitur,
2661 1085 2864 1128 certum
2917 1085 3000 1129 est
3057 1079 3197 1142 quod
3251 1078 3375 1129 dum
3421 1092 3483 1150 ea

1960 1176 2121 1230 opera
2155 1163 2263 1230 agit
2290 1176 2407 1230 qua:
2438 1177 2540 1216 non
2581 1171 2721 1214 amat
2751 1163 2888 1215 Deus
2912 1202 2925 1223 ,
2966 1163 3211 1216 inimicus
3243 1175 3325 1218 est
3367 1164 3482 1228 Dei,

1959 1259 2011 1316 et
2046 1250 2403 1316 unusquisque
2435 1256 2540 1302 tam
2585 1249 2759 1314 gravis
2799 1259 2850 1300 et
2883 1259 2985 1301 tam
3035 1251 3245 1304 odibilis
3304 1252 3482 1315 inimi-

1959 1349 2054 1386 cus
2069 1332 2312 1394 edicitur,
2330 1348 2482 1400 quam
2505 1332 2613 1402 (91)
2633 1334 3056 1402 tttultiplicaverit
3070 1351 3230 1404 opera
3256 1337 3484 1391 inimici»

1963 1425 2050 1476 tiis
2085 1424 2264 1490 digna.
2301 1422 2434 1475 Sunt
2469 1437 2596 1490 ergo
2633 1439 2890 1500 mensura:
2935 1435 2988 1477 et
3029 1427 3219 1493 gradus
3265 1428 3480 1495 quidam

1957 1513 2011 1583 iu
2041 1513 2124 1565 his
2149 1521 2484 1579 peccatorum
2513 1513 2765 1579 qualitate
2793 1513 2873 1566 vel
2901 1515 3194 1582 quantitate
3224 1517 3482 1578 distincti.

1959 1603 2048 1672 qui
2076 1601 2276 1659 inimici
2303 1610 2427 1656 sunt
2455 1602 2580 1655 Deo.
2622 1601 2768 1656 Unde
2791 1612 2842 1656 et
2870 1603 2955 1656 ille
2980 1604 3068 1672 qui
3112 1619 3269 1672 supra
3295 1621 3482 1660 omnes

1889 1676 1930 1730 Β
1960 1690 2228 1757 peccavit,
2281 1704 2309 1742 a
2359 1689 2522 1743 Paulo
2570 1691 2787 1745 ultimus
2825 1691 3071 1746 inimicus
3130 1694 3483 1751 destruendus

1958 1795 2072 1848 esse
2099 1787 2420 1832 memoratur
2443 1778 2508 1830 ’⁸.
2534 1777 2694 1832 Versa
2717 1790 2888 1845 autem
2908 1783 3022 1836 vice
3045 1792 3097 1837 et
3117 1785 3299 1838 ordine
3323 1787 3479 1838 etiam
3514 1819 3517 1822 -

1958 1886 2048 1925 eos
2076 1870 2164 1938 qui
2199 1869 2524 1926 reconciliati
2561 1881 2683 1924 sttnt
2711 1886 2807 1938 per
2852 1883 3076 1926 mortem
3103 1874 3219 1927 Filii
3247 1877 3360 1944 ejus
3381 1917 3396 1941 ,
3426 1878 3482 1928 in

1957 1962 2145 2016 amicis
2175 1958 2282 2028 (92)
2312 1959 2492 2013 haberi
2518 1969 2717 2015 certum
2749 1973 2830 2038 est
2861 1979 2875 2015 :
2907 1973 2960 2017 et
2996 1979 3117 2018 esse
3144 1965 3372 2034 aliquem
3409 1967 3480 2019 ita

1958 2054 2210 2120 amicum,
2239 2056 2382 2109 sicut
2406 2053 2611 2121 Moyses
2641 2055 2846 2107 amicus
2866 2054 2956 2126 Dei
2981 2056 3270 2124 appellatus
3294 2069 3376 2111 est
3394 2059 3437 2114 9⁷
3462 2073 3478 2109 :

1957 2158 2077 2198 esse
2105 2159 2315 2212 quoque
2339 2143 2474 2195 alios
2494 2142 2686 2208 quibus
2718 2142 2824 2210 (93)
2849 2144 2974 2196 dicit
2998 2143 3240 2197 Salvator
3271 2163 3284 2197 :
3320 2165 3339 2195 ί
3363 2145 3479 2199 Jant

1959 2249 2058 2290 nou
2087 2232 2257 2286 dicam
2282 2245 2373 2286 vos
2397 2246 2612 2294 servos,
2639 2234 2730 2298 sed
2777 2234 2976 2302 amicos
3001 2232 3068 2286 ".
3112 2252 3130 2283 ι
3167 2233 3336 2308 Credo
3387 2251 3482 2287 au-

1961 2331 2062 2376 tem
2091 2337 2208 2376 esse
2229 2323 2398 2376 adhuc
2419 2324 2586 2390 magis
2606 2321 2895 2376 familiares
2921 2321 3127 2394 aliquos
3150 2322 3200 2374 in
3234 2324 3476 2376 caelesti-

1957 2412 2053 2466 bus
2079 2413 2278 2470 amicos
2301 2416 2436 2483 apud
2471 2415 2652 2476 Deum,
2688 2411 2770 2471 vel
2795 2411 2910 2484 illos
2931 2411 3020 2478 qui
3053 2425 3262 2482 semper
3302 2412 3484 2466 vident

1955 2501 2145 2556 faciem
2179 2503 2309 2566 Dei,
2341 2505 2422 2562 vel
2463 2519 2558 2556 eos
2607 2501 2694 2570 qui
2743 2514 2950 2569 semper
3004 2502 3216 2555 adstant
3263 2503 3314 2554 in
3353 2517 3483 2556 con-

1955 2603 2135 2658 spectu
2187 2594 2445 2648 Altissimi
2500 2610 2513 2646 :
2567 2604 2624 2648 ut
2689 2591 2828 2648 sicut
2883 2592 3041 2661 supra
3095 2594 3326 2648 diximus
3366 2609 3483 2648 esse

1954 2682 2235 2749 quemdam
2277 2684 2620 2738 novissimum
2671 2682 2970 2744 inimicum,
3025 2686 3099 2736 ita
3150 2695 3203 2736 et
3256 2684 3326 2736 ibi
3387 2698 3482 2752 pro

1955 2772 2208 2826 virtutum
2253 2775 2460 2827 meritis
2509 2773 2802 2830 habeantur
2848 2775 3008 2842 aliqui
3051 2774 3244 2842 summi
3300 2774 3480 2827 amici.

1955 2859 2084 2914 Cttm
2116 2876 2242 2928 ergo
2271 2863 2382 2916 hate
2413 2864 2482 2916 ita
2514 2865 2643 2921 sint.
2676 2865 2854 2918 nescio
2877 2865 2920 2918 si
2955 2863 3000 2916 is
3032 2863 3123 2930 qui
3158 2864 3330 2916 adhuc
3363 2878 3482 2931 per-

290 2965 422 3005 tam
463 2952 575 3023 (88)
607 2955 850 3008 terribile
893 2957 963 3008 sit
1003 2956 1126 3010 illud
1169 2961 1308 3027 quod
1353 2961 1402 3012 in
1433 2963 1642 3014 cantico
1690 2960 1851 3031 Moysi
1879 2992 1920 3050 α
1957 2958 2134 3050 ηιίξξιθι
2178 2950 2643 3050 ξηιιιίξβξρθΐίῢυε
2671 2953 2780 3022 (94)
2822 2969 2948 3050 uuae
2979 2952 3262 3050 0tli‘_DclfS
3302 2961 3354 3004 el-
3385 2966 3481 3017 ΡΠ)

290 3045 734 3110 pronuntiatur,
764 3045 851 3098 ubi
887 3046 1016 3098 dicit
1047 3061 1063 3099 :
1090 3047 1222 3112 Quia
1257 3065 1276 3098 ι
1317 3049 1452 3118 ignis
1480 3064 1734 3104 accensus
1774 3065 1856 3105 est

295 3147 358 3186 tu
393 3133 584 3185 furore
614 3149 732 3186 meo
754 3172 770 3196 ,
799 3144 853 3188 et
879 3135 1084 3191 ardebit
1116 3151 1279 3205 usque
1304 3140 1369 3191 ad
1415 3139 1679 3193 infernum
1713 3141 1854 3196 infe-

293 3226 518 3276 t-iorem
547 3239 564 3278 :
598 3223 844 3276 comedet
888 3233 1081 3277 terram
1129 3235 1183 3278 et
1237 3230 1510 3280 nascentia
1561 3229 1693 3296 ejus.
1725 3245 1854 3284 con-

291 3313 569 3382 ﬂagrabit
611 3312 955 3366 fundamenta
1005 3315 1260 3368 montium
1293 3316 1377 3368 9"i
1416 3335 1434 3366 ι
1484 3319 1690 3372 Intuere
1729 3334 1856 3388 ergo

289 3405 441 3473 quia
470 3403 609 3472 ignis
640 3404 741 3457 iste
770 3405 860 3470 qui
906 3405 971 3458 de
1002 3405 1078 3457 ira
1107 3407 1187 3459 vel
1219 3409 1282 3460 de
1305 3406 1480 3460 furore
1523 3409 1728 3462 Domini
1766 3425 1857 3462 ac-

292 3493 605 3552 cenditur,
639 3500 834 3543 terram
863 3500 919 3544 et
963 3492 1224 3546 infernum
1265 3494 1564 3548 inferiorem
1605 3497 1852 3559 comedit,

295 3594 361 3636 et
390 3596 567 3649 opera
620 3588 833 3636 terrena
887 3583 1150 3636 consumit
1183 3601 1196 3634 :
1230 3583 1518 3652 conﬁagrat
1562 3584 1720 3637 etiam
1752 3600 1852 3656 non

292 3673 539 3726 excelsa
616 3673 910 3733 montium,
965 3673 1057 3724 sed
1099 3671 1471 3729 fundamenta.
1520 3673 1570 3724 id
1610 3685 1691 3726 est
1750 3688 1852 3726 non

295 3764 580 3820 sublimes
610 3762 837 3824 animas,
872 3774 1044 3827 neque
1077 3759 1323 3812 ctelestes
1346 3775 1552 3822 sensus,
1583 3763 1675 3814 sed
1705 3761 1850 3814 humi

296 3865 481 3922 atque
524 3853 578 3904 in
611 3860 810 3904 terram
845 3850 1074 3916 deiectos
1099 3889 1114 3913 ,
1155 3850 1235 3902 vel
1265 3849 1429 3902 etiam
1455 3850 1505 3902 in
1538 3850 1851 3916 profundum

300 3955 510 4004 terrae,
559 3949 618 3991 ttt
663 3947 789 3992 sunt
817 3938 1074 3990 montium
1130 3936 1508 4000 fundamenta,
1558 3940 1847 3991 demersus.

297 4030 607 4085 Paululum
654 4042 783 4096 ergo
813 4027 975 4080 etiam
1030 4027 1094 4078 de
1124 4027 1200 4079 ira
1224 4027 1331 4095 (89)
1359 4029 1594 4094 oportuit
1641 4028 1848 4090 disseri,

295 4133 363 4176 ut
397 4119 650 4190 apertius
700 4125 1011 4171 nosceretur
1046 4133 1074 4168 a
1111 4117 1303 4183 quibus
1351 4131 1448 4170 nos
1481 4117 1633 4174 malis
1657 4117 1850 4174 Christi

295 4211 541 4278 sanguis
567 4209 785 4275 eripuit.

377 4299 474 4352 12.
519 4315 539 4348 ι
571 4297 632 4349 Si
667 4296 812 4348 enim
840 4308 958 4348 cum
988 4293 1186 4354 inimici
1226 4309 1492 4355 essemus.
1525 4295 1847 4350 reconciliati

297 4405 502 4446 sumus
533 4388 642 4439 Deo
671 4401 767 4455 per
799 4393 1022 4438 mortem
1051 4384 1167 4436 Filii
1207 4386 1341 4452 ejus,
1373 4385 1537 4439 multo
1567 4387 1731 4455 magis
1763 4401 1848 4439 re-

300 4477 622 4537 conciliati,
657 4475 789 4528 salvi
834 4475 1036 4528 erimus
1075 4475 1125 4526 in
1167 4475 1273 4527 vita
1301 4475 1484 4541 ipsius.
1520 4474 1632 4528 Non
1681 4475 1848 4528 solum

299 4582 516 4632 autem,
574 4568 668 4619 sed
723 4573 780 4618 et
839 4565 1128 4632 gloriamur
1181 4563 1234 4616 in
1285 4563 1391 4617 Deo
1435 4579 1526 4632 per
1566 4565 1848 4616 Dominum

380 4710 430 4741 ”
463 4706 620 4759 Rom.
662 4718 714 4763 v,
737 4702 790 4756 9.
866 4699 910 4730 ⁸³
943 4699 1066 4751 ibid.
1093 4699 1143 4752 l.
1239 4699 1284 4729 ’°
1317 4699 1444 4751 ibid.
1475 4699 1528 4752 9.

299 4779 355 4809 ⁸⁸
383 4777 548 4828 ιίοιιι.
574 4787 625 4835 ν,
652 4773 736 4834 ω,
761 4771 846 4822 ll.

385 4889 500 4954 (86)
546 4883 682 4938 Nos.
723 4883 778 4934 ln
815 4882 969 4954 editis
1001 4880 1352 4954 desideratur.

386 4943 502 5027 (87)
544 4953 727 5015 Editi,
769 4969 788 4999 ‹
822 4950 924 5002 Ista
955 4943 1150 5017 itaque.
1195 4965 1213 4996 ι
1250 4943 1349 4999 Ms.
1377 4959 1510 4998 unus
1535 4983 1549 5006 ,
1586 4962 1603 4993 t
1639 4943 1716 4996 lra
1751 4946 1850 4998 uti-

354 5045 437 5078 υυ.
483 5043 501 5073 1

303 5045 437 5095 quo.
483 5045 501 5073 1
907 5084 920 5097 .
1059 5086 1070 5097 .
1101 5083 1114 5094 θ

388 5093 503 5163 (88)
545 5088 876 5163 Tam.__Deest
907 5101 958 5137 tn
988 5086 1167 5137 editis.

386 5150 500 5230 (39)
537 5157 658 5230 _l_ra.
688 5155 849 5230 Editi,
891 5171 910 5203 ι
943 5165 1157 5230 terr-9,.)
1187 5150 1338 5203 male.
1707 5217 1717 5228 .
1782 5215 1792 5226 .
1835 5217 1846 5226 _

386 5217 500 5296 (90)
531 5225 627 5278 Sic
651 5225 777 5277 editi
803 5232 1009 5296 et__mss.
1039 5221 1284 5296 Rabanus
1307 5234 1450 5278 vero,
1487 5234 1518 5296 t_
1539 5217 1628 5296 qui
1651 5217 1849 5296 inimici

301 5287 440 5351 sunt
475 5287 605 5352 Deo.
635 5291 1118 5344 reconciliationem
1151 5291 1325 5355 utique
1361 5303 1464 5340 non
1506 5287 1780 5338 haberent.
1827 5302 1845 5331 ›

387 5363 498 5433 (91)
545 5362 682 5433 Editi
718 5377 735 5408 t
778 5367 1046 5424 quantum,
1087 5375 1103 5404 ι
1140 5359 1286 5433 male.

387 5423 503 5502 (92')
545 5431 636 5480 Sic
666 5443 848 5502 otu‘nes
881 5441 1004 5477 mss.
1046 5425 1228 5502 nostri.
1282 5423 1623 5502 salodiauus'
1644 5438 1763 5476 vero
1795 5433 1852 5476 ει

311 5492 600 5555 Met-linus,
640 5513 658 5543 t
688 5496 946 5554 inimicos,
988 5512 1003 5541 ι
1041 5493 1422 5553 Genebrardus,
1460 5509 1480 5540 ι
1519 5492 1732 5545 amicos.
1777 5510 1794 5542 ι

389 5569 502 5638 itis)
546 5565 710 5623 Editi,
751 5581 768 5610 ι
797 5562 860 5612 de
887 5563 1088 5627 quibus.
1123 5579 1139 5608 ι

639 5660 897 5717 l’nuoc.
937 5659 1024 5716 (in
1043 5656 1239 5734 λιν.-

1624 4699 1664 4731 ⁸¹
1689 4698 1814 4752 ibid.
1858 4701 1908 4753 1.

919 4769 965 4799 ⁹⁶
994 4768 1157 4820 lCor.
1183 4783 1268 4829 xv,
1299 4766 1387 4820 ‘26.
1459 4769 1502 4799 ⁸⁷
1539 4766 1701 4819 Exod.
1739 4783 1930 4835 XXXIII,
1957 4769 2039 4822 11.

1953 3041 2146 3109 quibus
2180 3040 2472 3096 inimicitia:
2505 3053 2626 3094 sunt
2651 3043 2791 3097 inter
2820 3043 2981 3096 Deum
3007 3050 3060 3103 et
3088 3041 3360 3108 homines,
3397 3055 3482 3096 re-

1953 3130 2266 3184 conciliatus
2294 3143 2411 3184 esse
2441 3133 2546 3184 Deo
2581 3147 2674 3198 per
2696 3133 3009 3200 sanguinem
3055 3131 3251 3186 Christi
3287 3134 3479 3185 merito

1955 3220 2178 3272 dicatur.
2215 3220 2487 3284 Quomodo
2512 3223 2652 3274 enim
2687 3221 3058 3276 reconciliatus
3090 3232 3203 3282 est,
3247 3224 3334 3288 qui
3362 3236 3480 3291 quae

1955 3307 2152 3362 inimici
2189 3319 2310 3378 sunt
2336 3311 2470 3377 gerit
2504 3309 2612 3379 (95)
2640 3311 2663 3363 ?
2707 3310 2904 3366 Paulus
2937 3325 3064 3377 ergo
3113 3313 3302 3364 merito
3333 3312 3396 3365 de
3422 3327 3481 3365 se

1955 3408 2009 3451 et
2035 3399 2134 3451 sibi
2161 3399 2422 3454 similibus
2451 3400 2601 3463 dicit,
2625 3402 2751 3468 quia
2791 3421 2810 3452 ‹
2844 3417 2964 3456 cum
2989 3402 3189 3456 inimici
3216 3416 3476 3466 essemus,

1954 3491 2276 3546 reconciliati
2309 3506 2492 3546 sumus
2527 3506 2620 3558 per
2663 3505 2883 3547 mortem
2914 3493 3030 3548 Filii
3068 3495 3203 3563 ejus.
3243 3513 3262 3546 ι
3310 3493 3482 3548 Gran-

1953 3579 2032 3631 dis
2065 3579 2234 3646 pudor
2253 3588 2368 3639 est.
2393 3581 2480 3633 ubi
2510 3581 2633 3634 talis
2666 3582 3024 3634 reconciliatio
3059 3582 3197 3636 facta
3245 3593 3358 3642 est,
3389 3583 3480 3635 ubi

1955 3669 2258 3722 inimicitias
2295 3668 2439 3722 inter
2463 3670 2627 3722 Deum
2652 3679 2704 3722 et
2738 3671 2979 3724 homines
3013 3687 3116 3723 non
3149 3687 3325 3726 sermo
3357 3687 3482 3741 pec-

1952 3757 2149 3825 catoris
2169 3798 2184 3822 ,
2213 3760 2305 3812 sed
2340 3759 2554 3827 sanguis
2585 3760 2952 3813 intercessoris
2983 3761 3240 3823 absolvit,
3285 3763 3477 3814 iterum

1954 3863 2050 3901 nos
2082 3851 2320 3901 converti
2364 3848 2428 3900 ad
2465 3847 2806 3908 inimicitias,
2843 3859 2895 3900 et
2923 3864 3080 3916 agere
3110 3864 3172 3902 ea
3202 3863 3318 3916 quae
3368 3851 3481 3902 odit

1953 3936 2060 3995 ille,
2105 3950 2264 4003 quem
2312 3935 2464 3988 nobis
2509 3937 2606 3988 nisi
2639 3936 2748 4004 (96)
2792 3935 2978 3991 effusio
3021 3939 3290 4004 sanguinis
3338 3943 3480 3991 sacri

1953 4024 2388 4077 reconciliaverat
2440 4040 2614 4078 nemo.
2673 4025 2890 4080 Plenius
2950 4037 3124 4079 autem
3179 4029 3340 4080 etiam
3409 4033 3477 4079 al

1952 4114 2210 4180 Ephesios
2259 4114 2371 4180 ipse
2398 4113 2592 4171 Paulus
2625 4117 2866 4182 scribens
2914 4117 2980 4169 de
3013 4118 3218 4170 ratione
3247 4119 3481 4184 reconci-

1951 4203 2189 4264 liationis
2214 4212 2268 4256 et
2300 4203 2589 4276 inimicitia:
2611 4203 2747 4274 (97),
2784 4221 2845 4259 ac
2871 4204 3175 4273 profusione
3206 4205 3479 4272 sanguinis

1884 4312 1924 4364 ι)
1953 4292 2145 4348 Christi
2171 4303 2554 4352 commemorat
2585 4307 2599 4345 :
2634 4309 2752 4362 qua:
2774 4295 2816 4350 si
2839 4296 2922 4359 his
2945 4296 3246 4364 iungamus,
3273 4297 3479 4365 aperire

1952 4381 2123 4438 locum
2150 4385 2426 4452 praesentis
2446 4385 2664 4451 capituli
2698 4384 2918 4442 facilius.
2950 4393 3189 4452 possunt.
3227 4387 3316 4440 Ait
3349 4401 3478 4456 ergo
3566 4375 3568 4378 ’

1953 4472 2026 4526 ita
2057 4473 2103 4517 ’9
2138 4491 2152 4526 :
2192 4491 2210 4525 ι
2243 4474 2468 4540 Propter
2493 4476 2630 4540 quod
2670 4489 2929 4534 memores
2955 4477 3081 4538 estis
3105 4476 3212 4544 (98)
3242 4491 3354 4542 vos,
3387 4479 3475 4545 qui
3565 4475 3572 4494 ‘

1955 4564 2240 4632 aliquando
2275 4574 2460 4633 gentes
2513 4565 2563 4620 in
2595 4579 2755 4618 carne
2787 4565 3104 4620 dicebamini
3161 4570 3475 4634 praeputium

2011 4699 2054 4730 "
2080 4699 2206 4753 ihitl.
2257 4698 2309 4752 9.
2396 4701 2440 4731 ’³
2464 4699 2484 4754 Ι
2510 4699 2644 4752 Tim.
2669 4715 2742 4759 vr,
2773 4700 2857 4753 ll.
2931 4699 2975 4732 ’⁸
3004 4700 3152 4753 Deut.
3183 4717 3349 4764 χχχιι,
3383 4703 3472 4756 ‘22.

2111 4765 2158 4798 ’°
2181 4767 2333 4822 Joan.
2357 4783 2443 4830 xv,
2476 4768 2561 4821 15.
2634 4769 2678 4800 θ’
2707 4767 2896 4834 Ephes.
2921 4782 2978 4828 tt,
3011 4769 3097 4830 11,
3131 4783 3242 4834 seq.

2022 4879 2130 4948 (94)
2173 4879 2330 4938 Editi,
2365 4895 2385 4927 ε
2413 4879 2582 4948 adhuc
2605 4879 2655 4928 in
2684 4877 2764 4948 h_i_s
2788 4875 3036 4948 operibus
3055 4883 3155 4938 est,
3188 4893 3206 4925 ι
3234 4887 3339 4931 etc.
3368 4877 3476 4948 Sed

1957 4967 1976 4998 ι
2017 4945 2156 5001 est—3
2194 4948 2342 4998 deest
2375 4949 2424 4997 in
2453 4947 2682 4997 editione
2707 4945 2933 4995 Merlitti.

2024 5016 2130 5084 (95)
2167 5016 2295 5079 Qua:
2328 5015 2520 5088 inimici
2547 5023 2662 5088 sunt
2708 5012 2857 5076 gerit.
2902 5008 3153 5088 Merliﬁnus
3181 5018 3257 5086 et
3305 5010 3478 5064 Gem-

1957 5082 2180 5136 brardus
2208 5097 2481 5150 perperam
2509 5082 2700 5134 habent
2735 5096 2753 5126 ‹
2795 5091 3011 5136 causam
3045 5082 3246 5138 inimici
3292 5091 3472 5131 secum

1957 5163 2128 5288 gelidi.)
2147 5172 2405 5271 ’Rabanus
2424 5216 2580 5268 habet
2608 5234 2626 5265 t
2661 5229 2764 5268 non
2795 5210 2923 5272 nisi,
2945 5227 2964 5257 ι
2994 5211 3193 5262 omisso
3224 5227 3245 5257 ε
3271 5225 3429 5264 nemo
3453 5233 3473 5264 ι

1955 5291 2327 5424 ωῶἓξἘάἰιί,
2363 5369 2380 5401 ε
2422 5351 2763 5412 inimicitiam
2830 5361 2932 5398 ms.
2980 5358 3136 5406 unus,
3173 5361 3190 5392 ι
3245 5345 3481 5401 inimici-

2003 5443 2016 5474 ;
2155 5459 2168 5471 .
2205 5441 2222 5470 ο

1961 5435 1996 5473 u
2017 5440 2146 5556 (ἑξ).
2166 5490 2328 5549 Alias,
2361 5507 2377 5536 ι
2413 5502 2668 5540 memores
2693 5485 2808 5538 sitis
2833 5494 2961 5540 vos;
2994 5497 3012 5528 ι
3041 5477 3139 5541 al.,
3171 5496 3188 5527 ε
3220 5493 3487 5536 memores

1960 5577 2077 5612 esse
2114 5559 2315 5612 debetis
2346 5573 2453 5619 vos.
2497 5576 2514 5605 ι

3102 5635 3180 5692 32
