3836 6272
367 239 507 294 1005

1856 233 2170 289 ORIGENIS

3484 229 3610 282 1004

372 367 438 419 ab
479 381 536 417 ea
587 376 701 430 qua:
770 359 964 411 dicitur
1006 355 1338 408 circumcisio
1391 354 1440 408 in
1490 370 1671 418 carne,
1726 369 1883 410 manu
1915 355 2299 422 Asangninem
2349 368 2506 406 suum
2546 351 2808 406 homines
2854 349 3008 410 Deo,
3061 360 3168 400 eos
3219 344 3492 399 duntaxat
3523 353 3608 415 qui

371 456 537 515 facta,
567 449 811 519 quoniam
867 447 1030 501 eratis
1091 446 1178 499 illo
1223 455 1455 514 tempore
1499 447 1612 500 sine
1648 445 1883 510 Christo,

370 540 580 595 alienati
620 553 647 590 a
697 533 1094 588 conversatione
1138 532 1333 595 Israel,
1377 542 1427 585 et
1457 535 1720 603 peregrini
1763 550 1886 602 pro-

369 625 632 681 missionis
661 630 1093 676 tcstamentorum
1120 621 1256 690 ejus.
1291 636 1436 689 spem
1468 638 1572 677 non
1603 623 1880 686 habentes,

366 727 414 770 et
455 717 567 769 sine
597 715 700 766 Deo
727 713 780 764 in
816 713 916 765 hoc
944 714 1159 765 mundo.
1187 712 1336 766 Nunc
1377 722 1551 766 autem
1592 714 1642 766 in
1673 713 1885 767 Christo

363 805 482 859 ilesu
506 820 619 866 vos,
645 804 732 871 qui
759 803 1035 870 aliquando
1049 803 1209 856 eratis
1238 801 1413 870 longe,
1439 803 1705 857 factiestis
1724 818 1884 872 prope

366 898 416 948 in
460 896 710 962 sanguine
741 877 961 947 Christi.
994 893 1110 960 lpse
1149 903 1231 946 est
1257 893 1395 945 enim
1422 908 1522 962 pax
1561 902 1759 957 nostra,
1790 895 1882 962 qui

352 985 487 1039 ‘l'ecit
521 995 743 1053 utraque
779 1000 960 1047 nnutn,
1000 992 1052 1036 et
1087 983 1315 1037 medium
1350 984 1604 1050 parietem
1641 973 1882 1038 maceria:

356 1075 607 1140 solvens,
634 1073 967 1127 inimicitiam
999 1074 1048 1126 in
1072 1087 1233 1126 carne
1293 1088 1409 1136 sua,
1446 1073 1612 1141 legem
1667 1075 1882 1126 manda-

351 1174 533 1218 torum
584 1164 636 1217 in
671 1164 899 1217 decretis
932 1178 1229 1229 evacuans,
1268 1172 1326 1218 ut
1379 1165 1509 1218 duos
1541 1164 1791 1218 conderet
1825 1165 1879 1217 in

364 1257 648 1322 semetipso
673 1293 688 1317 ,
721 1255 772 1306 in
805 1269 910 1306 uno
941 1267 1074 1307 novo
1107 1252 1322 1307 homine
1358 1253 1561 1307 faciens
1592 1268 1797 1321 pacem.
1822 1262 1880 1306 ut

362 1344 517 1416 553
557 1344 924 1398 reconciliaret
962 1354 1218 1413 utrosque
1267 1344 1319 1397 in
1362 1358 1466 1397 uno
1512 1357 1733 1412 corpore
1767 1341 1877 1412 (99)

354 1434 490 1496 Deo,
526 1448 618 1502 per
651 1447 865 1486 crucem
897 1434 1223 1487 interﬁciens
1253 1434 1560 1487 inimicitias
1599 1435 1650 1487 in
1677 1444 1876 1487 semet-

349 1523 500 1592 ‘ipso,
545 1531 600 1575 et
635 1522 850 1576 veniens
874 1523 1254 1590 evangelizavit
1290 1537 1470 1591 pacem
1498 1523 1650 1575 vobis
1682 1521 1756 1592 (1)
1788 1522 1878 1589 qui

345 1612 534 1680 "longe,
569 1619 623 1664 et
650 1624 831 1677 pacem
861 1611 944 1664 his
981 1612 1069 1678 qui
1103 1626 1286 1680 prope,
1311 1613 1558 1680 quoniam
1586 1625 1678 1678 per
1709 1612 1876 1678 ipsum

347 1703 615 1755 habemus
645 1713 913 1754 accessum
957 1701 1168 1768 utrique
1203 1702 1254 1753 in
1285 1716 1390 1753 uno
1424 1700 1620 1765 Spiritu
1666 1700 1731 1752 ad
1777 1701 1880 1754 Pa-

362 1800 552 1843 trem.»
587 1789 688 1843 Sed
713 1791 976 1857 praecipue
1006 1790 1054 1842 in
1087 1791 1169 1844 his
1197 1789 1322 1843 illud
1350 1792 1573 1844 observa
1607 1791 1702 1860 (2),
1734 1791 1876 1858 quod

350 1879 605 1933 “Christus
627 1878 852 1931 medium
879 1878 1131 1945 parietem
1170 1880 1416 1933 maceriae
1439 1880 1591 1933 solvit
1626 1881 1676 1933 in
1715 1895 1877 1934 carne

360 1984 477 2032 sua,
505 1968 554 2020 id
578 1977 659 2021 εει
683 1967 1034 2031 inimicitiam,
1058 1975 1109 2020 et
1130 1968 1268 2034 quod
1316 1969 1675 2022 reconciliavit
1698 1979 1878 2022 utros-

359 2071 460 2124 que
485 2057 536 2109 in
569 2070 674 2109 uno
702 2070 922 2124 corpore
947 2055 1053 2109 Deo
1077 2072 1170 2124 per
1199 2072 1435 2121 crucem,
1470 2069 1523 2111 et
1548 2059 1686 2126 quod
1711 2059 1876 2112 inter-

346 2145 485 2200 Tecit
526 2144 855 2198 inimicitiam
897 2145 948 2198 in
993 2159 1172 2199 cruce.
1207 2145 1260 2198 In
1292 2160 1393 2213 quo
1425 2161 1526 2199 non
1557 2147 1673 2201 sine
1717 2161 1878 2202 causa

361 2233 488 2287 mihi
517 2232 710 2287 Paulus
729 2233 962 2287 secundo
981 2234 1528 2287 videturinimicitiam
1558 2236 1876 2302 nominasse,

358 2331 412 2375 et
440 2322 492 2375 in
521 2336 626 2375 uno
652 2321 867 2389 quidem
895 2320 1091 2376 dixisse
1117 2321 1254 2388 quod
1295 2321 1513 2374 solverit
1547 2323 1875 2376 inimicitiam

345 2409 605 2464 ‘Christus
635 2408 710 2478 (‘5)
738 2409 790 2462 in
825 2423 1008 2473 carne,
1039 2409 1091 2462 in
1133 2409 1363 2462 secundo
1393 2424 1519 2463 vero
1548 2409 1879 2465 interfecisse

359 2515 476 2554 eam
513 2501 567 2554 in
613 2513 790 2553 cruce.
820 2498 1039 2552 Solvere
1067 2512 1296 2566 namque
1324 2498 1450 2552 mihi
1475 2499 1684 2552 videtur
1712 2501 1764 2553 in
1795 2502 1878 2556 his

359 2589 450 2656 qui
486 2589 659 2642 adhuc
685 2596 953 2640 certamen
983 2595 1171 2654 gerunt
1201 2588 1476 2640 adversum
1504 2597 1795 2654 peccaturo.
1825 2598 1878 2642 et

349 2686 655 2746 repugnant
675 2678 722 2730 ei
746 2691 840 2744 pro
855 2675 1056 2742 viribus
1083 2692 1096 2727 :
1122 2676 1423 2729 interﬁcere
1446 2690 1572 2730 vero
1601 2677 1650 2728 in
1683 2678 1764 2730 his
1788 2679 1875 2744 qui

344 2777 631 2837 peccatum
662 2765 771 2833 jam
808 2780 1143 2835 nequaquam
1193 2766 1411 2819 omnino
1457 2767 1739 2834 recipiunt,
1781 2769 1875 2822 sed

356 2859 497 2912 omni
531 2872 594 2912 ex
632 2867 781 2924 parte
809 2857 1046 2910 membra
1085 2871 1178 2911 sua
1213 2857 1662 2910 mortiﬁcaverunt
1689 2873 1878 2926 pecca-

359 2962 411 3001 to
440 2965 454 3000 :
481 2961 546 3001 ex
593 2946 782 3014 quibus
827 2955 942 3000 erat
973 2954 1028 2999 et
1071 2945 1156 2998 ille
1203 2945 1290 3012 qui
1339 2945 1547 2999 dicebat
1577 2963 1591 2999 :
1618 2964 1638 2997 ι
1662 2946 1877 3002 Christo
1903 2980 1947 3042 ο

346 3037 741 3092 ‘concruciﬁxus
763 3051 904 3090 sum.
931 3034 1064 3089 Vivo
1087 3046 1279 3094 autem.
1307 3037 1416 3104 jam
1447 3052 1551 3090 non
1583 3051 1712 3102 ego;
1747 3039 1875 3093 vivit

347 3140 479 3182 vero
502 3128 554 3180 in
585 3142 667 3182 me
689 3127 988 3182 Christus’.
1019 3145 1036 3178 ι
1064 3126 1173 3179 Hoc
1198 3141 1322 3195 ergo
1349 3126 1502 3179 modo
1526 3127 1683 3180 etiam
1713 3128 1871 3182 Chri-

348 3224 468 3271 stus
498 3215 690 3268 occidit
715 3214 1044 3267 inimicitiam
1093 3214 1143 3265 in
1192 3227 1351 3266 carne
1382 3229 1498 3277 sua,
1536 3229 1654 3268 cum
1702 3225 1870 3268 morte

353 3315 594 3372 suscepta
628 3303 925 3372 exemplum
955 3303 1100 3356 dedit
1129 3303 1434 3356 hominibus
1453 3305 1700 3372 usquead
1730 3319 1872 3357 mor-

355 3406 458 3449 tem
499 3395 747 3450 resistere
786 3394 1063 3448 adversum
1111 3403 1383 3462 peccatum
1411 3409 1426 3446 :
1451 3402 1505 3447 et
1542 3395 1612 3446 ita
1660 3394 1869 3447 demum

349 3483 582 3538 resoluta
617 3483 892 3537 inimicitia
942 3484 992 3536 in
1024 3497 1187 3537 carne
1219 3498 1338 3548 sua,
1374 3482 1745 3538 reconciliavit
1773 3497 1870 3551 per

1987 445 2298 499 inviolatum
2327 442 2798 497 reconciliationis
2823 439 3026 494 foedus
3057 436 3215 489 ultra
3251 451 3363 489 non
3385 451 3609 503 peccan-

1986 536 2053 588 do
2085 533 2415 586 custodiunt.
2452 531 2623 600 Igitur
2653 545 2811 582 mors
2847 527 2985 595 ejus
3022 536 3282 580 mortem
3311 526 3608 581 inimicitiae

1985 623 2130 676 dedit
2163 622 2210 675 ei
2243 637 2359 690 quae
2393 630 2512 675 erat
2541 621 2692 672 inter
2722 633 2828 672 nos
2853 627 2916 672 et
2951 617 3168 680 Deum,
3197 624 3259 668 et
3288 616 3610 669 reconcilia-

1986 713 2144 765 tionis
2180 711 2414 764 initium.
2445 708 2813 764 Resurrectio
2847 717 3052 759 autem
3089 705 3276 772 ipsius
3304 714 3362 756 et
3391 705 3498 755 vita
3528 718 3610 756 sa-

1983 803 2144 856 lutem
2177 800 2526 855 credentibus
2561 799 2828 864 contulit,
2852 799 3012 850 sicut
3046 804 3109 848 et
3140 793 3283 847 alibi
3321 794 3611 862 Apostolus

1983 893 2109 944 dicit
2138 893 2204 945 de
2235 891 2524 944 Christo':
2553 907 2573 940 c
2601 888 2762 955 Quod
2788 906 2806 939 ι
2836 887 3000 940 enim
3037 903 3059 935 ι
3090 895 3362 937 mortuus
3385 894 3472 937 est
3493 899 3609 952 pec-

1980 991 2124 1041 cato,
2170 992 2413 1034 mortuus
2448 988 2536 1033 est
2570 976 2782 1040 semei;
2832 976 2994 1043 quod
3052 983 3256 1026 autem
3297 974 3454 1037 vivit,
3487 974 3608 1026 vivit

1985 1071 2152 1124 Deo.»
2203 1069 2431 1123 Peccan
2477 1076 2732 1120 mortuus
2782 1065 3034 1127 dicitur,
3084 1079 3205 1118 non
3261 1077 3410 1116 suo:
3445 1077 3609 1132 neque

1980 1162 2119 1214 enim
2155 1169 2431 1229 peccatum
2474 1157 2652 1212 fecit’
2683 1173 2700 1211 :
2727 1159 2826 1211 sed
2881 1157 3014 1224 ipse
3072 1163 3321 1222 peccato
3371 1166 3609 1208 mortuus

1979 1261 2080 1313 est,
2113 1252 2163 1307 id
2191 1261 2275 1306 est
2327 1251 2590 1320 velutqui
2642 1259 2826 1303 morte
2865 1262 2975 1302 sua
3017 1256 3269 1316 peccato
3310 1249 3416 1313 ipsi
3470 1247 3608 1300 intu-

1979 1341 2200 1412 lerit“)
2235 1353 2483 1395 mortem.
2525 1341 2730 1395 Vivere
2783 1349 2985 1394 autem
3039 1337 3263 1390 dicitur
3304 1336 3444 1399 Deo,
3478 1347 3608 1391 utet

1978 1449 2078 1487 nos
2106 1447 2209 1485 non
2235 1431 2406 1494 nobis,
2433 1446 2615 1499 neque
2648 1440 2866 1485 nostrae
2905 1428 3235 1491 voluntati,
3271 1429 3371 1482 sed
3409 1428 3518 1481 Deo
3543 1429 3608 1480 vi-

1978 1534 2162 1572 vamus
2189 1528 2245 1572 ut
2286 1521 2363 1572 ita
2395 1520 2617 1573 demum
2673 1520 2726 1572 in
2767 1519 2889 1572 vita
2923 1519 3124 1586 ipsius
3159 1516 3310 1569 salvi
3340 1531 3463 1572 esse
3493 1533 3608 1586 pos-

1978 1610 2166 1673 simus,
2193 1610 2486 1663 secundum
2524 1624 2653 1663 eum
2679 1611 2774 1678 qui
2807 1610 2967 1663 dixit
2999 1627 3017 1662 :
3058 1628 3079 1659 ι
3106 1609 3255 1661 Vivo
3281 1619 3487 1670 autem,
3507 1609 3606 1676 jam

1978 1714 2080 1752 non
2110 1715 2242 1768 ego;
2273 1699 2402 1752 vivit
2451 1713 2583 1752 vero
2622 1700 2678 1752 in
2729 1714 2822 1753 me
2850 1697 3147 1753 Christus
3167 1702 3213 1749 ⁵.
3243 1716 3266 1748 ι
3305 1697 3460 1763 Quod
3491 1712 3608 1750 vero

1977 1790 2226 1844 similiter
2269 1799 2327 1842 ut
2376 1791 2428 1843 in
2476 1790 2871 1859 superioribus
2950 1790 3159 1857 posuit
3193 1808 3208 1844 :
3248 1807 3269 1840 ι
3295 1790 3412 1843 Non
3448 1788 3606 1842 solum

1977 1889 2180 1940 autem,
2205 1878 2296 1932 sed
2329 1889 2386 1931 et
2411 1893 2554 1933 nunc
2581 1879 2901 1948 gloriamur
2935 1877 3002 1932 in
3046 1878 3196 1941 Deo,
3225 1896 3246 1930 ι
3281 1886 3338 1930 et
3367 1877 3498 1931 nihil
3522 1877 3607 1930 ad-

1977 1967 2108 2019 didit
2130 1967 2195 2019 ad
2235 1985 2252 2016 ι
2277 1982 2384 2020 non
2420 1967 2596 2021 solum
2641 1978 2860 2030 autem,
2894 1988 2917 2018 ι
2958 1969 3252 2023 similiter
3284 1977 3346 2021 ut
3374 1971 3606 2037 superius

1977 2055 2371 2124 intelligendum
2408 2065 2494 2110 est
2527 2057 2596 2111 de
2634 2058 2724 2111 his
2761 2059 3004 2111 dictum
3053 2074 3194 2128 quae
3251 2072 3422 2126 supra
3471 2072 3604 2112 casn-

1977 2143 2233 2211 prehensa
2283 2145 2526 2198 sunt:id
2573 2155 2678 2206 est,
2728 2147 2890 2214 quod
2936 2163 3065 2201 non
3116 2147 3310 2202 solum
3339 2147 3417 2217 (5)
3449 2163 3601 2200 «cum

1976 2232 2176 2286 inimici
2209 2247 2474 2300 essemus,
2513 2235 2870 2290 reconciliati
2904 2252 3134 2292 sumus
3168 2241 3288 2293 Deo
3327 2254 3425 2308 per
3470 2254 3602 2292 mor-

1978 2331 2080 2375 tem
2107 2321 2224 2375 Filii
2265 2322 2404 2390 ejus,
2430 2341 2449 2373 ι
2487 2333 2542 2376 et
2571 2339 2678 2377 non
2711 2325 2905 2378 solum
2950 2343 2976 2376 ι
3010 2326 3072 2381 in
3107 2329 3230 2381 vita
3282 2330 3452 2397 ipsius
3480 2329 3599 2382 salvi

1976 2412 2197 2476 erimus,
2222 2413 2312 2466 sed
2341 2422 2396 2467 et
2420 2429 2564 2466 nunc
2592 2415 2918 2481 gloriamur
2951 2417 3022 2471 in
3051 2419 3174 2474 Deo
3198 2435 3303 2488 per
3335 2420 3598 2472 Dominum

1976 2510 2216 2556 nostrum
2246 2499 2430 2557 Iesum
2454 2502 2760 2567 Christum,
2798 2519 2910 2571 per
2957 2522 3150 2575 quem
3205 2509 3598 2564 reconciliatio-

1975 2603 2096 2642 nem
2143 2591 2464 2657 accepimus.
2491 2608 2511 2640 ι
2561 2589 2678 2644 Νοιι
2724 2600 2928 2647 autem
2993 2597 3134 2652 sine
3190 2611 3360 2651 causa
3390 2597 3596 2662 addidit,

1980 2694 1998 2726 ε
2030 2691 2188 2739 nunc,
2216 2695 2235 2728 ι
2269 2691 2390 2730 cum
2425 2677 2698 2743 potuisset
2726 2679 2936 2736 dicere
2969 2699 2990 2736 :
3033 2701 3057 2734 ι
3086 2684 3205 2740 Sed
3236 2697 3295 2739 et
3325 2685 3597 2754 gloriamur

1977 2765 2029 2818 in
2062 2765 2170 2820 Deo
2194 2781 2288 2834 per
2319 2767 2601 2820 Dominum
2633 2778 2910 2824 nostrum
2941 2771 3164 2829 Jesum
3196 2777 3474 2830 Christum
3508 2776 3594 2846 (6),

1975 2871 2071 2925 per
2105 2872 2262 2924 quem
2332 2859 2843 2915 reconciliationem
2917 2869 3361 2938 accepimus;n
3418 2870 3501 2924 sed
3546 2876 3594 2923 ut

1975 2947 2285 3000 ostenderet
2307 2947 2688 3015 gloriationem
2723 2953 2904 3006 nobis
2935 2971 3070 3011 non
3107 2960 3297 3013 solum
3327 2961 3379 3012 in
3413 2959 3589 3021 futuro,

1975 3035 2069 3089 sed
2123 3045 2176 3089 et
2226 3038 2277 3090 itt
2325 3040 2572 3104 prasenti
2621 3040 2818 3095 datam
2895 3045 2977 3100 de
3056 3051 3360 3121 agnitione
3414 3051 3518 3112 Dei,
3539 3060 3589 3105 et

1976 3126 2349 3181 emendatione
2376 3129 2524 3192 vitae,
2545 3140 2601 3184 et
2622 3146 2898 3188 errorum
2930 3143 3321 3196 correctione
3346 3141 3441 3211 (7).
3471 3140 3590 3194 sicut

1974 3225 2027 3269 et
2061 3217 2112 3270 in
2135 3218 2254 3272 aliis
2281 3219 2416 3273 idem
2443 3221 2520 3289 (8)
2548 3221 2856 3288 Apostolus
2893 3229 3060 3286 dicit
3095 3253 3115 3290 :
3149 3252 3170 3284 ι
3195 3232 3364 3304 Spem
3408 3233 3589 3287 haben-

1976 3315 2056 3359 tes
2084 3315 2138 3360 et
2171 3309 2452 3375 praesentis
2473 3312 2620 3376 vitaz,
2641 3321 2699 3366 et
2724 3314 2954 3374 futurae
2976 3323 3004 3353 ⁸
3028 3340 3046 3376 :
3087 3344 3110 3378 ι
3137 3326 3451 3394 praesentis,
3468 3325 3587 3392 quod

1974 3395 2249 3452 honestior
2273 3409 2329 3453 et
2356 3402 2702 3458 emendatior
2728 3417 2863 3475 est;
2899 3409 3166 3482 futurae,
3212 3419 3362 3486 quod
3412 3425 3586 3472 aeterna

1974 3494 2078 3538 est.

350 3639 3564 3685 ._________..__._________________

1441 3798 1786 3888 LIBER
1863 3802 2422 3905 QUINTUS.

419 4116 470 4172 1.
510 4133 530 4167 ι
553 4115 841 4184 Propterea
873 4116 1006 4170 sicut
1042 4131 1135 4186 per
1162 4133 1324 4172 unum
1357 4119 1625 4175 hominem
1674 4135 1865 4189 pecea-
1893 4125 1944 4186 D

349 4213 464 4257 tum
516 4205 568 4258 in
616 4205 757 4258 hunc
805 4204 1056 4268 mundum
1103 4207 1340 4270 intravit,
1372 4217 1426 4260 et
1471 4223 1565 4276 per
1594 4220 1867 4278 peccatum

350 4308 513 4359 mors,
549 4302 602 4346 et
645 4294 720 4347 sic
755 4294 805 4346 in
839 4308 1025 4347 omnes
1064 4296 1308 4350 homines
1355 4311 1502 4349 mors
1536 4299 1866 4364 pertransiit,

350 4381 402 4434 in
445 4396 551 4450 quo
587 4395 771 4435 omnes
809 4394 1180 4448 peccaverunt.
1215 4385 1392 4453 Usque
1421 4386 1485 4439 ad
1531 4386 1697 4456 legem
1726 4388 1867 4440 enim

348 4480 622 4540 peccatum
653 4481 769 4523 erat
795 4471 870 4539 (9)
895 4472 945 4523 in
979 4473 1077 4525 hoc
1115 4475 1328 4525 milllllo.
1380 4473 1658 4528 Peccatum
1689 4485 1865 4530 autem

346 4573 450 4612 non
474 4558 780 4626 imputatur,
809 4573 929 4611 cum
962 4559 1040 4612 lex
1065 4575 1168 4613 non
1187 4571 1287 4615 est.
1323 4561 1424 4616 Sed
1457 4565 1694 4630 regnavit
1723 4579 1868 4619 mors

345 4649 410 4702 ab
434 4649 601 4702 Adam
631 4659 798 4716 usque
821 4649 886 4699 ad
925 4646 1160 4718 Moysen,
1189 4651 1240 4702 in
1264 4665 1356 4703 eos
1391 4655 1481 4719 qui
1511 4661 1868 4718 peccaverunt

345 4737 396 4789 in
419 4736 814 4790 similitudinem
845 4739 1293 4804 praevaricationis
1306 4740 1452 4801 Adae,
1475 4741 1562 4808 qui
1589 4749 1671 4793 est
1695 4741 1863 4796 forma

343 4823 505 4878 futuri
528 4825 568 4878 °.
596 4845 615 4878 ο
653 4825 999 4894 Posteaquam
1033 4829 1242 4882 edocuit
1273 4827 1621 4882 diﬁ‘erentiam
1663 4830 1782 4885 ﬁdei
1813 4841 1866 4885 et

415 4917 629 4990 fﬁalat.
655 4935 716 4984 ll,
746 4921 831 4986 l9,
863 4922 951 4976 20.
1029 4926 1048 4954 '
1073 4925 1224 4978 Rom.
1259 4938 1329 4986 vt,
1367 4923 1451 4977 10.
1526 4923 1545 4953 ³
1573 4925 1591 4974 l
1623 4923 1764 4976 Petro
1793 4925 1951 4990 H.92-

342 4983 364 5016 '
393 4986 540 5047 ibid.,
577 4988 660 5042 10.

392 5075 519 5152 ,(99)
548 5076 612 5129 In
641 5095 741 5130 uno
791 5095 1020 5141 corpore.
1051 5080 1213 5138 Alias.
1249 5097 1269 5130 ι
1293 5081 1345 5133 in
1405 5095 1662 5149 corpore;
1689 5099 1707 5130 ι
1763 5080 1855 5144 a|.,

348 5157 368 5190 ι
393 5157 452 5211 llt_
469 5158 564 5195 suo
589 5161 832 5211 corpore.
864 5170 883 5203 ι

409 5209 484 5272 (1)
511 5211 667 5271 Editi.
689 5209 720 5263 ⁷(
744 5216 912 5268 nobis.
934 5234 953 5265 ι

379 5275 680 5391 hg‘avhgdi‘ti,
715 5299 734 5331 ‹
757 5285 844 5334 sed
869 5284 1126 5351 praecipue
1159 5286 1210 5338 itt
1243 5285 1329 5340 his
1351 5285 1502 5348 illud,
1532 5284 1596 5337 ad
1623 5282 1859 5348 Patrem,

345 5355 584 5395 onserva.
605 5363 624 5397 ι

516 5409 905 5488 genebrnrdus.
935 5436 953 5467 ι
977 5419 1197 5485 Christi,
1220 5439 1238 5471 ι
1270 5420 1429 5474 male.

703 5498 720 5529 ς
742 5471 955 5552 peccato
985 5471 1218 5540 intulit?)

416 5537 488 5604 (5)
517 5537 675 5608 Editi,
712 5537 805 5600 {id
833 5562 933 5616 est,
964 5537 1426 5621 proﬁt—tonisolum;
1452 5577 1472 5610 ›
1507 5558 1604 5622 al.,
1639 5576 1656 5608 ι
1681 5557 1732 5610 id
1757 5564 1856 5621 est,

1967 4122 2118 4194 legis,
2150 4133 2210 4180 et
2236 4139 2420 4181 eorum
2451 4129 2633 4221 5“
2679 4139 2779 4204 qui
2823 4156 2942 4209 per
2992 4149 3182 4208 ﬁdem
3217 4153 3584 4221 justiﬁcantur.

1969 4220 2128 4313 atque
2158 4227 2346 4313 eorum
2372 4219 2464 4284 qui
2489 4223 2908 4288 promissiones
2953 4249 3101 4304 qua:
3131 4219 3426 4313 ald—patres
3450 4243 3586 4297 facta

1968 4300 2202 4402 fuerunt.
2234 4318 2338 4358 non
2373 4321 2603 4404 possunt
2645 4328 2892 4380 sperare
2940 4300 3057 4392 p—er
3121 4300 3308 4404 legem
3335 4350 3351 4387 :
3378 4344 3586 4401 cumque

1968 4397 2264 4492 aperuisset
2305 4397 2501 4492 arcani
2545 4413 2771 4457 secreta
2832 4420 3125 4481 mysterii
3157 4397 3214 4482 ,⁷
3253 4425 3397 4492 quod
3441 4397 3584 4476 ccum

1969 4485 2172 4580 minuet
2196 4494 2439 4538 essemus
2469 4485 2601 4553 Deo,
2635 4506 2736 4559 per
2772 4511 3042 4557 mortem
3084 4508 3227 4565 Filii
3271 4485 3394 4580 ejus
3424 4525 3588 4565 recon-

1966 4567 2133 4621 ciliati
2157 4573 2398 4637 sumus",
2419 4591 2440 4625 ι
2469 4592 2612 4633 nunc
2640 4590 2699 4634 et
2735 4599 2960 4647 causas
2983 4597 3080 4651 vel
3121 4617 3235 4656 cur
3257 4567 3459 4656 in'imici
3483 4599 3586 4653 lue-

1967 4659 2156 4722 ritnus,
2199 4661 2284 4714 vel
2325 4677 2422 4717 cur
2451 4681 2629 4723 morte
2657 4670 2798 4730 Filii
2835 4678 2946 4736 Dei
3002 4687 3334 4761 indiguerit
3380 4694 3478 4746 ista
3516 4705 3589 4744 re-

1970 4749 2271 4804 conciliatio
2331 4766 2742 4823 consequenter
2824 4777 3073 4840 exponit
3215 4794 3277 4836 ut
3335 4783 3590 4836 intuentes

1968 4846 2168 4939 quanta
2221 4840 2389 4939 nobis
2421 4849 2759 4939 praestiterit
2825 4858 3002 4918 .lesus
3036 4905 3054 4930 ,
3112 4869 3244 4925 imo
3299 4887 3398 4939 pro
3449 4869 3589 4923 nobis

2026 4929 2248 4988 ‘Galat.
2279 4949 2341 5001 ιι,
2369 4936 2464 4993 20.
2541 4941 2896 5020 'lTim.tv,
2932 4957 2993 5011 δ.
3040 4929 3314 5020 ruam:
3340 4961 3588 5026 v,ta.tt.

1955 5099 2058 5137 non
2088 5088 2282 5142 solum.
2305 5107 2323 5140 ι

2681 5290 2893 5301 ηπ..-
3011 5290 3175 5309 ..νηη
3209 5290 3373 5311 ...ηπ
3399 5290 3579 5311 πη...

2025 5290 2510 5387 εἶξηξξῇξτζοζψη
2566 5319 2945 5387 correctione.
2995 5322 3181 5387 Alias,
3217 5335 3321 5379 cet
3371 5340 3581 5379 morum

1955 5372 2310 5464 coisiicri'.?:'i?’
2332 5368 2502 5464 :3}:
2522 5383 2950 5464 -‘_eE.?"°Fu"‘
2982 5364 3365 5464 ροττθόίίοηθ·
3393 5415 3413 5446 ³

2025 5428 2101 5518 (ξ)
2135 5429 2298 5518 sunt,
2315 5451 2353 5518 ,ε
2373 5433 2538 5518 item;
2564 5428 3265 5518 ratiaé'd'eués't211533;:

2026 5495 2102 5566 (9)
2133 5495 2288 5555 Erat.
2314 5502 2483 5561 Deest
2508 5495 2568 5566 in
2599 5495 2773 5579 tibi};
2795 5495 2986 5588 ἐἱῖιῗὲὶ
3005 5495 3208 5590 ἐἱίὶῗὲἓέ
