3836 6260
373 264 528 321 1005

1314 277 1664 333 (ΣΟΜΜΕΝΤ.
1701 268 1760 330 l.\'
1794 277 2005 334 EPIST.
2036 279 2123 332 AD
2161 281 2322 338 ROM.
2362 281 2483 338 LIB.
2528 283 2587 340 Υ.

3398 291 3532 345 “lilii

369 395 588 448 quanta
624 391 922 455 pertulerit,
957 393 1278 450 radicatiore
1300 412 1426 464 erga
1454 410 1576 449 eum
1603 395 1726 458 (ide,
1755 407 1808 450 et
1835 396 1914 449 in-
1944 401 1988 454 A
2014 401 2103 452 sed
2148 400 2230 452 his
2271 403 2358 468 qui
2408 403 2572 457 multo
2615 402 2797 458 labore
2818 413 2871 459 et
2900 406 3093 458 sudore
3130 411 3395 470 potuerint
3421 424 3537 476 quae

369 476 683 538 separabili
714 479 823 548 (l0)
855 481 1115 536 charitate
1148 493 1439 538 teneamur.
1473 484 1598 537 Ideo
1637 499 1764 552 ergo
1803 485 1924 540 licet

370 576 495 614 non
545 581 925 637 usquequaque
975 573 1294 638 patefactam
1331 574 1460 645 (ll),
1502 575 1701 628 indicat
1749 585 1920 630 tamen

369 653 552 705 nobis
591 665 644 708 et
685 656 906 712 alterius
948 662 1141 714 secreti
1199 662 1452 715 rationem
1488 665 1674 717 dicens
1704 680 1718 714 :
1749 683 1767 713 ι
1799 663 1922 718 Pro-

363 751 574 806 pterea
607 745 748 798 sicut
779 762 875 814 per
904 765 1062 802 unum
1086 751 1348 805 hominem
1377 764 1649 820 peccatum
1679 754 1918 808 introivit

363 828 425 881 in
471 831 621 886 hunc
655 839 906 889 mundum
945 839 1074 907 (12),
1121 851 1174 895 et
1208 857 1302 910 per
1351 855 1622 911 peccatum
1670 845 1911 910 nmrs‘,»

356 928 424 971 et
452 929 677 977 caetera.
709 925 813 978 Sed
845 928 1150 996 priusquam
1183 932 1246 984 ad
1294 934 1716 1002 explanationem
1757 939 1916 991 totius

354 1009 605 1075 capituli
641 1014 936 1079 veniamus,
965 1033 1129 1085 pauca
1162 1020 1225 1072 de
1257 1036 1319 1074 eo
1347 1023 1438 1090 qui
1473 1023 1678 1076 videtur
1702 1025 1752 1077 in
1786 1041 1912 1078 con-

354 1102 736 1175 sequentibus
779 1105 946 1172 ipsius
988 1107 1182 1177 eloquii
1242 1111 1450 1166 defectu
1502 1114 1723 1168 dicenda
1765 1125 1910 1170 sunt.

356 1185 484 1241 Ubi
534 1192 681 1244 enim
715 1193 928 1259 dicitur,
971 1217 988 1245 ι
1018 1199 1292 1265 Propterea
1326 1201 1520 1267 sicut”
1556 1207 1910 1260 necessarium

353 1280 605 1333 videtur
648 1285 788 1351 quod
829 1287 948 1338 addi
996 1290 1181 1342 debeat
1231 1291 1534 1360 adimpletio
1562 1297 1820 1362 quaedam,
1853 1307 1911 1351 ut

350 1366 615 1421 dicatur.
660 1369 736 1422 lta
771 1380 825 1425 et
855 1373 977 1427 illud
1011 1375 1090 1428 vel
1122 1376 1268 1431 illud.
1300 1387 1356 1430 ut
1391 1389 1444 1432 et
1472 1380 1583 1448 ipse
1608 1383 1658 1434 in
1683 1384 1911 1436 nonnul-

349 1454 430 1509 lis
499 1459 625 1512 aliis
671 1460 802 1514 locis
852 1464 1059 1529 scribit,
1115 1467 1259 1520 verbi
1309 1469 1496 1536 gratia,
1545 1485 1664 1524 cum
1699 1474 1904 1526 dicit’:

356 1564 381 1595 ε
417 1547 588 1600 Sicut
611 1551 753 1603 enim
787 1552 837 1604 in
863 1553 1027 1606 Adam
1059 1569 1244 1609 omnes
1276 1559 1596 1622 moriuntur,
1645 1560 1715 1614 ita
1760 1572 1813 1616 et
1853 1565 1906 1615 in

345 1635 595 1691 Christo
649 1654 838 1694 omnes
887 1643 1358 1699 viviﬁcabuntur.»
1413 1648 1511 1703 llic
1565 1660 1738 1704 autem
1786 1667 1904 1705 cum

2026 487 2238 540 occulta
2288 499 2410 542 sunt
2457 505 2713 558 qumrere,
2759 495 2971 562 pulsare
3022 511 3139 563 qua:
3181 503 3358 555 clausa
3389 509 3534 562 sunt,

2026 575 2328 630 desiderare
2371 592 2488 645 quae
2531 581 2836 635 abscondita
2876 593 3017 636 sunt.
3057 583 3288 651 Denique
3313 599 3364 642 et
3396 589 3448 641 in
3473 603 3538 641 eo

2025 663 2271 730 capitulo,
2307 667 2450 733 quod
2480 684 2574 736 pro
2600 671 2945 724 similitudine
2975 674 3161 728 horum
3191 676 3455 730 dictorum
3484 678 3536 729 iu

2025 753 2252 806 tnedium
2283 753 2393 825 (16)
2445 760 2774 821 adduximus.
2831 764 2880 816 id
2928 775 3043 828 est,
3078 785 3096 816 ι
3121 767 3265 822 Sicut
3296 769 3436 823 enim
3483 773 3537 822 in

2020 841 2186 894 Adam
2237 859 2423 899 omnes
2471 851 2846 914 moriuntur“,
2868 873 2886 905 ι
2917 871 3017 908 non
3068 858 3220 917 dixit,
3255 878 3270 908 ι
3299 859 3365 910 ita
3399 869 3453 912 et
3483 859 3533 912 in

2020 931 2234 988 Christo
2263 949 2487 990 omnes»
2523 938 2768 995 vivificati
2797 953 2940 1004 sunt,
2961 957 3048 998 aut
3074 947 3427 1014 viviﬁcautur,
3444 949 3535 1002 sed

2024 1019 2532 1085 «vivificabuntur,»
2580 1036 2636 1077 ut
2695 1031 2998 1085 ostenderet
3037 1034 3248 1100 quidem
3302 1051 3534 1104 prmsens

2020 1117 2225 1175 tempus
2256 1125 2372 1165 esse
2407 1112 2608 1167 laboris
2641 1127 2694 1168 et
2738 1119 2936 1185 operis,
2983 1121 3034 1172 iu
3069 1137 3173 1189 quo
3217 1139 3310 1190 per
3340 1125 3529 1178 bonam

2015 1197 2466 1252 conversationem
2498 1201 2682 1254 merita
2701 1206 3115 1273 conquirantur;
3146 1207 3376 1262 futurum
3407 1227 3532 1266 vero

2014 1298 2132 1337 esse
2178 1285 2232 1340 in
2274 1301 2380 1355 quo
2418 1289 2825 1346 vivificabuntur
2854 1295 2904 1348 hi
2939 1296 3027 1363 qui
3071 1297 3121 1350 in
3153 1301 3399 1366 prmsenti
3425 1302 3530 1356 vita

2012 1373 2226 1430 Christo
2272 1381 2713 1446 commoriuntur,
2741 1385 2880 1438 sicut
2925 1399 2979 1440 et
3012 1387 3135 1442 alibi
3161 1391 3203 1422 "
3229 1392 3357 1445 dicit
3391 1394 3528 1448 idem

2011 1463 2296 1530 Apostolus
2327 1485 2340 1521 :
2376 1486 2394 1517 ι
2424 1469 2478 1522 Si
2524 1471 2665 1524 enim
2735 1477 3147 1542 commorimur,
3192 1490 3246 1534 et
3284 1485 3530 1540 convive-

2012 1568 2147 1610 mus.
2172 1572 2191 1606 ι
2236 1555 2301 1610 Et
2342 1558 2456 1612 ideo
2489 1562 2730 1616 etiamin
2776 1569 3022 1633 prmsenti
3069 1569 3185 1626 loco
3228 1573 3529 1630 dissimulat

2009 1643 2243 1708 exsequi,
2296 1653 2350 1698 et
2393 1647 2682 1718 adimplere
2729 1669 2974 1712 sermone
3017 1673 3081 1714 ea
3120 1675 3238 1729 quae
3279 1677 3437 1720 sensu
3473 1677 3528 1720 et

347 1725 582 1779 dixerit
613 1743 627 1779 :
668 1745 687 1777 ι
717 1728 867 1782 Sicut
899 1745 992 1798 per
1030 1748 1188 1785 ιιηιηιι
1223 1735 1488 1791 hominem
1534 1748 1802 1806 peccatum
1831 1742 1912 1793 in-
1941 1723 1982 1777 Β
2009 1738 2384 1804 consequentia
2415 1741 2662 1797 videntur
2692 1745 2935 1815 intelligi.
2957 1748 3106 1802 Alius
3126 1749 3351 1806 fortasse
3373 1753 3524 1817 dicit,

346 1815 560 1867 troivit
595 1816 648 1870 in
682 1818 823 1871 hunc
854 1821 1130 1885 nmndum,
1174 1832 1225 1876 et
1270 1839 1364 1892 per
1416 1837 1688 1895 peccatum
1745 1845 1908 1892 mors,

343 1913 413 1956 et
454 1906 534 1958 ita
583 1907 636 1959 in
687 1922 876 1961 omnes
913 1909 1152 1965 homines
1195 1928 1341 1968 mors
1366 1917 1697 1983 pertransiit,
1729 1918 1910 1986 inquo

340 2009 562 2049 omnes
617 2010 992 2064 peccaverunt,
1026 2020 1044 2053 ι
1083 2019 1186 2057 non
1224 2005 1404 2058 retulit
1427 2005 1538 2076 (l3)
1568 2018 1639 2079 but
1685 2010 1906 2074 diceret,

341 2087 522 2139 verbi
573 2101 736 2142 causa
769 2105 781 2140 :
809 2089 882 2142 lla
906 2100 960 2144 et
985 2107 1082 2159 per
1110 2109 1274 2147 unum
1303 2095 1570 2150 hominem
1593 2098 1800 2166 justitia
1827 2102 1908 2154 in-

349 2178 565 2231 troivit
596 2180 648 2230 in
697 2179 836 2234 hunc
892 2183 1169 2248 mundum,
1197 2195 1250 2238 et
1283 2201 1376 2253 per
1399 2188 1658 2254 justitiam
1691 2191 1819 2252 vita,
1851 2202 1906 2246 et

343 2262 436 2313 sic
478 2263 533 2314 in
572 2277 762 2316 omnes
794 2265 1034 2320 homines
1075 2269 1182 2321 vita
1212 2274 1538 2337 pertransiit,
1570 2275 1621 2328 in
1655 2291 1756 2345 qua
1787 2293 1905 2331 om-

341 2365 457 2404 nes
491 2352 750 2406 vivificati
787 2364 910 2408 sunt
946 2373 958 2407 :
992 2356 1092 2410 hoc
1141 2361 1278 2413 enim
1337 2363 1612 2417 videbatur
1649 2369 1902 2435 pr0positi

338 2441 574 2508 eloquii
606 2459 796 2498 sensus
844 2458 1111 2514 expetere,
1143 2452 1430 2503 secundum
1455 2465 1518 2506 ea
1557 2468 1674 2522 qua:
1702 2456 1754 2508 in
1785 2457 1904 2511 aliis

338 2533 480 2598 ipse
528 2533 882 2602 proloquitur.
913 2535 1094 2604 Neque
1121 2541 1260 2590 enim
1307 2540 1525 2594 multum
1565 2542 1743 2598 differt
1776 2545 1901 2599 illud

336 2623 510 2688 quod
547 2623 674 2676 alibi
724 2624 958 2678 dicit“:
996 2645 1014 2677 ι
1045 2625 1195 2681 Sicut
1243 2630 1382 2682 enim
1440 2633 1489 2684 in
1517 2633 1683 2686 Adam
1718 2649 1902 2691 omnes

336 2711 694 2776 moriuntur,
729 2731 749 2763 ι
785 2725 838 2767 et
869 2715 1010 2781 quod
1066 2716 1150 2769 hic
1178 2718 1345 2770 dicit:
1383 2737 1401 2768 ι
1429 2719 1714 2788 Propterea
1765 2727 1900 2778 sicut

334 2815 456 2868 per
495 2817 659 2854 unum
690 2803 954 2858 hominem
984 2818 1253 2874 peccatum
1288 2810 1338 2862 in
1370 2811 1507 2864 hunc
1535 2816 1786 2868 mundum
1815 2817 1896 2869 in-

338 2890 576 2953 troivit,
603 2901 656 2944 et
685 2907 782 2960 per
815 2905 1086 2960 peccatum
1133 2912 1296 2962 mors,
1321 2911 1374 2952 et
1404 2901 1472 2952 ita
1505 2901 1555 2954 in
1588 2917 1772 2958 omnes
1797 2905 1898 2958 ho-

336 2981 540 3034 mines
562 2983 898 3048 pertransiit,
930 2985 981 3036 in
1008 3001 1112 3053 quo
1157 3001 1340 3042 omnes
1384 3002 1763 3060 peccaverunt;
1787 3013 1806 3046 ι
1841 3004 1894 3048 et
1918 3028 1962 3088 ϐ

333 3071 555 3123 iterum
589 3070 730 3136 qttod
758 3071 894 3124 dixit
918 3072 1000 3127 “:
1031 3091 1050 3121 σ
1082 3075 1156 3126 Ita
1193 3087 1248 3128 et
1277 3077 1328 3129 in
1364 3078 1577 3132 Christo
1602 3097 1786 3137 omnes
1813 3085 1891 3138 vi-

329 3158 738 3222 viﬁcabuntur,
767 3178 786 3209 ι
815 3161 940 3213 nihil
977 3161 1151 3216 differt
1175 3166 1327 3219 abeo
1355 3184 1532 3232 sensu,
1558 3185 1709 3234 quem
1733 3188 1890 3241 supra

329 3248 550 3298 deesse
576 3245 862 3299 elocutioni
890 3248 1121 3302 diximus
1151 3250 1282 3320 (14),
1323 3261 1375 3306 et
1403 3247 1688 3310 intellectui
1711 3259 1889 3327 legen-

334 3334 414 3384 tis
466 3331 738 3386 relictutn.
775 3334 877 3386 Sed
926 3335 1052 3387 mihi
1090 3338 1301 3391 videtur
1348 3340 1543 3394 Paulus
1582 3345 1667 3410 qui
1708 3345 1888 3398 dicit"

329 3423 488 3489 quia
523 3439 543 3471 ι
576 3421 889 3476 sufficientia
921 3435 1098 3478 nostra
1128 3443 1191 3480 ex
1217 3427 1324 3482 Deo
1353 3441 1450 3494 est,
1480 3433 1568 3499 qui
1601 3443 1651 3486 et
1676 3434 1890 3489 idoneos

327 3528 448 3565 nos
489 3513 620 3565 fecit
667 3514 941 3567 ministros
979 3516 1106 3569 Novi
1139 3517 1502 3582 Testamenti;
1529 3541 1546 3572 ι
1579 3533 1630 3575 et
1656 3525 1744 3592 qui
1791 3527 1888 3578 ite-

329 3616 472 3654 rum
515 3600 650 3653 dicit
679 3618 694 3653 :
729 3618 749 3651 ι
777 3603 857 3653 An
903 3601 1274 3660 documentum
1307 3609 1547 3675 quaeritis
1577 3611 1690 3676 ejus
1718 3614 1805 3678 qui
1832 3614 1884 3666 in

327 3708 430 3746 uie
464 3692 708 3759 loquitur
731 3691 978 3746 Chrisms
996 3694 1090 3746 ⁸³2»
1123 3709 1227 3748 non
1253 3694 1363 3750 haec
1380 3711 1475 3765 per
1491 3698 1749 3754 defectum
1773 3703 1884 3769 (l5)

327 3794 543 3846 passus
593 3780 815 3846 eloquii,
870 3781 960 3833 sed
1008 3785 1343 3849 prospexisse
1386 3800 1480 3852 per
1533 3787 1644 3841 haec
1687 3789 1882 3858 aliquid

322 3870 626 3933 utilitatis,
677 3885 783 3938 quo
825 3870 1035 3923 etiamsi
1078 3871 1300 3940 intelligi
1364 3873 1615 3930 deberent
1663 3893 1723 3931 ea
1769 3895 1885 3948 quae

319 3963 538 4029 deesse
563 3960 847 4013 elocutioni
878 3971 932 4013 et
965 3960 1406 4026 subintelligeuda
1437 3964 1685 4029 diximus,
1710 3976 1883 4020 tamen

319 4027 574 4120 propter
622 4048 1038 4116 negligentiores
1093 4064 1328 4117 quosque
1369 4052 1455 4118 qui
1513 4052 1647 4106 forte
1695 4057 1879 4109 resolvi

323 4148 593 4212 possent,
627 4139 670 4192 si
703 4139 951 4192 audirent
981 4140 1118 4207 quod
1150 4141 1293 4194 sicut
1338 4155 1480 4196 mors
1504 4143 1556 4194 in
1578 4159 1762 4200 omnes
1791 4148 1882 4198 ho-

321 4235 518 4287 mines
547 4245 646 4297 per
672 4240 969 4298 peccatum,
998 4230 1066 4280 ita
1103 4230 1230 4283 etin
1259 4245 1445 4286 omnes
1483 4233 1720 4288 homines
1759 4250 1878 4303 per—

2006 1821 2131 1888 quia
2159 1822 2259 1878 hoc
2286 1827 2423 1892 quod
2450 1828 2657 1883 videtur
2679 1832 2860 1887 deesse
2891 1835 2940 1886 in
2962 1836 3042 1890 bis
3064 1852 3182 1906 quae
3209 1854 3366 1907 supra
3395 1842 3524 1894 dixi-

2007 1926 2124 1966 mus
2151 1916 2433 1970 secundum
2459 1917 2773 1975 elocutionis
2802 1925 3062 1986 ordinem.
3099 1929 3246 1982 tarde
3280 1930 3516 1997 quidem,

2003 2001 2093 2053 sed
2117 2002 2168 2053 in
2196 2006 2575 2070 posterioribus
2600 2011 2854 2076 redditur,
2883 2015 2968 2067 ubi
2999 2015 3213 2071 dicit“:
3241 2037 3259 2069 ι
3286 2020 3388 2074 Sed
3417 2037 3520 2075 non

2002 2090 2139 2142 sicut
2165 2092 2433 2159 delictum,
2463 2095 2537 2148 ita
2573 2107 2623 2151 et
2653 2099 2889 2155 donatio.
2931 2103 2984 2157 Si
3032 2107 3172 2159 enim
3209 2109 3364 2162 unius
3391 2111 3521 2164 deli-

2004 2186 2091 2230 cto
2121 2181 2312 2234 mortui
2343 2193 2467 2237 sunt
2504 2187 2674 2250 multi,
2708 2189 2872 2242 multo
2912 2194 3076 2260 magis
3119 2198 3285 2264 gratia
3321 2199 3432 2262 Dei,
3465 2210 3520 2254 et

1999 2265 2215 2332 donum,
2254 2271 2303 2322 in
2333 2272 2440 2342 (17)
2475 2277 2646 2343 gratia
2688 2281 2847 2334 unius
2882 2282 3112 2337 hominis
3148 2285 3270 2340 Jesu
3319 2288 3516 2343 Christi

2000 2357 2052 2408 in
2101 2359 2275 2428 plures
2326 2363 2684 2431 abundavit;t
2715 2379 2769 2422 et
2800 2373 2988 2425 asserit
3033 2389 3096 2426 ex
3132 2376 3215 2431 his
3258 2381 3515 2447 completa

1997 2461 2115 2501 esse
2145 2463 2262 2517 qua:
2293 2451 2527 2507 defuisse
2559 2455 2610 2508 in
2639 2461 3004 2526 superioribus
3037 2464 3351 2520 videbantur
3377 2485 3394 2525 :
3420 2485 3518 2525 nec

1998 2533 2216 2589 multum
2245 2537 2501 2596 interesse
2525 2544 2662 2611 quod
2705 2545 2772 2598 ibi
2810 2549 2860 2600 in
2893 2563 3076 2604 omnes
3100 2552 3341 2609 homines
3368 2558 3517 2612 dixe-

1996 2619 2067 2673 rit
2098 2627 2452 2688 pertransisse
2489 2641 2785 2698 peccatum,
2821 2635 2907 2690 hic
2941 2651 3065 2692 vero
3100 2642 3292 2696 donum
3322 2656 3374 2698 et
3396 2662 3516 2715 gra-

1997 2709 2120 2762 tiam
2145 2710 2271 2765 Jesu
2301 2714 2496 2770 Christi
2538 2718 2592 2772 in
2623 2721 2802 2788 plures
2832 2724 3156 2796 abundasse,
3183 2745 3300 2786 cum
3327 2709 3517 2789 eteiu-

1993 2813 2088 2853 nes
2130 2801 2366 2857 homines
2421 2807 2602 2874 plures
2649 2825 2769 2864 esse
2820 2814 3205 2885 intelligantur,
3246 2830 3298 2875 et
3337 2825 3516 2886 plures

1992 2902 2178 2944 omnes
2220 2893 2440 2965 intelligi
2479 2912 2580 2950 non
2627 2900 2868 2956 videatur
2917 2905 3234 2973 absurdum,
3287 2915 3514 2969 maxime

1991 2991 2108 3028 cum
2138 2978 2188 3030 in
2217 2979 2656 3049 subsequentibus
2680 2987 2722 3018 "
2748 2990 2886 3043 dicat
2911 2997 3174 3060 apertius:
3205 3015 3226 3048 ι
3253 2998 3399 3052 Sicut
3420 3017 3514 3067 per

1993 3066 2146 3119 unius
2174 3067 2419 3123 delictum
2450 3073 2503 3124 in
2529 3087 2714 3129 omnes
2748 3078 2992 3135 homines
3024 3083 3074 3135 in
3105 3066 3511 3146 condemnatio-

1991 3171 2145 3221 nem;
2180 3159 2251 3210 ita
2279 3169 2332 3212 et
2371 3176 2467 3229 per
2507 3165 2662 3216 unius
2697 3163 2957 3230 justitiam
2983 3169 3033 3222 in
3061 3159 3246 3227 omnes
3271 3175 3512 3231 homines

1991 3244 2056 3294 ad
2078 3243 2520 3311 justificationem
2546 3251 2686 3304 vitae.
2712 3270 2732 3303 ι
2759 3253 2820 3307 Et
2852 3266 2909 3309 ut
2943 3258 3241 3315 evidentius
3270 3271 3510 3322 ostende-

1992 3343 2071 3386 ret
2115 3349 2299 3388 omnes
2339 3335 2580 3392 homines
2603 3351 2656 3394 et
2683 3343 2876 3398 multos
2926 3347 3167 3403 homines
3193 3350 3334 3406 idem
3368 3371 3506 3420 esse,

1987 3421 2190 3474 addidit
2209 3422 2293 3476 bis
2315 3423 2389 3476 ¹⁸ε
2419 3442 2436 3475 ι
2459 3425 2607 3480 Sicut
2631 3429 2769 3482 enim
2797 3447 2890 3498 per
2919 3434 3331 3494 iuobedieutiam
3357 3446 3510 3498 unius

1988 3510 2219 3566 hominis
2249 3524 2561 3580 peccatores
2582 3520 2854 3574 constituti
2891 3536 3016 3578 sunt
3041 3527 3211 3592 multi,
3243 3531 3312 3584 ita
3339 3545 3391 3586 et
3416 3551 3510 3603 per

1987 3599 2143 3654 unius
2183 3603 2541 3658 obedientiam
2588 3607 2719 3676 justi
2773 3613 3164 3670 constituentur
3201 3599 3509 3678 lltulliJVEl

1984 3691 2122 3754 quod
2150 3693 2392 3758 superius
2438 3709 2623 3750 omnes
2659 3698 2868 3752 dixerat
2904 3700 3172 3772 homines,
3205 3708 3292 3762 hic
3321 3713 3505 3765 eodem

1984 3793 2140 3832 sensu
2168 3781 2360 3836 multos
2388 3787 2703 3841 nominavit.
2755 3787 2868 3842 Nisi
2910 3793 2953 3844 si
2997 3794 3118 3861 quis
3161 3796 3322 3862 dicat,
3367 3805 3504 3866 quod

1984 3866 2151 3934 magis
2190 3867 2512 3935 permiscere
2547 3882 2600 3924 et
2658 3873 2982 3929 confundere
3024 3877 3205 3933 volens
3226 3881 3507 3948 Apostolus

1983 3953 2032 4005 id
2070 3959 2210 4022 quod
2239 3959 2480 4025 superius
2513 3971 2813 4028 aperuerat,
2841 3979 2926 4029 ne,
2954 3973 3010 4018 ut
3045 3967 3296 4032 diximus,
3316 3973 3507 4026 dissol-

1981 4043 2137 4115 545
2167 4057 2314 4102 veret
2339 4064 2400 4103 ac
2431 4051 2691 4104 relaxaret
2720 4054 2996 4108 audientes
3019 4097 3034 4120 ,
3073 4071 3164 4110 eos
3211 4075 3345 4127 quos
3380 4073 3506 4115 ante

1986 4151 2006 4184 ι
2045 4150 2229 4190 onmes
2265 4154 2284 4188 ι
2313 4140 2538 4203 dixerat,
2564 4141 2653 4195 hic
2691 4161 2709 4193 ι
2747 4145 2923 4211 plures
2956 4165 2976 4198 ι
3017 4149 3327 4213 nominavit,
3356 4159 3414 4202 ut
3449 4161 3504 4204 et

1981 4224 2110 4279 illud
2144 4228 2280 4294 quod
2317 4247 2335 4278 ι
2372 4244 2556 4284 omnes
2588 4250 2607 4283 ι
2634 4233 2866 4295 dixit,ad
2890 4250 2982 4288 eos
3011 4241 3371 4293 tantummodo
3393 4250 3502 4322 tra-

321 4319 566 4374 trausiit
599 4319 705 4371 vita
737 4332 830 4384 per
863 4317 1158 4383 Christum,
1191 4319 1550 4374 consideravit
1578 4322 1745 4391 palam
1772 4324 1883 4380 lucc

2000 4327 2200 4370 teretur
2227 4318 2335 4388 (18)
2360 4358 2375 4381 ,
2409 4322 2496 4387 qui
2534 4322 2727 4375 donum
2754 4325 2952 4379 Christi
3000 4331 3185 4394 gratiae
3227 4317 3499 4386 consecuti

315 4413 444 4465 dici
492 4417 553 4462 et
596 4408 806 4475 publice
853 4422 955 4460 non
1008 4407 1205 4461 debere
1235 4425 1248 4460 :
1276 4408 1430 4462 simul
1462 4420 1512 4463 et
1543 4411 1669 4465 illud
1699 4423 1877 4467 osten-

316 4503 492 4564 dens,
528 4498 673 4567 quod
704 4497 912 4550 etiamsi
937 4511 1034 4564 per
1062 4512 1220 4549 unutn
1254 4497 1523 4552 hominem
1551 4498 1759 4565 iustitia
1792 4502 1875 4555 iu-

319 4588 528 4644 troivit
551 4587 606 4638 iu
634 4585 772 4638 hunc
795 4584 1067 4646 mundum,
1089 4591 1142 4637 et
1166 4597 1260 4650 per
1279 4583 1534 4651 justitiam
1562 4585 1691 4650 vita,
1717 4595 1770 4638 et
1794 4587 1874 4639 sic

317 4681 382 4733 in
419 4689 620 4732 omnes
648 4674 890 4727 homines
917 4673 1289 4740 pertransivit,
1328 4683 1502 4725 tamen
1544 4684 1648 4727 non
1694 4675 1793 4728 hoc
1822 4675 1873 4728 iu

315 4766 597 4840 pi-wseuti
637 4764 818 4818 statim
861 4764 1188 4831 contingere,
1232 4777 1330 4816 nec
1371 4763 1556 4816 otiosis
1609 4765 1873 4828 accidere,

398 4886 424 4916 ⁸
453 4883 616 4935 Rom.
652 4879 818 4940 v.12.
889 4877 910 4909 ³
937 4877 951 4928 1
979 4877 1098 4930 Cor.
1128 4891 1214 4936 xv,
1249 4875 1335 4926 22.
1431 4875 1472 4905 ιο
1513 4875 1638 4926 ibid.

313 4969 422 5016 xv,
453 4953 549 5005 22.
629 4949 673 4978 ⁸⁵
713 4947 748 5000 11
778 4945 913 4998 Tim.
943 4960 1002 5008 Il,
1035 4946 1121 4996 11.

400 5088 518 5153 (10)
549 5084 718 5143 Alias,
755 5101 772 5132 ι
795 5078 1153 5153 insuperabili.
1182 5097 1200 5128 ›

436 5149 1185 5226 ti)A_lias,tpatefactum.r
1255 5213 1287 5226 η
1345 5223 1352 5226 _
1425 5211 1435 5222 ε
1673 5219 1683 5226 Δ

436 5159 520 5222 ti)
551 5157 728 5214 Alias,
758 5169 775 5200 ι
798 5157 1139 5218 patefactum.
1166 5165 1185 5197 ι
1425 5211 1435 5222 ¹
1789 5215 1799 5224 Ι
1833 5216 1843 5226 .

396 5157 517 5294 (12)
575 5223 666 5272 Sic
715 5231 857 5294 recte
904 5231 1004 5268 ms.
1049 5229 1214 5294 unus._
1251 5213 1436 5292 Caneri
1487 5224 1612 5294 vero
1634 5214 1870 5294 credin,

315 5316 338 5346 ‹
367 5283 678 5359 βινοριειθει
710 5287 847 5339 sicut
872 5299 987 5359 per
1012 5297 1170 5334 unum
1204 5283 1466 5334 hominem
1509 5293 1650 5330 mors
1697 5283 1872 5336 intro-

310 5365 430 5418 ivit
467 5355 520 5412 in
557 5359 698 5409 hunc
728 5355 999 5414 tunndum,
1025 5359 1078 5430 et
1107 5359 1314 5430 caetera.
1340 5367 1390 5430 tu
1438 5415 1449 5426 .

396 5431 516 5496 (15)
559 5427 636 5478 lta
663 5439 792 5496 _ms._
832 5436 967 5474 unus
1023 5418 1449 5496 ltegius._(laateri
1484 5427 1614 5496 vero
1632 5429 1772 5496 mss.
1814 5428 1871 5470 et

307 5484 536 5556 ciliti,'i
563 5502 619 5545 et
663 5492 734 5543 ita
780 5491 831 5542 in
883 5501 1070 5543 omnes
1108 5484 1341 5538 homines
1380 5485 1726 5549 pertransiit:
1762 5501 1870 5538 non

311 5566 540 5625 retulit,
568 5579 586 5611 ι
618 5569 724 5612 etc.

1740 4877 1778 4906 Η
1813 4878 1877 4906 ἰΙιῖ

1199 4915 1214 4936 ,
1249 4877 1335 4926 22.
1431 4877 1472 4905 ¹⁰
1513 4877 1638 4926 ibid.
1740 4877 1778 4906 ’ί
1813 4877 1938 4930 ibid.
2036 4878 2078 4908 ¹²
2106 4878 2144 4932 Il
2168 4879 2288 4932 Cor.
2339 4897 2372 4932 ιι

1195 4945 1236 4974 ¹⁶
1258 4943 1409 4996 Rom.
1440 4957 1488 5005 v,
1523 4943 1602 4994 15.
1678 4943 1717 4974 ⁸⁷
1749 4945 1871 5000 ibid.
1910 4947 1992 4999 l8.
2069 4948 2108 4978 ¹⁸
2137 4950 2267 5002 ibid.
2293 4950 2379 5003 19.

1977 4416 2116 4466 sunt,
2147 4408 2234 4473 qui
2266 4417 2438 4461 tamen
2471 4424 2573 4463 non
2599 4413 2774 4478 pauci,
2795 4415 2884 4467 sed
2913 4415 3092 4483 plures
3117 4428 3258 4474 sunt.
3292 4419 3498 4474 Etenim

1977 4495 2138 4548 moris
2163 4507 2244 4550 est
2272 4501 2508 4566 apostolo
2537 4501 2721 4568 Paulo,
2775 4519 2893 4558 cum
2923 4506 2990 4559 de
3032 4508 3354 4576 benignitate
3382 4511 3494 4574 Dei,

1979 4595 2034 4638 et
2083 4583 2332 4639 ineﬂ'abili
2384 4587 2500 4654 ejus
2546 4590 2780 4646 bunitate
2811 4595 2980 4661 aliqua
3015 4597 3320 4663 patefecerit
3346 4598 3493 4667 (19),

1978 4688 2190 4727 rursum
2223 4685 2440 4743 propter
2488 4679 2896 4748 negligentiores
2941 4699 3176 4751 quosque
3218 4686 3494 4742 auditores

1978 4763 2244 4830 paululum
2292 4768 2438 4821 velut
2479 4783 2798 4837 exasperare
2843 4788 2962 4840 qua:
3005 4773 3178 4834 dixit,
3215 4784 3269 4826 et
3297 4786 3493 4827 metum

2036 4878 2078 4908 ¹²
2106 4878 2144 4932 ll
2168 4879 2288 4932 Cor.
2339 4897 2419 4943 ιιι,
2453 4881 2505 4945 5,
2529 4883 2581 4932 6.
2683 4882 2778 4934 "ll
2808 4881 2932 4935 Cor.
2959 4897 3071 4944 xui,
3101 4881 3153 4932 5.
3251 4883 3293 4912 ¹¹ο
3323 4884 3339 4932 1
3364 4885 3490 4936 Cor.

2045 5083 2152 5152 (14)
2191 5084 2352 5146 Edili,
2389 5084 2566 5148 (dixi,
2605 5092 2694 5148 et;
2720 5101 2738 5134 ι
2792 5083 2918 5149 al.,t
2943 5083 3073 5142 dixi,
3144 5081 3305 5142 sed;n
3364 5081 3500 5134 alius

1975 5169 1993 5199 ι
2021 5154 2256 5204 dixissm.
2286 5172 2303 5202 ι

2042 5221 2153 5286 (15)
2173 5220 2562 5280 Genebrardus,
2605 5238 2623 5270 ι
2647 5233 2742 5286 per
2771 5220 2884 5274 haec
2916 5217 3204 5271 defectum.
3227 5231 3245 5262 ι

2038 5290 2145 5365 illi?
2179 5287 2340 5365 "Pdi‘i'
2369 5289 2462 5365 [⁵1³
2493 5289 2682 5365 medio:
2705 5305 2723 5337 ’
2850 5355 2860 5364 .
3025 5364 3028 5365 ,
3057 5364 3060 5365 ,
3115 5361 3132 5365 _

2038 5349 2147 5421 (l7)
2187 5353 2268 5405 In.
2294 5355 2638 5409 Desideratur
2665 5356 2715 5406 in
2745 5353 2892 5408 libris
2917 5364 3074 5404 antea
3108 5349 3286 5400 editis.

2038 5423 2145 5494 (111)
2177 5423 2272 5494 Ms.
2309 5437 2464 5483 unus,
2494 5440 2514 5472 ι
2547 5423 2865 5494 retraheret.
2897 5442 2920 5494 _i
3136 5491 3143 5494 Α
3188 5480 3208 5494 ﬁ
3272 5482 3281 5494 η

2041 5480 2328 5559 (19)Α11³ε,
2365 5507 2382 5540 ι
2417 5480 2767 5556 patefaceret;
2805 5507 2823 5538 ι
2862 5490 2957 5550 al.,
2989 5503 3009 5536 ι
3052 5480 3337 5551 patefacit.
3393 5499 3418 5531 ο
