3836 6208
355 241 377 292 i
389 239 488 292 CO7

1824 232 2132 287 ORIGENIS

3465 220 3598 274 Η)οὸ

355 357 578 422 aliquem
614 353 997 406 remissioribus
1046 353 1302 405 intentare
1331 392 1343 415 ,
1398 359 1453 403 ut
1482 366 1604 406 cum
1653 353 1716 404 de
1767 353 1867 405 ﬁne
1896 360 1939 413 Α
1969 353 2229 408 manibus,
2264 349 2332 402 ita
2381 348 2802 415 quodammodo
2835 344 2968 397 hare
3008 339 3169 408 loqui
3208 338 3352 405 (25).
3379 337 3528 391 velut
3553 341 3596 392 si

354 447 585 496 omnium
615 443 902 495 Corinthiis
930 443 1199 509 disputans
1232 442 1306 493 ait
1351 440 1392 471 ¹⁹
1424 454 1437 492 :
1479 458 1498 490 ι
1549 441 1698 494 Sicut
1727 443 1865 494 enim

353 534 404 584 in
453 533 616 585 Adam
668 545 849 583 omnes
877 530 985 600 (20)
1017 532 1334 595 moriuntur,
1366 532 1434 584 ita
1471 541 1522 583 et
1557 532 1607 583 in
1657 531 1868 584 Christo

351 635 530 673 omnes
561 619 1004 685 viviﬁcabuntur;
1064 639 1081 670 ι
1128 631 1181 673 et
1228 620 1383 688 paulo
1411 629 1567 688 post:
1601 638 1620 670 ι
1651 620 1868 673 εῡθὶηιιθ

352 710 488 771 ﬁnis,
515 723 632 761 cum
667 708 947 760 tradiderit
976 723 1195 776 regnum
1225 708 1333 762 Deo
1357 717 1410 762 et
1436 708 1604 771 Patri,
1639 725 1657 758 ι
1693 717 1745 761 et
1768 722 1866 761 eae-

350 807 487 849 tera.
539 795 641 848 Pro
691 796 883 862 quibus
913 809 1099 848 verens
1132 811 1196 849 ne
1222 797 1341 864 quis
1380 797 1590 850 divitias
1618 797 1867 850 bonitatis

352 887 438 939 Dei
468 925 482 952 ,
515 895 568 938 et
598 885 870 953 patientia:
894 926 908 950 ,
939 895 992 938 et.
1023 885 1440 955 longanimitatis
1487 897 1830 942 contemnens
1850 928 1864 949 ,

341 975 631 1029 secundum
667 976 912 1028 duritiam
947 991 1095 1029 suam
1145 985 1197 1028 et
1232 991 1325 1030 cor
1369 977 1708 1045 impmnitens
1751 978 1867 1030 the—

346 1065 638 1118 saurizaret
666 1064 764 1116 sibi
794 1064 925 1116 iram
967 1064 1019 1116 in
1064 1065 1149 1116 die
1196 1064 1288 1117 irm
1317 1073 1369 1118 et
1400 1065 1728 1118 revelationis
1757 1064 1864 1131 (2i)

345 1154 464 1215 iusti
492 1153 673 1222 judicii
704 1152 793 1206 Dei
823 1153 892 1218 ³⁸,
915 1153 1114 1207 addidit
1142 1163 1259 1220 post
1286 1153 1369 1206 illa
1389 1168 1507 1221 qua!
1535 1154 1599 1207 de
1625 1153 1733 1206 ﬁne
1754 1152 1865 1222 (22)

342 1243 550 1297 dixerat
578 1260 591 1295 :
628 1261 646 1292 ‹
676 1241 849 1295 Nolite
881 1242 1081 1298 seduci.
1113 1243 1472 1311 Corrumpunt
1497 1257 1669 1295 mores
1699 1243 1864 1297 bonos

344 1332 606 1398 colloquia
649 1331 804 1383 mala.
841 1331 1280 1400 Expergiscimini
1304 1331 1459 1398 justi,
1483 1341 1535 1384 et
1562 1331 1722 1385 nolite
1745 1347 1866 1400 pec-

343 1437 484 1475 care.
533 1421 886 1488 lgnorantiam
917 1422 1056 1476 enim
1095 1423 1305 1490 quidam
1339 1423 1555 1485 habent,
1588 1423 1652 1474 ad
1681 1421 1864 1474 confu-

342 1511 547 1564 sionem
583 1511 734 1563 vobis
763 1511 881 1564 dico
905 1511 969 1562 υ.
1007 1529 1026 1562 ›
1051 1511 1172 1578 Agit
1199 1524 1328 1578 ergo
1361 1519 1609 1576 tanquam
1635 1511 1864 1577 prudens

345 1602 678 1668 dispensator
721 1601 862 1653 verbi
900 1617 912 1652 :
947 1609 1000 1654 et
1043 1615 1162 1654 cum
1193 1601 1401 1653 venerit
1451 1600 1516 1652 ad
1551 1614 1612 1652 ea
1664 1599 1776 1651 loca
1811 1599 1860 1651 in

1973 441 2093 507 quis
2126 439 2295 492 ﬁdelis
2341 437 2574 490 famulus
2629 446 2685 490 et
2723 435 2992 503 prudens
3037 446 3066 482 a
3111 444 3254 497 rege
3293 445 3495 495 magno
3546 439 3599 482 et

1972 530 2184 582 domino
2233 544 2328 583 suo
2379 530 2777 582 introducatur
2829 525 2888 578 ir.
2929 523 3247 575 thesauros
3287 519 3495 586 regios,
3547 527 3602 574 et

1970 618 2318 669 ostendantur
2342 617 2389 669 ei
2413 618 2626 669 diversa
2657 623 2714 667 et
2747 625 2965 678 magna
3000 607 3332 668 domicilia,
3371 622 3598 674 quorum

1972 707 2148 758 aditus
2183 706 2315 758 varii
2343 707 2454 758 sint
2479 704 2592 772 (26)
2623 713 2680 757 et
2717 701 2974 765 incerti,
3007 699 3087 750 ita
3123 707 3188 749 ut
3223 697 3277 747 ei
3314 711 3414 763 per
3443 697 3601 748 alium

1972 797 2241 865 ingressus
2268 839 2281 859 ,
2313 806 2365 848 et
2395 811 2491 862 per
2525 795 2695 846 alium
2734 799 3107 846 monstretur
3148 787 3277 858 (2'7)
3305 802 3563 856 egressus
3589 804 3604 851 ;
3634 835 3644 840 -

1972 886 2228 938 interdum
2278 895 2456 937 autem
2497 899 2564 936 ex
2603 883 2848 934 diversis
2908 880 3292 949 ingressibus
3331 878 3402 931 ad
3442 895 3605 931 unum

1970 976 2218 1028 conclave
2253 975 2520 1036 veniatur,
2547 984 2604 1025 ut
2644 987 2798 1040 sarpe
2850 975 2906 1024 in
2943 971 3132 1024 terris
3191 969 3457 1036 quaedam
3493 969 3606 1039 (28)

1970 1062 2209 1115 videmus
2242 1070 2515 1114 exstructa
2555 1059 2762 1125 palatia
2806 1075 2822 1111 :
2857 1057 3225 1113 ostendatur
3262 1059 3437 1110 etiam
3481 1058 3606 1112 huic

1970 1152 2058 1217 qui
2087 1149 2510 1202 circumducitur
2539 1148 2686 1200 ﬁdeli
2735 1147 2955 1200 famqu
3017 1148 3348 1201 thesaurus
3398 1149 3608 1217 argenti

1971 1240 2124 1307 regii,
2148 1249 2207 1292 et
2239 1240 2380 1292 alius
2408 1239 2570 1302 auri,
2606 1237 2857 1304 lapidum
2891 1251 3140 1305 quoque
3176 1249 3235 1290 et
3280 1239 3609 1305 margarita-

1970 1344 2106 1390 rum,
2132 1329 2513 1396 variorumque
2552 1328 2880 1390 monilium,
2916 1342 3213 1394 purpurae
3242 1327 3418 1382 etiam
3456 1327 3614 1393 regia:

1970 1419 2139 1482 locus,
2171 1429 2227 1472 et
2255 1420 2392 1472 alius
2417 1421 2798 1474 diadematum
2845 1439 2859 1474 :
2898 1419 3403 1472 demonstrentur
3435 1419 3608 1472 adhuc

1969 1511 2163 1577 regina:
2197 1509 2417 1562 thalami
2453 1509 2566 1577 (29)
2598 1512 2653 1562 in
2693 1508 2894 1562 multis
2951 1508 3342 1576 diversisque
3372 1507 3609 1561 mansio-

1969 1599 2124 1652 nibus
2147 1598 2325 1666 positi,
2352 1608 2406 1651 et
2441 1608 2622 1652 tamen
2654 1600 2776 1669 (50)
2795 1599 3030 1667 singula
3079 1600 3214 1652 haec
3248 1613 3362 1651 non
3398 1600 3613 1667 penitus

345 1690 537 1759 quibus
567 1692 630 1743 de
661 1689 748 1743 Dei
803 1691 1046 1743 bonitate
1074 1688 1352 1743 dicendum
1383 1699 1462 1742 est
1483 1730 1497 1753 ,
1544 1697 1760 1756 propter
1786 1704 1866 1741 se-
1896 1690 1936 1742 Β
1967 1691 2030 1741 ad
2064 1689 2326 1756 integrum
2375 1691 2694 1756 patentibus
2744 1689 2948 1758 januis
2990 1697 3371 1750 reserentur,
3419 1689 3513 1740 sed
3544 1702 3608 1741 ex

344 1781 555 1848 guiores
580 1795 816 1847 quosque
845 1789 897 1833 et
931 1781 1190 1834 occultius
1220 1782 1330 1833 haec
1363 1790 1414 1833 et
1440 1780 1721 1833 obscurius
1746 1795 1868 1847 pro-

345 1870 466 1931 fert,
499 1881 565 1920 ne
594 1867 752 1930 forte,
784 1877 840 1920 ut
866 1869 1116 1931 diximus,
1148 1868 1360 1922 divitias
1388 1867 1638 1921 bonitatis
1666 1866 1796 1932 ejus,
1815 1876 1869 1920 et

346 1960 617 2028 patientiae
639 2001 654 2024 ,
689 1968 742 2012 et
766 1959 1184 2029 longaniinitatis
1217 1966 1559 2013 contemnant
1585 1997 1599 2021 ,
1633 1966 1685 2010 et
1733 1959 1866 2010 iram

344 2050 446 2101 sibi
479 2051 838 2104 thesaurizent
887 2051 937 2103 in
989 2050 1074 2102 die
1107 2050 1197 2102 ira:
1224 2089 1239 2112 ,
1272 2049 1325 2102 in
1360 2064 1515 2115 quam
1545 2063 1760 2101 necesse
1787 2057 1867 2100 est

347 2141 618 2194 incurrere
642 2155 824 2193 omnes
847 2140 934 2206 qui
978 2140 1078 2192 sibi
1109 2138 1405 2205 bujusmodi
1437 2147 1580 2206 gesta
1609 2137 1869 2191 thesauri-

347 2229 611 2284 zaveriut.
646 2229 818 2283 Etiam
850 2238 906 2284 tu
934 2237 1050 2295 post
1082 2229 1192 2282 haec
1236 2227 1433 2279 videris
1460 2227 1581 2294 quid
1611 2226 1704 2278 ﬁat
1733 2225 1865 2296 (25).

346 2324 448 2377 Sed
476 2334 528 2378 et
559 2325 697 2392 quod
733 2325 825 2386 ait,
863 2342 882 2374 σ
919 2322 1096 2392 Usque
1124 2325 1188 2377 ad
1223 2323 1390 2392 legem
1416 2323 1556 2376 enim
1593 2332 1865 2391 peccatum

346 2422 460 2466 erat
487 2414 539 2464 in
569 2412 671 2465 hoc
690 2411 1040 2481 nmndo(24):
1071 2419 1344 2478 peccatum
1375 2421 1548 2463 autem
1574 2425 1676 2463 non
1705 2410 1869 2476 impu-

346 2509 486 2553 tatur
525 2516 642 2554 cum
695 2502 776 2554 lex
828 2517 929 2553 non
977 2511 1126 2567 est,»
1167 2502 1269 2554 hoc
1326 2501 1536 2553 videtur
1567 2501 1864 2560 ostendere,

347 2594 486 2658 quod
513 2605 680 2662 usque
725 2591 789 2643 ad
817 2591 985 2658 legem
1014 2631 1028 2655 ,
1059 2593 1159 2646 hoc
1190 2601 1291 2654 est,
1323 2605 1599 2659 usquequo
1623 2589 1868 2644 Christus

347 2681 549 2733 veniret
570 2681 655 2737 uni
685 2679 823 2732 tollit
853 2689 1123 2746 peccatum
1152 2681 1332 2732 mundi
1358 2682 1424 2744 ",
1455 2688 1729 2748 peccatum
1753 2689 1866 2732 erat

347 2769 402 2820 in
435 2769 648 2820 mundo.
702 2766 1032 2821 Manifestum
1076 2776 1158 2822 est
1207 2777 1382 2821 autem
1433 2777 1709 2837 peccatum
1762 2783 1866 2820 non

347 2871 503 2926 posse
534 2857 799 2923 imputari,
834 2857 919 2908 ubi
958 2857 1041 2909 lex
1069 2873 1170 2909 non
1199 2867 1280 2912 est
1307 2873 1424 2926 qua:
1456 2868 1645 2926 arguat
1675 2872 1866 2926 pecca-

350 2958 538 3000 torem.
574 2964 591 2996 ι
635 2945 894 3014 Regnavit
924 2956 1096 3000 autem
1129 2961 1303 3009 mors,
1350 2965 1368 2999 ι
1403 2960 1521 3015 quae
1559 2960 1656 3014 per
1680 2961 1866 3014 pecca-

348 3047 455 3089 tum
489 3038 657 3090 fuerat
684 3040 935 3101 ingressa.
973 3055 992 3090 ‹
1027 3053 1193 3107 usque
1223 3040 1286 3092 ad
1319 3039 1550 3108 Moysen,
1583 3058 1602 3091 ι
1634 3039 1737 3094 hoc
1784 3048 1865 3093 est

347 3140 618 3194 usq-nequo
641 3127 727 3178 lex
743 3124 1084 3194 permansim
1103 3129 1156 3180 in
1170 3139 1264 3181 eos
1277 3125 1368 3193 qui
1395 3137 1742 3194 peccaverunt
1779 3142 1865 3181 se-

344 3217 574 3270 cundum
619 3217 1014 3271 similitudinem
1047 3216 1249 3284 peccati
1297 3214 1499 3281 Adam,
1535 3233 1554 3266 ι
1591 3230 1684 3283 per
1708 3230 1863 3284 quem

347 3321 488 3360 mors
526 3307 635 3373 ipsa
667 3306 868 3373 accepit
895 3307 1223 3374 ingressum;
1273 3324 1291 3356 ι
1325 3305 1413 3374 qui
1449 3324 1468 3358 ι
1498 3304 1664 3358 Adam
1699 3323 1717 3356 ι
1754 3303 1864 3358 for-

347 3412 430 3448 ma
462 3397 620 3450 futuri
649 3406 748 3459 est,
789 3416 806 3449 ι
848 3412 949 3449 non
997 3398 1289 3451 secundum
1325 3398 1462 3466 quod
1494 3397 1868 3465 praevaricatus

345 3492 448 3543 est,
478 3483 569 3535 sed
594 3483 883 3536 secundum
911 3485 1010 3537 hoc
1040 3485 1177 3552 quod
1207 3485 1347 3538 sicut
1376 3498 1475 3553 per
1504 3485 1672 3553 ipsum
1704 3499 1867 3547 mors,

347 3572 419 3623 ita
446 3586 538 3639 per
567 3571 909 3624 novissimum
938 3573 1100 3624 Adam
1129 3572 1236 3624 vita
1261 3573 1496 3638 ingressa
1524 3579 1605 3626 est
1647 3573 1698 3624 in
1727 3572 1868 3626 hunc

349 3661 597 3712 mundum
626 3659 671 3691 "
695 3677 713 3712 :
745 3670 798 3714 et
825 3662 959 3715 sicut
987 3675 1081 3728 per
1126 3661 1272 3713 illum
1314 3663 1366 3714 in
1396 3677 1582 3716 omnes
1630 3662 1872 3716 homines

347 3748 718 3801 condemnatio
746 3789 760 3813 ,
793 3751 864 3802 ita
894 3759 948 3802 et
976 3764 1070 3816 per
1096 3751 1364 3804 Christum
1402 3751 1455 3804 in
1485 3766 1669 3805 omnes
1701 3753 1870 3804 homi-

349 3851 443 3890 nes
463 3837 791 3902 justiﬁcatio.
821 3839 941 3893 Haec
965 3841 1026 3893 de
1053 3841 1216 3909 ipsius
1239 3841 1431 3909 eloquii
1452 3840 1727 3909 apostolici
1745 3856 1872 3894 con-

353 3929 570 3981 tineutia
619 3929 759 3982 dicta
791 3930 917 3984 sint.
951 3931 1234 3985 Videamus
1276 3946 1414 3984 nunc
1443 3931 1566 3998 quid
1599 3932 1758 3984 etiam
1791 3931 1872 3983 in-

353 4019 515 4070 terior
539 4018 734 4072 habeat
765 4019 1078 4074 intellectus.
1118 4019 1221 4073 Sed
1257 4029 1310 4073 et
1335 4019 1463 4073 illud
1488 4021 1660 4088 primo
1686 4021 1734 4072 in
1757 4019 1872 4072 loco

349 4106 739 4160 admonendum
793 4119 941 4176 puto,
983 4111 1121 4176 quod
1169 4109 1376 4162 videtur
1425 4109 1556 4161 mihi
1605 4109 1872 4177 apostolus

348 4196 540 4251 Paulus
567 4199 618 4250 in
645 4201 728 4253 his
753 4201 1014 4268 praecipue
1041 4199 1170 4252 locis
1195 4214 1310 4266 qua:
1351 4213 1492 4252 nunc
1521 4197 1780 4251 habentur
1811 4197 1866 4250 in

421 4329 464 4359 ¹⁹
499 4329 516 4381 l
552 4330 675 4382 Cor.
706 4345 793 4387 xv.
825 4329 894 4382 22
917 4369 934 4392 ,
966 4329 1055 4382 24.
1167 4329 1211 4360 ’°
1245 4327 1397 4382 Rom.
1430 4344 1503 4392 ιι,
1531 4329 1586 4394 4,
1610 4330 1663 4383 5.

349 4396 394 4426 ’⁸
418 4394 434 4446 1
462 4397 586 4450 Cor.
617 4412 737 4460 xm,
768 4398 922 4462 9,12.

420 4506 528 4576 (20)
559 4505 766 4559 Omnes.
803 4507 954 4576 Deest
978 4509 1028 4560 in
1057 4506 1207 4576 libris
1240 4518 1391 4560 antea
1416 4508 1592 4562 editis.

421 4575 531 4643 (2i)
563 4576 667 4628 [ne
701 4587 746 4627 et
787 4575 1127 4629 reuelationis.
1157 4575 1279 4630 litae
1309 4577 1496 4630 desunt
1541 4577 1592 4629 in
1628 4577 1787 4631 editis
1815 4586 1868 4631 ct

349 4646 404 4698 iu
431 4645 696 4710 plerisque
723 4658 847 4696 mss.

417 4713 527 4780 (es)
559 4711 713 4772 Editi,
743 4729 763 4762 ι
807 4712 926 4764 ﬁde.
959 4729 978 4762 ι

420 4782 532 4852 (25)
564 4781 733 4852 Alias,
759 4799 776 4830 ι
806 4795 1014 4852 omnem
1043 4781 1222 4852 gub...
1250 4781 1643 4852 thesaurizavit,
1658 4783 1866 4838 etiamsi

354 4847 473 4914 post
500 4847 610 4902 lucc
641 4847 851 4902 Judaaus
881 4851 1003 4915 quis
1039 4849 1159 4914 ﬁat;
1198 4869 1215 4901 ι
1253 4850 1346 4912 al.,
1381 4869 1400 4902 α
1437 4847 1648 4904 omnem
1680 4853 1864 4916 qui....

356 4918 748 4987 thesaurizavit,
780 4917 986 4970 etiamsi
1025 4927 1138 4986 post
1170 4919 1279 4970 haec
1315 4921 1511 4973 videris
1539 4921 1659 4987 quis
1687 4920 1795 4972 ﬁat.
1841 4939 1861 4972 ι

355 4985 458 5037 Sed
491 4997 632 5037 recte
660 5000 757 5040 ms.
787 5000 922 5038 unus
944 4995 1000 5038 ut
1026 4985 1084 5037 in
1114 4999 1297 5039 nostro
1329 4997 1491 5039 textu.

425 5053 536 5120 (24)
558 5053 724 5124 Alias,
761 5070 780 5102 ι
811 5069 974 5121 usque
1000 5057 1066 5108 ad
1110 5054 1275 5123 legem
1312 5067 1483 5109 autem
1513 5067 1786 5124 peccatum
1816 5056 1870 5109 in

355 5117 454 5170 hoc
479 5122 692 5184 tnuudo,
728 5141 746 5170 ι
781 5130 883 5174 etc.

427 5187 536 5260 (2§)
569 5189 789 5260 _Editi,_c
823 5189 893 5241 ita
921 5191 1384 5260 etquodammodo
1408 5191 1510 5247 hoc
1537 5192 1702 5260 loqui.
1742 5209 1762 5243 ›

360 5255 537 5371 misti)
559 5253 695 5308 Sint.
723 5253 1154 5312 l’rteterniit'titur
1184 5260 1237 5313 in
1259 5260 1415 5316 editis
1443 5274 1497 5316 et
1526 5263 1576 5316 in
1603 5253 1870 5330 plerisque

432 5387 536 5452 (27)
567 5388 726 5451 Edili,
755 5409 772 5440 ι
807 5391 1151 5447 ministretur.
1194 5414 1213 5447 ι

432 5455 536 5519 (28)
584 5456 746 5520 Alias,
773 5482 814 5534 ἰ
867 5463 1137 5534 quaedam;
1181 5483 1200 5515 ι
1240 5464 1333 5524 al.,
1368 5485 1385 5515 ι
1419 5481 1666 5534 qumque;
1703 5484 1721 5516 ι
1770 5465 1862 5530 aL,

369 5535 388 5566 ι
425 5535 660 5586 duoque;
690 5542 709 5572 ι
741 5525 830 5588 al.,
864 5544 882 5575 ι
915 5529 1052 5581 inter
1083 5545 1320 5600 quaeque.
1362 5552 1380 5582 ι

1762 4331 1802 4360 ²¹
1834 4328 1854 4381 1
1882 4329 2005 4384 Cor.
2039 4346 2130 4397 xv,
2165 4333 2255 4398 55,
2288 4334 2378 4388 54.

1967 1791 2116 1848 parte
2145 1781 2446 1848 subapertis
2477 1781 2552 1832 ita
2603 1790 2665 1833 ut
2697 1788 2983 1846 agnoscat
3020 1778 3160 1849 (51)
3226 1779 3458 1846 quidem
3493 1781 3606 1834 the-

1967 1885 2154 1924 sauros
2183 1870 2503 1930 dominicos,
2531 1879 2586 1922 et
2617 1870 2805 1938 regias
2842 1883 3017 1936 opes,
3060 1884 3184 1922 nec
3225 1879 3420 1922 tamen
3457 1870 3521 1922 ad
3547 1869 3608 1922 li-

1968 1960 2181 2024 quidam
2217 1967 2270 2012 et
2296 1957 2362 2010 ad
2403 1957 2710 2026 perfectum
2733 1958 2967 2027 singula
3001 1973 3271 2026 quaeque
3293 1971 3608 2028 cognoscat.

1969 2051 2091 2102 Post
2124 2049 2235 2103 haec
2269 2064 2397 2102 vero
2429 2050 2534 2102 iste
2565 2064 2758 2102 servus
2795 2049 2898 2117 qui
2957 2058 3090 2102 tam
3153 2049 3350 2104 ﬁdelis
3396 2050 3608 2104 habitus

1968 2151 2088 2202 est,
2135 2149 2190 2192 ut
2219 2139 2267 2193 ei
2303 2154 2392 2192 rex
2422 2149 2479 2192 et
2515 2139 2778 2193 dominus
2810 2155 3001 2207 opum
3041 2156 3300 2194 suarum
3336 2144 3604 2210 magnitu-

1968 2231 2144 2284 dinem
2191 2230 2379 2282 iecerit
2411 2229 2761 2283 innotescere
2795 2230 2946 2299 (52),
2984 2231 3282 2285 mittatur
3313 2240 3377 2285 ut
3400 2232 3607 2285 exemi-

1969 2330 2076 2373 tum
2103 2327 2392 2388 congreget
2439 2320 2550 2385 regi
2599 2319 2739 2387 (55),
2771 2320 3086 2373 delectum
3125 2322 3368 2384 habeat,
3413 2323 3604 2375 milites

1967 2411 2152 2479 probet
2193 2427 2208 2463 :
2245 2424 2339 2478 pro
2367 2421 2432 2462 eo
2462 2409 2681 2475 quidem
2711 2411 2846 2476 quia
2891 2411 3104 2463 ﬁdelis
3139 2420 3235 2464 est
3263 2451 3284 2477 ,
3336 2422 3397 2464 ιιι
3431 2412 3604 2480 plures

1967 2500 2151 2552 invitet
2181 2499 2246 2551 ad
2285 2498 2646 2561 militandum,
2678 2509 2736 2550 et
2773 2500 3076 2566 majorem
3117 2501 3445 2556 exercitum
3476 2517 3600 2554 con-

1967 2599 2150 2658 greget
2181 2590 2312 2656 regi,
2353 2592 2732 2642 necessitatem
2769 2591 3047 2655 patietur
3086 2593 3366 2660 proferre
3393 2592 3504 2662 (54)
3533 2607 3592 2645 ex

1967 2685 2114 2744 parte
2142 2691 2258 2743 qua:
2287 2676 2480 2729 viderit
2514 2692 2526 2728 :
2561 2685 2616 2729 et
2660 2692 2896 2730 rursum
2933 2681 3090 2748 quia
3131 2683 3394 2748 prudens
3417 2692 3520 2744 est,
3550 2690 3599 2734 et

1966 2768 2066 2822 scit
2088 2768 2443 2821 necessarium
2478 2782 2599 2821 esse
2641 2747 3406 2844 abscondere'mysterium
3435 2775 3597 2842 regis,

1967 2857 2178 2910 iudiciis
2223 2857 2545 2924 quibusdam
2586 2859 2765 2926 magis
2809 2874 3001 2927 quam
3048 2864 3442 2919 relationibus
3490 2877 3598 2918 ute-

1971 2955 2087 3009 tur;
2119 2945 2280 2998 itaut
2321 2946 2558 3013 potentia
2593 2948 2824 3014 quidem
2863 2952 3040 3019 regis
3086 2969 3212 3008 non
3252 2955 3468 3020 lateat;
3515 2970 3599 3008 or-

1969 3037 2108 3090 dinis
2134 3044 2309 3088 autem
2341 3074 2356 3098 ,
2384 3047 2547 3102 atque
2575 3046 2812 3090 ornatus
2846 3041 3102 3108 palatii,
3149 3055 3211 3100 et
3240 3047 3469 3101 habitus
3510 3063 3599 3100 oc-

1968 3125 2107 3177 culta
2143 3134 2316 3176 tamen
2347 3134 2565 3178 tuaneat
2614 3127 2990 3195 dispensatio
3022 3134 3182 3204 (55).
3242 3137 3323 3191 lta
3358 3153 3505 3204 ergo,
3545 3145 3597 3189 te:

1970 3214 2102 3275 dixi,
2138 3215 2350 3266 videtur
2382 3214 2512 3268 mihi
2559 3217 2729 3270 etiam
2786 3225 3113 3286 apostolus
3154 3227 3374 3282 Paulus
3417 3229 3469 3283 in
3518 3229 3596 3283 bis

1967 3303 2302 3356 sermonibus
2349 3302 2531 3358 facere
2557 3344 2572 3368 ,
2620 3314 2676 3358 et
2716 3322 2828 3360 non
2868 3313 3084 3368 solum
3127 3333 3238 3384 pro
3273 3335 3343 3372 eo
3385 3321 3521 3387 quod
3550 3328 3598 3371 et

1967 3393 2080 3459 ipse
2111 3394 2241 3445 dicit
2267 3433 2282 3458 ,
2311 3394 2435 3460 quia
2469 3409 2534 3446 ex
2564 3405 2724 3462 parte
2754 3399 2914 3452 sciat
2941 3442 2962 3468 ,
2997 3415 3064 3456 et
3099 3421 3176 3459 ex
3217 3420 3383 3477 parte
3409 3425 3598 3479 cogno-

1965 3491 2080 3533 scat
2121 3483 2186 3545 “,
2215 3483 2306 3535 sed
2333 3492 2390 3536 et
2417 3494 2639 3552 prepter
2680 3501 2784 3541 nos
2830 3492 2937 3558 qui
2978 3511 3099 3550 nee
3128 3513 3198 3550 ea
3234 3502 3457 3567 quidem
3490 3516 3595 3568 qua:

1967 3585 2029 3624 ex
2057 3581 2208 3638 parte
2231 3572 2335 3624 scit
2367 3587 2563 3641 capere
2598 3591 2937 3646 possumus,
3000 3593 3351 3655 temperare
3397 3605 3592 3645 sermo-

1969 3675 2107 3722 nem,
2138 3669 2192 3714 et
2221 3660 2380 3730 556
2401 3663 2838 3731 uniuscujusque
2866 3674 3168 3730 conclave
3210 3681 3463 3748 mysterii
3492 3678 3590 3746 (56)

1966 3749 2188 3817 singulis
2237 3759 2329 3802 aut
2376 3750 2464 3803 vix
2501 3751 2645 3806 binis
2693 3760 3117 3830 perstringere
3170 3777 3234 3820 et
3285 3769 3594 3838 subaperire

1967 3839 2304 3892 sermonibus
2351 3855 2366 3892 :
2418 3851 2472 3892 et
2504 3856 2650 3896 nunc
2679 3857 2786 3911 per
2818 3861 3015 3904 unum
3060 3857 3292 3911 aditum
3331 3859 3595 3928 ἰιιειιεεδυι

1968 3945 2063 3999 per
2096 3931 2258 3984 alium
2285 3933 2513 4001 digredi,
2546 3951 2692 3990 nunc
2723 3954 2798 3993 ex
2825 3942 2950 3997 alio
3003 3946 3330 4019 ingressus
3358 3955 3424 4006 ad
3456 3952 3588 4006 aliud

1967 4022 2214 4074 conclave
2247 4037 2613 4089 concurrere,
2668 4028 2744 4080 ita
2781 4040 2848 4083 ut
2890 4035 2946 4087 si
2997 4044 3286 4108 requiras
3333 4057 3459 4096 eum
3511 4042 3595 4094 illo

1968 4110 2109 4202 aditu
2158 4125 2264 4178 quo
2315 4112 2594 4181 ingressus
2622 4127 2748 4180 est,
2805 4135 2924 4176 non
2968 4126 3254 4185 invenias
3295 4145 3592 4202 egressum.

1972 4199 2097 4252 Hace
2127 4213 2254 4268 ergo
2287 4203 2438 4268 pri-us
2465 4203 2532 4257 de
2561 4206 2646 4258 his
2662 4221 2790 4274 quae
2821 4207 3055 4270 Paulus
3083 4199 3400 4287 scribit,in
3429 4231 3598 4274 mente

2492 4339 2538 4368 ²¹
2564 4338 2728 4392 Joan.
2761 4355 2804 4404 ι,
2841 4342 2948 4400 29.
3082 4351 3133 4381 ³³
3161 4351 3179 4405 l
3211 4353 3349 4407 Cor.
3379 4368 3470 4419 xv,
3512 4350 3595 4404 22.

1899 4489 1940 4542 D
2039 4509 2150 4649 (29;
2177 4509 2276 4566 Ms.
2313 4530 2470 4580 unus,
2506 4535 2524 4568 ι
2561 4518 2692 4587 regii
2740 4521 3014 4582 thalami.
3056 4547 3078 4581 ›

2062 4581 2128 4632 50
2207 4580 2418 4638 Tamen.
2461 4585 2554 4639 Sic
2605 4597 2756 4642 recte
2809 4608 2925 4649 ms.
2986 4613 3078 4649 uni

2062 4580 2418 4663 30)‘Talnz.en.
2461 4585 2554 4663 Sic
2605 4580 2756 4642 r'ecte
2809 4608 2925 4649 ms.
2986 4580 3198 4663 unus;
3248 4600 3440 4654 caueri
3476 4613 3598 4653 vero

1979 4662 2107 4700 mss.
2141 4658 2194 4702 et
2220 4652 2371 4715 edi-ti,
2413 4670 2433 4702 ι
2465 4662 2616 4707 tunc.
2657 4673 2676 4705 ι

2043 4716 2148 4792 (ξι)
2182 4718 2344 4792 Editi,
2379 4737 2400 4770 ι
2433 4733 2527 4792 aut
2564 4738 2864 4792 agnoscat.
2906 4749 2929 4782 ι
2972 4735 3156 4790 male.

2041 4785 2150 4856 (52)
2183 4787 2351 4856 Abas,
2387 4807 2405 4838 ι
2436 4785 2642 4845 ίίιςειεῖι
2673 4785 3136 4856 innotescerefs

2041 4853 2153 4992 (5-3)
2197 4854 2345 4924 Regi.
2380 4857 2542 4937 Deest
2572 4861 2626 4913 iu
2667 4865 2844 4920 editis
2883 4853 3432 4939 etiuﬁq'uibusdam
3466 4889 3593 4926 mss.

2063 4921 2152 4990 54)
2179 4919 2249 4976 Ει
2293 4941 2551 4992 majorem
2576 4969 2592 4992 ,
2628 4941 2741 4987 etc.
2776 4933 2934 4990 Editi
2961 4977 2980 4992 .
3017 4959 3037 4991 ι
3071 4944 3359 4992 [tutiorem
3391 4947 3593 4992 exerci-

2063 4919 2592 5011 διυῐιςχηᾳροτενη,
2628 4941 2741 4987 etc.
2776 4919 2934 5011 Editi
2961 4919 3044 5001 ,Ἰ
3071 4919 3600 5011 ιῖιῖιὶῖιῖἑίἰῖἒὶὲἑέἷξ

1973 5001 2604 5079 ξιξιιιλθξιῇεΐςββινΐεειιὶ,
2655 5007 3061 5079 necessitatem
3115 5001 3381 5079 patietur
3432 5013 3597 5064 κιαι·-

1971 5072 2051 5148 [et
2085 5061 2539 5148 {Lelegb‘lerlinu's
2566 5061 2637 5148 ,ᾖ
2676 5061 3594 5148 majorem?exercitu—urcougre-

1970 5128 2176 5214 ἔξεο-11
2192 5130 2346 5214 regni
2397 5128 2821 5214 necessitatem,
2857 5128 3120 5212 patietur

1970 5194 2286 5278 Setlp‘m‘nnes
2315 5215 2450 5256 mss.
2477 5205 2624 5278 utin
2657 5194 3066 5268 nostrortveixt‘u:

2008 5264 2343 5355 dim-alias,
2379 5275 2721 5355 e‘ordiuatio
2745 5264 3190 5355 atque-ornatus
3231 5303 3252 5336 ι
3282 5286 3413 5355 (aL.
3455 5303 3478 5337 ε
3506 5300 3592 5337 οτ-

1969 5327 2110 5422 ξξὲξξξὲ
2133 5327 2353 5422 {simul
2382 5349 2548 5422 atque
2594 5327 3201 5422 οιὲέίέιῑιὶξῆιῖιὶιῖἵὶῖ
3231 5327 3478 5409 istas;
3503 5327 3594 5406 δὲ-

1973 5399 2229 5476 culmum}
2239 5415 2360 5476 neat
2383 5399 2762 5476 dispensatio.
2776 5399 2818 5472 *Α

2039 5467 2419 5562 (PtiLEflitiLe
2453 5467 2755 5562 conclavis
2791 5467 3158 5562 mysterium;
3192 5509 3218 5544 ι
3258 5493 3365 5547 sed
3399 5506 3589 5548 omnes

1970 5547 2096 5587 lllSS.
2135 5548 2191 5591 ιιι
2214 5547 2268 5594 in
2302 5555 2489 5602 liOSll’O
2517 5560 2699 5610 textu.
