3836 6226
333 300 485 358 {009

1278 305 1623 360 COMMENT.
1666 304 1727 358 IN
1766 304 1980 361 EPIST.
2011 306 2097 357 AD
2134 301 2448 358 ΠΟΜᾸΛΒ.
2488 305 2547 358 ν.

3373 312 3510 365 1011)

333 424 534 468 nostra
569 424 732 482 atque
756 417 948 470 animis
970 419 1300 484 ordinantes,
1331 423 1596 489 nunciam
1627 423 1690 474 ad
1717 423 1880 489 inspi-
1906 427 1954 483 Α
1980 423 2126 486 Alias,
2178 437 2296 475 cum
2327 421 2504 475 adhuc
2545 429 2684 476 esset
2725 421 2776 474 in
2809 419 3086 489 paradiso;
3121 430 3174 476 et
3199 437 3382 479 omnes
3415 427 3508 481 lio-

331 505 542 555 cienda
573 512 628 556 et
657 508 958 559 contuenda
984 522 1045 560 ea
1093 523 1208 575 qua:
1241 509 1291 560 in
1321 511 1562 564 manibus
1592 511 1874 573 habentur,

329 608 439 662 pro
475 595 682 648 viribus
711 606 1105 649 convertamur.
1141 598 1203 650 Et
1235 601 1409 666 primo
1442 601 1720 654 videamus
1749 617 1882 669 quo-

331 683 510 735 modo
556 700 575 732 ι
623 697 718 752 per
752 701 910 737 unum
949 687 1214 739 hominem
1262 699 1535 754 peccatum
1567 691 1796 745 introivit
1830 692 1878 743 in

328 771 491 824 hunc
518 776 794 836 mundum,
818 784 872 826 et
898 791 992 844 per
1025 785 1297 844 peccatum
1336 791 1480 832 mors
1517 780 1583 831 ".
1617 799 1634 831 ι
1667 780 1882 835 Fortas-

327 861 414 914 sis
442 861 594 914 enim
622 863 861 930 requirat
885 864 1096 932 aliquis,
1132 850 1176 918 si
1203 876 1327 920 ante
1355 867 1524 920 Adam
1557 867 1743 922 mulier
1763 885 1884 938 pec-

325 951 512 1017 cavit,
546 954 613 1007 de
639 968 743 1021 qua
776 954 988 1018 dicitur,
1017 957 1141 1024 quia
1166 973 1187 1008 ι
1230 958 1446 1011 seducta
1473 958 1526 1012 in
1562 960 1884 1026 praevarica-

328 1041 496 1094 tione
525 1042 665 1096 l'acta
691 1053 773 1097 est
807 1046 885 1107 ";
925 1065 942 1096 ι
978 1056 1030 1099 et
1056 1062 1260 1100 rursum
1297 1057 1420 1102 ante
1450 1051 1618 1116 ipsam
1648 1050 1885 1116 peccavit

326 1145 598 1198 serpens.
630 1133 871 1186 Peccavit
901 1136 1040 1188 enim
1067 1150 1187 1189 cum
1219 1136 1354 1190 dixit
1382 1139 1588 1192 mulieri
1611 1161 1621 1192 ;
1644 1155 1663 1188 ι
1694 1138 1885 1203 thuid

330 1222 451 1275 hoc
482 1223 622 1275 dixit
663 1223 823 1290 Deus,
860 1234 918 1276 ut
948 1240 1049 1277 non
1096 1226 1425 1280 manducetis
1458 1227 1521 1280 de
1553 1228 1693 1281 omni
1745 1227 1886 1292 ligno

327 1312 586 1378 paradisi
613 1314 657 1343 "
679 1313 705 1364 τ
740 1332 758 1363 ι
801 1313 865 1366 Et
897 1314 1086 1366 iterum
1128 1315 1390 1383 peccavit,
1421 1331 1542 1368 cum
1578 1315 1714 1369 Deus
1743 1317 1886 1370 dixe-

327 1400 412 1453 rit
452 1399 571 1469 (57)
599 1441 614 1464 ,
646 1402 769 1468 quia
809 1420 828 1452 ι
864 1416 1176 1470 quacunque
1205 1403 1290 1456 die
1343 1403 1792 1457 manducaveritis
1819 1419 1885 1457 ex

323 1505 428 1555 eo,
465 1500 644 1545 morte
669 1492 1055 1556 moriemini",
1099 1510 1118 1543 ι
1151 1502 1204 1547 et
1245 1493 1332 1546 ille
1370 1493 1565 1547 dixerit
1590 1495 1654 1547 ad
1701 1495 1888 1547 mulie.

323 1598 455 1638 rem
495 1602 510 1637 :
551 1601 571 1635 ι
609 1583 723 1639 Νοιι
769 1595 941 1640 morte
973 1587 1311 1650 moriemini;
1373 1589 1468 1641 sed
1504 1586 1703 1641 sciebat
1747 1588 1886 1641 Deus

321 1679 466 1746 quia
527 1692 844 1746 quacunque
894 1678 977 1730 die
1026 1677 1465 1729 manducaveritis
1512 1692 1575 1729 ex
1616 1691 1714 1738 eo,
1755 1689 1882 1743 ape-

1979 515 2152 567 ~mines
2175 529 2292 567 cum
2311 512 2422 580 ipso
2447 512 2529 566 vel
2559 513 2610 564 iu
2637 512 2752 579 ipso
2775 511 2978 578 expulsi
3003 522 3124 566 sunt
3149 514 3215 570 de
3237 517 3506 582 paradiso,

1981 620 2098 658 cum
2144 604 2256 672 ipse
2296 603 2417 655 inde
2449 602 2700 670 depulsus
2748 611 2864 666 est;
2909 610 2962 654 et
3008 616 3101 669 per
3136 601 3306 670 ipsum
3343 619 3503 666 mors,

1982 713 2101 766 quas
2130 697 2177 750 ei
2208 711 2272 749 ex
2305 690 2738 762 praevaricatione
2770 701 3009 755 venerat,
3045 703 3428 761 consequenter
3453 707 3507 748 et

1981 787 2034 840 in
2066 801 2159 840 eos
2187 783 2496 852 pertransiit
2519 782 2607 851 qui
2652 783 2704 835 in
2746 782 2936 838 lumbis
2979 782 3093 848 ejus
3130 783 3502 848 habebantur;

1979 886 2035 931 et
2068 877 2184 930 ideo
2209 886 2348 928 recte
2375 872 2657 940 Apostolus
2684 872 2844 925 dicit:
2880 891 2898 922 ι
2927 872 3075 926 Sicut
3101 873 3239 926 enim
3267 873 3318 926 in
3340 873 3505 927 Adam

1981 979 2166 1017 omnes
2194 961 2513 1022 moriuntur,
2545 959 2617 1012 ita
2645 969 2699 1011 et
2727 958 2781 1010 in
2809 957 3022 1012 Christo
3053 973 3238 1012 omnes
3270 960 3506 1012 viviﬁca-

1982 1053 2178 1105 buntur
2203 1051 2269 1104 ³⁸.
2308 1068 2326 1101 ι
2359 1047 2538 1115 Neque
2557 1060 2682 1115 ergo
2726 1059 2790 1098 ex
2817 1055 3060 1114 serpente
3103 1047 3193 1114 qui
3237 1056 3360 1100 ante
3389 1062 3504 1100 mu-

1983 1142 2162 1194 lierem
2205 1145 2538 1207 peccaverat,
2572 1150 2744 1202 neque
2780 1149 2844 1187 ex
2881 1134 3103 1188 muliere
3131 1149 3248 1202 qua:
3278 1142 3403 1187 ante
3431 1135 3507 1186 vi-

1984 1245 2100 1282 rum
2137 1230 2186 1281 in
2216 1226 2653 1296 praevaricatione
2683 1223 2827 1277 facta
2874 1232 2958 1277 est
2988 1224 3055 1286 ³⁸,
3080 1224 3171 1277 sed
3204 1239 3301 1292 per
3337 1224 3504 1276 Adam

1980 1332 2048 1370 ex
2081 1332 2188 1385 quo
2234 1330 2416 1370 omnes
2451 1313 2702 1368 mortales
2737 1315 2998 1382 originem
3045 1313 3279 1376 ducunt,
3313 1314 3509 1366 dicitur

1983 1406 2229 1459 introisse
2263 1411 2554 1473 peccatum,
2586 1412 2640 1455 et
2669 1416 2764 1470 per
2796 1411 3067 1469 peccatum
3100 1417 3264 1456 mors.
3301 1402 3403 1456 Sed
3425 1403 3509 1456 hic

1985 1495 2234 1547 nimirum
2268 1502 2348 1546 est
2381 1505 2517 1544 unus
2539 1491 2698 1544 homo
2718 1504 2810 1556 per
2833 1504 2990 1557 quem
3017 1499 3290 1557 peccatum
3322 1491 3511 1544 introi-

1983 1583 2080 1646 vit,
2107 1593 2162 1636 et
2191 1595 2286 1649 per
2323 1589 2598 1649 peccatum
2632 1593 2777 1632 mors
2802 1577 2868 1638 ³⁷,
2919 1592 3076 1643 quem
3127 1585 3181 1629 et
3217 1577 3342 1630 alibi
3395 1580 3510 1645 ipse

1984 1668 2267 1735 Apostolus
2289 1667 2397 1738 (40)
2419 1667 2549 1719 dicit
2588 1667 2812 1733 primum
2838 1667 3104 1717 hominem
3131 1667 3194 1718 de
3230 1675 3368 1718 terra
3405 1675 3510 1719 ter-

323 1743 561 1820 rientur
587 1767 727 1821 oculi
759 1743 950 1828 vestri,
989 1775 1043 1818 ct
1073 1765 1218 1818 eritis
1260 1765 1394 1819 sicut
1428 1765 1499 1818 dii
1528 1765 1756 1818 scientes
1786 1764 1884 1818 bo-
1912 1743 1956 1798 Β
1983 1771 2166 1810 renum
2189 1795 2204 1820 9
2237 1756 2524 1810 secundum
2556 1770 2679 1810 vero
2727 1756 2790 1808 de
2834 1755 2972 1808 εωιο
3016 1756 3292 1810 εωίθειθπι
3324 1796 3340 1820 ν
3387 1773 3507 1810 cum

326 1859 472 1899 num
503 1856 561 1900 et
583 1848 777 1900 malum
811 1851 875 1901 ι’.
910 1869 928 1901 ι
963 1849 1017 1903 Si
1053 1866 1180 1918 ergo
1211 1861 1332 1906 ante
1363 1855 1527 1906 Adam
1556 1854 1746 1909 mulier
1768 1869 1886 1922 pec-

321 1936 515 1996 cavit,
557 1943 614 1988 et
644 1947 769 1991 ante
803 1939 1078 1992 mulierem
1105 1955 1343 2007 serpens,
1373 1951 1428 1996 et
1458 1941 1512 1995 in
1537 1943 1643 1996 alio
1670 1942 1792 1997 loco
1814 1945 1887 1998 di-

323 2025 414 2078 (:it
444 2025 739 2094 Apostolus
766 2066 780 2089 ,
811 2029 936 2094 quia
972 2046 988 2078 ι
1022 2029 1186 2082 Adam
1220 2044 1322 2084 nou
1353 2040 1435 2085 est
1472 2033 1738 2096 seductus,
1765 2049 1882 2086 mu-

325 2113 447 2167 iier
493 2125 674 2169 autem
726 2117 941 2170 seducta
987 2127 1069 2171 est
1109 2118 1175 2183 ⁸⁰,
1232 2137 1250 2169 ι
1297 2121 1560 2189 quomodo
1602 2136 1698 2190 per
1723 2139 1883 2176 unum

322 2205 643 2268 hominem,
669 2215 722 2260 et
750 2221 852 2260 non
885 2209 1053 2277 magis
1075 2223 1172 2275 per
1195 2224 1353 2263 nnam
1388 2211 1658 2265 mulierem
1686 2211 1887 2266 videbi-

327 2305 433 2350 tur
481 2297 736 2353 introisse
781 2301 1100 2366 peccatum?
1146 2302 1185 2353 A
1233 2302 1452 2356 muliere
1485 2304 1625 2357 enim
1667 2303 1874 2357 initium

325 2388 554 2452 peccati
575 2426 590 2448 ,
637 2399 691 2441 et
735 2397 858 2442 ante
886 2389 1160 2442 mulierem
1194 2404 1223 2442 a
1268 2399 1534 2460 serpente,
1568 2393 1681 2446 sive
1708 2407 1738 2446 a
1772 2393 1886 2445 dia-

324 2477 493 2538 bolo,
528 2478 595 2531 de
623 2493 729 2546 quo
769 2479 964 2532 dicitur
1001 2482 1053 2532 in
1085 2480 1376 2549 Evangelio
1399 2523 1412 2544 ,
1452 2483 1572 2551 quia
1608 2501 1626 2534 ι
1663 2483 1750 2536 ille
1788 2483 1885 2536 ho-

327 2567 549 2621 micida
577 2577 696 2620 erat
718 2568 786 2622 ab
818 2569 968 2622 initio
994 2569 1056 2621 ³¹.
1098 2589 1116 2620 ι
1154 2572 1257 2625 Sed
1287 2569 1408 2624 vide
1440 2572 1490 2623 in
1520 2573 1601 2625 his
1658 2571 1887 2640 Aposto-

329 2658 458 2710 lum
505 2667 716 2710 natura:
741 2660 980 2712 ordinem
1025 2661 1279 2725 tenuisse,
1312 2669 1367 2713 ct
1400 2660 1516 2714 ideo
1541 2663 1790 2731 quoniam
1825 2663 1888 2715 de

326 2757 572 2815 peccato
601 2746 937 2812 loquebatur.
962 2764 1024 2802 ex
1055 2765 1159 2817 quo
1185 2765 1324 2805 mors
1350 2752 1401 2804 in
1432 2766 1616 2805 onines
1644 2752 1888 2806 homines

326 2835 742 2904 pertransierat
774 2835 838 2899 ³¹,
863 2838 1257 2892 successionem
1291 2841 1613 2908 posteritatis
1645 2840 1888 2895 humanm

327 2941 469 2991 qum
498 2924 626 2978 huic
656 2925 814 2978 morti
847 2927 1130 2979 succubuit
1165 2942 1228 2981 ex
1264 2938 1483 2998 peccato
1503 2930 1883 2994 venienti,uon

329 3013 564 3066 mulieri
594 3014 837 3076 ascribit,
861 3015 952 3068 sed
980 3015 1114 3068 viro.
1149 3015 1262 3069 Non
1287 3017 1427 3070 enim
1455 3033 1517 3072 ex
1552 3018 1769 3071 muliere
1793 3035 1887 3086 po-

327 3104 593 3166 steritas,
618 3105 710 3158 sed
747 3121 812 3160 ex
859 3105 974 3158 viro
1001 3106 1323 3171 nominatur,
1362 3105 1498 3160 sicut
1529 3118 1582 3161 et
1611 3109 1723 3175 ipse
1744 3110 1908 3176 Apo-.

327 3196 522 3250 stolus
557 3193 669 3262 ('58)
712 3195 762 3247 in
807 3194 926 3248 aliis
971 3196 1140 3250 dicit:
1189 3216 1207 3248 ι
1256 3197 1367 3250 Νοιι
1397 3198 1537 3252 enim
1585 3209 1669 3252 est
1711 3199 1794 3252 vir
1822 3215 1886 3254 ex

337 3283 607 3345 muliere,
640 3284 731 3336 sed
776 3283 968 3336 mulier
989 3299 1054 3337 ex
1088 3285 1235 3350 viro;
1277 3305 1296 3336 ι
1331 3296 1383 3338 et
1421 3288 1610 3340 iterum
1644 3303 1658 3340 :
1691 3305 1709 3337 ι
1745 3285 1890 3341 Sicut

328 3373 497 3426 enim
533 3369 727 3423 mulier
758 3385 823 3424 ex
863 3371 976 3424 viro
1002 3411 1017 3435 ,
1051 3375 1118 3425 ita
1145 3385 1198 3426 et
1225 3374 1308 3425 vir
1343 3393 1362 3426 ι
1397 3389 1501 3427 non
1527 3390 1590 3428 ex
1623 3375 1846 3430 muliere
1871 3417 1886 3440 ,

329 3461 440 3515 sed
475 3477 494 3511 ι
522 3475 622 3529 per
646 3459 921 3514 mulierem
949 3462 1032 3525 ³³;
1072 3480 1090 3511 ι
1117 3471 1170 3515 et
1207 3462 1274 3515 ob
1307 3461 1408 3516 hoc
1443 3463 1680 3517 mortalis
1712 3473 1889 3531 poste-

330 3553 520 3615 ritas,
573 3558 629 3601 et
685 3548 974 3616 corporalis
1025 3553 1336 3614 successio,
1389 3549 1502 3603 viro
1552 3551 1726 3618 potius
1775 3559 1889 3604 tan-

330 3655 514 3710 quam
549 3638 662 3709 (59)
709 3639 935 3702 auctori,
974 3649 1029 3692 et
1068 3655 1171 3692 non
1204 3640 1406 3692 mulieri
1433 3640 1731 3708 deputatur.
1779 3639 1884 3694 Sed

331 3742 401 3782 ut
452 3726 637 3779 adhuc
686 3725 984 3778 evidentius
1036 3725 1128 3778 ﬁat
1156 3725 1296 3792 quod
1329 3726 1594 3790 dicimus,
1639 3728 1891 3782 addemus

331 3820 512 3874 etiam
547 3817 653 3869 ’lioc
696 3815 837 3882 quod
885 3815 1021 3869 idem
1052 3817 1332 3882 Apostolus
1374 3815 1439 3868 ad
1471 3815 1720 3870 Hebraeos
1749 3819 1888 3870 scri-

333 3909 425 3962 iiit
459 3905 507 3936 “
539 3922 552 3957 :
586 3923 604 3954 ι
643 3903 743 3957 Sed
767 3913 821 3958 et
851 3903 978 3957 Levi
1008 3905 1098 3970 qui
1141 3904 1373 3957 decimas
1402 3904 1626 3970 accepit,
1657 3905 1888 3962 decima-

337 4008 437 4049 tus
471 4003 579 4048 est.
617 3993 801 4047 Adhuc
838 3994 978 4046 enim
1009 3993 1059 4045 in
1085 3992 1278 4046 lumbis
1303 3991 1467 4060 patris
1494 4001 1608 4044 erat
1634 4011 1652 4042 ι
1699 3992 1892 4061 (Abra-

336 4084 456 4154 haa)
505 4101 525 4132 ι
585 4097 706 4134 cum
753 4081 986 4134 obviavit
1040 4080 1088 4134 ei
1142 4078 1527 4134 Melchisedech
1568 4093 1808 4147 regresso
1858 4094 1887 4132 a

334 4175 500 4230 mede
529 4189 734 4240 regum.
761 4191 781 4224 ι
808 4170 864 4225 Si
893 4186 1019 4240 ergo
1048 4169 1195 4234 Levi,
1225 4171 1314 4238 qui
1347 4171 1681 4239 generatione
1702 4181 1892 4239 quarta

336 4274 478 4337 post
513 4263 788 4316 Abraham
824 4263 1095 4326 nascitur,
1137 4261 1188 4314 in
1213 4260 1406 4313 lumbis
1453 4260 1678 4313 Abrahae
1724 4259 1892 4312 fuisse

1983 1843 2299 1898 exhortatur
2337 1857 2432 1895 nos
2463 1842 2666 1908 abiecta
2695 1842 2924 1910 imagine
2955 1845 3150 1896 terreni
3175 1882 3190 1907 ,
3225 1843 3506 1912 imaginem

1981 1941 2198 2002 portare
2256 1933 2496 1988 caelestis
2522 1933 2596 1996 ’5;
2648 1933 2700 1986 id
2732 1943 2816 1987 est
2868 1943 2924 1986 ut
2965 1933 3252 1987 secundum
3290 1935 3507 1988 verbum

1987 2021 2078 2075 Dei
2108 2024 2347 2075 viventes
2373 2036 2706 2087 renoventur,
2734 2032 2786 2076 et
2820 2022 3174 2075 reformemur
3215 2024 3508 2078 secundum

1984 2113 2290 2168 interiorem
2326 2115 2588 2168 hominem
2617 2119 2681 2168 ad
2716 2117 2996 2183 imaginem
3046 2116 3140 2170 Dei
3169 2119 3260 2184 qui
3299 2119 3512 2184 creavit

1983 2217 2106 2256 eum
2132 2203 2198 2255 ³³.
2240 2203 2336 2258 Hic
2367 2218 2498 2274 ergo
2526 2207 2680 2258 homo
2711 2208 2802 2273 qui
2843 2205 2954 2272 jam
2989 2207 3313 2260 reformatur
3339 2217 3394 2260 et
3421 2221 3507 2260 re-

1984 2301 2202 2360 paratur
2244 2295 2308 2346 ad
2340 2294 2624 2363 imaginem
2654 2295 2744 2348 Dei
2770 2337 2784 2360 ,
2813 2312 2986 2365 neque
3014 2307 3260 2351 terrenus
3285 2335 3300 2360 ,
3337 2313 3511 2366 neque

1985 2380 2038 2431 in
2075 2381 2173 2432 hoc
2220 2381 2414 2434 mundo
2442 2390 2557 2444 est,
2591 2385 2683 2436 sed
2719 2384 2770 2436 in
2801 2386 2952 2439 cmlis
2996 2399 3112 2439 esse
3158 2386 3357 2439 dicitur
3382 2399 3511 2439 con-

1986 2469 2218 2522 versatio
2243 2470 2362 2537 ejus
2384 2470 2429 2502 ‘°
2466 2488 2480 2522 :
2515 2481 2569 2524 et
2593 2473 2711 2526 ideo
2753 2475 3048 2528 secundum
3077 2490 3197 2529 eum
3230 2476 3322 2544 qui
3351 2475 3505 2541 dixit,

1991 2574 2010 2608 ‹
2046 2557 2148 2612 Vos
2175 2569 2350 2614 autem
2394 2576 2499 2614 non
2549 2563 2682 2617 estis
2723 2565 2786 2618 de
2824 2565 2922 2618 hoc
2969 2567 3168 2619 mundo
3197 2565 3262 2630 ⁸⁸,
3297 2583 3317 2618 ι
3366 2579 3512 2619 mors

1986 2651 2039 2700 iu
2093 2662 2214 2702 eum
2246 2664 2349 2703 non
2377 2659 2550 2719 potest
2598 2656 2943 2720 pertransire.
2973 2653 3077 2720 Qui
3130 2664 3304 2709 autem
3341 2655 3513 2708 adhuc

1986 2740 2039 2792 in
2069 2740 2169 2795 hoc
2198 2745 2394 2810 mundo
2424 2754 2545 2808 est,
2571 2753 2625 2798 et
2657 2755 2902 2800 terrenus
2931 2757 3031 2811 est,
3065 2763 3127 2802 ac
3163 2749 3361 2801 terreni
3395 2746 3508 2814 (41)

1983 2831 2267 2900 imaginem
2295 2843 2514 2901 portat,
2567 2837 2632 2888 de
2676 2837 2790 2904 ipso
2828 2837 3042 2901 dicitur,
3090 2840 3228 2907 quod
3255 2854 3350 2908 per
3387 2853 3510 2890 eum

1983 2930 2258 2985 peccatum
2293 2922 2346 2973 in
2385 2922 2523 2975 hunc
2551 2927 2801 2978 mundum
2828 2926 3083 2990 introivit,
3119 2937 3171 2981 et
3195 2943 3288 2996 per
3318 2942 3505 2996 pecca-

1939 3059 1958 3080 ,
1992 3017 2099 3061 tum
2134 3023 2278 3064 mors
2298 3009 2364 3062 ⁵³.
2397 3009 2547 3076 Quod
2595 3013 2638 3066 si
2685 3001 2958 3081 peccatum
3005 3025 3060 3068 et
3100 3031 3243 3069 mors
3277 3017 3329 3069 in
3373 3018 3513 3071 hunc

1987 3100 2240 3152 mundum
2290 3099 2399 3170 (42)
2433 3101 2710 3166 introivit,
2739 3113 2792 3157 et
2822 3104 2872 3156 in
2920 3104 3023 3157 hoc
3059 3105 3252 3160 mundo
3289 3107 3509 3170 habitat,

1985 3197 2192 3240 certum
2223 3197 2308 3242 est
2336 3189 2540 3244 alienos
2587 3206 2616 3242 a
2652 3203 2820 3244 morte
2868 3203 2922 3246 et
2966 3209 2994 3245 a
3025 3205 3243 3260 peccato
3273 3210 3392 3250 esse
3418 3212 3511 3252 eos

1988 3275 2075 3341 qui
2112 3290 2207 3344 per
2231 3277 2501 3330 Christum
2529 3279 2610 3332 vel
2642 3295 2758 3333 cum
2785 3279 3000 3336 Christo
3027 3286 3224 3338 mortui
3248 3296 3368 3339 sunt
3391 3287 3513 3340 huic

1989 3364 2208 3428 mundo,
2238 3375 2432 3419 etcum
2471 3367 2584 3434 ipso
2613 3371 2930 3436 resuscitati,
2964 3389 3083 3426 cum
3110 3375 3221 3443 ipso
3247 3377 3406 3428 etiam
3431 3391 3513 3430 se-

1987 3455 2111 3507 dere
2159 3455 2210 3506 in
2251 3455 2554 3511 caelestibus
2595 3470 2902 3514 meruerunt
2937 3461 3016 3526 “,
3051 3465 3506 3518 conversationem

1985 3558 2091 3595 non
2133 3544 2243 3610 jam
2279 3545 2390 3613 (45)
2421 3547 2472 3599 in
2504 3547 2602 3600 hoc
2634 3552 2828 3604 mundo
2853 3590 2870 3616 ,
2913 3551 3004 3606 sed
3032 3552 3084 3605 in
3115 3553 3265 3608 caelis
3315 3555 3514 3608 haben-

1990 3646 2072 3689 tes
2105 3635 2168 3687 “.
2203 3634 2351 3689 Unde
2366 3647 2429 3690 et
2453 3639 2572 3706 pari
2603 3643 2982 3708 consequentia
3013 3646 3330 3710 ostenditur,
3369 3647 3510 3714 quod

1988 3728 2160 3780 omnis
2185 3730 2345 3781 homo
2372 3731 2544 3796 primo
2587 3749 2604 3780 ι
2651 3733 2714 3784 de
2747 3742 2886 3785 terra
2916 3742 3158 3786 terrenus
3196 3752 3213 3783 ι
3245 3742 3344 3796 est,
3378 3735 3515 3786 sicut

1989 3816 2129 3867 idem
2157 3816 2441 3882 Apostolus
2473 3816 2595 3870 alibi
2627 3818 2670 3848 “
2707 3817 2874 3882 dicit;
2927 3833 3046 3872 cum
3093 3819 3375 3885 imaginem
3408 3828 3516 3872 ter-

1989 3903 2103 3956 reni
2150 3912 2362 3971 portat,
2409 3915 2461 3956 et
2491 3907 2780 3956 secundum
2826 3906 3105 3973 imaginem
3157 3907 3353 3958 terreni
3409 3921 3516 3957 am-

1989 3990 2135 4042 bulat
2183 3989 2315 4059 (44),
2370 4004 2583 4044 carnem
2622 3994 2854 4060 cogitat,
2908 4003 2962 4046 et
3011 4009 3128 4061 qua:
3173 3995 3350 4048 carnis
3391 4005 3517 4048 sunt

1991 4080 2157 4145 sapit,
2211 4088 2264 4131 et
2324 4079 2408 4131 vix
2465 4079 2749 4147 aliquando
2800 4090 2893 4134 est
2942 4092 2999 4135 ut
3047 4091 3394 4136 convertatur
3446 4085 3516 4136 ad

1991 4166 2264 4220 Dominum
2298 4207 2312 4231 ,
2363 4179 2414 4222 et
2473 4170 2661 4235 spiritu
2723 4170 2811 4223 Dei
2877 4183 3100 4236 agatur,
3154 4179 3316 4239 atque
3374 4171 3516 4226 επε-

1989 4256 2110 4300 ctus
2163 4247 2406 4314 spiritalis
2460 4248 2548 4300 iiat
2589 4267 2608 4299 ι
2663 4249 2979 4305 novissimus
3030 4252 3196 4307 Adam
3254 4255 3307 4306 in
3363 4255 3517 4325 547

335 4336 694 4426 perhibetur,
722 4351 886 4403 multo
921 4351 1088 4419 magis
1104 4365 1286 4403 Omnes
1319 4351 1561 4404 homines
1585 4351 1675 4418 qui
1704 4352 1756 4405 in
1791 4353 1886 4405 hoc

1993 4336 2242 4404 Spiritum
2293 4337 2644 4392 viviﬁcantem
2693 4340 2737 4371 “
2789 4341 2944 4410 (45).
3002 4361 3020 4394 ι
3077 4343 3307 4411 Require
3360 4359 3518 4408 sane,

339 4442 561 4498 mundo
617 4449 925 4500 nascuntur,
966 4449 1020 4491 et
1069 4439 1175 4490 nati
1221 4450 1387 4503 sunt,
1419 4441 1469 4492 in
1515 4440 1710 4493 lumbis
1737 4449 1890 4494 erant

1991 4425 2239 4494 quoniam
2271 4441 2364 4494 per
2392 4443 2555 4480 unum
2586 4429 2853 4484 hominem
2884 4433 2934 4483 in
2969 4432 3111 4485 hunc
3145 4435 3399 4488 mundum
3433 4435 3514 4487 di-

420 4598 652 4652 “Bom.
674 4595 835 4654 v.12.
910 4596 958 4626 ’⁸
985 4594 1000 4647 l
1023 4595 1158 4648 Titii.
1187 4611 1246 4654 ιι,
1271 4595 1352 4646 14.
1430 4596 1472 4626 ³⁷
1501 4593 1635 4649 Gen.
1667 4609 1746 4658 ut,
1773 4597 1824 4647 1.
1881 4597 1886 4625 ε

1987 4594 2082 4646 lett.
2117 4607 2176 4654 tt,
2211 4591 2296 4646 17.
2351 4591 2395 4622 ²⁹
2419 4591 2550 4648 ibid.
2579 4591 2631 4649 4.
2655 4591 2706 4646 5.
2771 4591 3010 4646 “lTim.
3047 4609 3103 4654 ιιι,
3130 4592 3214 4644 14.
3288 4591 3328 4622 ³¹
3360 4589 3515 4644 Joau.

341 4687 476 4729 νιιι,
500 4667 595 4719 44.
667 4666 710 4696 ⁸³
742 4665 892 4716 Rom.
916 4680 966 4722 v.
1001 4664 1082 4716 i2.
1157 4664 1244 4715 ³³1
1281 4665 1402 4716 Cor.
1426 4678 1504 4718 ιι.
1535 4664 1698 4720 8.12.
1763 4663 1808 4694 ³⁸
1835 4661 1886 4715 Η‹

1987 4676 2115 4720 .νιι,
2141 4662 2193 4721 1.
2225 4663 2279 4724 9,
2308 4662 2392 4714 ιο.

2479 4661 2523 4691 ³⁸
2554 4661 2716 4714 ICor.
2747 4676 2832 4725 xv,
2859 4663 2947 4714 22.
3039 4662 3083 4692 ³⁸
3118 4662 3130 4711 l
3167 4660 3308 4712 Tim.
3342 4675 3400 4721 ιι,
3431 4660 3516 4712 14.

345 4741 390 4770 ’τ
429 4728 592 4790 Rom.
626 4749 676 4795 v,
703 4734 788 4784 12.
855 4733 896 4764 ³⁸
927 4733 1080 4784 ICor.
1104 4746 1189 4792 xv,
1212 4732 1299 4794 47,
1324 4732 1409 4783 49.
1475 4732 1517 4763 ³⁹
1545 4731 1746 4785 Coloss.
1771 4747 1851 4793 ιιι,
1880 4746 1886 4762 λ

2025 4729 2069 4759 ⁸ο
2091 4729 2284 4796 Philip.
2315 4745 2394 4786 Ill,
2418 4728 2505 4781 20.
2577 4729 2617 4760 ’⁵⁸
2644 4728 2795 4782 .Ioan.
2828 4744 2916 4792 xv,
2951 4731 3032 4784 19.
3103 4730 3145 4759 ⁸⁸
3174 4728 3328 4778 Ιὶοιιι.
3357 4743 3403 4787 v,
3431 4728 3516 4780 ii.

347 4809 398 4838 ⁸³
435 4806 636 4873 Ephes.
669 4818 726 4862 ιι,
761 4802 816 4865 5,
844 4799 895 4854 ὃ.
959 4800 1002 4832 ⁸⁴
1039 4799 1225 4866 Philip.
1257 4815 1335 4862 ιιι,
1359 4799 1447 4854 20.
1517 4800 1560 4830 ⁵⁵
1590 4799 1606 4851 l
1635 4800 1754 4853 Cor.
1785 4816 1886 4864 xv,

2002 4799 2088 4852 49.
2148 4797 2193 4828 ⁸⁸
2217 4799 2348 4851 ibid.
2371 4797 2460 4850 45.

427 4961 548 5027 (57)
578 4957 804 5027 Itamss.
834 4956 999 5027 nostri
1038 4965 1091 5007 et
1117 4955 1384 5027 Dabanus,
1414 4954 1515 5006 nisi
1550 4956 1687 5022 quod
1720 4957 1889 5022 primo

351 5024 602 5085 habeant
630 5025 766 5076 alius
793 5042 811 5073 ι
847 5025 998 5084 dixit,
1028 5041 1046 5072 ›
1078 5025 1210 5074 alius
1244 5041 1262 5072 ι
1298 5024 1538 5086 dixerat;
1574 5042 1592 5072 ι
1634 5027 1888 5086 secunde,

353 5101 503 5152 alius
546 5097 738 5146 iterum
779 5110 796 5142 ι
847 5093 1016 5152 dixit,
1056 5109 1074 5139 ι
1124 5091 1256 5143 alius
1294 5106 1313 5138 ι
1348 5091 1591 5143 diceret:
1632 5109 1650 5139 ι
1685 5093 1775 5142 sed
1815 5109 1894 5144 re-

354 5169 508 5220 ctius
539 5176 676 5214 unus
707 5162 868 5212 codex
899 5160 1096 5225 Regius
1127 5174 1273 5210 uqu.
1323 5153 1453 5210 1659
1498 5160 1656 5211 habet
1685 5162 1889 5211 utrobi-

352 5249 468 5304 que
495 5273 510 5296 ,
538 5247 567 5304 _t_
614 5229 825 5304 dixerit.
859 5245 877 5277 ι
909 5227 1217 5304 Editinvero
1238 5265 1252 5287 ,
1287 5242 1308 5303 ρ
1338 5235 1390 5278 et
1423 5226 1614 5277 iterum
1649 5229 1890 5291 peccavit

354 5292 688 5357 cum'dixit:
722 5297 832 5347 Scit
863 5295 1000 5346 enim
1052 5292 1186 5344 Deus
1213 5294 1332 5360 quia
1380 5309 1693 5360 quacunque
1743 5309 1888 5345 tuan-

353 5365 692 5424 ducaveritis
735 5377 799 5416 ex
829 5377 893 5415 eo
917 5400 930 5422 ,
972 5360 1301 5425 aperientur,
1337 5379 1355 5409 ι
1394 5371 1521 5424 etc.,
1554 5361 1768 5413 omissis
1793 5379 1890 5415 ca:-

399 5453 520 5488 EI'IS.

359 5455 555 5571 μηδὲ)
579 5496 875 5571 έροειοιιιε.
902 5493 1069 5571 .Deest
1097 5493 1148 5544 in
1173 5494 1350 5571 editis.

432 5561 548 5640 (39)
584 5561 872 5632 Tanquam.
900 5561 1241 5614 Desideratur
1267 5563 1318 5615 in
1355 5564 1508 5619 libris
1537 5573 1690 5618 antea
1723 5564 1892 5619 editis.

2065 4954 2173 5026 (40)
2199 4955 2365 5026 Alias,
2389 4970 2410 5002 ι
2446 4953 2582 5026 idem
2617 4953 2916 5026 Apostolus.
2948 4971 2968 5004 ι

2063 5023 2172 5093 (41)
2202 5023 2364 5086 Alias,
2398 5039 2416 5071 ι
2447 5023 2500 5074 in
2529 5023 2722 5074 uiuudo
2749 5031 2832 5074 est
2852 5059 2869 5084 ,
2904 5031 3146 5075 terrenus
3176 5029 3280 5082 est,
3315 5033 3381 5074 ac
3408 5031 3517 5076 ter-

2035 5095 2126 5152 :ui,
2166 5110 2184 5140 ι
2217 5100 2320 5143 etc.

1995 5110 2184 5230 “'32),
2342 5172 2500 5230 unus,
2540 5173 2558 5230 ι
2589 5155 2738 5220 Quod
2765 5157 2806 5208 si
2841 5167 3113 5230 peccatum
3144 5173 3308 5221 mors,
3335 5165 3389 5210 et
3424 5173 3522 5225 per

1993 5226 2267 5296 peccatum
2296 5239 2435 5296 uio_t's
2461 5227 2510 5275 in
2544 5226 2684 5296 hunc
2715 5228 2987 5296 muluium,
3024 5244 3043 5275 ι
3082 5234 3190 5280 etc.

2065 5296 2173 5364 (45)
2202 5292 2341 5364 dum.
2370 5291 2524 5342 Deest
2562 5291 2618 5364 ἱιιΔ
2643 5293 2815 5364 editis.

2069 5352 2366 5430 (niAlias,
2403 5376 2418 5406 ι
2456 5375 2575 5430 cum
2608 5360 2656 5410 in
2692 5352 2916 5424 imagiiie
2951 5361 3144 5430 terreni
3181 5361 3445 5427 ambulat,
3475 5374 3531 5417 ct

2003 5429 2288 5487 seettuduui
2316 5429 2598 5494 imaginem
2633 5432 2827 5478 terreni
2858 5429 3112 5480 ambulat,
3155 5447 3174 5478 ι

2075 5501 2182 5570 (45)
2208 5493 2367 5558 Editi,
2396 5512 2414 5544 I
2436 5493 2730 5562 'inSpiritu
2760 5495 3080 5551 vivilicaute.
3121 5514 3139 5546 ι
