3894 6238
336 337 462 391 Ii)“

337 451 414 500 rit
464 447 702 500 introisse
749 447 1044 509 peccatum,
1104 442 1157 488 et

345 555 362 585 ι
394 537 636 588 mundum
666 551 683 582 ι
720 540 984 582 terrenum
1018 528 1156 578 hunc
1196 519 1423 588 appellat
1461 517 1633 570 locum
1662 514 1713 565 in
1749 524 1853 578 quo

341 623 577 675 homines
631 619 890 677 habitant,
936 615 979 666 si
1032 614 1084 665 in
1126 610 1267 663 nullo
1311 608 1413 660 alio
1451 605 1566 658 loco
1614 598 1854 654 introivit

341 719 630 777 peccatum,
662 720 828 774 neque
856 706 906 758 in
934 703 1039 757 illis
1073 700 1200 756 locis
1227 697 1512 759 invenitur,
1537 693 1622 745 ubi
1649 710 1668 741 ι
1694 689 1852 757 spiri-

344 801 462 850 talia
510 797 753 863 nequitiae
797 795 849 847 in
884 791 1186 847 coelestibus
1213 788 1258 818 δ’
1290 807 1308 839 ι
1343 785 1704 841 nominantur.
1752 778 1854 832 Sed

339 896 392 939 et
418 886 542 938 illud
569 885 703 953 apud
737 883 1066 948 temetipsum
1111 885 1395 946 pertracta,
1443 873 1582 924 unde
1625 869 1675 922 in
1719 868 1857 919 lmnc

343 975 590 1027 mundum
635 973 870 1026 introivit
914 977 1208 1036 peccatum,
1257 973 1341 1016 aut
1397 961 1484 1013 ubi
1529 966 1645 1011 erat
1684 954 1858 1022 prius-

341 1080 496 1133 quam
526 1069 626 1117 huc
663 1063 922 1124 introiret,
958 1071 1048 1112 aut
1080 1058 1123 1110 si
1150 1056 1364 1108 omnino
1397 1060 1536 1110 erat,
1579 1047 1661 1099 vel
1689 1046 1731 1098 si
1762 1043 1860 1096 fuit

343 1163 464 1204 ante
498 1151 638 1203 illum
685 1149 750 1202 ad
797 1163 952 1216 quem
983 1146 1177 1199 dicitur
1207 1161 1220 1194 :
1261 1159 1278 1191 ¢
1313 1139 1595 1205 Usquequo
1638 1136 1860 1185 iuventte

343 1248 465 1292 sunt
507 1237 810 1305 iniquitates
839 1237 890 1287 in
931 1244 998 1299 te,
1032 1242 1085 1285 et
1123 1239 1334 1300 propter
1363 1229 1461 1281 hoc
1490 1222 1690 1292 proieci
1733 1229 1784 1272 te
1807 1218 1860 1270 in

347 1337 539 1378 terram
569 1325 635 1375 “.
685 1343 703 1374 ι
754 1322 914 1376 Nobis
956 1330 1131 1373 autem
1179 1319 1244 1371 de
1288 1317 1368 1370 his
1411 1329 1514 1366 non
1557 1319 1642 1364 est
1691 1317 1860 1362 tutum

345 1415 492 1483 plura
519 1415 798 1476 disserere,
825 1427 944 1466 cum
974 1411 1245 1464 videamus
1292 1403 1598 1472 Apostolum
1633 1400 1717 1450 vix
1759 1397 1863 1449 sin-

345 1504 480 1570 gulis
538 1504 650 1556 haec
699 1501 1072 1569 perstrinxisse
1125 1495 1459 1551 sermonibus
1513 1489 1642 1560 (46).
1697 1505 1715 1537 ε
1761 1485 1864 1538 Ρει·

346 1607 508 1646 unum
545 1611 563 1641 ι
591 1605 715 1657 ergo
743 1609 760 1640 ι
801 1590 1060 1642 hominem
1089 1594 1358 1655 peccatum
1387 1579 1624 1634 introivit
1652 1578 1702 1628 in
1727 1575 1864 1626 hunc

348 1681 598 1734 mundum
628 1680 693 1733 ⁸³.
726 1697 745 1729 ι
777 1678 996 1730 Mundus
1039 1683 1237 1735 autem,
1285 1679 1341 1723 ut
1383 1669 1634 1727 diximus,
1671 1661 1864 1716 intelli—

348 1775 548 1838 gendus
575 1780 654 1821 est
684 1767 792 1837 (η)
823 1765 904 1818 vel
927 1765 1071 1817 locus
1098 1763 1150 1816 in
1177 1775 1283 1829 quo
1321 1757 1566 1811 habitant
1603 1750 1860 1813 homines,

347 1858 430 1910 vel
459 1867 666 1911 terrena
695 1865 748 1908 et
787 1852 1076 1921 corporalis
1113 1851 1244 1913 vita,
1292 1849 1344 1901 in
1386 1860 1490 1914 qua
1528 1856 1672 1896 mors
1706 1839 1865 1892 habet

347 1946 553 2008 locum;
598 1944 685 1998 cui
735 1943 948 2007 mundo,
994 1942 1094 1993 hoc
1140 1950 1222 1992 est
1267 1947 1490 1990 terrena:
1518 1933 1658 1994 vita),
1689 1929 1867 1983 cruci-

348 2034 484 2085 ﬁxos
506 2047 564 2085 se
593 2031 770 2084 dicunt
807 2027 974 2082 sancti
1001 2027 1067 2088 '°,
1097 2035 1151 2079 et
1197 2033 1448 2077 mortuos.
1485 2039 1504 2071 ‹
1535 2019 1602 2074 Ει
1631 2032 1726 2084 per
1752 2031 1870 2084 pec-

349 2131 548 2183 catum,
580 2138 599 2170 ι
629 2119 820 2186 inquit,
857 2133 877 2166 r
909 2131 1071 2173 mors.
1103 2133 1121 2164 ›
1154 2114 1239 2167 illa
1286 2113 1400 2166 sine
1435 2109 1597 2162 dubio
1628 2119 1770 2158 mors
1805 2105 1869 2156 de

349 2225 453 2277 qua
501 2217 555 2262 et
603 2206 857 2274 pmpheta
902 2205 1048 2267 dit-it,
1093 2203 1217 2270 quia
1267 2219 1286 2249 ι
1325 2196 1499 2255 an‘ima
1535 2209 1650 2263 qua:
1685 2199 1870 2260 peccat

351 2299 462 2365 ipsa
502 2298 758 2352 morietur
783 2297 828 2328 ⁸³
860 2313 874 2349 :
906 2313 924 2346 ι
949 2295 1106 2362 .cujus
1145 2292 1327 2345 mortis
1380 2293 1516 2343 hanc
1543 2284 1866 2354 corporalem

351 2394 576 2438 mortem
624 2381 863 2436 umbram
901 2381 1091 2433 merito
1128 2378 1246 2447 quis
1288 2376 1502 2431 dixerit.
1548 2373 1871 2440 Quocunque

353 2473 496 2526 enim
535 2471 620 2524 illa
675 2468 966 2532 incesserit,
1014 2469 1151 2521 hanc
1205 2477 1427 2518 necesse
1469 2471 1552 2516 est
1599 2458 1870 2526 subsequi,

355 2561 497 2614 velut
528 2560 770 2614 umbram
801 2573 1011 2627 corpus.
1065 2557 1214 2622 Quod
1241 2555 1287 2608 si
1335 2552 1550 2621 objiciat
1588 2551 1707 2618 quis
1749 2548 1872 2616 quia

356 2652 600 2708 Salvator
624 2659 897 2718 peccatum
932 2663 1032 2701 non
1083 2647 1229 2709 fecit,
1273 2657 1374 2697 nec
1408 2656 1547 2695 mors
1573 2642 1624 2693 in
1658 2654 1722 2694 eo
1775 2639 1875 2690 fuit

356 2742 544 2794 anima:
570 2755 664 2808 per
692 2750 965 2808 peccatum
997 2737 1064 2800 ",
1093 2743 1148 2788 et
1178 2743 1349 2791 tamen
1379 2738 1599 2783 mortem
1625 2727 1876 2781 sustinuit

357 2829 705 2896 corporalem.
737 2825 1175 2894 respondebimus
1200 2822 1248 2874 ei
1280 2820 1406 2889 quia
1447 2817 1692 2873 Salvator
1737 2816 1877 2869 sicut

360 2933 477 2974 cum
513 2918 624 2985 ipse
659 2925 929 2984 peccatum
958 2927 1060 2966 non
1091 2910 1298 2972 fecerit,
1338 2922 1434 2977 pro
1469 2916 1652 2960 nostra
1700 2913 1875 2958 tamen

359 3009 528 3062 salute
553 3023 645 3076 per
689 3003 1097 3072 assumptibnem
1127 3001 1305 3055 carnis
1335 2999 1444 3065 ipse
1478 2995 1673 3049 dicitur
1702 2994 1876 3046 factus

357 3113 474 3152 esse
509 3102 776 3165 peccatum
801 3094 845 3124 ⁸³
873 3110 886 3145 :
916 3093 986 3147 ita
1037 3099 1088 3145 et
1140 3103 1258 3142 cum
1308 3097 1529 3140 mortem
1561 3085 1713 3138 istam
1746 3082 1874 3136 nulli

359 3187 594 3250 deberet,
625 3200 720 3239 nec
759 3183 808 3238 ei
850 3191 991 3240 esset
1035 3179 1316 3240 obnoxius,
1371 3191 1466 3244 pro
1506 3173 1673 3228 salute
1701 3181 1876 3226 tamen

359 3286 538 3329 nostra
569 3275 706 3328 hanc
729 3272 866 3329 velut
895 3270 1132 3329 umbram
1162 3267 1300 3320 illius
1321 3273 1581 3332 susceptae
1605 3261 1878 3328 dispensa-

361 3366 539 3425 tionis,
570 3379 728 3432 quam
781 3377 938 3426 supra
987 3358 1235 3420 diximus,
1265 3364 1471 3424 sponte,
1510 3369 1612 3408 non
1648 3351 1882 3405 necessi-

362 3463 470 3508 tate
497 3453 748 3519 suscepit,
785 3451 922 3504 sicut
959 3450 1068 3516 ipse
1095 3447 1267 3501 dixit:
1303 3462 1323 3501 ι
1365 3444 1684 3498 Potestatem
1709 3441 1880 3496 habeo

363 3546 585 3609 ponendi
609 3553 833 3597 animam
859 3551 1050 3596 meam,
1075 3544 1129 3591 et
1151 3542 1460 3601 potestatem
1491 3532 1661 3587 habeo
1689 3531 1879 3583 iterum

361 3630 599 3690 sumendi
639 3644 756 3684 eam
799 3626 864 3681 “.
919 3645 938 3679 ›
990 3626 1093 3680 Sed
1145 3624 1413 3682 videamus
1463 3622 1728 3691 quomodo
1772 3637 1790 3670 ι
1827 3621 1878 3672 in

361 3734 546 3772 omnes
578 3718 817 3778 homines
850 3714 1160 3783 pertransiit
1198 3727 1359 3778 mors,
1399 3711 1453 3765 in
1481 3726 1585 3781 quo
1614 3723 1820 3771 omnes,
1856 3725 1875 3762 ι

364 3809 550 3879 inquit,
582 3824 601 3858 ι
631 3813 1000 3874 peccaverunt.
1033 3822 1058 3859 ι
1088 3803 1339 3858 Absoluta
1367 3802 1626 3856 sententia
1651 3814 1882 3868 pronun-

365 3900 515 3956 tiavit
561 3898 842 3966 Apostolus
879 3897 930 3950 in
977 3909 1162 3950 omnes
1206 3893 1451 3947 homines
1497 3899 1722 3948 mortem
1764 3902 1883 3955 per-

363 3989 616 4048 transisse
639 3987 865 4056 peccati,
897 3985 949 4042 in
973 4000 1036 4039 eo
1064 3985 1114 4037 in
1146 3997 1250 4051 quo
1276 3997 1462 4036 omnes
1506 3987 1880 4047 peccaverunt,

363 4080 500 4132 sicut
545 4086 598 4132 et
639 4077 782 4130 alibi.
816 4094 834 4126 ι
864 4077 1058 4132 Omnes
1085 4075 1244 4132 enim,
1283 4090 1303 4123 ι
1344 4070 1532 4136 inquit,
1581 4088 1599 4119 ι
1631 4081 1882 4136 peccave-

365 4177 507 4232 runt,
535 4177 589 4220 ct
612 4175 766 4234 egent
794 4166 959 4234 gloria
995 4161 1102 4232 (48)
1136 4163 1224 4215 Dei
1251 4162 1319 4217 ⁵³.
1351 4179 1370 4212 ι
1407 4160 1470 4211 Ει
1501 4159 1618 4212 ideo
1644 4157 1803 4210 etiam
1836 4159 1882 4212 si

363 4257 493 4314 Abel
540 4255 682 4310 illum
726 4255 922 4321 justum
973 4253 1187 4314 dixeris,
1237 4266 1338 4304 non
1395 4257 1570 4316 potest
1612 4246 1882 4300 excusari.

1757 299 2068 360 ORIGENIS

1207 439 1406 485 eertum
1457 435 1546 479 est
1589 425 1710 493 quia
1758 422 1844 475 hic
1873 424 1918 476 Α
1944 416 2173 472 invocat,
2197 407 2288 460 sed
2319 399 2620 459 dissimulat
2643 403 2702 449 et
2745 385 3078 444 moratur?
3103 380 3308 434 Etiam
3342 376 3393 432 si
3423 374 3608 429 Enocb

3474 260 3608 312 “H9.

1953 503 2137 556 dicas:
2171 511 2272 550 non
2313 492 2566 548 scribitur
2596 484 2916 554 placuisse,
2958 484 3292 542 usquequo
3319 475 3612 536 generaret

1956 585 2310 643 Mathusalam
2359 580 2426 634 ⁸⁸.
2475 572 2856 631 Mathusalatn
2923 573 3141 619 autent
3201 560 3612 622 interpretatur

1953 677 2158 730 emissio
2223 669 2426 724 mortis.
2501 666 2578 719 Ex
2639 675 2758 730 quo
2799 653 3187 710 ~ostenditnr
3261 647 3400 714 quia
3468 658 3614 696 mors

1957 825 2128 921 ipsum
2159 848 2435 905 transierit
2467 864 2480 898 :
2516 844 2612 898 sed
2648 842 2744 894 vix
2777 832 3112 904 aliquando
3153 828 3348 882 sensit
3373 840 3500 878 esse
3533 825 3614 874 in-

1959 913 2036 996 tra
2067 957 2124 995 se
2153 947 2373 992 mortem
2398 935 2534 1006 (50),
2567 942 2622 985 et
2649 939 2977 985 conversus
3006 922 3089 975 ad
3132 916 3454 972 Dominum
3482 913 3620 971 emi-

1957 1033 2026 1085 sit
2053 1045 2168 1084 eam
2195 1045 2224 1082 a
2268 1043 2346 1093 se,
2381 1004 2437 1079 et
2478 1021 2683 1092 abiecit
2717 1032 2820 1088 per
2861 1010 3302 1084 paenitentiam
3343 1023 3361 1060 :
3397 1013 3456 1058 et
3500 1004 3620 1057 ideo

1959 1117 2304 1172 Mathusalam
2341 1114 2537 1166 dicitur
2567 1109 2859 1178 genuisse,
2920 1100 3090 1170 quod
3155 1113 3189 1149 a
3254 1108 3322 1149 se
3379 1101 3618 1146 mortem

1959 1221 2075 1274 quae
2096 1221 2214 1258 eum
2246 1203 2532 1257 obsederat
2557 1198 2884 1265 abjecisset.
2919 1191 3120 1244 Recte
3146 1201 3302 1255 ergo
3331 1186 3482 1253 quod
3508 1184 3618 1250 jam

1961 1296 2115 1348 morti
2148 1307 2252 1347 non
2283 1301 2426 1345 esset
2461 1287 2759 1348 obnoxius,
2798 1283 2902 1337 sed
2944 1277 3286 1344 abiecisset
3339 1289 3468 1326 eam
3500 1287 3530 1323 a
3563 1286 3620 1325 se

1959 1396 2012 1435 et
2037 1381 2344 1449 eﬂ‘ugasset,
2372 1377 2569 1430 dicitur
2607 1373 2759 1441 quod
2792 1366 3194 1428 transtulerit
3257 1363 3425 1416 illum
3456 1361 3619 1423 Deus,

1961 1472 2034 1523 uti
2069 1485 2133 1522 ne
2159 1468 2363 1525 videret
2391 1473 2624 1518 mortem
2650 1461 2722 1514 ".
2757 1458 2874 1513 Sed
2908 1466 2975 1510 et
3011 1455 3096 1509 de
3128 1453 3260 1508 Noe
3285 1454 3338 1504 si
3369 1451 3624 1517 requiras

1962 1560 2234 1620 attentius,
2301 1554 2542 1609 invenies
2597 1550 2746 1618 quod
2803 1544 3322 1617 quingentesimo
3396 1544 3616 1597 demum

1964 1666 2103 1706 anno
2127 1649 2237 1717 (51)
2268 1645 2525 1700 scribitur
2549 1643 2618 1696 de
2649 1655 2741 1703 eo,
2783 1640 2924 1706 quia
2967 1654 2990 1687 ‹
3031 1634 3169 1689 Νυε
3221 1633 3451 1686 invenit
3497 1647 3619 1700 gra-

1891 1733 1934 1785 Β
1964 1743 2089 1792 tiam
2141 1739 2190 1790 in
2233 1742 2524 1802 conspectu
2578 1729 2804 1782 Domini
2860 1726 2998 1787 Dei,
3040 1744 3062 1776 ι
3105 1732 3176 1776 et
3209 1723 3353 1790 quia
3387 1738 3408 1772 ι
3443 1720 3622 1790 justus

1961 1829 2149 1882 eratin
2185 1822 2529 1892 generatione
2554 1834 2678 1880 sua,
2712 1837 2733 1869 ι
2763 1826 2825 1870 ει
2857 1816 3005 1883 quia
3041 1831 3064 1863 ι
3104 1812 3341 1880 placuit
3365 1809 3572 1872 Deo“;
3597 1826 3618 1858 ι

1963 1917 2099 1985 quod
2131 1915 2317 1981 utique
2347 1912 2391 1964 si
2429 1909 2580 1978 prius
2633 1905 2980 1968 meruisset,
3021 1915 3346 1969 nunquam
3395 1899 3472 1962 id,
3505 1898 3621 1966 opi-

1966 2021 2082 2069 nor,
2111 2003 2388 2070 Scriptura
2415 1999 2602 2050 divina
2633 1996 2914 2050 siluisset.
2983 1993 3120 2046 Sed
3163 2001 3226 2045 et
3257 1993 3306 2045 si
3333 1991 3466 2058 quis
3496 1989 3621 2042 velit

1966 2093 2103 2160 quod
2130 2091 2265 2144 bibit
2307 2089 2515 2148 vinum,
2555 2095 2613 2138 et
2653 2084 2982 2137 inebriatus
3039 2090 3146 2134 est
3191 2096 3264 2134 ae
3319 2081 3557 2134 nudatus
3575 2080 3618 2111 “

1969 2191 2232 2248 reputare,
2262 2179 2497 2232 inveniet
2523 2192 2589 2230 ex
2627 2177 2712 2229 his
2745 2175 3041 2227 omnibus
3083 2187 3208 2226 non
3248 2172 3536 2224 immerito
3557 2171 3620 2220 ab

1969 2271 2217 2338 Apostolo
2246 2270 2372 2332 dici,
2402 2287 2420 2319 ι
2454 2269 2508 2321 ln
2534 2281 2643 2335 quo
2669 2280 2875 2319 omnes
2903 2272 3360 2332 peccaverunt,
3398 2279 3418 2313 ι
3439 2261 3622 2314 etiam.

1967 2361 2011 2412 si
2045 2357 2310 2426 evigilavit
2344 2355 2455 2408 Noe
2485 2371 2514 2407 a
2543 2355 2674 2408 vino
2713 2368 2845 2408 suo.
2879 2352 3049 2416 Quid
3109 2361 3323 2404 autem
3361 2350 3542 2402 dicam
3568 2356 3620 2400 et

1967 2449 2032 2501 de
2062 2447 2325 2500 Abraham
2350 2444 2434 2498 cui
2462 2444 2702 2497 dicitur:
2745 2459 2766 2492 ι
2805 2441 2914 2494 Exi
2952 2443 3032 2495 de
3079 2451 3246 2494 terra
3299 2447 3425 2501 tua,
3452 2446 3508 2490 et
3556 2437 3619 2490 de

1970 2537 2284 2604 cognatione
2335 2542 2448 2596 tua,
2491 2541 2548 2586 et
2595 2535 2663 2586 de
2692 2532 2865 2584 domo
2903 2532 3115 2598 patris
3158 2530 3246 2584 tui
3285 2529 3378 2582 “‘1
3413 2546 3434 2580 ι
3470 2527 3614 2592 Quod

1970 2625 2152 2691 utique
2177 2637 2277 2676 non
2302 2623 2591 2683 diceretur,
2623 2621 2670 2672 si
2702 2620 2758 2672 in
2799 2621 2989 2672 domo
3021 2620 3224 2688 patris
3249 2618 3371 2671 Deo
3407 2616 3614 2685 placere

1971 2712 2246 2782 potuisset.
2288 2709 2391 2762 Sed
2443 2723 2548 2761 non
2580 2723 2720 2776 opus
2745 2718 2837 2761 est
2872 2723 3019 2760 cum
3088 2707 3325 2778 ingenti
3380 2705 3612 2774 periculo

1973 2803 2024 2854 in
2051 2801 2133 2854 his
2160 2800 2395 2868 singulos
2422 2811 2668 2867 quosque
2692 2811 3066 2853 enumerare
3097 2807 3470 2860 sanctorum,
3499 2810 3613 2848 cum

1973 2887 2194 2942 solliciat
2219 2897 2275 2942 et
2301 2886 2539 2951 Apostoli
2587 2886 2872 2939 sententia
2913 2902 3060 2955 qua:
3123 2895 3382 2943 mortem
3411 2886 3538 2940 dicit
3563 2885 3610 2936 in

1974 2991 2160 3030 onlnes
2201 2975 2440 3030 homines
2482 2975 2882 3043 pertransisse,
2939 2987 3010 3028 et
3071 2977 3242 3031 illius
3295 2976 3395 3044 qui
3429 2974 3610 3027 dixit:

1979 3086 1998 3120 ι
2038 3067 2200 3122 Nemo
2245 3065 2470 3120 mundus
2511 3080 2542 3118 a
2572 3066 2756 3130 sorde,
2789 3067 3037 3120 etiarnsi
3105 3069 3290 3122 unius
3320 3067 3432 3122 diei
3463 3065 3612 3118 fuerit

1972 3159 2076 3209 vita
2107 3155 2218 3225 ejus
2245 3155 2310 3210 “.
2345 3174 2364 3205 ι
2401 3154 2508 3208 Sed
2560 3155 2665 3207 ista
2695 3169 2856 3208 mors
2889 3160 3139 3222 peccati
3175 3173 3312 3226 quae
3347 3159 3403 3211 in
3435 3167 3610 3208 omnes

1975 3245 2298 3319 pertransiit,
2353 3259 2474 3301 cum
2518 3245 2766 3297 venisset
2811 3246 2886 3297 ad
2930 3245 3182 3316 Jesurn,
3234 3257 3296 3302 et
3354 3256 3608 3302 tentasset

1975 3351 2094 3390 eum
2130 3335 2407 3404 perforare
2453 3333 2646 3387 aculeo
2688 3332 2834 3400 δυο(
2875 3353 2896 3385 ε
2924 3337 3190 3392 aculeus
3238 3338 3394 3392 enim
3432 3337 3609 3390 mortis

1977 3433 2247 3495 peccatqu
2280 3433 2366 3477 est
2387 3423 2433 3452 “
2463 3435 2480 3467 ι
2510 3417 2531 3486 )
2571 3421 2794 3496 repulsa
2847 3434 2947 3478 est
3013 3437 3084 3480 et
3142 3427 3453 3482 confracta
3486 3423 3612 3495 (Si).

1983 3535 2001 3567 ι
2040 3516 2156 3570 Vita
2193 3532 2212 3565 ι
2245 3514 2384 3567 enim
2428 3529 2448 3561 ε
2483 3520 2602 3564 erat
2629 3511 2698 3576 ",
2733 3531 2753 3563 ι
2793 3522 2855 3565 et
2909 3531 3089 3571 mors
3138 3519 3474 3573 necessario
3520 3531 3608 3567 ex-

1981 3608 2368 3661 terminabatur
2394 3620 2423 3657 a
2454 3604 2603 3668 vita;
2637 3613 2693 3657 et
2724 3613 2859 3658 tunc
2898 3607 2978 3660 ad
3012 3623 3153 3664 eam
3188 3611 3446 3666 dicitur:
3477 3628 3496 3661 ‹
3519 3605 3608 3662 Ubi

1977 3706 2082 3762 est,
2111 3709 2278 3760 mors,
2310 3695 2526 3748 aculeus
2577 3693 2742 3748 tuus?
2812 3697 2914 3749 ubi
2990 3710 3116 3765 est,
3161 3716 3353 3764 mors,
3396 3699 3605 3753 victoria

1981 3794 2068 3837 tua
2095 3785 2177 3836 °°?
2217 3804 2234 3836 ι
2265 3785 2470 3838 Idcirco
2506 3785 2653 3840 enim
2679 3784 2813 3852 quia
2847 3801 3078 3843 omnes
3112 3792 3368 3857 vicerat,
3425 3790 3513 3843 hic
3533 3785 3605 3839 di-

1979 3873 2117 3926 citur
2141 3873 2203 3925 ad
2228 3889 2345 3925 eam
2374 3891 2388 3926 :
2423 3887 2447 3924 ι
2483 3871 2582 3926 Ubi
2613 3882 2721 3936 est,
2760 3889 2957 3939 mors,
2992 3879 3261 3937 victoria
3293 3880 3428 3935 tua?
3464 3898 3486 3934 ι,
3516 3875 3608 3930 Sed

1979 3972 2034 4015 et
2069 3965 2209 4031 quod
2241 3972 2520 4030 peccatqu
2557 3963 2786 4032 quidem
2826 3980 2949 4020 non
2989 3968 3151 4026 dixit
3195 3973 3252 4025 in
3295 3985 3492 4025 omnes
3519 3971 3606 4021 ho~

1982 4055 2172 4118 mines,
2194 4057 2286 4108 sed
2312 4071 2331 4104 ι
2365 4055 2418 4106 in
2456 4056 2716 4108 mundum
2749 4074 2770 4106 ι
2806 4056 3108 4118 introisse
3146 4079 3161 4114 :
3199 4073 3449 4116 mortem
3495 4071 3610 4114 vero

1983 4159 2086 4198 non
2114 4144 2165 4197 in
2195 4145 2472 4207 mundum,
2503 4145 2597 4197 sed
2633 4163 2652 4194 ι
2691 4145 2745 4197 in
2775 4161 2994 4203 omnes
3037 4151 3346 4216 homines,
3387 4173 3406 4204 ι
3439 4161 3492 4204 ει
3514 4164 3610 4202 non

1981 4233 2252 4296 introisse,
2289 4234 2380 4285 sed
2420 4234 2788 4300 pertransisse
2819 4250 2836 4289 :
2872 4251 2999 4290 non
3052 4253 3202 4308 puto
3233 4241 3387 4310 quod
3422 4239 3610 4293 frustra

371 4364 390 4396 ι
438 4345 635 4400 Omnes
683 4344 824 4396 enim
880 4347 1250 4408 peccaverunt.
1311 4357 1329 4388 ι
1371 4337 1478 4390 Cur
1528 4336 1667 4388 enim
1709 4353 1727 4385 i
1768 4346 1872 4402 pos1

2046 4333 2087 4374 lC
2130 4321 2440 4374 diversitate
2491 4335 2620 4374 usus
2669 4322 2745 4374 sit
2801 4321 3061 4383 Paulus.
3132 4331 3412 4384 Arbitror
3480 4324 3614 4396 quod

304 4469 309 4484 η
369 4435 479 4486 dies
509 4452 532 4484 ι
559 4434 768 4492 obtulit,
803 4441 856 4485 et
887 4439 1002 4498 post
1032 4429 1159 4482 Cain
1193 4427 1301 4496 (49)
1328 4425 1516 4479 obtulit
1560 4425 1788 4487 hostiam
1817 4437 1884 4478 ex

370 4522 730 4591 primogenitis
754 4521 819 4583 ",
842 4530 895 4573 et
917 4535 1019 4572 non
1057 4527 1178 4572 ante
1218 4517 1410 4584 ipsum,
1446 4524 1500 4566 et
1535 4528 1640 4566 non
1672 4510 1885 4565 statim?

373 4615 539 4665 Etiam
585 4613 627 4664 si
673 4611 813 4664 Enos
845 4609 1013 4674 dicas,
1048 4609 1134 4676 qui
1169 4625 1191 4658 ι
1224 4605 1458 4674 speravit
1492 4606 1738 4656 invocare
1787 4616 1884 4656 no-

373 4719 491 4754 men
542 4700 744 4754 Domini
769 4699 834 4750 ⁸⁷.
873 4717 893 4761 ξ
926 4696 1030 4750 Cur
1066 4697 1318 4762 speravit,
1365 4702 1418 4745 et
1445 4707 1540 4743 cur
1575 4705 1677 4744 non
1707 4688 1884 4741 statim

440 4833 480 4863 ³⁷
513 4833 703 4899 Ephes.
729 4845 803 4891 vr,
837 4827 922 4880 12.
995 4824 1252 4899 ξπ-Ειεςιι.
1288 4835 1474 4881 xxvnt,
1734 4815 1864 4899 Eam

2046 4814 2091 4899 ἓξ
2155 4813 2418 4899 "ueniat.
2449 4831 2556 4898 ιη,-
2579 4817 2662 4899 If.

371 4918 486 4965 tht,
514 4886 569 4954 9:
637 4901 682 4930 ⁸³
707 4901 742 4950 ιι
769 4886 890 4965 Cor.
916 4913 968 4958 ν,
993 4896 1081 4948 21.
1112 4962 1136 4965 __
1158 4893 1374 4965 “.loan.
1409 4905 1463 4951 x,
1499 4886 1584 4965 13;

373 4949 597 5021 ῖῖἷδῖέι.
657 4949 974 5027 ἓῑξίιὶειιτί
1008 4979 1084 5024 xt,
1107 4962 1160 5015 5.
1233 4960 1278 4992 ”
1304 4949 1546 5028 Gemvt.
1565 4953 1616 5016 8,
1645 4952 1698 5006 9.
1773 4953 1813 4991 ⁸-⁸
1839 4949 1872 5003 G

2046 4968 2073 5014 ;,
2098 4952 2185 5004 2i.
2262 4951 2463 5005 “Gen.
2496 4969 2594 5015 χιι.
2629 4957 2681 5008 l.
2757 4957 2805 4987 ⁸³
2834 4958 2948 5014 Job
2978 4979 3101 5026 stv,
3130 4966 3188 5028 4,
3225 4949 3284 5020 5.

375 5053 462 5100 xv,
499 5037 586 5090 56.
659 5036 702 5066 ⁸⁵
745 5024 894 5091 Joan.
917 5047 954 5094 ι,
979 5033 1032 5095 4.
1104 5029 1191 5082 “l
1222 5029 1344 5083 Cor.
1371 5040 1456 5090 xv,
1481 5024 1569 5081 55.

445 5151 551 5218 (46)
584 5151 671 5207 Sic
720 5150 948 5216 potiores
991 5161 1114 5200 mss.
1164 5143 1595 5218 Bahanus__vero,
1634 5136 1790 5218 quvis.
1823 5135 1887 5218 de

379 5205 594 5284 singulis
620 5205 736 5270 huic
774 5218 1148 5295 perstrinxisse
1188 5210 1540 5288 sermonibus.
1595 5225 1612 5258 ι
1659 5205 1791 5259 Editi
1836 5213 1889 5281 et

384 5274 659 5344 rnsrunus,
695 5304 712 5333 ι
751 5274 832 5335 vix
861 5284 1083 5350 singulis
1113 5284 1223 5334 haec
1249 5278 1596 5350 pertransisse
1636 5274 1888 5328 sermoni-

384 5351 497 5407 bus.
533 5352 629 5408 Per
659 5367 813 5402 unum
852 5345 1135 5408 hominem,
1176 5367 1194 5399 ι
1219 5360 1347 5411 ειε..
1392 5345 1588 5399 omisso
1622 5361 1640 5393 ι
1688 5356 1832 5408 ergo.
1867 5356 1884 5388 ι

385 5419 471 5492 ειμι
504 5434 597 5471 nec
623 5419 674 5469 in
703 5418 966 5489 Plerisque
995 5433 1091 5478 tus.
1141 5430 1237 5479 nec
1267 5416 1402 5485 39"“
1438 5415 1710 5476 “abam’m
1741 5422 1890 5474 “De-

391 5495 536 5534 IHIII'.

458 5549 564 5612 (47)
644 5546 755 5602 Est.
809 5552 867 5603 in
931 5550 1088 5602 editis
1112 5548 1392 5602 omittitur.

459 5609 566 5674 (48)
594 5615 730 5670 Edili
759 5624 812 5669 et
837 5632 962 5670 mss.
995 5617 1248 5683 plerique,
1277 5634 1295 5666 ι
1333 5615 1520 5682 gratia,
1554 5631 1574 5671 ι
1605 5609 1759 5673 male,

1994 4426 2012 4458 ι
2047 4411 2296 4462 mundum
2327 4429 2346 4461 ι
2386 4410 2472 4462 hic
2524 4421 2773 4464 terrenos
2815 4427 3129 4485 quosque,
3171 4431 3232 4474 et
3289 4422 3346 4473 in
3409 4429 3614 4471 terrena

1989 4499 2392 4552 conversatione
2435 4509 2825 4567 permanentes
2877 4504 3198 4576 designet;
3250 4529 3268 4559 ι
3305 4509 3556 4562 homines
3591 4521 3609 4553 ι

1989 4603 2114 4641 vero
2145 4603 2235 4643 eos
2262 4590 2409 4643 dicat
2448 4592 2540 4659 qui
2590 4591 2706 4657 jam
2745 4607 2810 4646 se
2873 4597 3180 4668 incipiant
3206 4616 3536 4670 agnoscere,
3566 4603 3617 4648 cl»

1989 4681 2125 4732 scire
2150 4683 2290 4749 quod
2311 4682 2378 4734 ad
2404 4682 2696 4751 imaginem
2730 4683 2828 4738 Dei
2857 4685 3003 4742 facti
3038 4700 3203 4745 sunt.
3238 4695 3300 4746 In
3342 4691 3466 4744 illos
3493 4699 3617 4754 ergo

1661 4819 1706 4846 δ’
1734 4819 1864 4866 Rom

1658 4885 1702 4957 ξε
1735 4884 1872 4957 “9":

2046 4819 2083 4865 ξ.
2155 4819 2202 4845 ⁵ο
2247 4819 2418 4869 Galat.
2449 4831 2523 4878 vi,
2579 4819 2662 4868 14.
2742 4819 2789 4849 ⁸⁸
2844 4819 3070 4880 Ezech.
3103 4841 3246 4881 xvnt
3306 4829 3369 4881 4.
3449 4828 3494 4857 ¹¹
3519 4826 3612 4877 lsa.

2046 4883 2153 4957 Βιὲ
2189 4883 2235 4913 ³⁸
2257 4883 2388 4957 gini.
2421 4899 2492 4942 tv,
2529 4885 2584 4946 5,
2609 4885 2665 4936 4.
2743 4887 2790 4918 ⁵⁷
2822 4891 2966 4945 ibid.
2995 4896 3096 4947 26.
3181 4897 3230 4928 ⁵⁸
3257 4869 3412 4952 .Gen.
3441 4911 3492 4957 ν,
3527 4894 3612 4945 22-

3370 4967 3418 4997 “
3443 4964 3462 5018 Ι
3492 4963 3611 5017 Cor.

2202 5134 2367 5213 Editi,
2404 5153 2421 5184 ι
2461 5146 2512 5188 ει
2548 5138 2701 5213 prius
2730 5139 2906 5213 Quin.
2938 5162 2958 5192 ι

2062 5202 2172 5270 (50)
2200 5204 2298 5256 Ms.
2325 5221 2486 5266 unus,
2529 5202 2680 5282 έεειι
2714 5210 2818 5282 vix
2856 5211 3058 5282 aliquo
3091 5215 3263 5270 modo
3299 5213 3482 5270 sensit
3529 5211 3610 5282 in-

1994 5280 2137 5324 trare
2186 5285 2439 5326 mortem.
2482 5292 2500 5326 ι
2528 5275 2728 5332 Caute-ri
2761 5293 2908 5334 vero
2957 5275 3112 5339 inss.
3156 5296 3215 5339 et
3257 5283 3394 5338 editi
3447 5290 3507 5333 ut
3560 5281 3608 5331 in

1994 5349 2181 5408 nostro
2200 5351 2390 5408 textu.

2193 5407 2293 5487 his.
2317 5426 2481 5477 unus,
2501 5415 3004 5487 «quingentesimo
3026 5422 3246 5476 decimo
3263 5434 3438 5480 anno,
3458 5435 3479 5468 ι
3505 5427 3607 5467 etr.

2064 5478 2174 5545 (52)
2211 5478 2285 5560 Ιιξξ
2321 5496 2456 5535 mss.
2493 5478 2892 5560 _E}liti"vero.
2953 5507 3277 5560 perperam.
3309 5506 3329 5538 ε
3386 5478 3608 5546 aculeo:

2000 5555 2110 5610 ttnu
2134 5553 2320 5613 mortis
2351 5553 2606 5630 repulsus
2636 5569 2723 5624 cst
2748 5570 2801 5614 ct
2835 5553 3188 5623 coni'racttts-
3228 5580 3244 5609 ⁸
