3894 6212
356 295 515 350 sors
1307 293 1649 352 COMMENT.
1691 295 1756 350 IN
1797 295 2006 351 EPIST.
2041 296 2130 351 AD
2162 289 2330 351 non.
2375 275 2506 350 LIB:
2539 295 2600 350 v.
3418 298 3548 352 ιυιι

349 407 464 470 qui
491 405 727 460 mundus
755 403 1109 475 appellantur,
1140 409 1191 462 id
1214 407 1374 479 558
1393 418 1495 472 est,
1517 419 1752 464 terrenos
1775 411 1907 476 (53),
1935 417 1983 473 Α
2017 411 2138 464 terit
2163 417 2373 464 sensus.
2411 407 2514 462 Sed
2547 417 2601 462 et
2624 405 2750 461 illud
2780 423 2920 476 saepe
2935 406 3046 476 jam
3079 408 3334 474 diximus,
3364 411 3417 464 in
3447 415 3545 466 hac

350 497 611 551 intrasse
655 498 784 552 dicit
808 507 1107 565 peccatum,
1151 507 1205 553 et
1253 514 1512 567 nusquam
1563 499 1677 566 ejus
1710 502 1907 556 exitum
2008 501 2243 569 Epistola
2272 497 2498 553 Paulum
2521 499 2589 551 de
2616 498 2792 552 tnultis
2832 499 3045 568 quidem
3090 499 3319 568 legibus,
3353 504 3444 555 sed
3480 508 3544 558 de

343 588 550 653 ponit.
578 587 631 639 lu
661 603 754 641 eos
778 602 903 642 vero
931 605 1066 658 quos
1088 590 1195 656 jam
1239 589 1479 644 homines
1505 592 1616 644 vult
1660 591 1906 660 intelligi,
2006 589 2234 643 naturali
2262 589 2374 658 lege
2406 584 2740 656 frequentius
2784 587 3072 655 disputare,
3103 589 3244 655 quod
3284 596 3336 642 et
3363 590 3413 650 in
3445 591 3544 645 hoc

344 677 501 729 dicit
530 679 888 746 pertransisse
922 689 1216 747 peccatum,
1255 681 1308 732 id
1340 689 1422 733 est
1465 679 1627 735 fuisse
1669 682 1907 750 quidem,
2007 679 2124 733 loco
2151 679 2414 747 praecipue
2445 676 2876 742 deprehenditur.
2906 676 3084 746 Usque
3109 677 3173 730 ad
3197 677 3375 745 legem.
3400 680 3540 732 enim

2008 767 2301 820 naturalem
2325 777 2604 834 peccatum
2636 774 2904 819 mortuum
2934 775 3014 820 est
3041 766 3174 836 (58).
3218 767 3362 834 Ergo
3391 779 3542 821 certo

2004 856 2178 910 aetatis
2213 865 2445 924 tempore
2475 853 2568 909 ubi
2616 854 2836 908 rationis
2873 868 3040 922 capax
3069 870 3185 910 esse
3215 857 3348 926 quis
3364 870 3542 926 clepe-

2006 946 2094 1009 rit,
2117 955 2172 998 et
2197 943 2324 1010 justi
2350 945 2661 1013 iniustique,
2691 942 2827 1010 aaqui
2857 952 2912 996 et
2935 943 3098 1011 iniqui
3135 944 3331 998 habere
3353 945 3542 999 discri-

2007 1048 2148 1098 men,
2179 1043 2304 1087 tuuc
2357 1043 2655 1102 peccatum,
2693 1033 2833 1099 quod
2881 1034 3028 1102 prius
3081 1034 3218 1087 intra
3273 1035 3538 1089 hominem

2003 1123 2149 1177 velut
2183 1133 2444 1178 mortuum
2479 1124 2798 1185 habebatur,
2834 1123 3152 1177 reviviscere
3185 1123 3399 1190 dicitur,
3438 1139 3539 1193 pro

2005 1226 2070 1266 eo
2101 1213 2244 1282 quod
2273 1223 2353 1268 est
2378 1213 2484 1280 jam
2525 1214 2854 1267 intrinsecus
2877 1212 2961 1266 lex
2993 1227 3112 1280 qua:
3137 1222 3297 1276 vetet,
3319 1224 3374 1267 et
3398 1216 3538 1271 ratio

2005 1317 2122 1371 quae
2151 1305 2396 1359 ostendat
2421 1319 2524 1358 non
2549 1318 2666 1358 esse
2689 1301 2990 1358 faciendum
3019 1303 3149 1371 (59).
3181 1301 3285 1358 Sed
3308 1313 3538 1374 utaper-

2004 1395 2111 1448 tius
2161 1393 2486 1464 intelligatur
2526 1394 2667 1462 quod
2706 1394 2972 1453 dicimus,
3025 1391 3260 1446 evidenti
3311 1403 3536 1448 utamur

2001 1483 2267 1553 exemplo.
2297 1485 2560 1553 Scriptum
2586 1491 2710 1538 est:
2747 1501 2766 1535 ι
2798 1481 2897 1548 Qui
2948 1481 3264 1545 percusserit
3305 1490 3531 1548 patrem,

342 768 456 820 sed
501 783 603 835 per
647 769 1012 837 paenitentiam
1063 772 1428 826 conversionis
1477 771 1588 840 (54)
1632 773 1906 839 depulsum

339 869 510 918 esse,
538 867 596 909 et
625 858 1000 924 pertransisse.
1033 873 1132 914 nec
1161 859 1298 913 ultra
1324 860 1374 912 in
1397 860 1475 914 eis
1504 861 1734 915 stetisse.
1759 859 1910 914 Unde

342 954 620 1012 apparet,
665 947 716 999 in
745 945 966 1000 Litteris
1000 947 1145 1001 Pauli
1198 963 1264 1002 ne
1295 963 1452 1002 unam
1496 949 1705 1017 quidem
1746 949 1906 1020 sylla-

344 1032 491 1085 bam
527 1049 752 1088 vacuam
799 1035 986 1090 sentiri
1039 1035 1236 1091 debere
1284 1038 1568 1106 mysteriis.
1625 1038 1908 1094 Videamus

338 1137 512 1176 nunc
537 1125 808 1192 quomodo
833 1125 1030 1179 dictum
1063 1136 1145 1181 est
1169 1143 1184 1179 :
1222 1145 1241 1178 ι
1275 1126 1455 1196 Usque
1476 1128 1542 1182 ad
1571 1128 1735 1197 legem
1763 1129 1906 1183 enim

332 1221 650 1278 peccatum
683 1214 737 1266 in
764 1215 864 1268 hoc
898 1215 1120 1279 mundo;
1150 1226 1427 1284 peccatum
1455 1227 1634 1271 autem
1664 1233 1766 1272 non
1803 1219 1905 1272 im-

333 1309 607 1367 putatur,
637 1317 756 1355 cum
780 1301 862 1356 lex
888 1316 990 1356 non
1017 1312 1117 1356 est.
1153 1321 1172 1355 ι
1211 1303 1322 1359 Hoc
1365 1305 1415 1358 in
1460 1305 1577 1360 loco
1617 1307 1904 1360 secundum

330 1403 479 1442 eam
515 1390 920 1446 similitudinem
950 1407 1114 1461 quam
1162 1408 1321 1463 supra
1365 1395 1725 1463 exposuimus,
1763 1396 1907 1450 vide-

333 1489 438 1532 tur
478 1480 617 1532 mihi
666 1479 862 1534 Paulus
903 1495 995 1548 per
1025 1482 1185 1535 alium
1243 1483 1440 1535 aditum
1491 1483 1797 1551 ingressus,
1853 1494 1907 1537 et

329 1583 447 1636 per
479 1568 652 1621 alium
697 1583 962 1636 egressus.
1016 1570 1144 1636 Quis
1198 1572 1340 1624 enim
1368 1586 1491 1625 eum
1540 1581 1714 1641 potest
1754 1573 1902 1642 sequi
2003 1573 2084 1627 vel
2111 1582 2358 1638 matrem,
2391 1582 2563 1628 morte
2588 1573 2852 1628 moriatur
2875 1573 2957 1636 "°;
2996 1588 3016 1622 ›
3048 1577 3140 1622 et:
3177 1589 3196 1620 ι
3230 1571 3328 1636 Qui
3367 1570 3532 1628 male-

327 1671 447 1724 ρετ
495 1657 659 1709 istum
691 1658 892 1711 aditum
937 1673 1042 1726 quo
1071 1659 1312 1727 pluribus
1342 1661 1552 1714 videtur
1605 1662 1902 1728 ingressus,
2001 1663 2194 1717 dixerit
2220 1663 2379 1731 patri,
2403 1671 2496 1717 aut
2529 1665 2712 1726 matri,
2741 1673 2913 1716 morte
2949 1658 3212 1715 moriatur
3240 1661 3308 1713 τί.
3345 1679 3364 1712 ι
3395 1660 3534 1715 Puer

331 1756 391 1796 ut
428 1745 507 1798 de
552 1746 670 1816 lege
711 1746 877 1817 Moysi
924 1749 1108 1804 dicere
1158 1749 1482 1817 intelligatur
1519 1751 1640 1818 quia
1674 1769 1693 1803 ι
1733 1768 1900 1822 usque
1925 1738 1971 1798 Β
1997 1769 2122 1824 ergo
2151 1754 2398 1821 parvulus
2431 1761 2663 1822 quatuor
2691 1753 2806 1808 fere
2843 1763 2936 1806 aut
2985 1755 3226 1821 quinque
3263 1766 3527 1806 annorum

327 1836 408 1885 ad
444 1834 630 1902 legem
659 1846 932 1902 peccatum
959 1838 1008 1890 in
1039 1838 1137 1892 hoc
1164 1840 1400 1894 mundo:
1428 1851 1703 1907 peccatum
1720 1852 1894 1897 autem

331 1940 457 1976 non
494 1925 814 1992 imputatur,
841 1941 962 1981 cum
1001 1927 1083 1981 lex
1127 1944 1228 1982 nou
1257 1929 1374 1982 est?
1413 1949 1431 1980 ι
1461 1929 1610 1998 quasi
1650 1939 1776 1986 ante
1819 1932 1896 1986 le-

327 2028 468 2080 gem
504 2023 781 2082 peccatum
814 2031 914 2070 non
943 2015 1124 2081 luerit,
1151 2028 1203 2071 et
1237 2033 1390 2072 nemo
1431 2021 1750 2086 peccaverit,
1798 2035 1897 2075 nec

328 2112 664 2170 reputatum
703 2104 865 2159 fuerit
891 2107 982 2160 ulli
1021 2117 1292 2174 peccatum
1333 2109 1442 2178 (55)
1489 2120 1771 2180 antequam
1810 2113 1896 2167 lex

326 2190 524 2261 Moysi
569 2193 806 2257 daretur,
840 2209 961 2248 cum
1012 2195 1248 2264 legamus
1280 2206 1333 2250 et
1377 2198 1542 2263 Cain,
1575 2210 1627 2253 et
1659 2200 1893 2257 Lamecb

325 2290 665 2347 reputatum
693 2297 813 2337 esse
842 2294 1135 2351 peccatum,
1161 2294 1216 2339 et
1250 2287 1337 2356 (ne
1369 2303 1464 2356 per
1511 2289 1748 2359 singulos
1778 2292 1894 2344 im-

324 2370 649 2440 tnorcmur)
697 2373 748 2425 in
799 2381 1002 2427 tantum
1065 2391 1160 2443 pro
1214 2379 1445 2442 peccatis
1492 2379 1760 2434 hominum
1802 2396 1897 2435 ex-

325 2461 672 2514 acerbatum
700 2475 819 2514 esse
846 2463 1030 2523 Deum.
1061 2471 1121 2516 ut
1149 2464 1398 2518 diluvium
1423 2468 1620 2521 mundo
1651 2469 1893 2524 introdu-

323 2560 521 2614 ceret,
565 2559 623 2604 et
665 2551 908 2605 diceret:
959 2570 976 2602 ι
1013 2551 1208 2607 Deleho
1258 2570 1468 2609 onmem
1511 2571 1724 2611 carnem
1776 2572 1895 2625 quae

319 2656 512 2709 super
545 2650 747 2694 terram
777 2652 864 2696 est
885 2642 962 2708 ⁶⁷;
1001 2660 1019 2693 ι
1051 2653 1106 2696 ει
1131 2657 1342 2698 rursum
1372 2645 1677 2702 Sodomitas
1705 2648 1892 2717 igneus

320 2733 523 2785 imber
545 2739 604 2783 et
630 2731 918 2799 sulphurea
949 2731 1156 2784 ﬂamma
1185 2735 1475 2788 vastaverit
1499 2735 1566 2788 ⁸³.
1617 2734 1893 2802 Quomodo

320 2837 474 2889 ergo
516 2822 572 2875 in
615 2822 722 2885 his,
751 2822 833 2876 vel
871 2823 923 2877 in
973 2823 1330 2892 hujuscemodi
1364 2827 1474 2895 (56)
1515 2831 1748 2896 peccatis
1785 2831 1888 2885 dici

321 2921 525 2979 potest
555 2926 662 2965 non
698 2911 866 2967 fuisse
894 2924 1189 2981 peccatum,
1223 2917 1304 2970 vel
1331 2917 1382 2969 in
1419 2918 1667 2970 vindictis
1697 2920 1889 2974 talibus

320 3004 989 3098 negabitur-reputatum
1033 3017 1154 3058 esse
1195 3007 1503 3072 peccatum?
1565 3007 1629 3060 Et
1660 3008 1774 3062 ideo
1799 3024 1888 3062 oc-
1913 3041 1956 3098 α

320 3093 577 3146 cultiore
598 3091 748 3145 aditu
771 3093 1038 3161 digressus
1067 3093 1218 3147 nobis
1255 3095 1600 3161 requirendus
1627 3107 1709 3151 est
1733 3097 1884 3154 Pauli

319 3185 378 3238 in
414 3199 494 3239 eo
532 3185 678 3252 quod
704 3182 852 3246 dicit,
895 3199 916 3233 ι
957 3182 1132 3250 Usque
1154 3185 1220 3237 ad
1247 3183 1414 3254 legem
1443 3187 1582 3240 enim
1609 3199 1884 3255 peccatum

320 3277 383 3330 in
441 3275 553 3330 hoc
587 3276 832 3330 mundo:
872 3285 1144 3344 peccatum
1198 3286 1370 3330 autem
1427 3293 1528 3333 non
1574 3279 1882 3346 imputatur,

316 3383 463 3421 cum
492 3366 578 3419 lex
604 3381 706 3418 non
734 3375 836 3420 est.
874 3385 893 3418 ι
921 3365 1220 3421 Invenimus
1248 3381 1367 3420 eum
1399 3377 1455 3423 et
1480 3369 1532 3422 in
1566 3369 1674 3439 (57)
1705 3381 1884 3439 poste-

321 3455 586 3510 rioribus
612 3453 770 3520 hujus
803 3453 1053 3522 Epistolze
1079 3455 1339 3508 dicentem
1375 3457 1476 3510 hoc
1501 3459 1690 3513 modo:
1714 3476 1732 3509 ι
1758 3460 1886 3514 Sine

317 3549 462 3613 lege
489 3544 634 3597 enim
670 3553 944 3611 peccatum
974 3554 1236 3597 mortuum
1269 3555 1386 3598 erat
1411 3562 1426 3598 :
1454 3561 1553 3616 ego
1586 3557 1762 3602 autem
1798 3550 1880 3601 vi-

318 3638 543 3690 vebam
568 3638 684 3689 sine
711 3634 827 3702 lege
861 3633 1146 3701 aliquando
1180 3635 1244 3689 ".
1285 3653 1303 3686 ι
1337 3635 1393 3688 ln
1437 3652 1542 3704 quo
1577 3653 1710 3694 unus
1752 3641 1883 3694 mihi

319 3737 510 3793 atque
537 3723 677 3776 idem
703 3737 892 3776 sensus
921 3722 1130 3776 videtur
1159 3724 1435 3793 utriusque
1452 3727 1692 3794 capituli.
1731 3729 1882 3794 Quod

318 3817 486 3870 cutim
522 3813 610 3866 hic
635 3814 820 3866 deerat
849 3813 902 3865 in
923 3826 1187 3876 sermone,
1214 3812 1282 3865 ibi
1309 3813 1633 3882 adimplevit.
1654 3829 1672 3863 ε
1705 3814 1883 3886 Usque

320 3905 398 3957 ad
457 3902 634 3968 legem
681 3899 823 3952 enim
872 3907 1143 3967 peccatum
1182 3898 1233 3952 in
1271 3899 1371 3952 hoc
1419 3901 1634 3964 mundo,
1679 3921 1698 3954 ι
1735 3903 1885 3956 deest

327 4013 350 4045 ι
404 4001 712 4053 mortuum,
760 4007 779 4038 ι
823 3987 963 4054 quod
1023 3986 1095 4042 ibi
1137 3988 1432 4043 evidentius
1482 3992 1764 4058 expressit.
1825 3991 1880 4046 Si

319 4097 474 4150 ergo
509 4079 673 4131 etiam
705 4077 790 4130 hic
811 4076 1098 4144 jungamus
1129 4075 1290 4130 istum
1315 4093 1635 4141 sermonem,
1658 4086 1713 4132 et
1736 4078 1882 4133 dica-

320 4187 461 4224 mus
486 4188 500 4222 :
537 4186 557 4219 ι
600 4165 780 4236 Usque
801 4164 865 4219 ad
896 4165 1064 4234 legem
1089 4167 1228 4220 enim
1257 4177 1530 4236 peccatum
1560 4179 1676 4223 erat
1701 4169 1752 4223 in
1783 4170 1883 4225 hoc

321 4258 550 4315 mundo
585 4275 604 4307 ρ
641 4264 905 4310 mortuum
931 4271 945 4307 :
979 4273 997 4306 ι
1023 4265 1294 4323 peccatum
1325 4265 1497 4310 autem
1521 4273 1625 4313 non
1652 4259 1883 4328 imputa-

1996 1843 2061 1906 si,
2120 1851 2178 1896 ut
2209 1843 2323 1896 ﬁeri
2366 1842 2521 1905 solet,
2565 1843 2864 1910 indignatus
2922 1845 3070 1911 virga
3122 1841 3388 1909 percutiat
3417 1841 3528 1912 (ϐο)

1995 1940 2198 2000 patrem
2219 1941 2312 1986 aut
2337 1943 2582 1997 matrem,
2610 1942 2868 2000 quantum
2920 1931 2984 1982 ad
3016 1937 3338 1998 praeceptum
3382 1944 3525 1983 man-

1994 2022 2103 2077 dati
2135 2031 2338 2090 spectat
2367 2031 2592 2076 mortem
2623 2022 2774 2074 debet
2800 2019 2932 2089 (61).
2969 2019 3072 2072 Sed
3098 2021 3218 2086 quia
3245 2019 3330 2073 lex
3359 2018 3410 2070 in
3439 2018 3528 2073 illo

1995 2110 2227 2162 nomium
2251 2119 2334 2164 est
2365 2108 2645 2169 naturalis,
2679 2120 2795 2175 qua:
2825 2121 2947 2160 cum
2976 2106 3168 2160 doceat
3201 2122 3304 2160 non
3331 2107 3526 2160 debere

1994 2196 2240 2264 injuriam
2289 2197 2468 2250 facere
2519 2195 2657 2265 patri
2699 2203 2792 2246 aut
2840 2195 3019 2258 matri,
3046 2209 3144 2249 nec
3183 2197 3286 2248 scit
3326 2196 3379 2250 in
3423 2195 3525 2250 hoc

1992 2288 2192 2339 crimen
2223 2286 2512 2354 impietatis
2537 2287 2744 2341 admitti
2773 2286 2884 2357 (62)
2919 2302 2932 2337 :
2963 2295 3046 2340 est
3073 2286 3285 2354 quidem
3314 2285 3524 2354 species

1992 2377 2197 2445 peccati
2243 2377 2383 2444 quod
2429 2375 2588 2441 facit;
2633 2377 2755 2444 quia
2787 2377 3018 2444 percutit
3045 2385 3250 2444 patrem
3299 2375 3378 2428 vel
3409 2391 3522 2428 ma-

1994 2475 2150 2529 trem,
2186 2473 2277 2519 aut
2319 2463 2587 2518 maledicit
2627 2463 2770 2534 (65);
2817 2467 2907 2519 sed
2941 2475 3208 2520 mortuum
3260 2472 3342 2518 est
3378 2465 3430 2518 in
3456 2479 3520 2520 eo

1989 2563 2288 2621 peccatum,
2315 2554 2438 2622 quia
2465 2569 2560 2624 per
2585 2555 2880 2609 absentiam
2915 2554 3173 2608 naturalis
3198 2553 3354 2623 legis,
3400 2569 3521 2623 qua

1990 2644 2044 2697 in
2073 2659 2138 2698 eo
2164 2645 2394 2698 nondum
2433 2652 2540 2708 est,
2568 2653 2842 2712 peccatum
2872 2645 2921 2698 ei
2966 2660 3070 2699 non
3100 2654 3276 2713 potest
3302 2656 3518 2714 reputa-

1990 2735 2056 2789 ri.
2087 2733 2329 2789 Nondum
2365 2743 2448 2790 est
2485 2736 2626 2789 enim
2666 2736 2804 2789 intra
2846 2750 2968 2790 eum
3020 2735 3157 2789 ratio
3200 2743 3371 2798 tanta,
3400 2751 3520 2806 qua:

1987 2839 2109 2879 eum
2155 2825 2343 2880 doceat
2375 2827 2476 2880 hoc
2507 2826 2648 2893 quod
2683 2824 2832 2890 facit,
2875 2825 2988 2878 lleri
3031 2840 3137 2880 non
3182 2825 3420 2880 debere:
3463 2835 3519 2880 et

1989 2911 2107 2964 ideo
2131 2913 2292 2965 etiam
2319 2928 2346 2964 a
2381 2913 2690 2978 parentibus
2733 2928 2839 2966 non
2881 2912 3051 2965 solmu
3105 2929 3207 2966 non
3242 2924 3518 2980 reputatur

1987 3003 2057 3056 ad
2087 3003 2318 3071 culpam,
2344 3002 2437 3056 sed
2475 3003 2540 3055 ad
2571 3002 2793 3072 gratiam
2823 3001 3318 3071 iucunditatemque
3342 3004 3517 3057 susci-

1988 3092 2148 3162 pitur.
2183 3091 2245 3145 Et
2282 3093 2382 3145 hoc
2409 3093 2566 3144 modo
2590 3100 3001 3160 consequenter,
3033 3101 3092 3144 ut
3131 3105 3231 3161 ego
3257 3093 3515 3158 arbitror,

1990 3181 2205 3248 intelligi
2253 3189 2426 3248 potest
2465 3182 2606 3247 quod
2647 3180 2930 3247 Apostolus
2962 3181 3135 3232 dicit:
3172 3198 3190 3230 ι
3231 3178 3407 3248 Usque
3447 3181 3517 3234 ad

1989 3271 2154 3338 legem
2187 3272 2326 3323 enim
2380 3281 2648 3338 peccatum
2690 3271 2744 3322 in
2785 3270 2885 3323 hoc
2927 3269 3144 3334 mundo,
3185 3288 3204 3320 ι
3235 3280 3291 3324 ιιι
3317 3273 3516 3325 subau-

1989 3360 2186 3422 diatur,
2230 3369 2514 3414 mortuum.
2553 3378 2573 3410 ι
2606 3358 2884 3414 Peccatum
2911 3368 3086 3412 autem
3126 3373 3229 3413 non
3289 3361 3521 3428 imputa-

1991 3457 2096 3512 tur,
2133 3463 2255 3502 eum
2303 3450 2384 3502 lex
2417 3465 2521 3503 non
2563 3459 2664 3504 est.
2699 3447 2997 3502 sCouvenit
3037 3448 3178 3500 enim
3224 3450 3516 3503 secundum

1989 3537 2126 3590 hanc
2179 3539 2567 3606 expositionem
2605 3539 2767 3590 etiam
2807 3537 2934 3591 illud
2975 3537 3194 3602 intelligi
3245 3538 3352 3610 (6‘)
3375 3540 3516 3609 quod

1987 3627 2116 3680 dicit
2153 3626 2438 3693 Apostolus
2468 3614 2493 3680 ε’
2529 3646 2547 3679 ι
2577 3627 2688 3695 Ego
2723 3636 2900 3680 autem
2947 3628 3189 3682 vivebam
3236 3630 3352 3683 sine
3401 3630 3518 3698 lege

1987 3717 2271 3784 aliquando
2300 3718 2365 3770 ⁷³.
2404 3737 2423 3770 ι
2478 3717 2610 3770 Nam
2668 3717 2932 3785 quomodo
2986 3715 3180 3771 Paulus
3232 3719 3347 3772 sine
3399 3718 3516 3787 lege

1987 3803 2152 3871 Moysi
2176 3805 2444 3857 invenitur
2479 3803 2764 3871 aliquando
2800 3804 3019 3867 vixisse,
3058 3819 3179 3858 cum
3217 3806 3330 3874 ipse
3361 3807 3427 3860 de
3457 3822 3518 3861 se

1986 3894 2130 3948 dicat
2155 3894 2200 3925 "
2231 3894 2355 3962 quia
2407 3892 2661 3946 llebmus
2707 3907 2773 3946 ex
2817 3891 3054 3948 Hebrzeis
3099 3895 3189 3957 sit,
3240 3903 3294 3948 et
3323 3905 3514 3948 octava

1985 3984 2072 4038 die
2119 3981 2471 4036 circumcisus
2521 3981 2700 4034 statim
2724 3996 2753 4033 a
2782 3980 3059 4035 nativitate
3093 3982 3144 4035 iu
3179 3983 3341 4051 Moysi
3383 3984 3514 4052 legis

1983 4074 2318 4129 observantia
2369 4072 2558 4126 fuerit?
2624 4069 2728 4124 Sed
2782 4079 2992 4125 constat
3033 4084 3152 4123 eum
3206 4073 3512 4139 aliquando,

1984 4166 2086 4219 hoc
2113 4173 2195 4218 est
2229 4165 2279 4218 iu
2309 4162 2495 4232 puerili
2541 4171 2710 4225 aetate,
2768 4169 3050 4227 antequam
3093 4161 3318 4215 rationis
3347 4179 3512 4230 capax

1987 4254 2157 4318 lieret,
2182 4254 2296 4307 sine
2325 4251 2552 4304 naturali
2574 4251 2688 4319 lege
2713 4250 2928 4304 vixisse.
2955 4249 3196 4305 Nondum
3221 4254 3362 4305 enim
3385 4254 3433 4306 ei
3463 4255 3511 4306 iu

323 4362 449 4412 tur,
487 4361 613 4399 cum
648 4346 731 4397 lex
760 4359 862 4398 nou
890 4355 991 4405 est,
1033 4362 1051 4393 ι
1079 4344 1197 4396 vide
1220 4344 1343 4412 quia
1373 4345 1580 4414 integre
1613 4355 1756 4402 stare
1788 4364 1882 4417 po-
1911 4365 1954 4419 ι)
1986 4343 2068 4396 illa
2087 4351 2241 4396 astate
2263 4341 2438 4396 iuerat
2455 4340 2587 4408 justi
2617 4339 2920 4408 injustique-
2941 4340 3232 4404 distinctio,
3261 4356 3360 4394 nec
3381 4345 3512 4396 recti

400 4459 451 4490 ⁸⁷
477 4456 620 4509 Gen.
650 4469 722 4516 vi,
755 4453 807 4506 7.
846 4468 852 4476 '
882 4453 926 4484 "‘
951 4453 1082 4508 Gen.
1119 4469 1230 4518 xtx,
1261 4454 1352 4509 24.

317 4529 371 4562 ⁷³
407 4525 618 4592 Pbilip.
656 4539 735 4585 ιιι,
758 4521 811 4575 5.

403 4642 531 4706 (55)
560 4640 732 4702 Alias,
764 4656 783 4688 ι
827 4639 1044 4692 terreni.
1079 4657 1098 4688 ι

403 4703 528 4782 (ἥρ)
555 4711 724 4782 Alias,
762 4729 780 4761 ι
813 4707 1258 4768 conversationis,
1293 4724 1335 4782 in
1349 4703 1504 4782 male.

405 4773 726 4851 (55)-ῐιξιιίιὶ2
771 4791 923 4851 (nec
968 4785 1266 4843 reputatum
1315 4773 1448 4844 [al.,
1481 4792 1500 4824 ι
1538 4787 1638 4827 nec
1695 4788 1880 4841 pecca-

328 4845 453 4908 tum
482 4845 554 4920 ι’]
584 4845 752 4920 fuerit
783 4845 856 4920 illi
890 4853 1186 4920 peccatum.
1220 4861 1237 4893 ι

407 4909 740 4990 (56):Alias,
768 4933 786 4966 ι
818 4909 1092 4990 Quomodo
1115 4925 1240 4980 ergo
1267 4909 1347 4964 vel
1366 4911 1418 4963 in
1441 4911 1826 4981 hujuscemodi,
1855 4930 1874 4964 ι

321 4981 716 5058 ειεζζξιὺξιιιιε
743 5002 761 5033 ι
792 4982 869 5058 vel
899 4982 950 5033 in
976 4981 1080 5058 bis.
1116 4997 1134 5029 ι
1335 5048 1347 5058 ⁹

405 5053 529 5123 (57)
569 5049 731 5123 Editi,
766 5070 785 5102 ι
819 5049 1154 5104 Inveniemus
1173 5062 1300 5123 eum
1335 5049 1409 5111 in,
1449 5065 1468 5097 ›
1497 5055 1606 5123 etc,

408 5057 504 5123 (57
569 5053 731 5115 Editi,
766 5070 785 5102 ι
819 5053 1154 5104 inveniemus
1181 5062 1300 5099 eum
1335 5053 1409 5111 in,
1449 5065 1468 5097 ›
1497 5055 1606 5100 etc.

408 5053 530 5194 (58;
565 5120 658 5173 Sic
687 5129 829 5173 recte
872 5131 1139 5194 mat-unus
1169 5115 1364 5183 Regius
1402 5130 1547 5168 num.
1590 5113 1744 5194 MSS.
1771 5117 1882 5170 Cze-

326 5183 440 5248 teri
478 5183 613 5244 vero
635 5203 762 5241 mss.
792 5197 848 5241 et
875 5185 1023 5249 editi,
1050 5197 1345 5253 perperam,
1374 5199 1393 5231 ι
1433 5195 1598 5250 usque
1623 5185 1687 5235 ad
1708 5183 1880 5253 legem

323 5263 493 5318 enim
520 5257 840 5319 naturalem,
866 5266 983 5321 qua:
1012 5263 1158 5305 certo
1203 5252 1662 5321 atatistempore,
1722 5269 1741 5302 ι
1777 5252 1882 5308 etc.

409 5328 531 5401 (ὅθ)
558 5324 648 5378 Sic
679 5317 1018 5401 om_nes:mss.
1049 5320 1236 5401 nostri.
1265 5317 1575 5401 vero,
1601 5334 1634 5401 ,ε
1668 5332 1775 5401 ΡΨ
1815 5338 1880 5376 θο

326 5387 486 5468 «ιιιὸά
513 5387 600 5448 est
622 5407 741 5446 cum
755 5391 1086 5468 intrinsecus
1108 5387 1191 5441 lex
1213 5400 1328 5454 qua:
1350 5394 1508 5450 vetat,
1538 5387 1667 5442 ratio
1688 5398 1882 5444 osten-

327 5456 430 5521 i'tat
463 5478 574 5517 non
604 5475 724 5514 esse
751 5456 1009 5511 facienda.

413 5527 530 5593 (60)
572 5525 631 5577 Si
670 5531 759 5591 (ut
807 5523 924 5588 ﬁeri
973 5521 1131 5588 solet)
1168 5521 1458 5594 indignatus
1507 5522 1638 5589 virga
1677 5539 1887 5594 percu-

334 5600 468 5652 (itu.

1455 4456 1498 4486 "
1534 4458 1686 4517 Rom.
1717 4476 1808 4525 vti,
1839 4460 1892 4526 8,
1923 4460 1975 4514 9.
2045 4460 2090 4490 ⁷⁸
2112 4458 2276 4511 Exod.
2317 4455 2538 4518 xxt,15.

525 5594 612 5646 Sic
665 5589 810 5644 recte
867 5603 969 5642 ms.
1022 5603 1198 5655 unus;
1247 5589 1415 5642 caeteri
1472 5605 1611 5655 vero,
1649 5589 1689 5646 «⁷
1749 5595 1904 5653 sicut

2642 4455 2685 4486 ⁷¹
2715 4454 2840 4508 ibid.
2885 4453 2970 4509 17.
3075 4455 3119 4484 ⁷³
3141 4453 3294 4506 Rom.
3328 4469 3422 4514 vtt.
3459 4456 3511 4511 9.

1979 4633 2094 4686 ller't
2125 4635 2262 4710 solet
2288 4631 2586 4698 indignatus
2617 4631 2763 4700 virga
2785 4639 3068 4702 percutiat.
3106 4655 3126 4687 ι
3161 4637 3302 4692 Editi
3355 4642 3514 4694 omit-

1981 4711 2097 4754 tunt
2123 4719 2142 4750 ‹
2179 4714 2344 4766 Vtrga.
2384 4717 2402 4749 ι

2047 4769 2156 4838 (61)
2186 4768 2257 4821 Ita
2289 4782 2474 4822 omnes
2519 4783 2645 4821 mss.
2692 4776 2880 4828 nostri.
2933 4771 3071 4828 Editi
3121 4789 3280 4836 vero,
3315 4791 3333 4823 ι
3371 4775 3508 4830 mori

1980 4839 2160 4977 (1⁸ῗὲἕό
2190 4855 2264 4977 ἰιε
2295 4912 2439 4958 recte
2463 4917 2726 4977 mS_.Allr_lll_S
2753 4905 2950 4977 Regius
2995 4923 3142 4960 num.
3173 4909 3328 4964 l639.
3358 4911 3510 4964 Alter

1980 4971 2106 5029 vero
2130 4971 2324 5043 Regius
2353 4987 2499 5026 num.
2531 4971 2657 5043 16H
2691 4971 2871 5034 habet.
2907 4996 2924 5025 ι
2960 4991 3064 5028 non
3092 4987 3172 5030 est
3196 4979 3247 5030 in
3275 4978 3376 5030 hoc
3399 4983 3511 5031 crio

1982 5059 2099 5097 men
2131 5040 2422 5113 impietatis
2443 5040 2694 5113 :_emin_et
2721 5043 2844 5108 quia
2875 5052 2928 5094 et
2965 5046 3276 5112 estquidem
3306 5048 3510 5113 species

1981 5106 2255 5181 peccati,ji
2293 5119 2396 5181 etc.
2451 5106 2639 5181 Ceteri
2672 5106 2798 5181 vero
2843 5126 2971 5181 mss.
2996 5106 3098 5181 λεί
3125 5115 3254 5165 editi
3291 5106 3507 5180 habent,

1987 5177 2004 5232 ι
2043 5180 2120 5254 vel
2145 5179 2278 5232 sciat
2302 5179 2355 5254 iu_
2385 5177 2486 5228 hoc
2522 5177 2720 5254 crimen
2751 5178 3040 5246 impietatis
3071 5182 3279 5234 admitti
3315 5194 3408 5235 :et
3429 5177 3512 5238 est

1981 5246 2419 5318 quidetn__species
2437 5246 2661 5318 peccati,
2695 5262 2714 5318 ι
2749 5256 2851 5299 etc.

2051 5317 2160 5381 (63)
2191 5316 2277 5366 Sic
2306 5327 2404 5364 ms.
2437 5325 2571 5363 unus
2590 5312 2781 5378 Regius
2807 5329 2954 5366 uum.
2980 5314 3140 5369 16M.
3167 5317 3354 5372 (λειετί
3384 5336 3510 5376 νει-ο

1982 5400 2112 5467 mss.
2158 5391 2212 5434 et
2257 5381 2405 5441 editi,
2443 5396 2461 5428 ι
2500 5391 2720 5433 matrem
2765 5383 2906 5434 enim
2946 5389 3195 5450 percutit,
3231 5389 3311 5439 vel
3343 5393 3509 5451 male,

1982 5457 2454 5592 dl(:(lttil),lntelligi.
2494 5517 2652 5574 Deest
2687 5520 2746 5574 in,
2780 5517 2954 5572 editis.
