3894 6224
370 304 503 358 1015

1801 281 2114 343 ORIGENIS

3518 267 3655 326 ωιό

364 416 621 490 pravique
669 410 886 481 patebat
915 415 1162 458 examen.
1222 401 1371 467 Quod
1420 398 1485 455 de
1519 400 1744 479 naturali
1781 401 1897 468 lege
1924 401 1971 456 Α
1999 407 2232 467 putatur.
2269 397 2334 450 Et
2361 396 2639 490 quomodo
2670 383 3259 490 ante-iegsm-M-qysi
3290 380 3659 490 vel!

366 510 471 561 dici
528 507 580 558 in
628 496 968 567 sequentibus
1015 493 1299 547 evidenter
1344 492 1598 555 OSIendit,
1637 506 1756 546 cum
1811 492 1889 545 di-

364 599 435 650 cit
456 596 500 626 ⁷⁸
524 610 536 643 :
569 609 587 641 ι
615 590 715 643 Sed
739 588 824 641 ubi
845 585 990 639 venit
1010 584 1338 646 mandatum,
1362 591 1633 651 peccatum
1656 581 1850 636 revixit
1874 598 1889 634 :

364 683 523 754 549
550 696 644 748 ego
669 687 841 732 autem
868 658 1107 732 mortuus
1136 688 1272 727 sum.
1310 693 1328 726 ι
1386 673 1487 726 Per
1536 674 1675 741 quod
1707 672 1890 726 decla-

363 783 447 827 rat
476 770 615 825 illius
641 771 818 823 :etatis
851 775 1071 836 peccata
1099 766 1265 819 luisse
1293 765 1530 833 quidem,
1555 764 1645 817 sed
1682 772 1891 816 mortua

362 861 568 923 habita,
589 861 711 927 quia
742 874 847 912 non
877 857 1258 928 reputabuntur
1287 855 1352 908 ad
1384 855 1609 922 culpam.
1641 854 1740 908 Ubi
1765 864 1893 907 vero

360 951 522 1016 ccepi,
560 948 749 1015 inquit,
801 947 938 1000 scire
985 944 1110 1012 quid
1136 944 1395 1014 agendum
1428 943 1519 1008 sit,
1548 943 1672 1008 quid
1702 954 1894 996 caven-

363 1040 484 1090 dum
516 1047 570 1090 et
596 1035 867 1087 vitandum
902 1034 1032 1103 (65),
1066 1036 1117 1086 et
1147 1034 1451 1086 mandatum
1486 1032 1614 1100 legis
1645 1032 1778 1083 intra
1808 1045 1893 1084 me

358 1129 588 1195 vigentis
625 1129 898 1192 accipere;
941 1127 1064 1177 tnn'c
1111 1124 1162 1176 in
1216 1130 1301 1175 ine
1353 1121 1549 1176 revixit
1592 1131 1888 1191 peccatum,

359 1219 499 1286 quod
525 1218 801 1285 priusper
827 1216 1117 1268 absentiam
1148 1215 1280 1282 legis
1307 1214 1571 1267 ninrtuum
1591 1211 1887 1275 videbatur,

359 1317 412 1361 et
454 1325 475 1359 ς
496 1310 653 1376 ego,»
698 1301 885 1373 inquit,
914 1322 932 1354 ι
966 1308 1208 1358 mortuus
1228 1316 1347 1356 sum
1371 1304 1488 1356 '3’:
1518 1321 1538 1353 ι
1571 1302 1732 1369 empit
1751 1300 1889 1354 enim

358 1400 464 1470 jam
488 1398 615 1452 mihi
649 1397 882 1464 reputari
912 1402 1212 1465 peccatum.
1235 1394 1340 1448 Sed
1369 1395 1484 1448 haec
1514 1391 1764 1446 Basilides
1785 1404 1889 1445 non

359 1482 640 1541 advertens
674 1485 740 1540 'de
765 1485 882 1554 lege
911 1484 1132 1539 naturali
1167 1482 1359 1538 debere
1394 1481 1639 1551 intelligi,
1665 1482 1730 1535 ad
1776 1480 1892 1534 ine-

363 1586 481 1647 ptas
504 1578 561 1631 ’et
590 1577 776 1645 impias
795 1575 998 1629 fabulas
1014 1572 1316 1628 sermonem
1340 1573 1682 1642 apostolicum
1706 1565 1887 1634 traiit,

358 1677 413 1721 et
448 1664 497 1720 in
534 1665 1064 1737 patevcmpatdiaew;
1107 1665 1293 1733 dogma
1330 1663 1464 1733 (66),
1514 1656 1698 1727 idem,
1751 1663 1889 1730 quod

1992 490 2372 545 condemnatus
2400 495 2507 551 est,
2543 485 2634 537 vel
2670 482 2893 536 invidia
2933 476 3159 544 diaboli
3195 488 3371 528 mors
3397 473 3659 526 introivit

1994 581 2045 634 in
2093 579 2276 631 orbem
2321 575 2646 631 terrarum?
2690 569 3012 638 Quomodo
3058 566 3247 621 etiam
3285 564 3454 631 quod
3490 560 3662 619 ludas

1995 670 2269 738 apostolus
2296 670 2347 722 in
2377 667 2619 737 EpiStoia
2661 662 2956 717 catholica
2989 657 3163 717 dicit,
3204 653 3441 723 poterit
3466 654 3661 719 expia-

1993 760 2150 814 nari?
2176 759 2266 812 Ait
2290 758 2431 811 enim
2459 758 2573 809 ita:
2616 772 2637 805 ι
2670 751 2928 822 Angelos
2962 761 3213 817 quoque
3248 745 3359 813 qui
3403 759 3519 797 non
3544 759 3660 798 ser-

1992 857 2251 902 vaverunt
2276 847 2644 914 principatum
2676 855 2874 905 suum,
2913 839 3024 893 sed
3054 835 3537 903 dereliqueruut
3571 839 3666 889 do-

1995 940 2251 994 micilium
2273 937 2528 998 suum,in
2549 932 2830 1003 judicium
2872 927 3083 1000 magni
3109 926 3236 980 diei
3268 925 3522 979 aeternis
3549 926 3668 977 vin-

1992 1028 2125 1082 culis
2176 1026 2500 1081 constrictos
2543 1024 2650 1076 sub
2701 1019 2960 1088 caligine
3020 1015 3371 1071 reservavit
3404 1016 3482 1068 ⁷⁸.
3515 1034 3535 1065 ι
3592 1016 3665 1069 Ex

1992 1122 2186 1188 quibus
2230 1119 2480 1174 omnibus
2511 1116 2690 1184 magis
2719 1128 2788 1169 ac
2821 1113 3018 1182 magis
3042 1119 3313 1189 constat
3349 1109 3428 1164 de
3453 1122 3521 1163 ea
3555 1110 3670 1176 lege

1992 1210 2104 1265 lucc
2125 1209 2444 1278 Apostolum
2470 1209 2681 1271 dicere,
2715 1219 2894 1274 quam
2929 1203 3375 1272 unusquisque
3398 1203 3525 1257 sive
3557 1203 3668 1273 (7|)

1992 1300 2296 1364 hominum,
2338 1299 2453 1351 sive
2501 1296 2671 1351 etiam
2719 1294 3109 1365 angelorum,
3159 1291 3377 1345 divina
3422 1293 3668 1360 quadam

1992 1390 2390 1455 dispensatione
2412 1387 2499 1441 vel
2531 1400 2768 1441 munere
2802 1386 2962 1439 intra
2990 1399 3060 1439 se
3095 1382 3477 1438 naturaliter
3494 1384 3669 1453 gerit:

1991 1479 2144 1546 cujus
2174 1487 2318 1532 tanta
2350 1479 2435 1532 vis
2458 1487 2567 1543 est,
2603 1487 2658 1531 et
2684 1486 2845 1531 tanta
2906 1476 3218 1546 potentia,
3251 1483 3322 1529 ut
3356 1476 3538 1529 etiam
3571 1489 3670 1527 au-

1991 1570 2134 1640 gei'os
2161 1572 2371 1639 arguat,
2415 1578 2519 1625 nec
2561 1578 2873 1639 personam
2923 1568 3121 1623 uilius
3163 1567 3492 1637 dignitatis
3527 1569 3670 1621 exci-

1992 1662 2122 1729 piat,
2156 1669 2210 1715 et
2257 1661 2370 1730 ipsa
2420 1658 2615 1715 fecerit
2660 1660 2771 1713 hoc
2812 1659 2979 1727 quod
3045 1658 3352 1727 superius
3388 1658 3671 1726 apostolus

360 1724 553 1810 auitme
600 1756 650 1809 in
699 1724 800 1811 alia
855 1766 1013 1824 atque
1045 1724 1203 1808 ralia“
1232 1724 1462 1822 corpora.
1514 1724 1891 1807 transfundam
1920 1724 1963 1778 Β
1989 1724 2153 1805 ludas
2175 1724 2323 1815 dicit,
2357 1760 2416 1803 ut
2438 1749 2617 1819 angeli
2645 1750 2742 1817 qui
2768 1724 2888 1803 non
2920 1724 3355 1802 servaverunt
3388 1724 3671 1818 principa-

360 1857 468 1910 tur,
499 1863 562 1902 ex
602 1847 701 1901 hoc
728 1847 964 1916 Apostoli
993 1847 1139 1903 dicto
1163 1854 1385 1901 conatur
1414 1854 1676 1898 astruere.
1705 1861 1722 1893 ι
1751 1843 1887 1897 Dixit

360 1936 524 2004 enim,
561 1937 753 2007 inquit,
815 1936 1115 2006 Apostolus,
1147 1936 1273 2007 quia
1311 1937 1466 2008 cEgo
1495 1934 1740 1988 vivebam
1780 1932 1893 1986 sine

367 2046 387 2079 ς
423 2029 534 2095 lege
576 2028 859 2096 aliquando
895 2028 975 2080 ἠε
1004 2032 1026 2079 i
1054 2028 1154 2080 hoc
1185 2032 1288 2091 est,
1324 2022 1610 2093 antequam
1654 2024 1706 2076 in
1755 2018 1893 2077 istud

361 2129 554 2184 corpus
605 2115 882 2183 venirem,
929 2115 981 2168 in
1025 2129 1086 2167 ea
1135 2113 1314 2182 specie
1348 2112 1728 2184 (67)‘co'rporis
1763 2112 1892 2174 vixi,

359 2214 477 2269 qua:
501 2202 601 2255 sub
626 2201 741 2268 iege
771 2215 874 2254 non
902 2211 1081 2265 esset;
1115 2202 1333 2270 pecudis
1353 2202 1575 2262 scilicet.
1610 2200 1689 2254 vel
1721 2202 1888 2254 avis.»

332 2292 464 2346 ‘Sed
496 2306 600 2347 nun
631 2288 867 2360 respexit
898 2291 961 2344 ad
992 2293 1042 2345 id
1071 2293 1211 2360 quod
1232 2294 1491 2360 sequitur,
1521 2291 1572 2345 id
1595 2302 1712 2345 est:
1744 2308 1764 2342 ι
1792 2290 1892 2344 Sed

359 2381 450 2435 ubi
481 2383 624 2436 venit
660 2378 985 2444 mandatum.
1014 2388 1290 2451 peccatum
1321 2381 1530 2435 revixit.
1568 2400 1599 2432 »-
1619 2380 1730 2434 Νοη
1751 2382 1890 2434 enini

361 2471 494 2525 dixit
537 2466 595 2525 se
623 2467 831 2526 venisse
854 2471 971 2543 {68)
997 2473 1063 2525 ad
1098 2462 1429 2535 mandatum,
1460 2471 1552 2524 sed
1586 2471 1652 2523 ad
1704 2484 1762 2523 se
1807 2478 1895 2522 ve-

361 2564 507 2612 nisse
533 2560 881 2621 mandatum;
914 2570 966 2613 et
992 2558 1267 2628 peccatum
1293 2573 1396 2611 non
1428 2559 1563 2612 dixit
1598 2564 1701 2612 nun
1729 2558 1892 2612 fuisse

362 2648 415 2700 in
445 2660 522 2711 se,
548 2646 643 2701 sed
668 2655 931 2702 mortuum
958 2648 1147 2713 fuisse,
1173 2660 1225 2700 et
1250 2649 1528 2702 revixiSse.
1560 2648 1616 2701 lu
1655 2660 1761 2716 quo
1786 2648 1890 2701 uti-

363 2752 469 2804 que
487 2736 714 2791 oStendit
739 2741 879 2805 quOd
908 2739 975 2792 de
1000 2748 1102 2792 una
1124 2724 1425 2806 eademque
1442 2739 1547 2791 vita
1576 2746 1669 2791 sua
1698 2746 1896 2791 utrum-

363 2841 468 2893 que
496 2826 823 2894 lotjuer'etur.
859 2826 1055 2881 Verum
1095 2827 1391 2891 Basilides,
1437 2834 1490 2881 et
1535 2827 1579 2880 si
1632 2827 1722 2894 qui
1772 2838 1891 2880 cum

366 2916 480 2983 ipso
512 2915 623 2984 (69)
662 2918 762 2969 hoc
788 2915 1044 2980 sentiunt,
1082 2916 1135 2969 in
1167 2931 1259 2970 sua
1291 2916 1567 2985 impietate
1592 2915 1895 2981 relinquan-

1991 1849 2103 1893 tum
2139 1842 2317 1905 suum,
2349 1838 2444 1892 Sed
2475 1838 2918 1907 dereliquerunt
2943 1837 3351 1893 domicilium
3388 1852 3579 1902 suum,
3606 1841 3670 1893 ad

1986 1929 2245 1996 judicium
2275 1929 2454 1996 magni
2488 1928 2598 1982 diei
2634 1930 2876 1983 aeternis
2901 1922 3155 1985 astricti
3179 1930 3451 1986 vinculis
3480 1947 3668 1986 serva-

1989 2028 2196 2076 rentur.
2228 2020 2342 2090 ipsa
2372 2030 2458 2076 est
2485 2021 2593 2084 lex,
2624 2037 2749 2090 qua:
2783 2023 2968 2076 etiam
3004 2024 3340 2078 diabolum
3371 2034 3429 2079 et
3454 2026 3670 2095 angelos

1990 2110 2105 2181 ejus
2133 2112 2185 2164 in
2220 2112 2396 2179 ignem
2434 2114 2731 2175 aeternum,
2766 2111 2866 2180 qui
2913 2108 3011 2166 eis
3056 2108 3459 2184 praeparatus
3498 2118 3584 2171 est
3602 2117 3666 2186 ",

1991 2201 2278 2270 pertrahit.
2311 2202 2377 2253 Et
2403 2200 2546 2255 sicut
2568 2206 2786 2255 certum
2826 2211 2918 2257 est
2953 2204 3109 2272 quia
3146 2221 3359 2276 neque
3390 2208 3471 2262 illi
3497 2208 3667 2278 angeli

1991 2293 2208 2347 aeternis
2238 2292 2448 2346 astricti
2495 2293 2740 2346 vinculis
2790 2295 2864 2348 ad
2895 2294 3221 2361 judicium
3281 2300 3663 2365 Servarentnr,

1990 2396 2166 2450 neque
2186 2382 2273 2436 isti
2294 2383 2350 2435 in
2379 2380 2557 2451 ignem
2587 2393 2867 2437 aeternum
2907 2385 3022 2454 qui
3052 2387 3151 2440 eis
3185 2400 3560 2458 praeparatus
3590 2399 3665 2445 est

1992 2469 2354 2531 mitterentur,
2376 2467 2477 2521 nisi
2504 2468 2633 2536 quia
2660 2470 2913 2536 positam
2953 2471 3086 2525 sibi
3120 2487 3158 2525 a
3192 2473 3327 2529 Deo
3356 2476 3537 2546 legem
3567 2490 3663 2529 non

1991 2566 2358 2622 servaverunt,
2386 2568 2561 2626 neque
2584 2559 2649 2611 ad
2666 2557 2957 2627 judicium
2990 2562 3320 2628 venirent,
3344 2567 3458 2621 nisi
3477 2568 3662 2620 contra

1991 2647 2159 2716 legem
2213 2647 2417 2716 aliquid
2469 2648 2936 2713 commisissent,
2994 2649 3090 2704 ita
3162 2663 3411 2708 certum
3461 2656 3663 2709 videtur

1992 2734 2116 2805 quia
2150 2738 2193 2791 si
2228 2737 2597 2791 custodissent
2626 2737 2877 2804 positam
2912 2738 3039 2794 sibi
3075 2740 3312 2813 legem,
3366 2756 3551 2813 neque
3578 2742 3661 2800 isti

1993 2824 2043 2878 iu
2087 2825 2261 2891 ignem
2296 2828 2583 2886 asternum,
2631 2840 2818 2895 neque
2850 2823 2944 2882 illi
2977 2831 3107 2885 sub
3142 2842 3381 2887 ater-na
3420 2833 3661 2904 caliginis

1992 2917 2204 2970 vincula
2235 2913 2583 2970 decidissent.
2614 2916 2898 2985 Superest
2939 2930 3016 2972 ut
3050 2923 3252 2978 etiam
3283 2924 3430 2980 illud
3464 2940 3564 2995 pro
3585 2925 3660 2978 vi-

363 3015 469 3059 tur.
498 3005 604 3059 Nos
635 3012 811 3061 autem
855 3006 1094 3074 Ap'ostoli
1140 3019 1356 3060 sensum
1405 3006 1693 3060 secundum
1724 3007 1895 3073 pieta-
1916 3029 1965 3093 α
1997 3007 2145 3060 ribus
2166 3006 2523 3061 discutiamus
2552 3008 2841 3074 quomodo
2879 3010 3128 3065 dictum
3172 3014 3257 3069 sit
3290 3031 3308 3069 :
3370 3033 3393 3068 ι
3426 3016 3533 3070 Sed
3572 3029 3656 3069 re-

366 3102 473 3146 tem
507 3093 855 3148 ecclesiastici
883 3094 1146 3163 degmatis
1180 3095 1538 3147 advel-tantm.
1581 3095 1683 3148 Sed
1716 3103 1768 3147 et
1796 3095 1896 3150 hoc

364 3178 536 3249 ipsum
584 3185 722 3251 quod
771 3184 931 3244 dicit,
973 3203 990 3233 ι
1019 3181 1303 3238 Peccatum
1337 3190 1453 3236 erat
1493 3184 1545 3236 in
1574 3183 1675 3237 hoc
1702 3185 1896 3237 mundo

364 3272 431 3335 ",
461 3291 481 3323 ›
510 3281 563 3325 et
598 3286 703 3327 non
733 3273 884 3338 dixit,
907 3274 958 3326 in
990 3274 1320 3336 hominibus.
1347 3287 1469 3328 cum
1503 3275 1685 3342 utique
1711 3274 1817 3328 sint
1841 3274 1895 3327 in

368 3362 563 3416 mundo
588 3372 639 3416 et
668 3363 914 3430 pecudes,
950 3372 1006 3418 et
1041 3375 1235 3417 caetera
1260 3363 1532 3422 animalia.
1563 3372 1618 3416 et
1652 3364 1894 3426 arbores,

366 3450 447 3504 vel
482 3466 549 3503 ex
579 3452 981 3519 quibuscunque
1016 3454 1109 3507 hic
1140 3453 1367 3508 mundus
1409 3462 1639 3517 cunstat,
1681 3462 1778 3507 nec
1814 3462 1894 3506 ta-

366 3554 490 3618 men
527 3539 581 3593 in
614 3541 699 3595 his
735 3542 974 3595 creditur
1002 3556 1123 3596 esse
1151 3553 1451 3609 peccatum,
1501 3542 1661 3612 quale
1701 3543 1770 3596 sit
1805 3557 1894 3596 re-

366 3630 656 3695 quiramus.
690 3629 908 3685 Videtur
938 3633 1063 3685 mihi
1088 3633 1226 3699 quod
1253 3632 1338 3686 hic
1361 3632 1647 3701 Apostolus
1670 3632 1780 3701 (70)
1802 3634 1898 3687 ho-

368 3719 540 3773 mines
578 3718 695 3772 illos
720 3721 919 3774 sentiat
962 3722 1053 3789 qui
1089 3721 1202 3790 jam
1237 3723 1460 3775 rationis
1497 3720 1721 3787 capaces
1749 3733 1895 3787 sunt,

366 3822 421 3865 et
447 3813 778 3866 naturalibus
808 3812 1016 3884 legibus
1040 3823 1235 3881 parent
1268 3831 1283 3867 :
1329 3815 1471 3868 illam
1512 3828 1641 3870 vero
1687 3824 1892 3868 auatem

369 3917 486 3970 qua:
512 3903 742 3957 n‘ondum
772 3905 837 3958 ad
868 3905 1215 3973 capacitatem
1248 3905 1477 3959 rationis
1514 3902 1763 3966 accessit,
1791 3919 1894 3957 non

371 4003 479 4047 tam
526 3991 769 4049 homines
798 3998 955 4063 quam
996 3995 1254 4049 mundum
1300 3994 1668 4064 appellaverit,
1696 3996 1801 4063 pro
1828 4004 1895 4049 'eo

369 4082 509 4150 quod
537 4094 718 4152 partes
739 4085 951 4153 quidem
976 4086 1158 4139 mundi
1187 4086 1314 4145 sint,
1352 4084 1581 4137 nondum
1614 4094 1791 4138 tamen
1839 4085 1892 4138 in

371 4171 472 4226 hoc
504 4172 743 4226 venerint
770 4172 834 4227 'ut
858 4175 1141 4241 imaginem
1172 4176 1225 4228 i‘n
1257 4188 1315 4228 se
1345 4173 1460 4238 Dei,
1493 4174 1555 4225 ad
1598 4186 1754 4242 quam
1795 4175 1893 4229 ho-

369 4277 457 4316 mo
492 4261 662 4317 factus
702 4278 820 4318 esse
859 4264 1059 4318 dicitur
1083 4265 1148 4329 ⁷⁷,
1184 4264 1479 4332 capacitate
1523 4262 1749 4320 rationis
1801 4274 1893 4321 ex-

1995 3096 2178 3165 gnavit
2203 3109 2349 3149 mors
2374 3096 2442 3149 ah
2465 3097 2639 3149 Adam
2668 3097 2857 3167 usque
2902 3104 2987 3156 ad
3040 3103 3305 3177 Moysen
3342 3107 3402 3162 in
3441 3120 3538 3162 eos
3572 3106 3657 3175 qui

1995 3195 2352 3254 peccaverunt
2393 3186 2446 3239 in
2480 3186 2912 3244 similitudinem
2946 3198 3493 3262 praevaricationis
3517 3200 3656 3261 Atla.

1994 3279 2084 3346 qui
2116 3286 2201 3332 est
2228 3276 2402 3330 forma
2425 3274 2602 3332 futuri
2629 3277 2699 3331 ⁸⁸.
2737 3297 2759 3331 ι
2795 3280 3019 3339 Tertio
3060 3303 3235 3345 nunc
3271 3291 3657 3360 Apostolu‘sde

1998 3377 2168 3423 murte
2197 3377 2612 3422 commemorat.
2655 3368 2857 3424 Primo
2888 3374 2983 3427 ait
3016 3378 3198 3446 quod
3264 3400 3290 3433 ι
3324 3397 3433 3451 per
3477 3397 3657 3451 pecea-

1997 3467 2106 3510 tum
2155 3472 2302 3510 mors
2342 3458 2590 3512 introivit
2616 3459 2674 3514 in
2721 3462 2883 3517 hunc
2918 3470 3285 3537 mundum;
3327 3490 3350 3526 ι
3404 3474 3652 3537 secundo,

2001 3569 2020 3599 ι
2048 3548 2101 3600 in
2130 3562 2316 3602 omnes
2332 3545 2634 3615 homines,»
2665 3551 2878 3621 inquit,
2923 3572 2947 3608 α
2983 3570 3169 3617 mors
3196 3564 3544 3633 pertransiit
3561 3567 3651 3616 ⁸⁸.»

1994 3636 2145 3692 Nunc
2175 3653 2326 3701 vero,
2363 3659 2381 3690 ι
2410 3637 2701 3708 Regnavit,
2740 3662 2760 3693 ι
2803 3644 3041 3716 inquit,
3096 3671 3121 3704 σ
3160 3669 3334 3712 mors
3384 3658 3458 3714 ab
3499 3660 3651 3714 Adam

1994 3746 2164 3797 usque
2191 3728 2254 3783 ad
2286 3728 2502 3802 Moysen
2535 3732 2603 3785 ⁸⁷.
2638 3753 2659 3786 ν
2698 3735 2769 3788 Et
2806 3740 3024 3797 sciens
3059 3758 3209 3803 esse
3236 3764 3349 3817 per
3394 3753 3514 3806 lucc
3556 3751 3654 3804 siu-

1993 3822 2115 3892 gula
2159 3821 2372 3889 aliquas
2414 3821 2778 3892 dillerentias,
2825 3837 3094 3898 quando
3136 3840 3270 3913 (τε)
3312 3844 3541 3913 quidem
3580 3826 3656 3897 in-

1994 3913 2226 3975 troierit,
2257 3922 2312 3965 et
2338 3916 2561 3980 quando
2594 3922 2963 3989 regnaverit,
3006 3927 3343 3988 indicavit.
3376 3936 3554 3997 Tunc.
3580 3935 3657 3987 in-

1993 4003 2128 4095 quit,
2165 4002 2427 4095 introivit,
2456 4018 2576 4057 cum
2606 4008 2827 4074 primus
2860 4008 3056 4073 homo
3092 4023 3386 4093 deliquit.
3438 4026 3506 4081 Et
3533 4041 3658 4095 quo-

1993 4091 2152 4186 modo
2179 4090 2643 4186 introierit‘dixit.
2668 4102 2696 4147 ‘c
2729 4096 2843 4153 Per
2867 4114 3209 4169 peccatum
3240 4090 3393 4186 (7'5),
3423 4136 3444 4168 ι
3466 4090 3654 4184 inquit.

1991 4179 2058 4233 Et
2083 4178 2815 4277 nimeAregniejustempusr
2840 4193 2922 4249 ab
2949 4196 3160 4257 Adam
3193 4178 3393 4277 usque
3420 4210 3490 4262 ad
3528 4178 3659 4277 Diov-

1993 4271 2405 4338 séntdesignat:
2430 4273 2705 4341 quomodo
2738 4289 2945 4337 autem
2993 4288 3133 4362 (74)
3192 4296 3257 4348 in
3294 4271 3516 4352 omnes
3566 4271 3663 4350 ho-

370 4355 679 4419 prcsserint.
703 4348 806 4409 Sed
834 4362 889 4410 et
913 4356 1040 4410 illud
1065 4357 1217 4410 ‘veiim
1248 4356 1374 4423 (nisi
1418 4354 1535 4426 plus
1556 4356 1697 4424 justo
1723 4358 1895 4414 curio-
1927 4338 1969 4392 θ
1998 4362 2168 4413 mines
2198 4338 2577 4429 pertransierit
2606 4380 2715 4420 non
2748 4338 3050 4432 oste’ndii:
3075 4338 3528 4458 “viae-ure};

368 4460 487 4497 sum
526 4445 759 4515 videtur)
800 4445 1092 4516 inquirere,
1137 4462 1205 4501 ne
1256 4446 1429 4512 forte,
1470 4449 1758 4501 secundum
1805 4465 1897 4505 eos

370 4534 460 4602 qui
498 4533 662 4603 Moysi
701 4534 869 4604 legem
915 4536 967 4589 iu
1019 4536 1104 4591 his
1144 4535 1362 4605 intelligi
1411 4536 1611 4601 volunt,
1657 4553 1749 4605 per
1793 4540 1896 4594 hoc

371 4624 509 4693 quod
541 4624 690 4687 dicit,
719 4643 740 4676 ι
772 4625 1054 4679 Peccatum
1079 4637 1253 4680 autem
1289 4638 1391 4679 non
1427 4627 1734 4694 imputatur.
1776 4632 1894 4684 cum

375 4717 455 4768 lex
489 4730 593 4769 non
635 4725 737 4776 est.
768 4733 789 4767 ι
839 4716 1083 4771 videatur
1129 4718 1288 4771 etiam
1333 4720 1576 4773 diabolus
1622 4729 1676 4774 et
1723 4722 1897 4792 angeli

371 4812 487 4878 ejus
525 4809 755 4876 abSelvi,
781 4806 828 4863 si
856 4808 945 4862 ubi
977 4809 1063 4863 lex
1090 4824 1191 4863 non
1224 4817 1325 4873 est,
1359 4821 1635 4879 peccatum
1668 4827 1771 4865 non
1811 4827 1896 4866 re-

438 4959 659 5013 “Rom.
705 4959 883 5020 vu,9.
954 4959 1023 4991 τι·
1070 4944 1344 5015 ibidis.
1416 4959 1463 4990 τι
1493 4940 1617 5015 ibid.
1684 4959 1738 5013 9.

441 5121 551 5188 (65)
583 5120 649 5172 Et
679 5122 966 5175 vitandum.
995 5119 1050 5174 In
1087 5123 1245 5176 editis
1278 5123 1561 5175 omittitur.

445 5188 555 5256 (66)
582 5188 727 5241 Elin
755 5191 1282 5311 μετενσωβατώσεως
1303 5193 1508 5258 dogma.
1544 5190 1636 5243 Sic
1661 5202 1790 5243 mss.
1810 5205 1903 5245 no-

445 5260 495 5305 ’1.
527 5259 658 5308 Editi
691 5273 841 5311 vero.
877 5278 894 5309 ι
927 5261 975 5310 in
1039 5262 1400 5311 vtltatmricum
1428 5261 1637 5311 (locum.
1666 5277 1684 5309 ι
1706 5260 1902 5311 omisso

464 5260 658 5335 ialﬁditi
691 5273 894 5335 vcro_,_¢
927 5261 975 5310 in
996 5260 1400 5335 Pythagoricum
1428 5261 1637 5335 dogma,
1666 5277 1684 5309 ι
1706 5260 1902 5335 omisso

385 5326 721 5400 «etstiqdices
740 5328 951 5392 quidam
970 5326 1245 5396 perperam
1276 5329 1489 5392 habent,
1510 5348 1527 5379 ι
1550 5330 1668 5383 etin
1689 5327 1905 5397 αεητέυς
2003 5326 2179 5400 mea:
2198 5349 2216 5380 ι
2254 5335 2514 5400 quoniam
2542 5356 2557 5399 ;
2590 5359 2610 5391 ι
2640 5341 2690 5393 al

376 5260 495 5305 ειη.
527 5259 658 5308 Editi
691 5273 841 5319 vero,
877 5278 894 5309 ε
927 5261 975 5310 in

378 5388 662 5460 ιῖαςρεέῳς
690 5388 895 5460 dogma.
922 5412 941 5445 ο

450 5456 558 5528 αξξ)
590 5456 796 5528 ιριμιίξι
832 5463 880 5511 iu
920 5477 1036 5512 eam
1072 5464 1320 5528 speciem.
1357 5484 1377 5515 ι

589 5523 723 5600 [flgiti
753 5543 772 5575 ι
807 5527 897 5579 sed
936 5522 1231 5600 advenisse.
1265 5550 1284 5582 ι

454 5590 561 5656 «69)
591 5590 786 5659 Alias,t
822 5603 875 5648 et
895 5595 985 5662 qui
1015 5612 1132 5651 cum
1165 5601 1297 5665 ipso,
1327 5619 1345 5651 ι
1382 5611 1491 5657 etc.

1416 4958 1633 5043 'fqibid;
1812 4960 2036 5043 "_‘_Rom.
2093 4982 2149 5031 v,
2204 4970 2288 5023 l5.
2362 4972 2408 5002 ⁷⁷
2438 4956 2582 5029 Cen.
2609 4991 2650 5043 ι,
2697 4977 2796 5036 27.

370 5030 611 5088 κιννόί.
683 5028 729 5062 ⁸⁸
770 5030 920 5082 Rom.
953 5042 1002 5088 ν,
1038 5029 1125 5082 14.
1196 5029 1240 5060 ⁸¹
1275 5029 1399 5082 ibid.
1430 5028 1515 5080 12.
1588 5028 1633 5059 ⁸²
1662 5028 1787 5082 ibid.
1817 5030 1904 5084 14.

2001 4451 2055 4550 tu
2091 4450 2143 4550 in
2179 4452 2261 4505 his
2291 4453 2605 4550 describere
2639 4461 2963 4528 Apostolus
2996 4475 3177 4530 velut
3222 4450 3659 4550 tyrannivalicu-

1992 4541 2427 4643 jusiqgressum,
2465 4548 2560 4614 qui
2606 4550 2858 4609 voluerit
2905 4574 3177 4631 regnum
3230 4541 3477 4643 legitimi
3522 4572 3659 4641 regis

2002 4632 2269 4693 invadere.
2299 4645 2353 4687 et
2400 4637 2581 4703 primo
2629 4643 2866 4709 quidem
2927 4649 3147 4713 fauces
3188 4632 3363 4730 ipsas
3397 4676 3458 4719 et
3490 4632 3663 4718 adiius

2000 4720 2148 4807 regni
2182 4720 2343 4791 550
2384 4730 2745 4796 oceupaverit
2794 4720 3331 4807 praevaricatione
3384 4755 3662 4809 custodis:

2001 4817 2132 4863 tunc
2155 4810 2347 4866 deinde
2375 4816 2704 4873 cunctorum
2734 4827 2973 4886 animos
3001 4835 3078 4889 ad
3112 4850 3182 4895 se
3228 4842 3521 4900 inclinare
3545 4856 3660 4899 ten-

2876 4985 2931 5020 "
2965 4987 3103 5046 Jutl.
3160 5012 3204 5053 I.
3245 4998 3309 5055 ες.
3392 5002 3443 5035 ⁷⁸
3471 5003 3655 5057 Matth.

2221 5120 2524 5209 ἀμουσίας.
2558 5130 2937 5209 Desideratur
2968 5143 3028 5198 in
3053 5146 3231 5206 libris
3271 5165 3447 5209 antea
3476 5154 3655 5209 editis.

2101 5194 2191 5263 7t)
2222 5196 2361 5249 Sive.
2402 5197 2567 5254 Deest
2595 5204 2649 5255 in
2683 5205 2881 5263 editis.

2101 5263 2834 5360 Ξὲλιιξηςξξξιξμεᾳὶιίἷλιες.
2874 5295 3024 5338 vero
3054 5290 3250 5344 nostri
3275 5310 3293 5346 :
3326 5293 3453 5360 alii,
3492 5293 3582 5349 hic
3603 5301 3658 5349 et

2697 5344 2758 5418 ll,
2777 5415 2786 5418 _
2804 5362 2825 5396 ι
2863 5360 3181 5418 quomodo.
3217 5377 3242 5411 ι

2008 5485 2025 5517 ι
2214 5400 2328 5520 ’Per
2364 5412 2666 5471 peccatum.
2722 5399 2843 5484 Al,
3310 5470 3331 5497 ,
3377 5451 3399 5483 ι
3453 5432 3657 5486 omisso

2080 5536 2403 5630 Alias,
2442 5561 2463 5594 ι
2493 5551 2722 5630 quando
2761 5569 2988 5617 autem.
3025 5585 3047 5617 ι
3096 5567 3346 5630 Deinde.
3388 5588 3411 5623 ι
3452 5572 3510 5624 in
3539 5586 3655 5625 οιιι⁴

2012 5616 2109 5661 nes
2141 5608 2390 5666 homines
2422 5631 2443 5665 ›
2480 5608 2832 5681 omittuntur
2848 5608 3346 5692 'ili'aiiug-m...
