3894 6238
331 283 468 339 1017

1246 276 1606 342 COMEMNT.
1647 283 1709 335 lN
1749 279 1957 333 lii‘lST.
2000 279 2088 331 AD
2125 279 2284 333 [{UM.
2326 279 2448 332 ΗΒ.
2483 277 2541 330 ν.

3346 279 3476 336 1οἶ8

318 400 558 460 laver“.
604 407 652 453 Pl
699 402 932 456 maxima
962 421 1025 458 ex
1059 417 1210 474 parte
1237 400 1491 472 potuerit,
1523 413 1578 456 et
1613 405 1680 456 ita
1723 404 1868 454 iude-
1897 402 1942 455 Α
1968 399 2122 450 batur
2146 413 2240 465 per
2265 411 2503 460 carnem,
2534 396 2670 449 Deus
2703 395 2887 448 Filium
2915 409 3067 446 suum
3097 393 3306 447 mittens
3332 395 3382 446 itt
3410 398 3480 448 si-

322 493 510 543 liiltlln
559 492 658 544 sibi
703 493 1053 548 vindicaverit
1083 511 1314 564 regnum.
1366 491 1477 546 lloc
1504 507 1636 561 ergo
1669 509 1762 561 per
1792 503 1868 561 ty-

320 581 626 633 rannidem
666 593 945 650 regnante,
978 587 1204 637 tnittitur
1232 586 1334 636 dux
1365 582 1566 636 electus
1592 600 1618 634 a
1653 599 1772 650 rege
1796 583 1868 634 le-

317 669 530 734 gitimo
555 670 783 740 Moyses,
807 675 894 740 qui
927 684 1210 741 occupatos
1248 674 1314 726 ab
1343 687 1408 726 eo
1439 672 1662 740 populos
1704 673 1766 722 ad
1796 671 1870 724 ci-

320 758 463 810 vilis
496 761 706 828 imperii
728 761 845 826 jura
881 776 1171 824 revocaret,
1202 763 1380 815 etveri
1407 762 1545 829 regis
1572 761 1645 812 uti
1672 759 1871 826 legibus

320 848 620 902 edoceret.
667 850 759 904 Ille
791 862 911 904 tuttc
949 861 1223 920 tyrannus,
1257 852 1305 902 id
1336 860 1416 903 est
1457 865 1598 902 mors
1645 848 1869 916 peccati,

320 941 425 1002 qui
465 954 570 1004 per
607 943 1093 1006 przevat'icatiuncm
1125 943 1277 1008 primi
1303 943 1534 993 custodis
1568 940 1866 1006 irrepserat,

320 1029 610 1094 regnabat
660 1044 822 1094 super
870 1044 1055 1082 omnes
1083 1031 1197 1082 illos
1219 1031 1304 1096 qui
1339 1029 1402 1080 ad
1433 1044 1551 1080 eum
1599 1027 1779 1085 simili,
1818 1035 1872 1078 ut

325 1118 428 1170 ille
466 1120 696 1184 primus,
729 1119 1167 1186 praevaricatione
1192 1117 1608 1170 declinaverunt.
1639 1115 1740 1169 Sed
1776 1115 1873 1167 iste

322 1205 575 1273 legitimi
609 1206 868 1273 principis
899 1207 1000 1258 dux
1034 1207 1144 1273 agit
1176 1206 1352 1257 omnia
1387 1213 1642 1272 quatenus
1669 1204 1873 1270 aliquos

323 1308 402 1344 ex
432 1293 651 1360 peccati
675 1302 729 1345 et
757 1293 941 1346 mortis
972 1307 1133 1359 regno
1152 1293 1367 1360 diripiat
1390 1309 1404 1356 ;
1440 1303 1494 1343 et
1521 1291 1746 1345 obtinuit
1769 1301 1876 1342 tan-

321 1383 463 1433 dem
503 1389 564 1434 ut
594 1397 757 1433 unam
789 1391 1019 1446 gentem,
1051 1391 1102 1434 et
1127 1382 1170 1434 si
1197 1382 1314 1447 quis
1338 1393 1394 1433 se
1436 1380 1559 1434 huic
1603 1380 1762 1434 voluit
1791 1395 1876 1431 so-

323 1470 516 1529 ciare,
545 1479 882 1522 converteret
905 1486 918 1520 :
942 1484 1072 1522 etex
1095 1477 1354 1538 praecepto
1382 1469 1520 1534 regis
1539 1468 1737 1534 primus
1765 1467 1872 1534 (75)

321 1557 618 1611 sacriﬁcia
650 1557 898 1621 instituit,
923 1559 1118 1625 quibus
1145 1567 1293 1610 certa
1320 1555 1653 1610 solemnitate
1682 1556 1874 1608 oblatis

321 1651 488 1701 sicut
518 1651 753 1710 deceret,
786 1649 1141 1700 remitteretur
1168 1649 1246 1700 eis
1267 1659 1537 1715 peccatum
1564 1646 1691 1715 (76).
1721 1645 1784 1698 Et
1806 1647 1873 1697 ita

1967 485 2314 539 tnilitndinem
2363 485 2539 538 earn-is
2579 487 2805 550 peccati,
2845 485 2908 537 de
2952 491 3169 550 peccato
3211 483 3482 534 damnavit

1967 585 2236 642 peccatum
2273 575 2324 628 in
2353 589 2518 628 carne
2541 576 2606 636 ⁸⁷,
2634 594 2652 625 ι
2687 587 2740 628 et
2770 575 3021 627 mundum
3053 572 3261 638 quidem
3293 587 3479 624 recon-

1967 666 2168 719 ciliavit
2199 666 2305 719 Deo
2328 666 2405 716 8‘:
2433 667 2578 720 exuit
2609 676 2782 718 autem
2815 663 3138 731 principatus
3171 670 3224 712 et
3248 670 3482 727 potesta-

1968 766 2048 808 tes
2089 757 2300 823 tyranni
2327 755 2655 822 triumphans
2686 769 2773 807 eas
2807 754 2857 806 in
2891 751 3172 819 semetipso
3194 750 3262 801 ⁸³.
3288 749 3482 803 Verum

1971 844 2022 896 in
2063 844 2176 897 haec
2223 859 2316 912 per
2344 856 2619 897 excessum
2651 841 2931 909 quemdam
2966 838 3193 907 prolapsi
3223 837 3480 903 videmur,

1969 935 2059 988 sed
2105 935 2170 986 ad
2202 934 2521 1001 propositum
2556 933 2848 984 redeamus.
2897 928 3057 996 igitur
3092 940 3233 978 mors
3277 925 3480 993 peccati

1971 1024 2212 1091 regnavit
2244 1023 2311 1076 ab
2346 1022 2511 1074 Adam
2542 1035 2712 1086 usque
2742 1019 2808 1069 ad
2847 1017 3082 1085 Moysen,
3115 1015 3165 1068 id
3197 1024 3277 1068 est
3317 1029 3482 1081 usque

1969 1115 2033 1166 ad
2069 1113 2352 1165 adventum
2373 1110 2592 1162 Christi.
2619 1107 2822 1176 Moyses
2862 1108 2999 1158 enim
3051 1104 3137 1158 lex
3172 1103 3482 1171 appellatur,

1968 1212 2022 1254 et
2045 1201 2150 1266 lex,
2183 1203 2322 1253 sicut
2349 1199 2607 1267 scriptum
2635 1207 2738 1260 est,
2776 1210 2947 1264 usque
2991 1194 3056 1247 ad
3074 1193 3292 1246 Joannis
3319 1193 3488 1260 bapti-

1972 1305 2141 1343 smum
2167 1288 2352 1341 habuit
2378 1288 2548 1340 locum
2571 1286 2636 1352 9°,
2673 1299 2740 1339 ex
2767 1297 2871 1352 quo
2892 1283 3052 1350 erepit
3093 1280 3243 1334 Jesus
3266 1296 3484 1348 regnum

1975 1379 2062 1432 Dei
2091 1377 2393 1445 praedicare.
2425 1375 2573 1441 Quod
2603 1385 2777 1427 autem
2804 1372 3012 1439 excepit
3052 1381 3222 1424 certos
3253 1383 3488 1436 quosque

1973 1470 2021 1520 in
2057 1469 2251 1534 quibus
2277 1479 2421 1518 mors
2447 1465 2767 1531 regnaverit,
2797 1477 2914 1515 cum
2955 1460 3084 1513 dicit
3115 1475 3128 1512 :
3167 1477 3185 1508 ι
3230 1458 3490 1522 Regnavit

1973 1570 2114 1607 mors
2142 1553 2192 1605 in
2229 1569 2322 1605 eos
2344 1552 2430 1619 qui
2470 1558 2826 1619 peccaverunt
2860 1546 2970 1616 (89.)
3005 1548 3056 1600 in
3094 1546 3488 1600 similitudinem

1973 1642 2415 1712 praevaricationis
2438 1642 2582 1704 Adae,
2611 1657 2630 1691 ι
2661 1652 2761 1691 non
2788 1637 2912 1689 mihi
2935 1637 3145 1689 videtur
3169 1635 3267 1687 dici
3291 1633 3490 1699 absque

322 1740 561 1791 demum
589 1752 652 1790 ex
681 1748 832 1805 parte
853 1739 1028 1804 aliqua
1053 1739 1290 1792 homines
1315 1745 1589 1803 coeperunt
1611 1738 1676 1790 de
1713 1751 1875 1804 regno
1905 1724 1944 1776 Β
1974 1732 2210 1800 mysterii
2245 1730 2466 1798 alicujus
2486 1729 2680 1780 indicio
2704 1726 2834 1795 (8‘5).
2867 1725 2940 1778 Ne
2970 1724 3107 1778 forte
3137 1736 3260 1790 ergo
3297 1721 3492 1773 fuerint

322 1828 558 1897 peccati
588 1829 880 1895 mortisque
908 1827 1141 1880 liberari.
1178 1826 1316 1880 Nam
1356 1836 1608 1897 tyrannus
1656 1825 1743 1878 ille
1787 1825 1874 1891 qui

328 1918 556 1970 dicitur
585 1932 750 1980 mors,
778 1919 844 1970 ab
868 1917 1038 1970 Adam
1085 1919 1172 1984 qui
1204 1918 1406 1984 primus
1441 1916 1876 1982 prawaricatione

326 2008 422 2060 sui
466 2007 772 2073 ingressum
804 2006 852 2059 ei
882 2007 1098 2059 dederat
1124 2015 1179 2058 ut
1209 2007 1260 2058 in
1287 2020 1470 2058 omnes
1495 2006 1738 2058 homines
1767 2019 1876 2071 per-

320 2102 626 2163 transiret,
654 2101 906 2168 regnabat
928 2113 1092 2165 usque
1107 2100 1171 2150 ad
1191 2097 1398 2168 Moysen
1417 2097 1572 2150 istum
1594 2097 1699 2167 (77)
1722 2112 1875 2164 quem

323 2194 585 2245 diximus
634 2192 846 2254 ducem,
877 2190 984 2256 -qui
1041 2189 1232 2242 missus
1283 2204 1312 2241 a
1356 2191 1462 2242 Deo
1495 2190 1726 2241 omnium
1756 2203 1877 2256 rege

325 2296 576 2350 regnum
602 2281 717 2348 ejus
743 2282 903 2350 cmpit
930 2281 1236 2346 infringere,
1267 2291 1321 2334 et
1342 2281 1438 2335 sub
1471 2280 1584 2350 lege
1608 2279 1715 2349 (78)
1747 2279 1873 2344 justi

327 2372 612 2440 principis
663 2386 940 2424 revocare.
983 2389 1003 2422 ι
1052 2369 1312 2437 Regnavit
1345 2389 1362 2420 ι
1409 2384 1536 2437 ergo
1566 2387 1584 2419 ι
1636 2383 1778 2422 mors
1810 2368 1875 2421 ab

325 2461 516 2513 Adam
545 2473 714 2527 usque
740 2462 805 2512 ad
831 2458 1041 2528 Moysen
1059 2459 1125 2520 ⁸³,
1150 2476 1168 2507 ι
1192 2457 1476 2532 secundum
1503 2470 1617 2508 eam
1649 2455 1876 2522 speciem

327 2561 508 2615 quam
538 2562 698 2614 supra
734 2548 1027 2614 posuimus,
1059 2562 1160 2599 non
1197 2561 1354 2613 super
1385 2559 1586 2605 omnes,
1628 2545 1722 2596 sed
1773 2563 1789 2592 ι
1826 2544 1877 2594 in

326 2652 430 2691 eos
489 2638 582 2703 qui
626 2645 980 2703 peccaverunt
1023 2637 1076 2689 in
1118 2636 1520 2689 similitudinem
1568 2634 1880 2700 pra-varica-

331 2725 516 2776 tiottis
548 2726 696 2776 Ade.
734 2741 752 2774 ι
785 2723 915 2776 Nam
951 2723 1193 2776 introivit
1221 2722 1430 2788 quidem
1464 2736 1604 2774 mors
1631 2722 1679 2772 in
1729 2736 1881 2772 mun-

333 2816 501 2877 dum,
532 2823 586 2866 et
621 2814 672 2866 in
700 2827 887 2865 omnes
913 2812 1240 2879 pertransiit,
1274 2826 1375 2863 non
1415 2820 1588 2863 tamen
1623 2809 1674 2862 in
1695 2824 1880 2862 omnes

335 2903 617 2974 regnavit.
651 2902 808 2955 Aliud
836 2912 918 2956 est
944 2903 1086 2956 enim
1133 2901 1478 2968 pertransire,
1511 2910 1566 2953 et
1609 2900 1750 2952 aliud
1799 2915 1881 2952 re-

333 3009 521 3063 gnare
565 2992 698 3063 (79).
753 2992 1033 3045 Peccatum
1081 2991 1220 3043 enim
1273 2991 1581 3058 pertransiit
1621 2989 1780 3042 etiam
1826 2989 1877 3040 in

1973 1821 2133 1889 aliqui
2162 1834 2328 1887 usque
2360 1819 2424 1871 ad
2457 1818 2586 1871 illud
2633 1826 2857 1883 tempus,
2903 1829 3008 1881 quo
3059 1812 3156 1866 sub
3199 1813 3312 1878 lege
3350 1809 3491 1862 velut

1973 1914 2069 1965 sub
2100 1912 2382 1980 paedagogo
2415 1909 2657 1962 homines
2708 1906 3057 1968 habebantur,
3107 1904 3196 1970 qui
3249 1902 3352 1955 tale
3395 1901 3491 1953 ali-

1973 2002 2096 2069 quid
2131 2001 2335 2067 egerint
2362 1997 2517 2065 quale
2564 1998 2728 2049 Adam
2777 1996 2885 2064 (84)
2937 1997 2989 2048 in
3037 1993 3277 2062 paradiso
3321 1991 3493 2058 egiSse

1973 2091 2309 2150 describitur,
2347 2099 2399 2140 ct
2428 2088 2713 2154 contigisse
2761 2100 2827 2138 ex
2859 2087 3000 2152 ligno
3048 2082 3247 2136 sciendi
3298 2083 3491 2135 bonum

1973 2189 2025 2231 et
2055 2178 2273 2240 malum,
2307 2185 2362 2228 et
2386 2176 2662 2228 erubuisse
2687 2174 2982 2226 nuditatem
3014 2186 3184 2234 suam,
3233 2179 3391 2235 atque
3422 2170 3488 2220 ab

1977 2267 2298 2319 habitatione
2343 2264 2573 2333 paradisi
2622 2261 2962 2314 decidisse".
3014 2261 3115 2311 Aut
3166 2259 3330 2324 magis
3368 2258 3496 2308 sint-

1975 2357 2182 2423 plicitcr
2207 2354 2571 2421 accipiendum
2607 2349 2839 2411 videtur,
2873 2356 2926 2400 et
2963 2346 3256 2399 similitudo
3287 2358 3495 2412 prteva-

1976 2445 2247 2498 ricationis
2281 2444 2405 2496 Adae
2433 2443 2631 2508 absque
2659 2440 2834 2505 aliqua
2872 2436 3205 2490 discussione
3234 2433 3496 2498 recipien-

1975 2533 2063 2594 da,
2090 2540 2147 2583 ut
2189 2533 2288 2584 hoc
2320 2543 2564 2583 sermone
2594 2541 2779 2580 omnes
2811 2525 2900 2592 qui
2949 2540 3014 2576 ex
3057 2524 3220 2575 Adam
3253 2522 3495 2588 praevari-

1976 2630 2154 2673 catore
2187 2619 2295 2672 nati
2330 2626 2452 2672 sunt
2497 2617 2717 2669 indicari
2760 2615 3054 2676 videantur,
3105 2620 3159 2664 et
3203 2611 3399 2663 habere
3445 2611 3496 2660 in

1977 2709 2276 2777 semetipsis
2304 2705 2699 2760 similitudinem
2746 2700 3198 2772 praevaricationis
3233 2697 3346 2763 ejus
3395 2711 3496 2749 non

1978 2799 2148 2853 solum
2174 2813 2240 2850 ex
2268 2796 2488 2858 semine,
2509 2797 2600 2848 sed
2618 2808 2684 2848 ex
2703 2793 3033 2846 institutione
3050 2797 3346 2856 susceptam
3366 2784 3497 2855 (85).

1977 2888 2172 2944 Omnes
2193 2886 2333 2940 enim
2361 2885 2449 2952 qui
2490 2887 2540 2937 in
2569 2885 2668 2937 hoc
2694 2884 2886 2935 mundo
2918 2889 3234 2941 nascuntur,
3268 2891 3371 2928 non
3409 2890 3499 2929 so-

1982 2979 2086 3032 lum
2118 2977 2423 3030 nutriuntur
2466 2989 2494 3026 a
2530 2973 2862 3042 parentibus,
2889 2972 2980 3024 sed
3007 2980 3060 3022 et
3084 2969 3409 3028 imbuuntur,
3445 2975 3500 3016 et

325 3039 525 3153 jhstos
557 3039 690 3151 (80),,
726 3093 780 3135 et
811 3081 912 3134 levi
940 3081 1166 3147 quadam
1188 3039 1607 3147 eosreontagioue
1624 3079 1880 3144 perstrin.
1905 3039 1947 3095 ο
1984 3077 2085 3116 non
2118 3061 2285 3115 solum
2335 3067 2459 3112 sunt
2502 3039 2590 3110 ﬁlii
2633 3066 2988 3125 peccatorum,
3033 3056 3121 3106 sed
3157 3063 3208 3105 et
3233 3051 3499 3117 discipuli.

333 3175 444 3226 xit.
487 3171 545 3224 In
580 3168 1086 3238 przevarieatoribus
1115 3181 1258 3231 vero,
1295 3169 1342 3219 id
1369 3176 1450 3220 est
1500 3168 1582 3220 his
1609 3167 1700 3234 qui
1741 3181 1798 3220 se
1837 3167 1884 3220 ei

337 3270 459 3315 tota
498 3269 679 3311 mente
708 3271 774 3310 ac
801 3257 1080 3310 devotione
1105 3252 1413 3321 subjiciunt,
1466 3270 1682 3320 regnum
1718 3265 1885 3318 tenet,

335 3359 402 3403 et
456 3347 612 3399 omni
671 3352 935 3414 patestate
983 3343 1301 3396 dominatur.
1339 3361 1356 3394 ι
1391 3341 1654 3409 Regnavit
1688 3359 1706 3392 ι
1761 3354 1887 3409 ergo

340 3458 362 3490 ι
397 3450 557 3499 mors
589 3437 656 3488 ab
690 3436 883 3495 Adam,
917 3453 936 3484 ι
973 3433 1062 3500 qui
1094 3435 1294 3500 primus
1338 3432 1618 3484 transitum
1667 3439 1888 3497 peccato

338 3533 397 3585 in
426 3530 580 3582 hunc
607 3520 858 3580 mundum
880 3523 1272 3593 prmvaricando
1296 3521 1560 3589 patefecit,
1590 3537 1608 3570 t
1633 3535 1797 3587 usque
1820 3519 1887 3572 ad

338 3619 636 3688 Moysen,»
670 3616 726 3669 id
758 3623 841 3669 est
897 3627 1062 3680 usque
1089 3613 1153 3664 ad
1180 3612 1366 3679 legem.
1407 3610 1512 3664 Per
1540 3609 1704 3679 legem
1740 3611 1880 3662 enim

338 3706 666 3777 puriﬁcatio
699 3713 1041 3772 peccatorum
1064 3702 1224 3770 erepit
1251 3702 1468 3768 aperiri,
1517 3711 1571 3753 et
1621 3715 1684 3754 ex
1735 3711 1884 3768 parte

340 3799 535 3865 aliqua
571 3793 837 3864 tyrannidi
883 3793 998 3860 ejus
1045 3791 1230 3844 obsisti
1270 3807 1362 3860 per
1397 3791 1621 3856 hostias,
1658 3805 1751 3858 per
1795 3806 1888 3842 ex-

343 3888 630 3957 piationes
655 3885 854 3945 varias,
887 3899 980 3950 per
1008 3881 1292 3946 sacriﬁcia,
1328 3895 1424 3948 per
1449 3890 1733 3948 pracepta.
1785 3879 1885 3932 Sed

341 3979 616 4048 quoniam
651 3984 790 4028 tanta
820 3975 938 4042 ejus
965 3982 1083 4026 erat
1117 3973 1424 4035 dominatio,
1451 3986 1568 4038 qua
1598 3975 1738 4024 vires
1762 3972 1887 4038 legis

344 4065 970 4129 excede‘ret,mittuntur
987 4063 1036 4114 in
1057 4062 1307 4114 auxilium
1327 4061 1455 4128 legis
1470 4061 1733 4128 prophetae
1752 4060 1884 4128 (8|).

347 4161 465 4215 Sed
503 4167 560 4210 et
595 4157 690 4222 ipsi
723 4155 1064 4223 pervidentes
1112 4166 1272 4219 supra
1323 4152 1464 4204 vires
1511 4165 1635 4204 suas
1660 4164 1777 4204 esse
1810 4161 1888 4218 ty-

345 4249 517 4303 ranni
577 4247 888 4313 potentiam,
928 4243 1211 4294 adventum
1245 4241 1684 4308 przesentiamque
1723 4241 1888 4308 ipsius

1986 3156 2084 3210 Ubi
2110 3169 2236 3208 vero
2256 3163 2384 3207 aetas
2401 3151 2708 3212 adoleverit,
2740 3158 2793 3202 et
2823 3149 3003 3213 agendi
3027 3162 3142 3212 quae
3163 3145 3322 3197 sentit
3342 3144 3503 3195 liber-

1987 3255 2069 3299 tas
2104 3245 2406 3305 accesserit,
2444 3242 2515 3294 ibi
2557 3240 2667 3309 jam
2693 3248 2782 3290 aut
2809 3237 2979 3305 pergit
3003 3237 3121 3302 quis
3151 3235 3201 3286 in
3237 3235 3373 3286 viam
3408 3247 3502 3298 pa-

1985 3345 2123 3387 trum
2156 3349 2394 3398 suormn,
2417 3331 2557 3385 sicut
2571 3331 2635 3382 de
2660 3325 2924 3381 nonnullis
2942 3326 3153 3393 regibus
3169 3323 3420 3377 scribitur
3435 3323 3502 3386 ",

1985 3433 2076 3476 aut
2101 3432 2247 3477 certe
2275 3421 2474 3475 incedit
2508 3420 2560 3472 in
2598 3419 2735 3471 viam
2766 3416 2968 3468 Domini
3007 3415 3095 3467 Dei
3129 3415 3229 3468 sui.
3270 3413 3504 3478 Denique

1985 3517 2050 3570 de
2097 3513 2228 3568 Abel
2273 3513 2379 3566 tale
2429 3509 2629 3578 aliquid
2674 3507 2801 3559 mihi
2847 3505 3069 3558 indicari
3113 3505 3320 3556 videtur
3362 3503 3412 3554 in
3441 3519 3506 3556 eo

1986 3607 2124 3675 quod
2155 3606 2410 3672 scriptum
2436 3610 2518 3656 est
2559 3618 2616 3651 ι(
2645 3597 2845 3654 Obtulit
2868 3603 3041 3648 autem
3076 3603 3190 3662 post
3223 3593 3335 3646 dies
3374 3591 3506 3643 Abel

1985 3697 2211 3750 hostiam
2249 3695 2356 3747 Deo
2381 3707 2446 3746 ex
2487 3688 2852 3758 primogenitis
2869 3687 3068 3747 ovium,
3094 3694 3148 3737 et
3176 3699 3240 3736 ex
3267 3682 3509 3747 adipibus

1986 3800 2166 3840 earum
2195 3783 2261 3834 ".
2291 3801 2310 3834 ο
2345 3779 2493 3845 Quod
2517 3792 2642 3845 ergo
2669 3776 2823 3838 dixit,
2851 3791 2870 3824 t
2899 3782 3018 3841 post
3046 3773 3178 3835 dies,
3210 3788 3228 3820 ι
3285 3772 3383 3822 hoc
3423 3783 3508 3820 os-

1987 3874 2174 3936 tendit,
2213 3871 2332 3938 quia
2388 3870 2572 3937 primis
2616 3867 2829 3936 quidem
2878 3867 2999 3917 vitae
3033 3876 3140 3914 suae
3185 3858 3371 3911 diebus
3417 3870 3511 3922 pa-

1985 3973 2150 4019 ternte
2203 3957 2652 4028 pravaricationis
2708 3951 3126 4018 institutionibus
3192 3948 3506 4006 tenebatur;

1985 4062 2103 4122 post
2142 4050 2261 4104 illos
2317 4061 2440 4102 vero
2489 4046 2601 4098 dies
2649 4044 2733 4095 ubi
2787 4041 3026 4108 resipuit,
3072 4036 3156 4089 ubi
3194 4034 3510 4102 respexitad

1987 4147 2147 4199 Deum
2202 4150 2402 4194 natura
2432 4137 2547 4204 lege
2587 4133 2968 4193 commonitus,
3025 4128 3219 4182 dicitur
3252 4136 3376 4177 tunc
3417 4124 3512 4174 ob—

1989 4234 2170 4287 tulisse
2225 4229 2452 4284 hostiam
2504 4226 2633 4280 Deo.
2695 4222 2871 4276 Potest
2907 4233 3036 4288 ergo
3087 4216 3169 4270 vel
3220 4215 3320 4268 hoc
3361 4213 3513 4266 modo

347 4341 504 4406 regis
533 4343 783 4395 exorant,
813 4333 1105 4385 clamantes
1135 4333 1198 4383 ad
1228 4304 1386 4384 Deum
1413 4331 1489 4384 διε
1527 4349 1545 4382 ι
1577 4304 1772 4386 Emitte
1814 4331 1891 4382 lu-
1923 4338 1966 4390 ι)
1994 4325 2141 4377 locns
2203 4322 2302 4374 iste
2355 4316 2668 4384 simpliciter
2721 4311 2948 4379 exponi,
3010 4306 3092 4359 vel
3153 4304 3512 4362 occultatum,

347 4395 478 4478 ce?"
513 4435 688 4484 luam.
718 4432 768 4474 et
793 4421 1068 4474 verilalcm
1102 4428 1276 4477 luam:
1305 4437 1324 4470 ι
1357 4429 1410 4473 et
1439 4420 1628 4473 iterum
1652 4420 1735 4473 8'z
1777 4438 1793 4470 ε
1815 4420 1894 4472 Ιιι-
2001 4412 2151 4481 551
2181 4411 2232 4462 in
2261 4423 2325 4462 eo
2376 4408 2516 4474 quod
2565 4404 2709 4466 dicit,
2767 4418 2787 4452 ι
2842 4401 2893 4452 in
2941 4395 3337 4452 similitudinem
3375 4404 3514 4458 pra:-

349 4521 504 4573 clina
537 4517 706 4569 caelos
736 4525 868 4573 tuos,
892 4520 945 4566 et
971 4513 1259 4576 descende;
1291 4530 1309 4563 ι
1340 4521 1387 4564 et
1422 4527 1628 4564 rursum
1649 4511 1726 4561 3':
1753 4530 1770 4561 ε
1795 4511 1896 4564 Ex-
2001 4501 2338 4558 varicationis
2368 4498 2516 4561 Adae,
2539 4514 2558 4546 ι
2595 4499 3006 4552 sacramentum,
3051 4496 3104 4538 et
3149 4498 3310 4553 prope
3335 4479 3522 4535 inell’a-

351 4570 552 4675 surge,
587 4606 836 4664 Domine,
857 4570 944 4655 l'er
974 4616 1126 4669 opem
1159 4570 1334 4654 nobis.
1371 4620 1388 4652 ι
1431 4600 1610 4654 Adfuit
1637 4616 1764 4669 ergo
1808 4601 1896 4655 .Ie-
1999 4595 2180 4649 hiliter
2215 4590 2551 4646 reconditum
2587 4583 2766 4640 subtili
2810 4581 3036 4649 quadarn
3062 4574 3419 4675 intelligentia:
3456 4570 3522 4621 li-

352 4662 734 4750 susUChristns
761 4662 928 4746 Filius
959 4662 1071 4752 Dei,
1095 4700 1149 4744 et
1177 4709 1194 4740 ‹
1228 4691 1279 4742 in
1305 4704 1412 4758 quo
1441 4707 1459 4740 ι
1494 4689 1577 4741 lex
1610 4707 1628 4739 ι
1665 4662 1898 4746 inﬁrma-
1998 4704 2096 4744 nea
2125 4684 2300 4752 colligi
2331 4703 2346 4736 ς
2379 4688 2436 4734 ut
2466 4679 2510 4732 si
2539 4677 2659 4745 quis
2689 4682 2851 4741 ponat
2875 4678 3094 4723 mortem
3117 4664 3203 4716 hic
3237 4662 3382 4730 (86),.
3401 4673 3520 4727 quae

431 4813 484 4845 ⁸⁸
517 4811 672 4863 Rom.
703 4823 756 4871 v,
777 4807 858 4860 Η.
930 4803 974 4834 ⁸⁵
1007 4802 1143 4855 Psal.
1164 4817 1293 4866 xw,
1319 4801 1384 4871 5._
1446 4800 1490 4832 ⁸⁸
1519 4802 1649 4855 Psal.
1677 4808 1877 4868 chnt,J

1998 4807 2042 4837 ⁸⁸
2065 4802 2202 4856 Psal.
2226 4810 2350 4871 xu]
2367 4834 2381 4855 ,
2405 4789 2496 4844 26.
2567 4786 2794 4871 illum.
2813 4781 3018 4871 vnn}...
3140 4773 3326 4871 ll‘Cor.
3349 4788 3401 4832 v,
3433 4773 3517 4829 19.

353 4885 402 4915 ις
435 4841 672 4934 6.35::
694 4841 870 4938 (.123.
944 4841 1293 4933 ηἰῑιῑιξγιῑςξ
1319 4841 1412 4922 ἷξε.
1481 4841 2636 4940 63.3.1375,25.”:‘iifsasv,es
2663 4868 2778 4920 seq.
3071 4841 3213 4900 ιω.

436 4973 554 5038 (“,5i
585 4969 685 5038 Ms.
717 4981 869 5021 unus.
909 4983 928 5015 t
971 4962 1185 5038 primis,
1220 4980 1238 5012 ι
1274 4959 1678 5038 ειιίιίεηίρνὶξιιὶ.
1715 4978 1756 5038 ι.
2007 4961 2394 5038 ἀειιίξξξηινθῑε·
2464 5011 2513 5038 :n
2539 5021 2626 5038 AM
2656 5008 2812 5038 “Ihm
2841 5000 2926 5038 (mi

1221 5005 1756 5110 ϐξιῖίξξίεῖιί
1775 5045 1908 5108 vero
2009 5005 2379 5110 πᾷέἵᾼὶὶιιε,
2411 5030 2429 5062 t
2464 5011 2514 5062 in
2538 5021 2629 5061 eos
2656 5008 2813 5058 etiam
2841 5005 2930 5067 qui
2956 5013 3058 5051 n0“
3091 5005 3467 5061 νεοθανατιιηις
3502 5011 3519 5040 ³

362 5095 505 5163 MSS,
540 5095 612 5160 ἐι
668 5106 792 5158 editi
835 5103 1062 5159 habent,
1090 5095 1134 5147 ἰ
1175 5097 1365 5160 uitibus
1403 5107 1541 5147 certa
1571 5097 1905 5152 solemnitate
2007 5095 2173 5163 male;
2203 5154 2246 5163 __
2418 5145 2501 5163 _._,
2565 5159 2578 5163 _
2603 5138 2793 5163 τηλεὼ
2846 5155 2862 5163 _
2892 5133 3026 5163 mm
3084 5145 3102 5163 ,
3137 5124 3355 5163 imum“;

362 5129 505 5163 mss.
557 5125 612 5160 ει
668 5125 792 5158 euut
838 5125 1062 5159 uuUCIIt,
1115 5125 1134 5147 ι
1175 5125 1365 5160 unum:
1403 5125 1541 5147 usu-
1572 5125 1905 5152 amcu-uttatu
2007 5125 2159 5147 ιιιιιισο
2489 5145 2501 5156 ,
2603 5143 2613 5152 .
2696 5141 2704 5149 .
2744 5138 2756 5149 .
2970 5134 2981 5144 υ
3014 5133 3024 5142 -
3137 5127 3148 5138 ·
3231 5126 3241 5136 ·
3346 5125 3355 5134 -

360 5179 593 5236 oblatis,
621 5175 820 5227 diceret
847 5189 860 5224 :
903 5169 963 5219 Et
993 5169 1288 5219 remittetur
1321 5165 1368 5214 ei
1398 5171 1690 5229 peccatum.
1731 5180 1750 5212 ι
2045 5229 2056 5236 _
2075 5157 2183 5229 (8'5)
2196 5154 2329 5236 OM53.
2343 5154 2526 5236 Ἦξῑξι.
2551 5159 2578 5236 ’ί
2603 5134 3051 5236 [ιιιάιίξιίξξυςίὲίλιιξὲν
3084 5145 3114 5236 ί,
3137 5125 3530 5186 ¹¹¹ά¹⁰³ι¹⁰¹¹θν⁹

448 5205 593 5236 "sua,
621 5205 820 5227 ιιιιῡιιι
847 5211 860 5224 .
903 5205 963 5219 ιλι-
997 5205 1279 5219 unua-mn...
1324 5205 1368 5214 ν.
1401 5205 1690 5229 ,κων--..πη
1731 5205 1746 5212 -

442 5246 559 5310 (77)
584 5241 746 5310 Edili,
775 5257 792 5288 ι
817 5238 1040 5310 justum.
1061 5253 1090 5310 _i

2011 5205 2181 5290 ει)ἶῖ
2196 5205 2484 5276 indictione
2503 5205 2519 5270 ,ί
2549 5227 2570 5258 ι
2600 5210 2693 5267 al.,
2728 5224 2744 5255 ι
2780 5205 3066 5255 iudicione.
3095 5212 3114 5244 ι

2083 5295 2184 5310 ,ειη
2229 5287 2361 5310 nan:
2423 5297 2439 5310 .
2473 5279 2608 5310 ηιιηλ
2641 5275 2817 5310 Adsunt,
2853 5289 2871 5310 ι

444 5275 1301 5382 ὶθὸἙῖίίέίλτεῖῖίῖὲιὶβειης»ε
1354 5364 1416 5382 .-
1465 5372 1536 5382 .-
1611 5362 1623 5375 .
1795 5367 1827 5382 ..
1895 5371 1906 5382 .
2011 5275 2871 5382 "ea1242:1".q:::ti:’::::.;'

591 5341 1246 5449 ’ίιίιῖιςῖἰἷᾌῖῑᾶἶινὲξέἱ
1275 5341 1421 5449 enim
1456 5362 1707 5449 transire,
1759 5367 1908 5422 aliud
2239 5341 2409 5414 Alias,
2455 5341 2614 5396 t'llon
2662 5341 2830 5394 solum
2869 5349 2933 5388 ex

368 5433 750 5521 psi-minare:
780 5433 915 5492 aliud
953 5436 1287 5512 pertransire,
1327 5433 1467 5482 aliud
1499 5446 1739 5508 regnare.
1773 5453 1796 5484 ι
2012 5443 2271 5521 cepi)???
2536 5483 2610 5521 ΓΙ,

482 5517 558 5521 Α-.
611 5513 624 5521 .
697 5512 707 5521 .
780 5518 788 5521 Α
905 5507 937 5521 rv
964 5506 1033 5521 v.9
1103 5519 1110 5521 _
1141 5513 1296 5521 _._-.-_
1362 5518 1373 5521 _
1413 5513 1595 5521 --.ιη-η-
1638 5520 1646 5521 ,
1678 5506 1725 5521 εν
1797 5520 1804 5521 ,
2088 5505 2098 5521 ι
2155 5498 2168 5521 Ξ
2262 5507 2305 5521 ιη
2334 5503 2438 5521 unca
2488 5501 2530 5521 οι
2556 5500 2568 5521 1
2599 5500 2610 5521 1

450 5464 750 5499 t-tranSIre;
780 5464 915 5492 ullutt
953 5464 1287 5504 pcrllallallc,
1327 5464 1467 5482 uuuu
1499 5464 1739 5495 lustrata.
1775 5464 1796 5484 ι
2012 5464 2212 5500 υςμιαη
2555 5484 2566 5495 ι
2598 5483 2610 5496 _

450 5517 568 5585 (80)
600 5512 868 5585 injustas.
903 5506 1058 5584 Editi,
1094 5519 1111 5550 ι
1135 5503 1320 5585 justus,
1356 5518 1388 5585 ἐ
1411 5499 1600 5585 omisso
1631 5506 1756 5584 oin.
1794 5520 1813 5551 ι
1870 5570 1881 5582 .
2086 5498 2192 5567 (86)
2221 5493 2306 5546 sic
2334 5503 2460 5544 mss.
2488 5487 2613 5540 eam
2637 5492 2783 5543 vero,
2816 5489 2836 5523 t
2872 5477 3102 5526 mortem
3131 5464 3291 5516 hanc.
3329 5475 3358 5511 ι

457 5517 546 5585 (80
600 5517 664 5565 In
681 5517 868 5578 justas.
903 5517 1058 5565 built,
1094 5519 1111 5550 ι
1135 5517 1320 5566 jllStOS,
1359 5518 1379 5548 ι
1411 5517 1600 5551 οιιιιδδο
1631 5520 1647 5550 ‹
1677 5520 1756 5555 ιιι,
1794 5520 1813 5551 ι

457 5517 573 5653 (8|)
602 5578 765 5644 Editi,
796 5595 812 5625 ε
855 5574 991 5644 regis
1022 5572 1298 5638 prOphetw.
1355 5567 1456 5620 Sed
1499 5577 1548 5620 et
1579 5569 1668 5636 ipsi
1703 5570 1910 5639 ιινωνί-

2979 5343 3197 5401 genere,
3231 5324 3409 5378 sed...
3433 5339 3551 5378 sus-
