3894 6220
408 265 544 321 ltili)

1828 269 2141 326 OBlGENlS

3523 271 3644 330 1020

407 389 654 441 regnasse
681 375 872 427 dicitur
898 374 964 427 ab
993 375 1157 427 Adam
1183 391 1350 444 usque
1377 378 1442 431 ad
1460 377 1696 449 Moysen,
1739 382 1791 435 id
1843 393 1926 436 cst
1953 389 1998 444 Α
2025 384 2103 434 nit
2127 379 2372 435 Christus
2411 381 2476 434 ad
2517 382 2836 437 Ecclesiam
2892 381 3015 436 sibi
3071 380 3437 436 sociandam.
3471 381 3648 440 Nescio

405 478 569 531 usque
599 465 662 514 ad
693 464 820 529 legis
848 464 1002 515 linem
1039 475 1092 515 et
1133 466 1450 533 principium
1479 466 1676 522 Christi
1704 511 1720 534 ,
1781 471 1921 525 illam

405 552 508 603 dici
528 551 636 618 (87)
671 551 736 602 de
775 566 880 617 qua
909 552 958 603 in
990 555 1246 620 propheta
1277 557 1530 610 scribitur
1575 569 1824 626 tanquam
1857 577 1920 614 ex

400 654 622 705 persona
649 640 853 693 Domini
894 641 1160 695 dicentis:
1195 663 1212 696 ι
1255 646 1326 700 De
1374 663 1534 700 manu
1563 649 1754 704 inl’erni
1811 653 1917 704 eri-

398 726 534 790 piam
563 740 672 792 eos,
701 735 752 780 et
781 730 844 783 de
873 742 1042 782 morte
1077 731 1310 788 liberabo
1350 750 1441 790 eos
1468 738 1513 768 ⁸⁵
1546 752 1561 792 :
1597 757 1615 788 ι
1643 749 1733 792 aut
1779 751 1922 794 certe

397 813 536 878 quod
563 814 667 866 sint
695 819 903 884 excepti
942 819 1126 886 aliqui,
1162 831 1215 874 et
1236 825 1526 880 occultiore
1552 830 1802 897 mysterio
1829 830 1922 882 de-

396 902 606 968 signati,
629 905 716 970 qui
743 906 809 957 ad
851 907 1252 962 similitudinem
1303 915 1756 977 praevaricationis
1795 919 1920 970 Adae

394 1004 639 1056 peccasse
657 1007 1038 1058 memorantur,
1058 998 1108 1050 in
1127 1015 1260 1067 quos
1281 1003 1420 1054 solos
1439 1005 1737 1067 regnaverit
1757 1022 1915 1060 mors.

394 1079 447 1130 Si
483 1093 608 1132 vero
631 1119 645 1139 .
682 1091 738 1133 ut
786 1081 837 1135 in
892 1088 1162 1141 nonnttllis
1215 1092 1609 1158 exemplaribus
1639 1093 1867 1148 habetur
1895 1137 1910 1160 ,

397 1181 416 1211 ι
443 1165 598 1217 etiam
625 1166 674 1218 in
701 1181 792 1222 eos
815 1171 902 1238 qui
930 1187 1030 1224 non
1057 1189 1405 1239 peccaverunt
1433 1180 1482 1231 in
1515 1181 1914 1236 similitudinem

393 1258 843 1322 praevaricationis
888 1263 1034 1330 Adae,
1074 1285 1092 1317 ι
1127 1283 1270 1321 mors
1318 1269 1439 1330 ista,
1478 1271 1527 1323 id
1577 1282 1679 1334 est,
1717 1289 1833 1340 qua:
1864 1275 1914 1327 iu

391 1344 598 1400 inferno
627 1349 832 1404 animas
861 1353 1156 1418 detinebat,
1204 1373 1458 1427 regnasse
1491 1361 1720 1426 dicatur,
1757 1364 1915 1417 intel-
1939 1403 1953 1412 κ

389 1429 602 1499 ligitnus
617 1443 670 1488 et
695 1448 908 1490 sanctos
940 1455 1176 1509 quosque
1202 1445 1298 1496 sub
1333 1445 1430 1498 ista
1465 1454 1653 1509 morte,
1687 1447 1845 1500 etiam
1868 1448 1912 1501 si

388 1536 490 1574 non
541 1527 812 1590 peccandi,
846 1537 902 1579 at
954 1541 1098 1584 certe
1145 1534 1407 1587 moriendi
1442 1535 1554 1604 lege
1598 1537 1858 1592 decidisse
1893 1556 1910 1595 :

386 1612 654 1665 Chrismm
682 1629 808 1669 vero
836 1617 1032 1673 idcirco
1056 1621 1104 1673 in
1127 1621 1389 1676 infernum
1414 1627 1770 1691 descendisse,
1807 1643 1908 1680 non

2021 484 2147 524 sane
2177 471 2439 536 quomodo
2468 473 2589 539 quis
2617 474 2805 542 possit
2845 481 2908 528 et
2940 471 3494 540 praevaricationem
3519 474 3648 541 ejus,

2021 569 2074 611 et
2101 569 2396 627 peccatum,
2426 571 2478 614 et
2509 562 2610 616 hoc
2640 564 2794 631 quod
2825 577 3000 616 mors
3037 575 3150 630 per
3170 561 3360 630 ipsum
3387 563 3443 616 in
3471 578 3649 622 omnes

2021 648 2264 702 homines
2301 653 2635 717 pertransiit,
2675 653 2730 705 in
2781 651 3047 706 formam
3087 649 3310 705 Christi
3353 663 3648 722 coaptare,

2020 741 2118 793 nisi
2148 739 2284 794 forte
2311 756 2377 793 ex
2402 742 2724 806 contrariis,
2760 753 2823 795 ut
2855 742 3021 795 idem
3060 743 3385 810 Apostolus
3415 744 3468 798 in
3502 760 3649 814 supe-

2020 832 2248 884 rioribus
2275 833 2515 900 exponit,
2541 849 2663 886 cum
2695 825 2872 887 dicit:
2909 851 2932 884 ι
2974 831 3152 886 Sicut
3184 833 3342 887 enim
3369 849 3469 902 per
3498 851 3647 891 unum

2019 922 2283 975 hominem
2321 939 2486 987 mors,
2522 925 2592 976 ita
2643 933 2703 977 et
2735 939 2840 991 per
2865 941 3064 979 unum
3105 926 3467 982 resurrectio
3512 943 3652 982 mor-

2019 1020 2227 1064 tuorum
2255 1013 2314 1077 ¹;
2362 1033 2380 1062 ι
2423 1025 2476 1066 et
2502 1015 2702 1066 iterum
2737 1033 2752 1068 :
2812 1033 2836 1066 ι
2876 1016 3055 1069 Sicut
3113 1016 3278 1069 enim
3334 1032 3436 1084 per
3473 1018 3654 1073 inobo-

2017 1102 2270 1156 dientiam
2299 1103 2454 1156 unius
2491 1103 2737 1158 hominis
2785 1114 3150 1173 peccatores
3189 1106 3492 1161 constituti
3534 1120 3651 1164 sunt

2016 1191 2191 1254 multi,
2220 1193 2290 1245 ita
2315 1203 2368 1246 et
2397 1207 2492 1261 per
2526 1194 2688 1249 unius
2710 1195 3124 1250 obedientiam
3145 1197 3294 1264 justi
3323 1199 3650 1253 constituen-

2018 1289 2103 1332 tur
2124 1283 2272 1334 tnulti
2299 1284 2339 1334 '.
2380 1302 2398 1334 ι
2433 1283 2486 1337 Si
2514 1298 2647 1338 vero
2680 1284 3093 1353 intelligamus
3119 1285 3462 1354 Apostolum
3489 1303 3519 1341 a
3545 1292 3649 1344 suis

2017 1372 2346 1438 temporibus
2378 1371 2577 1439 quibus
2647 1373 2774 1428 haec
2839 1375 3186 1437 scribebat,
3243 1375 3460 1430 dixisse
3488 1379 3646 1431 Adam

2013 1458 2175 1511 futuri
2203 1474 2323 1514 esse
2357 1459 2611 1526 formam,
2637 1461 2713 1514 ita
2743 1464 2933 1533 magis
2959 1463 3350 1532 intelligitur,
3377 1467 3522 1534 quod
3546 1469 3650 1523 sic-

2013 1557 2066 1601 ut
2136 1551 2187 1603 in
2238 1551 2338 1604 hoc
2374 1551 2572 1604 sa>culo
2612 1567 2767 1607 mors
2796 1556 3084 1622 regnavit
3112 1571 3220 1624 per
3257 1573 3434 1612 unum
3463 1559 3647 1626 Adam,

2011 1647 2064 1690 et
2112 1641 2340 1693 mortale
2378 1639 2634 1694 effectum
2665 1652 2754 1695 est
2777 1658 2958 1697 omne
2988 1645 3313 1698 hominum
3349 1663 3542 1717 genus,
3580 1651 3644 1706 ita

2937 1696 2950 1697 κ
2991 1696 3020 1697 η
3350 1696 3542 1717 σωκ-.
3580 1696 3644 1706 .--

383 1700 632 1753 solumut
662 1704 774 1770 ipse
812 1720 914 1758 non
952 1717 1222 1764 teneretur
1252 1729 1281 1764 a
1314 1723 1504 1776 morte.
1531 1717 1622 1769 sed
1648 1726 1706 1769 ut
1731 1726 1786 1769 et
1817 1732 1910 1770 eos
1945 1696 1983 1749 Β
2014 1738 2068 1781 et
2091 1730 2143 1783 in
2175 1729 2355 1783 futuro
2401 1729 2602 1785 sacculo
2645 1733 2761 1784 vita
2796 1735 3089 1800 regnabit
3123 1750 3232 1802 per
3263 1735 3566 1802 Christum,
3599 1750 3649 1794 et

384 1791 471 1855 qui
508 1791 634 1843 inihi
666 1810 765 1845 non
791 1803 895 1848 tam
925 1801 1394 1865 praevaricationis,
1434 1816 1492 1857 ut
1522 1807 1772 1869 diximus,
1804 1807 1910 1862 cri-

385 1874 545 1937 mine,
579 1891 736 1944 quam
783 1883 1042 1936 moriendi
1087 1886 1393 1939 conditione
1409 1888 1758 1957 habebantur,
1781 1897 1905 1950 abs-

385 1963 621 2016 traheret
671 1966 780 2033 (88)
817 1985 832 2020 :
869 1970 1006 2022 sicut
1051 1973 1306 2040 scriptum
1359 1986 1441 2029 est
1469 1995 1486 2030 :
1521 1979 1645 2045 quia
1687 1998 1704 2030 ι
1746 1983 1906 2036 multa

384 2063 606 2118 corpora
639 2068 940 2110 sanctorum
969 2061 1340 2116 dormientium
1391 2079 1741 2121 surrexerunt
1788 2086 1904 2123 cum

382 2139 489 2204 illo,
519 2152 566 2192 et
609 2142 836 2210 ingressi
866 2158 990 2201 sunt
1037 2150 1086 2202 in
1119 2162 1358 2206 sanctam
1397 2155 1666 2210 civitatem
1696 2160 1760 2210 ⁸⁸.
1795 2180 1813 2208 ι
1850 2162 1904 2214 In

377 2245 483 2296 quo
507 2241 560 2286 et
589 2232 863 2302 Pr0pheta:
884 2239 1022 2292 dicta
1046 2242 1381 2309 complentur
1399 2247 1592 2313 quibus
1612 2249 1686 2301 ait
1712 2248 1816 2318 (89)
1838 2249 1904 2304 de

377 2320 628 2377 Christo:
661 2343 680 2374 r
717 2326 1021 2381 Ascendens
1076 2331 1127 2382 in
1178 2332 1344 2385 altum
1377 2373 1392 2396 ,
1454 2336 1717 2403 captivam
1755 2339 1905 2394 duxit

377 2412 733 2480 captivitatem
756 2417 821 2468 ’⁸.
861 2437 879 2468 ι
913 2419 974 2472 Et
1009 2419 1108 2473 hoc
1141 2423 1296 2476 modo
1327 2439 1420 2492 per
1455 2431 1900 2484 resurrectionem

375 2517 524 2553 suam
556 2504 741 2558 mortis
785 2507 994 2573 quidem
1019 2509 1129 2577 jam
1165 2525 1323 2578 regna
1369 2514 1652 2580 destruxit,
1686 2521 1823 2572 unde
1847 2531 1902 2574 et

374 2589 736 2656 captivitatem
760 2595 1010 2647 scribitur
1033 2598 1311 2652 liberasse.
1345 2599 1520 2668 Ipsum
1551 2619 1680 2656 vero
1717 2607 1899 2660 inimi-

374 2691 492 2728 cum
520 2689 574 2731 et
607 2690 914 2748 tyrannum,
941 2684 1092 2753 cujus
1138 2702 1296 2756 regna
1325 2690 1565 2744 dissolvit
1597 2692 1728 2762 (90),
1773 2698 1896 2750 audi

373 2769 634 2833 quomodo
659 2771 801 2824 dicat
827 2774 1110 2840 Apostolus
1150 2778 1522 2834 destruendum
1551 2800 1566 2835 :
1604 2800 1622 2833 ι
1655 2782 1894 2839 Novissi-

373 2873 510 2922 mus,
550 2878 568 2910 ι
611 2861 797 2929 inquit,
841 2883 859 2914 ι
892 2865 1134 2920 inimicus
1157 2869 1460 2923 destruetur
1476 2886 1619 2926 mors
1643 2876 1708 2928 ³⁷.
1743 2895 1762 2926 ι
1791 2877 1894 2930 lie-

371 2962 530 3014 gnum
561 2965 686 3004 vero
708 2953 815 3018 jam
842 2956 1026 3009 mortis
1049 2957 1373 3013 destructum
1411 2971 1513 3023 est,
1542 2972 1595 3016 et
1617 2967 1893 3033 captiiitas

371 3050 488 3102 quae
524 3039 622 3090 sub
645 3053 705 3093 ea
749 3044 1025 3097 tenebatur
1071 3047 1293 3114 abducta
1326 3060 1426 3103 est.
1479 3051 1580 3105 Sed
1615 3055 1736 3122 quia
1786 3057 1897 3124 ipse

371 3127 614 3182 inimicus
637 3139 690 3184 et
721 3142 973 3201 tyrannus
1013 3137 1188 3192 adhuc
1228 3140 1278 3192 in
1304 3141 1592 3198 n0vissimo
1627 3157 1680 3199 et
1709 3147 1760 3201 in
1792 3149 1896 3204 line

369 3217 550 3270 s:ecu|i
578 3219 928 3278 destruendus
952 3236 1035 3279 est
1057 3225 1191 3298 (9t),
1228 3229 1428 3284 idcirco
1456 3235 1619 3288 etiam
1646 3253 1785 3292 nunc
1819 3241 1897 3294 vi-

370 3309 553 3361 demus
571 3325 688 3366 eum
726 3331 828 3368 non
855 3325 958 3370 tam
985 3334 1230 3388 regnare,
1261 3337 1418 3390 quam
1450 3325 1752 3385 latrocinari
1781 3349 1796 3396 ;
1841 3344 1897 3388 et

369 3398 644 3463 depulsum
673 3417 854 3467 regno,
881 3422 975 3472 per
997 3408 1203 3461 deserta
1236 3423 1289 3464 et
1319 3414 1436 3465 avia
1473 3417 1891 3475 circumeuntem

367 3500 605 3550 quaerere
632 3489 733 3542 sibi
764 3491 1050 3548 inﬁdelium
1083 3514 1295 3552 manum
1326 3519 1341 3566 ;
1385 3517 1432 3556 et
1467 3505 1586 3561 ideo
1631 3509 1894 3565 clamabat

366 3577 689 3640 Apostolus:
720 3597 738 3630 ι
767 3581 881 3635 Νοιι
910 3598 1038 3654 ergo
1087 3602 1273 3658 regnet
1315 3605 1591 3661 peccaturo
1627 3599 1677 3652 in
1711 3613 1892 3656 vestro

369 3666 574 3756 mortali
597 3682 816 3738 corpore
842 3675 904 3726 ad
932 3677 1288 3735 obedieudum
1323 3685 1606 3741 desideriis
1634 3688 1748 3756 ejus
1769 3692 1835 3745 ’⁸.
1863 3709 1882 3742 ι

367 3749 561 3805 Verum
597 3771 694 3812 nos
747 3765 985 3818 contenti
1037 3771 1416 3834 perstrinxisse
1447 3779 1632 3842 paucis
1676 3793 1737 3832 ea
1769 3795 1887 3848 quae

361 3839 645 3906 Apostolus
674 3848 879 3901 obtecta
907 3852 1017 3921 (92)
1047 3869 1165 3910 esse
1195 3859 1375 3924 voluit,
1400 3839 1674 3930 sequentia
1709 3839 1888 3935 requi-

364 3943 562 3984 ramus.
594 3933 812 3990 Addidit
842 3951 958 4006 post
994 3943 1146 3998 haec:
1182 3965 1201 3998 ι
1237 3947 1336 4013 Qui
1366 3961 1448 4004 est
1475 3951 1642 4006 l'orma
1665 3933 1883 4015 futuri.»

361 4017 510 4079 Ouod
536 4025 744 4090 quidem
770 4031 1075 4098 ambiguum
1109 4037 1235 4091 mihi
1261 4039 1487 4104 videtur,
1522 4053 1698 4097 utrum
1727 4061 1790 4100 ex
1822 4065 1887 4104 eo

363 4116 594 4177 tempore
616 4129 718 4180 quo
750 4118 862 4172 haec
886 4124 1153 4179 scribebat
1182 4129 1483 4195 Apostolus,
1523 4131 1686 4186 Adam
1723 4135 1884 4194 futuri

362 4197 525 4252 forma
553 4204 766 4269 dicitur,
798 4211 937 4276 quod
967 4222 1047 4265 est
1095 4215 1271 4268 szeculi
1319 4219 1568 4283 venturi;
1604 4236 1671 4274 an
1719 4239 1750 4277 a
1802 4241 1888 4280 se-

363 4287 604 4354 metipso,
632 4293 682 4346 id
705 4304 807 4359 est,
844 4299 909 4351 ab
939 4299 1105 4353 Adam
1127 4301 1314 4368 futuri,
1348 4316 1406 4359 ut
1449 4310 1501 4361 in
1529 4311 1744 4366 Christo
1791 4330 1880 4370 ac-

289 4415 291 4418 .
357 4377 585 4442 cipiatur
618 4403 628 4435 :
659 4387 798 4449 quod
826 4394 1032 4455 tempus
1066 4393 1321 4461 Apostolo
1373 4396 1485 4450 haec
1521 4401 1771 4456 scribenti
1801 4404 1882 4456 lu-

361 4473 530 4518 tnrum
555 4483 660 4522 non
692 4484 827 4536 erat,
854 4479 944 4530 sed
976 4483 1301 4545 pra-teritum
1325 4491 1603 4554 :quamvis
1629 4501 1683 4544 et
1710 4493 1762 4545 in
1779 4494 1881 4549 alio

358 4553 470 4609 loco
489 4572 609 4611 cum
641 4562 706 4615 de
738 4565 900 4618 Adam
930 4579 984 4622 ct
1008 4571 1114 4624 Eva
1155 4573 1462 4642 loqueretur
1492 4580 1628 4632 idem
1655 4581 1880 4649 Aposto-

356 4643 454 4706 lus,
485 4647 674 4704 dixerit
700 4670 716 4705 :
746 4671 764 4703 ι
797 4654 1101 4725 Mysterium
1132 4664 1229 4718 hoc
1254 4680 1500 4736 magnum
1521 4679 1641 4724 est:
1672 4687 1767 4741 ego
1786 4688 1881 4728 au-

354 4745 456 4788 tem
489 4739 605 4794 dico
634 4743 684 4795 in
721 4744 936 4802 Christo
959 4759 1011 4804 et
1045 4751 1096 4804 itt
1123 4753 1357 4810 Ecclesia
1387 4758 1470 4821 ⁹⁹;
1501 4777 1521 4810 ι
1559 4761 1609 4813 in
1659 4739 1764 4829 quo
1799 4765 1878 4817 vi-

352 4823 504 4878 detur
529 4827 627 4918 hoc
675 4836 842 4903 magis
899 4841 1052 4895 nobis
1084 4843 1147 4894 ad
1199 4844 1595 4915 intelligendum
1627 4823 1832 4906 dedisse
1855 4891 1874 4918 ,

351 4917 490 4977 quod
522 4916 688 4974 forma
718 4923 879 4980 l'uturi
930 4929 1140 4985 dicatur
1167 4935 1336 4989 Adam
1367 4939 1418 4989 in
1447 4951 1512 4992 eo
1533 4940 1675 5007 quod
1707 4916 1873 4996 adve;

420 5051 466 5082 “
490 5051 624 5105 Osee
654 5070 747 5108 xnt
769 5096 786 5119 ,
824 5058 906 5111 14.

353 5116 397 5148 ⁹⁹
422 5119 608 5183 Epltes.
641 5139 691 5184 v,
727 5116 811 5177 52.

354 5197 443 5236 \‘lll
467 5225 480 5247 ,
522 5188 573 5240 5.

423 5277 530 5352 (ζῇ)
560 5281 693 5352 Dici.
727 5284 778 5336 In
805 5300 954 5342 antea
987 5292 1143 5347 editis
1163 5297 1446 5352 omittitur.

424 5343 529 5410 (88)
559 5349 902 5424 Abslrrtherel.
936 5343 1024 5411 Sic
1052 5343 1552 5423 réétioé'i't'iiiiims.
1584 5370 1719 5424 Editi
1747 5385 1870 5424 vero

352 5418 408 5457 et
431 5419 780 5483 tuss._uostri,
819 5439 836 5470 ι
872 5426 1186 5483 absolveret.
1219 5449 1238 5482 ι

424 5474 531 5554 (sa)
565 5478 721 5554 igitur,
752 5474 777 5533 ι’
804 5492 890 5554 qtti
915 5474 1073 5545 'a'i'tl'i

421 5544 530 5605 (ου)
565 5544 720 5611 Editi.
758 5569 775 5600 ι
815 5544 1188 5619 dissolvuntur.
1229 5585 1246 5618 ›
1281 5567 1478 5626 Deinde
1532 5591 1631 5629 tns.
1679 5592 1812 5630 unus
1844 5613 1860 5636 .

892 5131 906 5158 ί
939 5129 957 5181 l
987 5130 1108 5186 Cor.
1141 5149 1226 5197 xv,
1251 5137 1337 5192 2|.

1010 5061 1498 5166 :pMalthIXXV'IID,
1539 5070 1608 5124 52
1637 5109 1651 5128 .
1709 5071 1799 5166 5‘5‘.‘
1868 5074 1915 5166 ’ς
1947 5074 2086 5166 Esall.
2119 5083 2418 5166 timuit}.
2483 5087 2528 5119 ⁸⁷
2562 5089 2584 5144 l
2619 5093 2758 5154 Cor.
2795 5117 2888 5166 xv,
2915 5107 3015 5164 26.

1411 5139 1431 5168 ι
1458 5139 1624 5230 ιξοηιοα
1643 5156 1694 5230 γι
1718 5143 1850 5230 .19,“
1895 5143 1915 5174 ³
2109 5147 2204 5230 με
2279 5139 2302 5181 λ
2325 5152 2536 5230 Coloss.

647 5193 664 5220 τ
708 5195 1048 5258 Act.x,15.
1121 5201 1143 5232 ο
1185 5193 1368 5258 l'Cor.
1403 5208 1531 5268 v.7.
1604 5193 1874 5263 οίίιίαζε.
1948 5193 2246 5272 uastat.
2305 5193 2512 5291 ιῖζῗ

2013 1818 2410 1874 immortalitate
2468 1822 2766 1877 donabitur
2838 1839 3034 1878 omne
3117 1828 3426 1881 hominum
3467 1846 3642 1899 genus.

2011 1908 2272 1963 Similiter
2302 1922 2478 1965 autem
2512 1921 2573 1965 ut
2616 1913 2670 1965 in
2711 1913 2821 1966 hoc
2854 1913 3229 1983 ambiguum
3269 1919 3515 1973 diximus
3537 1935 3645 1974 esse

2009 2014 2305 2054 sermonem
2334 2015 2441 2068 quo
2491 2003 2588 2064 ait,
2623 2022 2642 2053 ι
2680 2003 2786 2068 Qui
2822 2013 2915 2056 est
2979 2004 3183 2059 forma
3221 2006 3404 2061 futuri
3434 2010 3473 2072 ³,
3518 2029 3534 2057 ι
3567 2011 3641 2065 in-

2008 2088 2247 2140 venimus
2271 2098 2326 2140 et
2369 2090 2434 2142 ad
2476 2091 2842 2146 Colossenses
2908 2095 3213 2164 ambigue
3240 2098 3534 2165 scriptum,
3563 2102 3640 2153 ubi

2007 2174 2137 2228 dicit
2169 2193 2181 2227 :
2228 2193 2246 2226 ι
2279 2175 2392 2230 Non
2417 2193 2552 2244 ergo
2601 2194 2704 2234 vos
2744 2179 2981 2246 iudicet
3045 2185 3372 2252 quisquam
3403 2187 3455 2240 in
3487 2187 3642 2252 cibo,

2007 2274 2097 2317 aut
2125 2267 2175 2318 in
2209 2277 2356 2334 potu,
2389 2277 2482 2321 aut
2512 2269 2564 2322 in
2594 2281 2755 2339 parte
2795 2273 2911 2327 diei
2941 2273 3123 2338 festi,
3165 2285 3271 2331 aut
3304 2281 3598 2334 neomeniis
3620 2315 3639 2342 ,

2006 2357 2359 2410 autSabbatis
2381 2396 2398 2422 ,
2446 2375 2567 2428 qua:
2600 2371 2738 2417 sunt
2796 2367 3019 2421 umbra
3080 2369 3422 2426 futurorum
3445 2371 3488 2428 ⁵.
3525 2389 3544 2423 ι
3577 2373 3636 2426 Et

2006 2442 2129 2494 item
2155 2445 2279 2497 alibi
2311 2445 2447 2500 idem
2491 2449 2794 2518 Apostolus
2828 2455 2988 2511 dicit
3035 2478 3054 2513 :
3113 2478 3136 2512 α
3207 2460 3476 2516 Umbram
3504 2464 3638 2519 enim

2004 2531 2160 2586 habet
2189 2534 2266 2587 lex
2304 2536 2566 2592 bonorum
2594 2540 2923 2600 futurorum
2953 2549 3009 2603 ⁵.
3061 2569 3083 2601 ι
3125 2551 3193 2604 In
3222 2554 3433 2620 quibus
3462 2555 3634 2622 utique

2002 2622 2188 2675 similis
2224 2623 2488 2680 dubitatio
2510 2629 2624 2698 (95)
2657 2641 2771 2696 est,
2796 2645 3006 2690 utrum
3046 2641 3253 2708 cibus,
3287 2650 3347 2697 et
3377 2652 3554 2711 potus,
3581 2655 3632 2698 et

2000 2711 2112 2764 dies
2141 2712 2280 2775 festi,
2303 2724 2356 2768 et
2379 2721 2702 2786 neomenite,
2730 2733 2788 2777 et
2806 2727 3115 2793 Sabbata,
3140 2731 3225 2786 ita
3257 2734 3503 2788 habeant
3526 2751 3630 2788 um-

1999 2802 2149 2854 bram
2173 2804 2494 2869 l‘uturorum,
2528 2821 2587 2863 ιιι
2613 2811 2669 2865 in
2709 2816 2972 2872 adventu
3008 2822 3246 2878 Christi
3287 2828 3492 2881 veritas
3521 2844 3630 2881 utn-

2001 2890 2106 2942 bra:
2128 2891 2291 2958 ipsius
2321 2893 2613 2963 adimpleta
2661 2900 2766 2966 sit;
2813 2917 2890 2956 an
2946 2905 3014 2960 in
3077 2908 3287 2966 futuro
3319 2914 3519 2966 saeculo
3565 2914 3628 2965 sit

1997 2975 2278 3044 implenda.
2307 2980 2413 3035 Sed
2440 2993 2493 3035 et
2521 2987 2667 3052 quod
2690 2988 2830 3042 dicit
2858 2993 3230 3065 Apostolus,
3257 3007 3437 3054 totam
3466 3000 3624 3071 legero

1998 3065 2237 3120 umbram
2273 3068 2473 3124 habere
2505 3072 2822 3130 futurorum
2860 3079 3207 3150 bonorum,
3241 3099 3435 3143 utrum
3460 3065 3626 3142 invad-

1995 3165 2152 3208 ventu
2187 3157 2405 3224 Christi,
2437 3175 2502 3214 au
2533 3163 2588 3216 in
2626 3162 2817 3220 futuro
2842 3173 3081 3228 saeculo
3110 3179 3342 3233 umbrae
3371 3181 3524 3235 istius
3539 3195 3624 3234 ex-

1993 3244 2183 3312 plenda
2220 3247 2291 3300 sit
2323 3251 2547 3316 veritas,
2612 3255 2900 3312 incertum
2967 3273 3072 3317 est
3119 3283 3138 3332 ;
3197 3270 3336 3338 quia
3363 3281 3422 3325 et
3450 3271 3501 3323 in
3527 3271 3620 3323 alio

1994 3331 2110 3387 loco
2132 3335 2388 3390 scribitur
2421 3341 2586 3395 etiam
2616 3343 2684 3397 de
2719 3344 2811 3399 his
2841 3361 2982 3415 qua:
3012 3331 3133 3409 sub
3156 3331 3288 3426 lege
3316 3371 3468 3425 sunt,
3495 3359 3621 3430 quod

1992 3422 2178 3479 forma:
2211 3436 2264 3480 et
2295 3431 2498 3484 umbra:
2533 3433 2862 3491 deserviant
2887 3422 3245 3502 caelestium
3285 3451 3330 3504 ⁸.
3377 3422 3479 3517 Qui
3507 3422 3621 3522 ergo

1992 3513 2104 3565 vult
2156 3524 2396 3571 astruere
2463 3523 2608 3589 quod
2644 3524 2697 3578 in
2754 3525 3026 3588 adventu
3083 3539 3314 3596 Christi
3347 3513 3451 3597 ista
3484 3513 3618 3599 coru-

1991 3603 2128 3670 pleta
2160 3606 2287 3670 sint,
2319 3609 2423 3663 cibi
2447 3620 2500 3663 et
2521 3623 2683 3680 potus
2723 3620 2993 3678 rationes
3028 3632 3420 3688 conﬁrmabit
3445 3637 3615 3704 exple-

1995 3702 2075 3747 tas
2106 3693 2156 3746 in
2185 3709 2250 3749 eo
2285 3697 2374 3750 ubi
2434 3697 2632 3755 Petrus
2665 3719 2766 3772 per
2826 3708 3143 3772 visionem
3177 3724 3326 3776 vidit
3360 3726 3414 3778 in
3470 3693 3616 3781 linteo

1995 3891 2014 3923 ‹
2039 3870 2188 3937 Quod
2223 3879 2684 3952 Deusmuudavit,
2716 3897 2775 3943 tu
2807 3906 3146 3958 commune
3179 3922 3256 3961 ne
3289 3911 3538 3966 dixeris”
3563 3928 3606 3966 ε»

1987 3972 2128 4036 quod
2158 3970 2222 4022 ad
2248 3968 2487 4024 diversos
2529 3974 2720 4044 utique
2757 3979 3075 4044 hominum
3104 3993 3288 4068 552
3318 4017 3498 4057 mores
3519 4018 3609 4070 ,ω-

1987 4057 2156 4110 fertur
2183 4075 2197 4110 :
2223 4069 2276 4111 et
2305 4059 2554 4127 poculum
2577 4064 2725 4121 dicet
2769 4084 2906 4128 esse
2967 4057 3407 4145 caligant—Novi
3436 4061 3612 4146 Testa-

1985 4147 2146 4198 menti
2175 4163 2188 4199 :
2217 4148 2355 4202 diem
2389 4165 2608 4221 quoque
2636 4153 2845 4213 festum
2867 4171 3188 4242 probabit,
3221 4179 3322 4234 ubi
3366 4199 3388 4233 t
3425 4183 3609 4250 pascha

1985 4243 2220 4288 nostrum
2251 4237 2560 4296 immolatus
2587 4255 2674 4300 est
2701 4246 2988 4310 Christus
3016 4259 3068 4325 ⁸,
3105 4281 3127 4315 ι
3168 4237 3231 4320 et
3265 4237 3610 4325 diemiestum

1908 4322 1955 4381 D
1980 4323 2310 4380 celebramus
2335 4346 2352 4379 ι
2381 4345 2486 4384 non
2517 4333 2569 4386 in
2600 4333 2882 4395 fermento
2915 4322 3142 4421 veteri,
3174 4362 3280 4413 sed
3314 4361 3372 4414 in
3415 4365 3608 4433 azymis

1983 4411 2308 4469 sinceritatis
2334 4426 2390 4470 et
2421 4422 2674 4478 veritatis
2696 4426 2740 4480 ’.
2791 4447 2811 4480 ι
2845 4411 3151 4498 δίηιῑιῑιεί-
3177 4411 3606 4514 ειῖιέὸηιεῖιίις.

1985 4501 2083 4554 hoc
2108 4512 2189 4556 est
2223 4519 2394 4561 novos
2438 4525 2654 4568 menses
2679 4517 2800 4572 ﬁeri
2837 4534 3125 4588 ostendet
3185 4501 3607 4606 pcr'Christuni

1984 4590 2158 4689 Solem
2179 4594 2493 4689 justitim“,
2524 4613 2579 4654 et
2603 4613 2896 4672 apostolos
2912 4619 3103 4686 gejus.
3140 4590 3605 4689 séi'..'s“;i1;;;

1981 4680 2252 4736 observari
2276 4688 2510 4755 docebit,
2540 4709 2647 4747 non
2676 4711 2967 4766 portando
2995 4729 3187 4772 onera
3229 4726 3476 4790 peccati,
3521 4728 3608 4780 sed

1979 4774 2168 4882 εωηέΙο
2193 4790 2632 4874 unumquemque
2660 4795 2952 4853 stabiliter
2985 4806 3044 4858 in
3077 4809 3209 4865 loco
3229 4774 3369 4882 'suo,
3389 4833 3494 4870 non
3519 4831 3605 4869 ac-

1979 4858 2290 4963 ce'ndentem
2322 4863 2498 4963 ignem
2530 4870 2596 4936 “,
2630 4876 2702 4929 de
2737 4893 2852 4947 quo
2875 4899 2978 4950 per
3002 4858 3599 4963 prophetarit,

1982 4962 2000 4995 ι
2035 4945 2109 4999 Ite
2142 4947 2192 5000 in
2221 4949 2424 5010 lumine
2470 4958 2616 5027 ignis
2667 4974 2881 5038 vestri,
2925 4945 3290 5043 Cl'ﬂalrtltllie
3319 5007 3486 5060 quam
3517 5008 3602 5047 ac-

3095 5115 3146 5146 “
3181 5117 3349 5176 Rom.
3404 5139 3478 5184 vt,
3519 5124 3596 5176 l2.

2856 5177 2878 5208 ³
2907 5178 3084 5235 Hebr.
3130 5201 3208 5250 χ,
3253 5192 3307 5242 1.
3388 5177 3597 5246 ‘llebr.

2597 5235 2642 5266 “
2678 5237 2864 5303 Exod.
2898 5263 2988 5304 xm
3015 5293 3029 5317 ,
3059 5235 3170 5320 29“;
3191 5235 3379 5328 ,xxxv,
3405 5235 3465 5317 δῖ

1980 5323 2000 5357 t
2182 5321 2584 5412 tltt:tttd£_dicat
2617 5333 2958 5412 Apostolus,
2993 5368 3013 5401 ι
3048 5363 3158 5409 etc.

2045 5378 2155 5470 ὲ
2189 5378 2307 5470 st.
2321 5457 2333 5468 ι
2355 5378 2518 5448 Deest
2617 5378 2841 5470 E3333:

2045 5445 2156 5545 $33?
2179 5451 2360 5545 Exuit,
2407 5445 2978 5545 ε’ᾗιζίὲὲέῗξδιῖιειε.

2043 5515 2150 5584 (95)
2177 5515 2359 5594 Εύὶιὶξ
2385 5551 2406 5584 t
2445 5515 2790 5613 άίδῖυἶξῖιῖιί.
2818 5515 2851 5612 't'
