3894 6214
299 277 326 330 Ι
341 277 438 330 021

1288 273 1590 330 ΟΜΜΕΝΤ.
1634 275 1699 330 ιΝ
1737 275 1948 332 EPIST.
1987 282 2079 334 AD
2113 282 2277 338 ROM.
2312 281 2434 336 UB.
2470 280 2535 335 Υ.

3329 274 3467 327 1022

291 383 573 458 cendistis
598 385 750 439 vobis
779 387 843 440 ¹⁹.
883 405 901 438 ι
938 386 1084 440 Alius
1109 401 1234 442 vero
1272 388 1361 455 qui
1411 387 1610 444 formas
1639 391 1769 444 istas
1792 400 1845 444 et
1870 394 1918 448 Δ
1940 409 2126 450 omnes
2151 413 2165 448 :
2197 404 2251 447 ut
2279 395 2420 449 sicut
2460 407 2603 447 mors
2627 407 2726 462 per
2753 405 2917 446 unum
2948 400 3263 460 regnaverat
3288 390 3339 442 in
3375 391 3467 442 dc—

290 473 555 524 umbram
582 470 714 541 legis
735 475 801 526 ad
828 474 1060 527 futurum
1087 473 1335 528 smculum
1365 477 1639 543 transfert,
1665 487 1717 532 et
1747 480 1846 532 mi-

291 561 658 614 nisteriorum
683 563 977 616 caelestium
1003 565 1100 618 has
1135 578 1252 619 esse
1273 565 1416 619 ducit
1437 565 1548 637 (94)
1583 568 1844 638 imagines

290 651 349 704 in
406 651 501 704 illa
563 653 768 705 ccelesti
811 651 1102 707 Jerusalem
1147 655 1506 722 complendas,
1541 657 1608 710 de
1637 659 1760 712 cibo
1789 665 1844 712 et

287 749 427 808 potu
460 741 747 795 conabitur
782 744 1057 812 assignare
1099 748 1386 798 secundum
1417 761 1479 799 ea
1513 761 1632 815 qua:
1662 749 1843 801 Domi-

291 844 400 882 nus
435 829 574 884 dicit
599 829 642 860 ¹³
669 848 682 884 :
725 847 743 881 ι
779 833 954 886 Donec
987 832 1162 886 bibam
1191 833 1317 887 illud
1347 849 1538 888 novum
1571 837 1840 891 vobiscum

289 916 348 969 in
385 933 562 984 regno
585 918 760 971 Patris
791 919 916 972 mei.
950 938 968 971 ι
999 919 1101 972 Sed
1125 928 1176 973 et
1204 921 1340 973 diem
1367 917 1556 975 festum
1584 924 1726 978 dicet
1755 940 1841 978 se-

290 1010 545 1060 cundum
595 1010 871 1076 prophetae
898 1010 1137 1066 dictum:
1188 1030 1208 1063 ε
1242 1013 1377 1079 Quid
1409 1013 1618 1068 facietis
1668 1016 1719 1068 in
1759 1015 1846 1071 die

289 1097 688 1161 solemnitatis,
716 1108 773 1152 et
803 1100 852 1152 in
886 1100 970 1154 die
1008 1099 1147 1154 festo
1197 1101 1404 1156 Domini
1429 1103 1510 1156 “1
1541 1121 1562 1155 ι
1613 1103 1846 1159 Neonte-

290 1187 422 1239 nias
465 1201 619 1251 vero,
659 1187 710 1240 id
740 1196 822 1242 est
845 1203 1014 1242 novos
1047 1191 1358 1255 menses,§in
1384 1191 1490 1246 illis
1512 1194 1724 1247 aeternis
1751 1192 1851 1247 an-'

290 1280 386 1330 nis
428 1277 696 1344 requiret
720 1279 786 1332 de
821 1279 1019 1342 .quibus
1053 1280 1182 1334 dicit
1207 1280 1504 1351 Propheta:
1534 1301 1553 1334 ι
1587 1283 1848 1338 Memora-

290 1378 386 1420 tus
415 1382 542 1420 sum
595 1383 766 1421 annos
804 1379 1048 1435 aeternos,
1085 1381 1139 1424 et
1166 1370 1448 1428 meditatus
1481 1388 1597 1428 sum
1619 1376 1700 1438 ¹⁸;
1731 1393 1750 1426 ι
1793 1386 1848 1429 ει

291 1457 506 1510 iterum
561 1456 614 1510 in
648 1459 859 1514 cantico
911 1460 1348 1518 Deuteronomii:
1402 1480 1421 1516 ι
1477 1462 1845 1519 Recordamiui

289 1546 416 1598 dies
470 1556 707 1601 aeternos
737 1549 818 1613 “;
851 1567 872 1599 ι
907 1558 955 1603 ει
985 1549 1051 1604 de
1082 1548 1316 1604 Sabbato
1339 1552 1534 1606 dicitur
1566 1569 1580 1605 :
1615 1570 1634 1603 ι
1667 1551 1847 1606 Belin-

290 1635 493 1702 quitur
521 1651 652 1704 ergo
680 1635 1036 1692 sabbatismus
1063 1640 1256 1706 populo
1275 1639 1368 1694 Dei
1391 1641 1453 1698 ".
1490 1659 1511 1694 ι
1535 1641 1598 1695 Ει
1619 1652 1843 1706 astruet,

291 1727 430 1794 quia
469 1726 614 1779 sicut
641 1727 755 1780 haec
780 1727 984 1795 singula
1016 1727 1237 1781 formam
1257 1728 1418 1784 futuri
1442 1730 1621 1785 saeculi
1643 1739 1844 1798 tenent,

293 1816 372 1869 ita
405 1825 593 1884 potest
624 1815 785 1869 etiam
817 1816 984 1870 Adam
1027 1819 1090 1870 de
1147 1832 1251 1886 quo
1303 1819 1520 1885 dicitur,
1551 1835 1573 1870 ι
1616 1819 1719 1886 Qui
1766 1828 1849 1874 est

291 1906 485 1960 forma
513 1905 680 1958 futuri
709 1905 750 1936 "
772 1945 788 1969 ,
829 1924 848 1956 ι
888 1905 1120 1960 conferri
1152 1909 1218 1961 ad
1270 1907 1432 1962 futuri
1464 1909 1643 1963 saeculi
1678 1911 1848 1964 ratio-

291 2011 427 2049 nem
459 2013 475 2049 :
496 2008 550 2047 et
578 2004 862 2062 propterea
887 2010 1004 2049 cum
1023 1999 1353 2064 praemissum
1365 2008 1506 2053 esset
1521 1999 1587 2053 de
1609 1999 1691 2054 his
1716 2018 1735 2050 ι
1757 2001 1847 2068 qui

291 2096 671 2154 peccaverunt
691 2086 741 2138 in
760 2085 1160 2140 similitudinem
1195 2089 1642 2157 praevaricationis
1666 2091 1844 2155 Adae,»

291 2174 552 2228 additum
581 2184 659 2229 est
688 2192 702 2228 :
743 2194 762 2227 ι
809 2175 907 2240 Qui
946 2187 1026 2230 est
1056 2176 1226 2229 forma
1259 2175 1442 2231 futuri.
1481 2196 1501 2230 ι

364 2267 426 2320 2.
461 2285 482 2317 ι
522 2265 628 2320 Sed
657 2282 759 2319 non
783 2267 1201 2332 sicutdelictum,
1224 2267 1295 2320 ita
1311 2277 1364 2322 et
1388 2268 1604 2322 donum.
1631 2267 1688 2322 Si
1709 2268 1848 2322 enim

292 2359 468 2410 unius
501 2357 700 2410 delicto
733 2357 885 2411 multi
928 2359 1125 2412 mortui
1163 2367 1306 2423 sunt,
1337 2359 1500 2412 multo
1529 2359 1698 2427 magis
1724 2374 1848 2426 gra-

292 2448 372 2502 tia
410 2445 509 2500 Dei
541 2456 596 2498 et
615 2446 813 2498 donum
849 2445 899 2498 in
922 2447 1092 2512 gratia
1118 2447 1272 2499 unius
1295 2446 1525 2500 hominis
1549 2443 1673 2499 Jesu
1700 2445 1851 2500 Chri-

292 2537 367 2591 sti
395 2537 452 2589 in
481 2535 668 2603 plures
697 2534 1002 2588 abundavit.
1028 2533 1092 2586 Et
1114 2551 1218 2588 non
1253 2534 1392 2588 sicut
1415 2549 1508 2602 per
1535 2549 1697 2588 unum
1721 2550 1848 2603 pec-

257 2623 265 2632 ’
291 2638 486 2680 catum
518 2623 652 2689 (95),
687 2623 760 2675 ita
793 2632 846 2676 et
864 2623 1077 2676 donum.
1109 2621 1236 2675 Nam
1260 2623 1514 2691 judicium
1544 2622 1758 2690 quidem
1783 2637 1850 2676 ex

295 2731 411 2770 uno
444 2716 502 2768 in
538 2713 1040 2768 condemnationem
1071 2733 1083 2768 :
1119 2715 1289 2782 gratia
1343 2727 1518 2769 autem
1551 2731 1617 2769 ex
1669 2715 1850 2770 multis

293 2806 523 2861 delictis
552 2805 604 2857 in
631 2803 1071 2872 justiﬁeationem
1106 2805 1170 2856 ¹⁹.
1203 2823 1222 2855 ι
1255 2804 1386 2858 Cum
1413 2805 1463 2857 in
1491 2805 1850 2873 superioribus

298 2900 538 2950 dixisset
573 2894 859 2961 Apostolus
890 2893 956 2946 de
985 2893 1191 2947 Adam:
1231 2912 1250 2943 ι
1291 2895 1388 2959 Qui
1437 2904 1520 2949 est
1566 2894 1735 2948 forma
1769 2895 1851 2948 fu-

1941 486 2100 548 lictis,
2154 487 2227 539 ita
2257 497 2312 539 et
2361 499 2454 553 per
2483 484 2637 538 unius
2689 483 3043 538 obedientiam
3074 481 3181 534 vita
3223 490 3469 548 regnaret

1943 589 2035 642 per
2063 575 2347 644 justitiam.
2373 572 2537 642 Igitur
2566 589 2668 626 non
2703 574 2818 626 sine
2845 570 3101 640 profunda
3119 578 3232 622 arte
3258 569 3464 622 dicendi

1943 665 2224 734 Apostolus
2256 664 2477 718 formam
2528 664 2725 718 Christi
2777 678 2897 717 esse
2925 662 3094 716 Adam
3127 660 3322 729 posuit,
3353 674 3469 726 qua:

1939 756 2010 810 sit
2040 769 2134 822 per
2157 769 2323 822 genus
2367 753 2586 818 similis,
2614 768 2710 820 per
2746 752 2981 820 speciem
3025 749 3319 804 contraria.
3370 747 3472 800 Per

1945 851 2112 905 genus
2142 853 2367 906 namque
2395 839 2578 892 similis
2606 850 2687 893 est
2709 839 2875 894 forma
2903 842 2956 894 in
2983 859 3044 897 eo
3069 846 3207 912 quod
3240 846 3377 900 sicut
3403 847 3468 901 ab

1945 937 2054 975 uno
2075 923 2238 977 Adam
2267 923 2321 976 in
2355 924 2534 992 plures
2572 925 2813 979 homines
2851 927 3183 994 diffunditur,
3219 931 3289 983 ita
3323 941 3375 985 et
3402 933 3469 986 ab

1946 1025 2050 1064 uno
2074 1011 2284 1066 Christo
2304 1012 2356 1064 in
2388 1013 2566 1081 plures
2589 1013 2826 1068 homines
2851 1016 3187 1072 diffundatur.
3221 1020 3319 1072 Per
3346 1036 3470 1089 spe-

1946 1097 2078 1150 ciem
2105 1110 2226 1150 vero
2267 1099 2556 1160 contraria,
2583 1101 2720 1166 quod
2747 1114 2809 1152 ex
2849 1101 3014 1154 Adam
3041 1105 3470 1171 praevaricatione

1945 1193 2112 1251 coepta
2134 1222 2148 1245 ,
2180 1202 2198 1233 ι
2242 1193 2543 1252 peccatores
2582 1186 2852 1240 constituti
2890 1197 3015 1241 sunt
3057 1190 3237 1255 multi;
3271 1210 3287 1239 ι
3314 1191 3470 1245 Chri-

1945 1266 2012 1318 sti
2040 1281 2166 1319 vero
2199 1284 2217 1316 ι
2251 1267 2547 1320 obedientia
2572 1267 2702 1336 justi
2737 1269 3127 1322 constituentur
3166 1272 3315 1324 multi
3345 1273 3410 1325 “.
3445 1290 3466 1324 ι

1946 1351 2077 1416 Quia
2105 1367 2230 1422 ergo
2255 1362 2514 1421 quatenus
2539 1352 2704 1407 forma
2729 1353 2924 1408 Christi
2963 1355 3119 1408 fuerit
3141 1357 3324 1418 Adam,
3358 1360 3471 1412 sive

1946 1438 2001 1490 in
2028 1437 2302 1500 similibus,
2330 1438 2440 1492 sive
2477 1438 2529 1491 in
2559 1439 2862 1502 contrariis,
2893 1440 3182 1493 secundum
3213 1442 3471 1496 rationem

1945 1521 2139 1589 eloquii
2165 1522 2330 1590 ipsius
2357 1523 2690 1590 explanatum
2732 1531 2831 1585 est,
2871 1539 3013 1576 nunc
3040 1523 3196 1576 etiam
3238 1525 3361 1591 quid
3392 1526 3474 1578 in-

1948 1608 2156 1660 terioris
2183 1623 2372 1663 sensus
2391 1607 2673 1676 Apostolus
2698 1609 2893 1662 indicet
2922 1610 2976 1661 in
3005 1609 3088 1662 bis
3114 1608 3245 1679 (99),
3277 1611 3360 1663 vel
3383 1626 3474 1679 po-

1874 1697 1915 1750 B
1946 1694 2050 1747 tius
2099 1703 2369 1764 contegat,
2408 1695 2695 1748 videamus.
2739 1695 2806 1748 Et
2847 1696 3086 1762 quamvis
3114 1696 3470 1763 periculosum

1943 1777 2185 1832 videatur
2210 1793 2270 1831 ea
2300 1794 2418 1847 qua:
2460 1779 2716 1832 occultius
2754 1779 2805 1831 in
2849 1779 3085 1848 Apostoli
3132 1780 3343 1849 scriptis
3374 1798 3475 1850 po-

1944 1865 2044 1917 sita
2073 1873 2198 1918 sunt
2227 1867 2543 1934 patefacere,
2568 1874 2763 1930 tamen,
2801 1881 2902 1934 qua
2939 1881 3004 1920 ex
3035 1877 3182 1935 parte
3225 1868 3476 1935 possibile

1944 1961 2044 2014 est,
2085 1953 2276 2006 indicia
2305 1953 2542 2021 quaedam
2583 1967 2649 2005 ex
2689 1952 2772 2005 bis
2816 1951 3006 2005 divinae
3045 1951 3292 2004 bonitatis
3325 1952 3476 2004 colli-

1943 2051 2066 2104 gere
2102 2052 2209 2089 non
2241 2045 2370 2104 puto
2393 2035 2678 2090 absurdum
2717 2035 2901 2088 videri.
2933 2035 3211 2102 Proposuit
3243 2034 3475 2102 Aposto-

1942 2121 2024 2174 lus
2049 2121 2329 2174 ostendere
2355 2121 2480 2188 quid
2504 2121 2734 2173 humano
2757 2119 2934 2189 generi
2957 2120 3190 2173 intulerit
3222 2140 3239 2170 ι
3273 2120 3476 2188 primus

1945 2205 2131 2268 Adam,
2167 2223 2184 2254 ι
2213 2205 2300 2272 qui
2329 2222 2348 2254 ι
2385 2205 2554 2256 factus
2591 2213 2673 2257 est
2714 2204 2767 2256 in
2795 2205 3022 2257 animam
3052 2205 3257 2268 vivam;
3295 2223 3312 2254 ι
3345 2204 3474 2272 quid

1943 2287 2102 2340 etiam
2135 2305 2152 2336 ι
2190 2286 2454 2339 secundus
2495 2283 2688 2348 Adam,
2728 2303 2747 2334 ι
2773 2285 2862 2352 qui
2892 2295 2972 2338 est
3004 2305 3020 2335 ι
3051 2285 3103 2337 in
3129 2285 3369 2353 spiritum
3392 2284 3474 2336 vi-

1943 2372 2245 2425 vificantem
2271 2371 2336 2423 ²¹.
2366 2388 2384 2419 ι
2415 2370 2490 2422 Ex
2520 2369 2676 2432 illius,
2701 2369 2890 2438 inquit,
2914 2369 3340 2438 praevaricatione
3363 2383 3479 2436 pec-

1945 2467 2120 2512 catum
2149 2456 2422 2525 apparuit,
2451 2464 2503 2509 et
2531 2470 2626 2524 per
2657 2465 2929 2524 peccatum
2959 2471 3102 2509 mors
3130 2455 3364 2523 ingressa
3396 2461 3479 2507 est

1946 2538 2001 2596 i'n
2032 2559 2217 2598 omnes
2246 2543 2488 2595 homines
2514 2542 2558 2572 ”
2583 2559 2596 2593 :
2618 2541 2743 2600 imo,
2773 2551 2830 2594 ut
2849 2555 3117 2594 servemus
3138 2540 3284 2592 Pauli
3313 2539 3476 2591 Litte-

1946 2625 2019 2678 ris
2059 2621 2474 2676 moderationem
2531 2635 2684 2676 suam
2710 2635 2867 2690 quam
2899 2622 2951 2676 in
2980 2623 3226 2691 praesenti
3261 2623 3377 2677 loco
3402 2632 3483 2678 te-

1945 2713 2080 2774 nuit,
2117 2714 2169 2766 in
2215 2712 2410 2766 multos
2449 2713 2692 2767 homines
2747 2728 2890 2766 mors
2943 2715 3254 2782 pertransiit
3281 2714 3349 2767 ".
3378 2715 3482 2767 Per

1944 2801 2294 2856 obedientiam
2329 2817 2455 2856 vero
2485 2801 2682 2856 Christi
2715 2801 3056 2869 jnstilicatio,
3091 2814 3145 2856 et
3175 2803 3480 2871 perjustifi-

1947 2889 2209 2943 cationem
2251 2890 2360 2943 vita
2404 2889 2569 2942 multo
2595 2891 2764 2958 magis
2795 2891 2845 2941 in
2876 2890 3052 2954 plures
3084 2891 3371 2944 abundavit
3411 2893 3477 2945 ".

297 2989 412 3039 turi
441 3027 457 3050 ,
495 3004 514 3036 ι
556 2986 746 3038 videns
780 2984 976 3052 requiri
1027 2997 1182 3050 posse
1225 2983 1334 3052 (96)
1367 3024 1381 3046 ,
1435 2985 1555 3051 quia
1604 2983 1648 3036 si
1681 2986 1844 3038 Adam
1874 3004 1916 3060 ε
1949 2977 2012 3031 Et
2030 2977 2312 3031 ostendere
2343 2977 2455 3029 vult
2481 2978 2618 3045 quod
2663 2977 2829 3031 multo
2864 2979 2933 3030 sit
2958 2975 3147 3031 fartior
3174 2980 3278 3032 vita
3323 2997 3480 3047 quam

297 3077 482 3130 forma
543 3073 745 3127 Christi
785 3082 888 3138 est,
942 3086 1072 3138 ergo
1103 3079 1156 3124 et
1184 3070 1235 3123 in
1259 3086 1323 3124 eo
1357 3086 1464 3139 quo
1490 3071 1728 3139 peccavit
1757 3087 1851 3126 ne-

297 3181 465 3221 cesse
490 3175 574 3219 est
604 3173 662 3217 ut
684 3163 908 3217 formam
940 3162 1138 3216 Christi
1172 3162 1438 3228 habuerit,
1469 3173 1524 3216 et
1572 3162 1626 3216 in
1655 3176 1721 3217 eo
1748 3178 1854 3232 quo

297 3256 556 3324 regnavit
585 3269 729 3307 mors
759 3253 824 3306 ab
849 3252 1016 3305 Adam
1045 3266 1210 3318 usque
1239 3251 1303 3304 ad
1325 3250 1543 3320 Moysen
1572 3270 1586 3306 :
1622 3253 1724 3307 hoc
1760 3269 1854 3306 au-

299 3357 414 3401 tem
450 3344 520 3398 de
561 3343 780 3396 Christo
820 3341 1022 3394 sentire
1043 3338 1323 3392 videbatur
1347 3339 1656 3404 absurdum,
1680 3342 1851 3396 conti-

298 3452 420 3492 nuo
453 3433 730 3501 subiungit
765 3448 780 3486 :
813 3448 831 3480 ι
869 3430 973 3484 Sed
1001 3443 1105 3482 non
1136 3431 1274 3483 sicut
1297 3429 1567 3495 delictum,
1591 3431 1661 3485 ita
1685 3441 1740 3486 et
1761 3433 1856 3486 do-

297 3543 487 3582 num:
530 3544 549 3575 ι
577 3534 631 3577 ει
675 3522 862 3590 incipit
889 3535 954 3574 ex
999 3520 1099 3574 hoc
1146 3533 1390 3574 sermone
1441 3521 1601 3574 veluti
1656 3529 1854 3575 semet-

312 3616 503 3683 ipsum
531 3612 822 3681 explanare
866 3608 1129 3677 quomodo
1156 3608 1378 3662 formam
1409 3609 1608 3663 Christi
1660 3609 1857 3664 dixerit

299 3719 433 3759 esse
456 3703 651 3755 Adam.
683 3719 702 3750 ι
738 3701 793 3754 Si
813 3702 976 3765 enim,
1007 3719 1026 3752 ι
1055 3700 1247 3768 inquit,
1275 3716 1294 3748 ι
1321 3700 1478 3752 ιιιιίιιε
1494 3699 1685 3753 delicto
1706 3701 1853 3754 multi

301 3795 512 3850 mortui
547 3801 694 3856 sunt,
730 3809 751 3843 ι
808 3791 859 3844 in
908 3791 1078 3843 Adam
1136 3790 1398 3852 videlicet,
1440 3806 1459 3840 ι
1492 3790 1656 3843 multo
1691 3791 1856 3858 magis

299 3886 490 3955 gratia
532 3883 622 3936 Dei
659 3892 713 3935 et
739 3881 934 3933 donum
971 3881 1021 3933 in
1057 3880 1225 3949 gratia
1272 3881 1426 3934 unius
1474 3882 1699 3934 hominis
1728 3879 1854 3934 Jesu

300 3975 514 4030 Christi
538 3975 590 4025 in
620 3973 799 4041 plures
823 3971 1146 4024 abundavit:
1175 3989 1192 4021 ι
1229 3971 1279 4024 id
1303 3979 1404 4033 est,
1439 3971 1481 4025 si
1521 3971 1570 4023 in
1604 3985 1709 4022 uno
1735 3985 1856 4038 pec-

300 4079 470 4120 cante
499 4065 678 4117 locum
736 4076 879 4114 mors
917 4060 1190 4113 inveniens
1245 4061 1295 4112 in
1348 4059 1526 4128 plures
1555 4061 1724 4127 potuit
1752 4058 1857 4112 dif-

300 4157 464 4210 fundi
501 4153 636 4223 (97),
675 4151 838 4204 multo
868 4150 1036 4217 magis
1069 4150 1241 4218 gratia
1278 4150 1390 4214 Dei,
1420 4164 1540 4217 qua:
1572 4150 1621 4202 in
1645 4149 1857 4204 Christo

301 4246 592 4316 copiosius
623 4251 679 4294 et
707 4241 864 4293 latius
891 4238 1179 4292 abundavit
1211 4251 1365 4304 quam
1393 4249 1538 4290 mors
1563 4236 1616 4289 in
1642 4238 1806 4291 Adam
1829 4277 1846 4307 ,

1953 3083 2115 3133 mors,
2143 3078 2196 3122 et
2218 3067 2419 3136 iustitia
2453 3083 2612 3136 quam
2647 3077 2920 3133 peccatum
2956 3086 2969 3121 :
2999 3077 3054 3120 et
3102 3084 3195 3136 per
3216 3070 3316 3123 hoc
3362 3075 3482 3124 edo-

1950 3173 2072 3210 εει-ε
2093 3159 2215 3226 quia
2248 3157 2291 3210 si
2336 3157 2406 3210 ita
2454 3166 2726 3225 peccatum
2762 3165 2817 3210 et
2871 3171 3015 3210 mors
3045 3157 3120 3226 (1)
3155 3173 3375 3226 regnare
3424 3161 3480 3212 in

1951 3248 2191 3301 omnibus
2215 3248 2402 3315 potuit,
2443 3245 2706 3313 accipiens
2735 3258 2800 3298 ex
2839 3243 2996 3298 unius
3022 3245 3256 3300 hominis
3297 3247 3483 3302 inobe-

1952 3336 2152 3388 dientia
2187 3335 2636 3403 initium,quanto
2666 3335 2931 3403 potentius
2958 3344 3012 3388 et
3042 3336 3254 3403 dignius
3286 3352 3380 3404 per
3404 3336 3486 3406 ju-

1951 3427 2148 3481 stitiam
2178 3428 2283 3479 vita
2321 3426 2595 3494 regnabit,
2645 3425 2853 3478 initium
2895 3425 3169 3492 accipiens
3198 3441 3290 3495 per
3321 3429 3480 3482 unius

1954 3515 2107 3586 553
2139 3516 2490 3570 obedientiam
2521 3515 2596 3585 (2)
2623 3515 2855 3578 Christi;
2883 3515 3101 3581 Christi,
3128 3517 3368 3584 inquam,
3391 3517 3485 3585 qui

1952 3607 2018 3659 ad
2047 3606 2148 3660 hoc
2180 3621 2312 3675 opus
2350 3621 2451 3660 non
2485 3605 2804 3660 conditionis
2846 3608 3162 3662 necessitate
3183 3646 3198 3672 ,
3247 3607 3340 3660 sed
3371 3607 3486 3661 sola

1954 3695 2295 3747 miseratione
2326 3703 2594 3762 permotus
2643 3696 2890 3752 accessit.
2935 3714 2957 3747 ι
2995 3695 3048 3748 ln
3083 3697 3252 3748 forma
3284 3714 3303 3747 ι
3341 3696 3484 3749 enim

1960 3806 1978 3838 ι
2011 3787 2100 3840 Dei
2137 3804 2156 3837 ι
2191 3793 2340 3850 erat,
2366 3795 2418 3837 et
2445 3785 2628 3838 videns
2657 3784 2814 3839 unius
2855 3785 3085 3840 hominis
3110 3786 3305 3839 delicto
3338 3800 3483 3838 mor-

1959 3887 2058 3928 tem
2094 3888 2317 3943 reguare
2346 3888 2440 3943 per
2473 3874 2694 3942 populos
2718 3913 2732 3939 ,
2781 3884 3040 3928 creatura:
3088 3890 3196 3928 sua:
3223 3890 3324 3927 non
3351 3875 3487 3929 obli-

1955 3961 2212 4027 viscitur,
2270 3979 2290 4012 ι
2324 3976 2424 4016 ιιεε
2474 3963 2711 4029 rapinam
2765 3962 2908 4015 ducit
2957 3976 3073 4015 esse
3123 3979 3181 4016 se
3226 3963 3485 4031 aequalem

1958 4049 2064 4104 Deo
2089 4051 2134 4082 "
2163 4067 2177 4102 :
2217 4068 2236 4101 ι
2264 4050 2364 4104 hoc
2391 4059 2471 4104 est
2492 4090 2507 4114 ,
2557 4066 2660 4103 non
2694 4051 2792 4103 slbi
2827 4051 3001 4120 magni
3030 4051 3226 4119 aliquid
3270 4053 3488 4119 deputat

1957 4140 2094 4210 quod
2121 4141 2234 4208 ipse
2275 4140 2490 4207 quidem
2517 4139 2736 4208 aaqualis
2763 4140 2871 4194 Deo
2901 4149 2955 4194 et
2994 4135 3156 4195 unum
3182 4156 3301 4195 cum
3331 4141 3488 4196 Patre

1957 4238 2058 4293 est,
2091 4243 2224 4298 opus
2270 4243 2398 4282 vero
2422 4245 2573 4282 suum
2619 4231 2923 4298 depascitur
2955 4245 3097 4284 mors
3130 4232 3283 4284 unius
3312 4231 3486 4284 homi-

302 4306 575 4403 inplores
617 4328 1045 4392 diﬂunditur;et
1077 4327 1128 4379 in
1176 4334 1375 4378 tantum
1405 4341 1506 4378 non
1557 4336 1639 4380 est
1668 4330 1850 4380 eadem

1954 4319 2036 4372 nis
2087 4319 2323 4383 ingressa
2374 4318 2591 4374 delicto.
2659 4338 2676 4370 ι
2725 4318 3030 4373 Exinanivit
3076 4338 3095 4371 ›
3144 4321 3302 4388 igitur
3349 4339 3367 4370 ι
3402 4335 3488 4375 se-

301 4426 556 4482 conditio
590 4421 799 4484 delicti,
844 4433 963 4487 quze
989 4426 1043 4472 et
1068 4417 1212 4482 doni,
1243 4426 1300 4469 ut
1332 4433 1450 4470 cum
1471 4417 1728 4485 judicium
1757 4419 1854 4474 ha-

302 4521 488 4573 bitum
519 4515 590 4568 sit
641 4513 708 4565 de
753 4510 921 4563 Adam
947 4549 961 4573 ,
998 4523 1062 4560 ex
1115 4522 1218 4560 uno
1248 4507 1359 4574 ipso
1385 4505 1494 4574 (98)
1522 4505 1858 4573 delinquente

301 4600 702 4658 condemnatio
725 4597 776 4649 in
799 4610 982 4649 omnes
1010 4594 1249 4646 homines
1284 4593 1523 4654 venerit;
1556 4595 1858 4646 econtrario

307 4707 448 4747 vero
482 4703 580 4758 per
606 4687 884 4742 Christum
910 4699 973 4736 ex
1003 4682 1186 4735 multis
1214 4680 1444 4739 delictis,
1479 4680 1669 4745 quibus
1701 4695 1860 4734 ontne

303 4798 487 4852 genus
516 4777 798 4833 hominum
851 4773 1163 4835 tenebatur,
1203 4767 1513 4836 jnstificatio
1543 4767 1667 4820 data
1708 4769 1776 4822 sit
1804 4771 1856 4823 in

383 4915 575 4969 "153i.
612 4928 662 4970 ι,
691 4911 776 4965 11,
854 4909 894 4939 ι’
925 4907 1108 4960 Matth.
1136 4919 1280 4958 xxvn.
1300 4900 1393 4970 29.,
1420 4967 1431 4970 _
1463 4900 1504 4929 “
1520 4899 1654 4970 Osce
1685 4918 1756 4964 Ix,
1778 4903 1831 4956 5.

291 4987 336 5017 η
379 4967 618 5046 πίων,
650 4967 737 5033 ιι.
805 4972 1208 5046 ιοίυίιιηιεάδ.
1250 4972 1292 5001 ιο
1323 4967 1455 5021 una.
1512 4969 1596 5020 49.

289 5057 338 5087 "
392 5041 707 5120 Philipfn,
757 5049 810 5102 6.
908 5045 953 5076 "
983 5044 1109 5097 ibid.
1140 5041 1189 5095 7.

383 5167 498 5235 (94)
533 5165 703 5235 Alias,
734 5180 751 5235 ς
783 5160 931 5213 dicit.
962 5174 1050 5235 »η
1248 5219 1280 5235 r_

385 5223 500 5307 (95)
547 5234 674 5285 Mss.
689 5223 898 5299 plures,
939 5243 958 5277 ι
997 5223 1060 5277 Ει
1109 5236 1205 5275 non
1239 5223 1376 5272 sicut
1407 5229 1498 5283 per
1527 5233 1697 5269 unum
1727 5234 1856 5286 pec-

310 5319 558 5363 cantem,
600 5319 617 5351 ι
646 5309 751 5352 etc.

320 5357 502 5440 'w(796)
529 5357 688 5440 Editi,
723 5383 742 5416 ι
769 5363 888 5440 quia
921 5357 1107 5440 requiri
1130 5361 1332 5440 posset;
1363 5369 1382 5440 ι

388 5427 504 5508 (97)
536 5427 696 5498 Εάἰιῖ,
731 5451 746 5484 ι
773 5427 1067 5508 abundabit,
1093 5427 1800 5508 idest,Ast-Iinoﬂpeeeante.
1829 5445 1848 5476 ι

314 5489 602 5570 natiue?
631 5489 747 5572 «idae
772 5500 823 5552 ίυ
849 5495 1061 5572 ειιτίεεο.
1102 5500 1209 5566 εειν
1237 5489 1546 5572 satiesue.
1570 5497 1652 5572 ει.
1684 5490 1854 5572 Ws

317 5549 966 5646 {,'.'.‘&3Li},'ijiﬁiiimors
990 5560 1139 5623 Adam
1159 5559 1205 5610 in
1232 5549 1422 5622 plures
1447 5556 1847 5622 diffundatur.)

1696 4971 1738 5002 "
1773 4971 1941 5031 lCor.
1976 4990 2062 5037 xv,
2089 4975 2178 5026 45.

1951 4407 2119 4474 ipsum
2163 4425 2182 4458 ι
2232 4407 2298 4460 de
2343 4407 2642 4474 aequalitate
2685 4417 2739 4461 et
2782 4409 2953 4461 forma
2985 4409 3099 4472 Dei,
3144 4420 3197 4462 et
3232 4427 3250 4458 ι
3283 4408 3423 4462 servi
3459 4425 3481 4460 ι

1952 4494 2182 4560 suscepit
2214 4510 2232 4547 ι
2263 4493 2484 4548 fortnam
2515 4494 2560 4525 ’°
2585 4533 2601 4556 ,
2634 4512 2654 4546 ι
2704 4503 2760 4548 et
2789 4494 2848 4548 fit
2878 4497 3053 4560 homo,
3088 4497 3154 4548 ad
3187 4511 3341 4562 quem
3372 4505 3488 4549 ten-

1953 4589 2168 4640 tandum
2199 4588 2417 4641 auderet
2456 4587 2671 4655 quidem
2701 4587 2886 4638 venire
2913 4586 2999 4640 ille
3025 4590 3114 4654 qui
3143 4589 3396 4654 regnabat
3424 4587 3477 4638 in

1951 4677 2220 4740 omnibus,
2269 4677 2362 4730 sed
2405 4677 2603 4734 intrare
2646 4691 2749 4727 non
2794 4684 2990 4742 posset.
3049 4673 3271 4726 Mortem
3303 4683 3481 4725 tamen

1953 4770 2107 4824 istam
2141 4782 2472 4822 communem
2499 4767 2751 4834 suscepit,
2789 4779 2906 4816 cum
2936 4764 3078 4815 illam
3111 4762 3335 4829 peccati,
3370 4776 3486 4826 qua:

2473 4900 2517 4930 ¹⁶
2551 4900 2699 4951 Deut.
2743 4911 2912 4958 xxx",
2936 4895 2989 4949 7.
3063 4895 3105 4926 ¹⁷
3138 4893 3298 4946 Hebr.
3329 4909 3398 4959 IV,
3430 4897 3482 4948 9.

2777 4965 2822 5005 ’~’
2852 4965 2982 5022 ibid.
3040 4965 3129 5025 ιδ.
3170 4961 3215 4992 ³⁸
3241 4963 3367 5015 ibid.
3404 4965 3483 5018 l9.

1906 4905 1948 4936 ¹⁸
1972 4903 2108 4958 Psal.
2135 4918 2311 4958 Lxxw.
2345 4900 2397 4955 6.
2473 4900 2517 4930 ¹⁶
2551 4900 2653 4951 Deu

1906 4989 1941 5022 π-
1976 4990 2062 5022 xv.
2089 4975 2178 5022 45.
2268 4974 2312 5003 "
2333 4969 2483 5022 Rom.
2515 4985 2566 5022 v.
2595 4968 2660 5018 i2

2045 5155 2131 5224 98)
2161 5154 2325 5224 ﬁlias,
2352 5169 2372 5200 ι
2403 5161 2456 5203 ει
2490 5165 2552 5201 ex
2587 5162 2691 5224 uno
2713 5147 2845 5210 ipso.
2883 5162 2902 5194 ι
3019 5209 3039 5224 Ρ
3078 5209 3090 5224 Ι
3278 5209 3290 5220 .

2045 5156 2131 5224 98)
2161 5156 2325 5217 Alias,
2352 5169 2372 5200 ι
2403 5161 2456 5203 ει
2490 5165 2552 5201 ex
2587 5162 2691 5199 uno
2714 5156 2845 5210 ipso.
2883 5162 2902 5194 ι
3278 5209 3290 5220 .

2023 5156 2135 5294 (99)
2160 5222 2297 5294 βιηιί
2326 5229 2378 5294 e_t
2399 5231 2527 5270 mss.
2555 5216 2788 5294 quidam,
2815 5231 2846 5294 Δ(
2869 5209 3315 5294 δια-[εινειιιιιμ
3343 5227 3360 5258 ι
3389 5211 3488 5294 aL,

1960 5309 1980 5342 α
2015 5279 2179 5360 quid]
2212 5291 2431 5360 interior
2451 5279 2639 5360 sensus
2667 5280 2904 5360 Apostoli
2923 5279 3119 5360 indicet
3144 5279 3195 5327 in
3225 5279 3358 5360 his,»
3380 5293 3489 5336 etc.

2023 5361 2099 5430 (1)
2131 5355 2296 5430 filias,
2328 5373 2346 5404 ι
2373 5355 2526 5430 simila
2558 5365 2652 5430 per
2673 5357 2948 5430 peccatum
2978 5358 3203 5430 morti-3,3
3241 5355 3346 5430 etc:

2025 5362 2069 5430 (1
2131 5361 2296 5420 Alias,
2328 5373 2346 5404 ι
2373 5361 2415 5408 si
2455 5361 2526 5406 ita
2558 5365 2652 5417 per
2673 5361 2948 5428 peccatum
2978 5361 3142 5426 mors,
3183 5361 3203 5394 ι
3241 5361 3346 5398 etc.

2025 5361 2099 5498 (2;
2139 5427 2322 5498 Editi_,_
2353 5441 2371 5472 ι
2405 5420 2636 5498 Christi;
2671 5416 2954 5498 Christus,
2989 5413 3349 5498 inquan‘lltgadg
3391 5413 3497 5470 hoc

1955 5479 2106 5568 opus,
2131 5479 2402 5550 aetc.lliss.
2439 5479 2652 5558 quidam
2679 5483 2842 5538 semel
2874 5479 3074 5540 habent
3105 5498 3126 5536 ι
3155 5479 3377 5535 Christi.
3398 5499 3418 5524 ι
