3894 6284
318 319 452 368 10ὶῦ

1717 304 2025 360 ORIGENIS

3484 285 3512 336 1
3523 283 3641 337 οει

321 430 568 496 regnabat
599 428 649 477 in
675 421 917 473 omnibus
938 459 951 479 ,
983 434 1084 471 non
1113 416 1374 483 receperit
1401 434 1415 470 :
1447 425 1501 470 ut
1528 419 1664 471 sicut
1693 437 1711 469 ι
1751 434 1844 488 per
1872 424 1916 476 A
1945 415 2150 471 caeteris
2174 428 2332 468 causa
2368 411 2584 495 exstitit
2612 406 2851 468 mortis,
2887 401 3184 496 Christus
3220 397 3542 496 revocavit.
3563 399 3637 448 ad

321 516 582 570 hominem
612 525 774 571 mors,
808 510 876 560 ita
924 517 977 562 et
1026 523 1118 575 per
1161 506 1429 560 hominem
1467 526 1486 558 ι
1520 508 1666 561 fieret
1705 527 1722 558 ι
1758 524 1841 561 re-

321 602 578 655 surrectio
613 608 935 650 mortuorum
963 597 1006 626 ’⁷
1040 614 1052 648 :
1091 614 1108 645 ι
1157 605 1209 648 et
1234 596 1369 648 sicut
1417 614 1435 647 ι
1471 598 1628 650 unius
1651 596 1841 649 delicto

321 691 469 743 multi
497 690 685 740 mortui
718 697 864 748 sunt,
885 685 1047 738 multo
1078 685 1246 751 magis
1268 685 1434 752 gratia
1454 685 1544 738 Dei
1570 696 1623 739 et
1650 687 1840 738 donum

323 782 374 833 in
416 779 586 847 gratia
635 778 790 829 unius
841 777 1070 829 hominis
1121 775 1242 828 Jesu
1287 778 1484 831 Christi
1531 779 1581 831 in
1606 777 1786 846 plures
1817 796 1836 828 ι

321 869 610 921 abundaret
639 868 702 918 ’⁸.
747 866 855 917 Νοιι
891 875 1068 918 autem
1101 866 1300 932 absque
1327 867 1585 932 profunda
1631 869 1839 935 sapien-

325 958 415 1017 tia,
440 970 597 1020 quam
641 953 832 1006 Paulus
876 954 1016 1004 inter
1061 953 1323 1020 perfectos
1362 953 1502 1020 loqui
1533 967 1589 1005 se
1617 953 1746 1005 dicit
1778 953 1841 1015 ‘9,

322 1043 375 1095 in
409 1044 506 1095 hoc
540 1043 655 1096 loco
681 1057 953 1095 sermones
984 1057 1105 1094 suos
1147 1043 1454 1096 moderatus
1487 1052 1599 1105 est,
1633 1052 1685 1096 et
1713 1058 1846 1110 quos

322 1129 444 1182 alibi
477 1148 494 1180 ι
534 1145 718 1184 omnes
755 1149 772 1180 ι
821 1131 1066 1192 dixerat,
1101 1130 1188 1182 hic
1224 1149 1245 1180 ι
1277 1132 1469 1185 multos
1497 1149 1516 1183 ι
1558 1131 1635 1186 vel
1682 1148 1703 1181 ι
1732 1131 1846 1198 pln-

322 1234 408 1272 res
465 1237 482 1269 ι
535 1220 857 1285 appellavit,
919 1219 1005 1271 ubi
1075 1223 1518 1285 comparationem
1572 1221 1746 1273 diﬂ‘usi
1795 1222 1845 1273 in

320 1322 505 1361 omnes
532 1308 772 1359 homines
805 1310 1003 1374 peccati
1033 1319 1084 1360 et
1115 1309 1299 1360 mortis
1328 1312 1392 1362 ab
1417 1310 1582 1361 Adam
1617 1310 1760 1367 facit,
1795 1316 1850 1361 et

319 1395 718 1464 iustiticationis
762 1410 824 1448 ac
865 1395 986 1447 vita:
1011 1411 1038 1447 a
1063 1397 1308 1458 Christo;
1356 1411 1423 1448 ne
1454 1395 1588 1448 forte
1619 1397 1660 1447 si
1691 1397 1849 1451 abso-

321 1487 429 1539 lute
453 1487 820 1554 pronuntiaret
850 1489 972 1554 quia
1002 1488 1112 1554 pari
1142 1488 1346 1541 ratione
1375 1495 1530 1554 atque
1555 1487 1735 1541 eodem
1765 1505 1850 1541 or-

323 1576 448 1626 dine
476 1589 581 1640 quo
613 1576 682 1626 ab
713 1573 878 1626 Adam
915 1575 965 1626 in
994 1589 1175 1627 omnes
1210 1578 1451 1628 homines
1494 1590 1635 1628 mors
1666 1574 1850 1629 diliusa

326 1665 526 1730 peccati
560 1671 660 1725 est,
700 1664 861 1715 etiam
900 1663 1211 1731 justifieatio
1243 1675 1296 1716 et
1328 1665 1453 1725 vita,
1487 1679 1604 1732 quae
1630 1679 1658 1716 a
1695 1666 1851 1718 Chri-

1938 511 2100 562 vitam
2149 525 2162 562 :
2207 516 2267 560 ut
2293 519 2480 558 verum
2509 490 2583 555 sit
2613 498 2757 553 illud
2816 495 2987 565 quod
3025 508 3086 544 in
3119 485 3640 558 consequentibus

1939 597 2123 650 scribit
2171 593 2459 662 Apostolus
2492 591 2540 622 ³³
2565 629 2580 650 ,
2618 587 2756 656 quia
2806 603 2827 634 ι
2869 584 3034 636 sicut
3065 595 3178 648 per
3207 581 3379 632 unius
3433 573 3638 628 homi-

1940 687 2022 738 nis
2051 685 2299 736 delictum
2356 683 2411 733 in
2457 673 3027 732 condemnationem
3078 671 3276 723 mortis
3311 671 3378 722 in
3418 675 3638 718 omnes

1941 775 2183 828 homines
2207 811 2224 835 ,
2259 773 2330 823 ita
2361 778 2416 823 et
2445 783 2544 834 per
2573 767 2745 818 unius
2783 763 3055 830 gratiam
3098 760 3158 810 in
3191 770 3398 810 omnes
3441 751 3638 805 homi-

1942 877 2036 915 nes
2067 858 2591 928 injustiﬁcationem
2639 857 2777 908 vitae
2812 854 2926 922 (6).
2972 868 2993 901 ι
3045 849 3245 902 "omo
3280 852 3502 898 autem
3549 847 3640 892 est

1941 955 2097 1007 etiam
2128 952 2292 1004 Adam
2325 966 2339 1002 :
2371 964 2502 1018 ergo
2533 957 2591 1001 et
2613 949 2669 999 in
2694 949 2889 1013 ipsum
2917 939 3280 1009 justifieatio
3310 935 3468 985 vita:
3502 945 3642 1000 per-

1942 1043 2141 1095 veniet.
2180 1040 2284 1095 Sed
2321 1040 2466 1092 dices
2497 1037 2744 1091 fortasse
2777 1053 2792 1087 :
2837 1034 2902 1086 Si
2947 1046 3080 1085 uno
3127 1035 3435 1098 peccante
3487 1036 3649 1074 mors

1943 1132 1995 1184 in
2022 1144 2206 1183 omnes
2237 1128 2484 1181 homines
2509 1123 2962 1194 pertransiit,et
2995 1133 3234 1172 rursus
3266 1113 3457 1168 unius
3485 1108 3659 1177 justi-

1945 1219 2014 1272 tia
2051 1221 2102 1271 in
2136 1233 2322 1270 omnes
2345 1211 2976 1280 hominesjustificatio
3011 1208 3170 1260 vita:
3199 1202 3519 1274 pervenit,
3565 1215 3662 1251 ne-

1945 1323 2048 1375 que
2078 1317 2134 1360 ut
2163 1321 2496 1360 morerentur
2523 1301 2738 1370 aliquid
2773 1299 2948 1352 nobis
2983 1306 3256 1365 gestum
3292 1299 3393 1346 est
3420 1331 3438 1354 ,
3484 1304 3674 1354 neque

1948 1409 2006 1450 ut
2048 1396 2308 1454 vivamus,
2363 1399 2456 1446 sed
2489 1401 2575 1446 est
2605 1390 2814 1445 mortis
2863 1388 3127 1456 quidem
3200 1398 3408 1440 causa
3468 1381 3674 1445 Adam,

1946 1487 2069 1538 vitae
2110 1494 2289 1536 autem
2339 1482 2615 1536 Christus.
2684 1479 2963 1530 Diximus
3015 1474 3310 1542 quidem
3369 1471 3502 1540 iam
3539 1471 3681 1522 etin

1947 1574 2332 1641 Superioribus,
2359 1573 2504 1638 quod
2533 1578 2805 1637 parentes
2834 1582 2959 1620 non
2999 1565 3229 1620 solum
3272 1573 3588 1634 generant
3620 1562 3682 1616 fi-

1950 1664 2067 1725 lios,
2105 1663 2196 1715 sed
2226 1671 2279 1714 et
2311 1661 2597 1719 imbuunt;
2631 1667 2686 1710 et
2725 1657 2824 1722 qui
2865 1665 3271 1721 nascuntur,
3339 1668 3476 1708 non
3512 1652 3687 1708 solum

323 1759 406 1803 sto
429 1762 544 1813 est,
579 1751 628 1801 in
660 1765 844 1803 onmes
892 1752 1132 1803 homines
1165 1751 1515 1815 diffunditur,
1565 1753 1853 1806 resolveret
1881 1777 1922 1830 Β
1953 1753 2042 1806 lilii
2079 1751 2422 1820 parentibus,
2475 1749 2577 1801 sed
2626 1757 2684 1802 et
2718 1747 3007 1815 discipuli
3039 1746 3224 1799 fiunt
3247 1785 3269 1808 ,
3316 1755 3400 1798 et
3431 1760 3548 1798 non
3581 1754 3685 1800 tan

321 1841 588 1891 auditores
631 1838 740 1907 (3),
792 1847 843 1890 et
883 1838 1154 1906 segniores
1188 1840 1372 1891 fierent
1402 1855 1524 1906 erga
1566 1842 1851 1892 observan-

324 1931 474 1996 tiam,
506 1931 638 1983 certi
666 1931 730 1982 de
763 1930 1048 1982 securitate
1093 1929 1214 1981 vita:
1238 1945 1354 1998 qua:
1384 1930 1433 1982 in
1463 1945 1646 1984 omnes
1685 1931 1857 1983 homi-

327 2034 420 2072 nes
451 2033 544 2085 per
582 2019 775 2071 Christi
809 2018 1032 2084 gratiam
1065 2019 1379 2071 traderetur.
1439 2019 1504 2071 Et
1541 2018 1658 2072 ideo
1687 2019 1853 2086 repri-

327 2109 421 2160 mit
442 2106 517 2174 (4)
541 2119 860 2166 sermonem,
889 2115 943 2156 et
971 2119 1077 2158 non
1106 2121 1290 2159 omnes
1323 2107 1562 2161 homines
1592 2107 1747 2170 (sicut
1779 2122 1857 2160 so.

328 2199 400 2251 let
445 2199 498 2251 in
545 2197 778 2267 caeteris)
807 2199 973 2265 ponit,
1007 2199 1098 2250 sed
1128 2197 1340 2259 multos,
1371 2199 1456 2264 qui
1485 2197 1640 2251 unius
1668 2197 1858 2251 delicto

327 2295 632 2352 peccatores
665 2287 937 2337 constituti
971 2293 1094 2338 sunt
1127 2303 1138 2337 :
1173 2294 1225 2336 et
1253 2298 1462 2336 rursum
1492 2284 1540 2335 in
1570 2285 1734 2352 gratia
1769 2286 1858 2338 Dei

329 2377 521 2426 donum
569 2389 663 2442 per
709 2390 870 2427 unum
920 2375 1189 2428 hominem
1215 2374 1394 2428 Jesmn
1422 2375 1688 2429 Christum
1713 2415 1726 2438 ,
1756 2391 1856 2428 non

329 2466 382 2518 in
408 2481 616 2530 omnes,
655 2468 746 2520 sed
783 2468 835 2519 in
867 2467 1049 2534 plures
1090 2468 1283 2519 asserit
1313 2468 1582 2520 abundare
1615 2467 1636 2519 ‘:
1672 2482 1776 2535 quo
1807 2479 1860 2519 et

331 2553 740 2620 negligentiores
778 2564 916 2605 metu
962 2555 1250 2622 suspendat
1295 2570 1355 2608 ac
1397 2555 1653 2608 sollicitos
1683 2556 1860 2621 faciat,

331 2650 385 2692 et
413 2642 816 2708 perfectioribns
843 2643 1034 2695 divina:
1061 2645 1315 2696 bonitatis
1354 2653 1556 2697 secreta
1586 2660 1687 2698 non
1721 2645 1864 2699 clau-

331 2731 440 2783 dat.
478 2731 618 2784 Bene
646 2743 821 2784 autetn
844 2734 966 2800 quia
1003 2732 1182 2800 plures
1211 2723 1382 2800 posuit
1411 2733 1476 2785 ad
1507 2747 1644 2800 quos
1669 2736 1861 2788 donum

333 2823 514 2887 gratia:
539 2824 786 2891 pertinet,
813 2839 971 2892 quam
1011 2838 1103 2878 eos
1128 2826 1217 2894 qui
1260 2827 1413 2880 unius
1444 2828 1634 2880 delicto
1664 2829 1856 2881 consti-

334 2910 432 2962 tuti
467 2921 588 2964 sunt
636 2923 966 2979 peccatores.
1029 2914 1083 2966 In
1119 2931 1224 2983 quo
1257 2916 1489 2969 arbitror
1527 2919 1738 2984 quidem
1769 2917 1866 2970 ali-

337 2998 460 3063 quid
487 3007 540 3052 et
563 2999 772 3054 latentis
803 3017 919 3055 esse
955 3003 1194 3071 mysterii
1227 3023 1238 3056 :
1269 3006 1388 3070 quia
1416 3014 1469 3056 et
1497 3003 1624 3057 alibi
1651 3005 1693 3035 ³⁰
1719 3019 1862 3056 mor-

1952 1851 2140 1894 natura
2186 1847 2445 1906 urgentur
2497 1837 2550 1889 in
2601 1848 2851 1890 mortem
2911 1836 3202 1902 peccati,
3278 1849 3490 1903 quam
3528 1837 3687 1890 disci-

1953 1929 2112 1997 plina.
2151 1927 2308 1980 Verbi
2336 1940 2499 1980 causa
2533 1927 2611 1993 (7)
2640 1925 2823 1986 enim,
2862 1925 2913 1978 si
2957 1925 3110 1992 quis
3141 1940 3180 1976 a
3229 1925 3394 1980 Deo
3421 1926 3681 1980 recedens

1955 2021 2089 2072 idola
2127 2019 2298 2082 colat,
2336 2031 2514 2070 nonne
2542 2018 2822 2069 continuo
2855 2015 3055 2069 etiam
3095 2017 3280 2069 lilios
3311 2018 3382 2070 si
3427 2021 3678 2086 genuerit

1954 2110 2166 2162 docebit
2197 2109 2334 2161 idola
2361 2106 2439 2177 (8)
2475 2109 2760 2169 venerari,
2819 2120 2883 2160 et
2939 2105 3280 2161 sacriﬁcia
3323 2106 3555 2162 offerre
3576 2113 3675 2162 da:-

1954 2199 2186 2252 moniis?
2234 2197 2342 2250 Hoc
2391 2197 2696 2251 secundum
2731 2197 2928 2249 Adam
2966 2196 3176 2258 facit,
3225 2206 3297 2250 et
3347 2199 3415 2249 in
3453 2198 3559 2252 hoc
3589 2215 3670 2250 re-

1956 2298 2081 2357 gnat
2126 2304 2267 2342 mors
2311 2289 2382 2342 ab
2411 2289 2608 2349 Adam,
2650 2288 2760 2341 hoc
2807 2295 2907 2339 est
2985 2301 3024 2340 a
3072 2287 3462 2349 nativitate,
3504 2304 3667 2356 usque

1958 2379 2023 2430 ad
2057 2377 2186 2446 legis
2235 2387 2463 2443 tempus,
2508 2392 2620 2444 quo
2667 2377 2738 2430 ad
2775 2377 3255 2431 discretionem
3291 2381 3460 2431 recti
3494 2380 3662 2446 pravi-

1957 2481 2062 2535 que
2091 2465 2269 2534 aperis
2300 2465 2526 2517 veniens
2550 2503 2566 2528 ,
2599 2479 2782 2531 capax
2817 2465 3066 2518 Christi
3121 2467 3362 2535 gratiae
3400 2466 3541 2517 efﬁci
3571 2481 3659 2533 po-

1959 2565 2062 2611 test
2095 2575 2108 2608 :
2142 2565 2193 2610 et
2221 2555 2291 2608 ibi
2316 2555 2574 2621 relinquit
2599 2554 2785 2606 Adam
2821 2554 2932 2621 qui
2985 2569 3138 2608 eum
3173 2558 3276 2610 vel
3313 2556 3548 2626 genuit,
3581 2555 3656 2608 vel

1959 2647 2140 2701 docuit
2175 2647 2226 2698 in
2257 2655 2509 2709 mortem,
2545 2653 2602 2697 et
2640 2643 2918 2711 sequitur
2949 2643 3323 2709 Christum,
3400 2645 3498 2711 qui
3539 2657 3657 2696 eum

1959 2747 2012 2790 et
2039 2736 2220 2796 docet,
2267 2743 2320 2786 et
2349 2733 2522 2802 gignit
2557 2733 2621 2785 ad
2655 2733 2868 2785 vitam.
2913 2733 3034 2785 Vis
3075 2746 3300 2788 autem
3347 2733 3510 2786 scire
3538 2733 3654 2799 quia

1962 2839 2065 2878 non
2091 2822 2263 2877 solum
2293 2821 2596 2874 nativitatis
2617 2860 2634 2885 ,
2668 2821 2771 2874 sed
2833 2829 2900 2874 et
2939 2823 3268 2878 doctrina:
3301 2832 3444 2886 est,
3477 2823 3528 2874 in
3557 2836 3657 2888 quo

1962 2929 2104 2967 mors
2135 2911 2379 2978 regnavit
2422 2911 2491 2963 ab
2523 2910 2742 2963 Adam?
2799 2911 2991 2966 Disce
3033 2912 3163 2968 hoc
3198 2930 3282 2968 ex
3317 2913 3652 2969 contrariis.

1963 3002 2170 3056 Etenim
2206 3002 2464 3055 Dominus
2508 2998 2672 3053 Jesus
2723 2999 3022 3058 Christus
3058 3019 3211 3059 cum
3245 3004 3522 3060 venisset
3546 3017 3654 3069 qua:

336 3100 438 3141 tem
466 3089 592 3143 dicit
622 3104 870 3157 regnasse
904 3094 968 3145 ab
1000 3092 1166 3144 Adam
1201 3107 1366 3161 usque
1392 3095 1453 3146 ad
1486 3092 1723 3164 Moysen,
1759 3109 1862 3147 non
1891 3099 1930 3154 C
1966 3105 2244 3159 perperam
2271 3098 2421 3158 gesta
2459 3089 2684 3141 fuerant
2728 3090 3082 3146 emendare
3103 3130 3125 3156 ,
3167 3109 3283 3160 pro
3314 3106 3408 3147 eo
3437 3091 3574 3158 quod
3598 3089 3645 3140 iu

337 3180 389 3230 in
418 3194 624 3243 onmes,
653 3181 743 3234 sed
774 3181 826 3233 in
855 3197 946 3234 eos
977 3191 1202 3246 tantum,
1238 3185 1326 3252 qui
1364 3185 1650 3238 secundum
1676 3184 1864 3238 simili-

339 3271 574 3321 tudinem
612 3272 1066 3339 prazvaricationis
1105 3275 1230 3326 Adin
1259 3284 1629 3341 peccaverunt.
1665 3274 1862 3328 Tamen

336 3367 389 3408 et
439 3358 757 3423 simpliciore
791 3361 1059 3414 intellectu
1103 3374 1275 3430 petest
1321 3364 1483 3417 videri
1530 3366 1645 3417 ideo
1690 3365 1865 3431 plures

337 3447 527 3511 dictos,
559 3449 680 3515 quia
712 3451 951 3515 quamvis
984 3452 1070 3518 qui
1105 3468 1166 3504 ex
1195 3453 1360 3504 Adam
1404 3463 1710 3520 peccatores
1741 3453 1865 3505 facti

341 3544 462 3586 sunt
497 3535 643 3588 multi
675 3539 811 3599 sint,
846 3549 1018 3592 tamen
1053 3541 1141 3607 qui
1173 3554 1265 3604 per
1307 3542 1529 3606 gratiam
1563 3541 1756 3595 Christi
1790 3542 1869 3593 vi-

341 3621 624 3674 vificantur
649 3624 764 3676 ideo
793 3625 966 3691 plures
992 3628 1115 3679 dicti
1147 3637 1267 3680 sunt
1303 3628 1412 3696 (5),
1440 3629 1561 3696 quia
1587 3629 1746 3682 etiam
1783 3629 1869 3682 ille

343 3711 454 3777 ipse
500 3728 564 3764 ex
613 3727 717 3781 quo
763 3715 815 3767 in
864 3726 1085 3768 cmteros
1129 3733 1270 3769 mors
1300 3717 1502 3785 peccati
1547 3717 1734 3770 diffusa
1767 3726 1868 3781 est,

344 3801 556 3854 additur
605 3819 827 3858 numero
875 3820 1102 3869 eorum,
1141 3822 1203 3860 eo
1251 3807 1388 3874 quod
1439 3822 1557 3859 cum
1604 3809 1868 3870 omnibus,

345 3906 477 3958 quos
505 3892 615 3961 ipse
645 3894 841 3948 fecerat
871 3895 966 3948 sub
995 3895 1220 3962 delicto,
1276 3899 1436 3950 etiam
1474 3897 1584 3964 ipse
1611 3897 1867 3960 salvetur,

346 3983 483 4034 sicut
524 3983 587 4035 de
632 3983 905 4051 Sapientia
955 3985 1194 4038 dicitur:
1234 4003 1251 4035 ι
1285 3987 1425 4052 Haec,
1463 4006 1481 4038 ι
1519 3987 1706 4053 inquit,
1747 4002 1764 4034 ι
1806 3985 1870 4036 il-

349 4069 479 4134 lum,
508 4072 596 4139 qui
629 4073 829 4141 primus
859 4073 1025 4126 factus
1053 4083 1155 4136 est,
1177 4083 1380 4139 patrem
1407 4075 1607 4137 mundi,
1641 4088 1759 4126 cum
1789 4064 1874 4126 so;

348 4156 429 4211 lus
478 4169 619 4212 esset
663 4171 901 4226 creatus,
935 4163 1255 4223 custodivit,
1287 4171 1340 4215 et
1367 4161 1616 4214 liberavit
1657 4175 1776 4214 eum
1810 4161 1875 4214 de

350 4257 568 4312 peccato
595 4263 691 4302 suo
717 4249 780 4302 ³¹.
809 4269 829 4301 ι
861 4250 986 4314 Qua:
1011 4259 1090 4303 est
1119 4259 1295 4303 autem
1320 4251 1433 4302 haec
1461 4249 1728 4316 Sapientia
1760 4264 1875 4317 quze

352 4337 578 4400 primum
632 4338 893 4392 hominem
944 4340 1188 4392 liberavit
1232 4340 1298 4393 de
1341 4348 1556 4408 peccato
1600 4354 1728 4402 suo,
1773 4339 1874 4394 nisi

1967 3191 2188 3234 mortem
2217 3189 2499 3248 generaret
2524 3178 2614 3230 illa
2642 3192 2770 3245 quae
2804 3192 2882 3230 ex
2913 3180 3127 3234 Adam
3160 3181 3465 3237 veniebat
3485 3179 3644 3246 prima

1965 3272 2252 3330 nativitas,
2295 3268 2966 3346 introduxitsecundam
3007 3272 3419 3326 nativitatem
3446 3307 3462 3331 ,
3495 3283 3641 3335 quam

1967 3378 2069 3414 non
2109 3370 2211 3412 tam
2235 3359 2662 3428 generationem,
2692 3356 2877 3429 555,
2903 3375 3105 3428 quam
3147 3358 3647 3434 regenerationem

1965 3448 2244 3516 appellavit
2274 3447 2347 3515 (9)
2376 3485 2392 3509 ,
2443 3461 2541 3514 per
2575 3461 2747 3514 quant
2801 3448 2944 3502 sine
2975 3452 3177 3504 dubio
3217 3453 3454 3506 vitium
3485 3443 3653 3512 ρτὶιιιεε

1968 3539 2263 3591 nativitatis
2297 3535 2540 3588 aboleret
2570 3553 2583 3587 :
2618 3543 2677 3587 et
2702 3535 2861 3588 sicut
2897 3541 3305 3604 gener-auom
3380 3530 3658 3588 substituit

1969 3625 2455 3695 regenerationem,
2475 3626 2547 3676 ita
2583 3632 2639 3676 et
2661 3623 2962 3678 doctrinm
2983 3628 3124 3697 (10)
3146 3623 3494 3684 substituit
3517 3623 3659 3674 aliam

1968 3718 2286 3770 doctrinam.
2349 3714 2566 3767 Mittens
2606 3715 2821 3768 etenim
2862 3717 2944 3768 ad
2985 3717 3114 3774 hoc
3151 3735 3311 3790 opus
3345 3711 3664 3780 discipulos

1969 3820 2111 3869 suos,
2145 3820 2247 3857 non
2274 3805 2413 3856 dixit
2448 3813 2659 3857 tantum
2696 3821 2710 3857 :
2750 3804 2860 3870 lte,
2889 3807 3237 3874 baptizate
3279 3818 3521 3866 ornnes
3550 3817 3662 3871 gen-

1969 3906 2080 3962 tes;
2114 3898 2204 3949 sed
2235 3897 2308 3948 ait
2337 3915 2349 3949 :
2390 3915 2409 3946 ι
2440 3895 2516 3949 lte
2537 3935 2551 3956 ,
2582 3897 2780 3948 docete
2813 3913 3045 3955 omnes
3086 3913 3330 3972 gentes,
3381 3898 3672 3965 baptizan-

1972 3997 2050 4040 tes
2075 4001 2169 4040 eos
2198 3987 2247 4038 in
2281 3986 2498 4038 nomine
2531 3985 2716 4038 Patris
2739 4025 2756 4047 ,
2791 3997 2850 4040 et
2887 3988 3038 4044 Filii
3071 4033 3090 4054 ,
3125 4003 3193 4049 et
3227 3988 3531 4064 Spiritus
3559 3999 3676 4037 San-

1969 4076 2040 4128 cti
2072 4075 2137 4127 ³⁸.
2165 4093 2182 4126 ι
2224 4073 2415 4129 Sciens
2445 4075 2611 4141 igitur
2638 4085 2971 4146 utrumque
3004 4099 3150 4139 esse
3182 4087 3242 4139 in
3284 4104 3357 4141 cu
3381 4082 3524 4146 [ρει.
3557 4075 3678 4128 utri-

1971 4181 2072 4234 que
2125 4165 2418 4218 remedium
2469 4165 2626 4230 dedit
2661 4166 2826 4235 (H),
2895 4181 2964 4222 ut
3018 4177 3345 4238 generatio
3445 4164 3676 4221 mortalis

1972 4259 2382 4324 regeneratione
2435 4257 2696 4324 baptismi
2756 4269 3167 4329 mutaretur,
3229 4279 3294 4323 et
3347 4259 3678 4328 i-npietatis

1973 4345 2274 4400 doctrinam
2321 4345 2568 4398 doctrina
2618 4347 2860 4415 pietatis
2920 4354 3293 4411 excluderet
3326 4352 3516 4426 (.2).
3570 4349 3674 4402 Non

351 4422 610 4489 Christus,
638 4426 725 4492 qui
754 4437 834 4479 est
858 4428 945 4480 Dei
976 4429 1144 4480 virtus
1176 4436 1228 4481 et
1255 4430 1344 4482 Dei
1378 4430 1636 4497 sapientia
1666 4429 1754 4482 “?
1785 4429 1873 4482 Sic
1903 4422 1946 4476 Ι)
1973 4447 2102 4500 ergo
2131 4431 2262 4484 nihil
2288 4433 2645 4500 peccantibus
2693 4435 2863 4489 nobis
2901 4455 3080 4495 mors
3123 4422 3382 4512 reguavi
3427 4449 3444 4492 ι
3497 4441 3550 4492 in
3583 4455 3675 4492 ηο·

352 4527 478 4582 ergo
504 4514 681 4582 plures
710 4514 953 4569 Christus
983 4517 1184 4569 reducit
1209 4517 1273 4569 ad
1303 4518 1484 4580 vitam,
1517 4533 1673 4585 quam
1703 4519 1868 4571 Adam

353 4605 502 4656 duxit
548 4606 612 4658 ad
662 4614 883 4660 mortem
933 4624 948 4660 :
997 4609 1116 4676 quia
1164 4609 1321 4661 etiam
1372 4609 1540 4678 ipsum
1567 4609 1870 4678 Adam,qui

421 4743 462 4774 "
488 4743 507 4795 l
535 4743 658 4796 Cor.
679 4759 768 4806 xv,
799 4744 888 4797 21.
955 4746 1000 4778 ”
1024 4739 1178 4798 Rom.
1201 4760 1255 4811 ν,
1284 4747 1367 4800 15.

351 4825 402 4873 ν,
431 4812 516 4866 l8.
606 4812 650 4843 “
681 4811 865 4867 Matth.
901 4829 1087 4878 xxvm,
1114 4814 1200 4866 19.

424 4918 496 4988 (5)
531 4919 690 4982 Editi,
727 4939 746 4972 ι
786 4923 1173 4976 resolverentur
1200 4924 1487 4977 amlitores.
1525 4941 1543 4972 ι

425 4989 502 5058 (gi)
537 4989 698 5058 Editi,
730 5008 748 5040 ‹
784 4990 1060 5058 imprimit.
1095 5011 1113 5042 ι

429 5057 500 5118 (5)
539 5057 699 5118 Alias,
734 5075 754 5107 ι
788 5057 915 5110 dicti
940 5060 1064 5111 sint.
1106 5080 1124 5111 ι

428 5123 500 5190 (6)
541 5123 628 5176 Sic
677 5134 820 5177 recte
864 5141 965 5179 tns.
1023 5144 1176 5181 unus.
1239 5127 1374 5180 Editi
1422 5141 1547 5178 vero
1599 5134 1651 5174 ct
1707 5123 1880 5173 caueri

363 5205 513 5252 mss.,
552 5210 581 5264 c
602 5193 722 5264 quia
754 5193 956 5264 primus
981 5194 1098 5264 [al.,
1140 5215 1156 5246 ι
1188 5212 1279 5261 per
1309 5195 1464 5264 unius
1501 5193 1548 5264 ι]
1573 5193 1791 5264 gratiam
1830 5191 1881 5264 in

364 5272 545 5333 omnes
572 5257 810 5333 homines
846 5257 1223 5333 iustiﬁcattotie
1250 5266 1396 5325 vitai;
1437 5261 1456 5333 [
1492 5257 1614 5333 alii
1648 5261 1696 5311 in
1723 5257 1883 5333 justi-

370 5323 1298 5404 fieationemvitaa;{al.,«justiﬁeatio
1323 5323 1404 5386 est
1427 5323 1591 5401 vitae],
1629 5347 1648 5379 ι
1679 5327 1890 5379 omissis

369 5400 598 5442 caeteris.

377 5521 418 5570 si
446 5456 719 5574 flammam
752 5477 770 5508 ⁸
804 5476 957 5526 ⁶¹¹¹³¹¹¹
987 5465 1320 5534 disciPulatu.
1373 5466 1507 5520 Nam
1533 5465 1677 5520 verbi
1707 5475 1887 5525 causa,

428 5559 440 5580 ς
453 5559 470 5568 -
504 5559 598 5574 νιν.

445 5587 516 5654 (8)
543 5586 710 5638 ιιιυια.
741 5592 894 5646 Deest
922 5596 972 5649 in
1003 5607 1154 5652 antea
1183 5599 1358 5654 editis.

1441 4748 1485 4779 ²⁹
1510 4747 1530 4800 ι
1551 4748 1671 4801 Cor.
1703 4761 1763 4811 ιι,
1785 4746 1838 4798 6.
1901 4745 1944 4775 ³⁰
1976 4743 2127 4797 Rom.
2155 4757 2208 4807 ν,
2240 4741 2326 4793 Η.
2383 4741 2426 4772 ³¹
2455 4740 2586 4809 Sap.
2616 4759 2674 4808 x,
2709 4747 2760 4799 ι.

1973 4522 2095 4574 bis:
2125 4522 2266 4575 sicut
2291 4537 2504 4574 rursum
2539 4538 2645 4575 non
2679 4524 2890 4580 otiosis
2947 4533 3160 4598 nobis,
3205 4546 3260 4586 et
3296 4529 3482 4588 nillil
3517 4544 3672 4596 agen-

1976 4609 2117 4662 tibus
2165 4610 2268 4661 vita
2323 4611 2571 4678 regnabit
2614 4613 2669 4663 in
2720 4613 2916 4669 nobis.
2969 4619 3094 4673 Sed
3147 4623 3420 4677 initiun)
3455 4619 3664 4687 quidem

2844 4747 2896 4778 ³²
2923 4751 2942 4803 ι
2968 4754 3112 4806 Cor.
3148 4771 3188 4819 I,
3219 4757 3316 4810 Ἡ.
3437 4753 3484 4784 ³³
3503 4754 3650 4806 ltum.

2055 4915 2355 5004 ﬁeri:
2404 4935 2424 4967 ε
2460 4933 2624 5004 quan)
2681 4933 3190 4992 regenerationem
3240 4932 3583 5004 appellavit.
3616 4951 3634 4981 ι

1985 4983 2115 5073 bis}:
2127 4985 2440 5073 _qu:idatn._._¢.
2455 4983 2610 5073 quod
2645 4983 2776 5046 ιιοιῖ
2794 5004 2916 5050 tam
2939 4983 3535 5073 ιέέέιιέιιίξιῖἱξτιξὺεῆιιί
3552 4983 3638 5053 ire-

1987 5055 2230 5119 generari
2267 5055 2582 5118 appellavit.
2620 5078 2641 5110 ι

2058 5121 2545 5213 (tina-liditijhtet
2574 5129 2723 5213 sicut
2753 5140 3191 5213 generationem
3225 5159 3247 5192 ι
3296 5141 3347 5213 [a
3367 5139 3416 5191 1.
3438 5176 3454 5202 ,
3495 5155 3513 5189 ι
3541 5153 3630 5207 ge-

1990 5188 2318 5272 neratiotiili]
2345 5193 2660 5261 substituit,
2690 5188 2857 5255 itavet
2893 5188 3196 5272 ducti-inte,
3227 5188 3248 5261 ἓ
3281 5188 3420 5265 cit—ti;

2419 5281 2439 5312 ι
2481 5258 2780 5333 utrumque
2817 5258 3376 5334 retired—innin'ledit..-
3408 5291 3428 5320 ι

2064 5326 2388 5422 {anilia}.
2404 5350 2452 5422 ,ι
2483 5345 2542 5422 (ξι
2586 5326 3551 5422 inpensa“essenecatum;
3571 5350 3658 5386 ει·

1993 5393 2230 5478 cluderet
2248 5412 2280 5478 ἓν
2324 5414 2343 5478 ξ
2404 5403 2576 5478 “mle.
2641 5393 3399 5478 [Seit‘rtlev
3443 5425 3464 5461 1
3508 5401 3654 5460 Tunc

2248 5465 2592 5552 Salotliattus
2643 5487 2696 5529 et
2748 5464 3356 5552 διεξειῖῖι’ἱίζξ”‹“ἷὶὖῖἶὲ
3413 5494 3576 5550 δί’εοῖ
3621 5496 3640 5529 ⁸

2115 5541 2455 5630 ιιιιξῖῖιιυεινί
2504 5560 2734 5628 munes,
2773 5567 2791 5595 ι
2821 5533 3174 5630 {finiret-go.
3196 5533 3641 5620 ‘i‘iiBsaé-ﬁéru

1999 5599 2087 5650 alii
2115 5598 2340 5666 habent,
2385 5625 2404 5657 ι
2447 5598 2734 5683 regnavit;
2756 5635 2776 5668 ι
2812 5598 2963 5690 alii:
2988 5598 3407 5704 ιἼ-ἷῖξὶηἶυῖιῖηι
