3894 6238
279 261 423 315 1025

1213 257 1559 314 COMMENT.
1599 258 1664 311 IN
1699 257 1910 314 EPIST.
1944 259 2032 312 AD
2069 259 2232 316 80M.
2273 261 2398 316 LIB.
2438 263 2500 316 V.

3314 266 3450 322 i096

273 383 405 430 vitae
431 377 594 429 datur
626 392 654 430 a
684 375 930 442 Christo,
965 393 1066 431 non
1096 378 1275 430 invitis
1297 418 1312 439 ,
1344 379 1434 432 sed
1466 379 1823 442 credentibus,
1855 385 1895 438 A
1927 379 2168 445 putabit?
2222 379 2386 449 igitur
2413 397 2477 434 ex
2506 396 2610 435 uno
2641 383 2853 449 quidem
2889 385 3053 437 Adam
3087 385 3245 453 cmpit
3270 385 3322 439 in
3351 387 3452 440 hoc

270 475 334 516 et
362 464 682 530 pervenitur
728 467 793 517 ad
829 465 1202 532 perfectionem
1228 464 1347 516 vita:
1370 463 1696 531 perfectione
1721 463 1827 514 vir-

274 563 458 605 tutum
485 591 501 614 ,
555 554 698 606 sicut
722 564 778 606 et
809 555 860 606 in
891 564 1112 606 mortem
1138 553 1329 605 dudum
1372 551 1824 621 praevaricationis

272 642 650 696 similitudine
674 653 730 696 et
752 645 1005 696 vitiorum
1041 644 1339 710 expletione
1386 651 1695 710 perventum
1720 649 1820 694 est.

273 732 342 783 Et
371 732 628 798 quamvis
658 742 908 798 tanquam
946 733 1173 800 prudens
1202 733 1532 800 dispensator
1554 729 1699 782 verbi
1735 731 1821 783 Dei

270 823 559 888 apostolus
606 822 804 876 Paulus
843 823 1052 876 occulta
1085 825 1197 876 haec
1236 822 1286 874 in
1318 821 1531 874 Litteris
1569 819 1677 873 suis
1709 833 1824 872 esse

241 887 519 963 1voluerit
551 919 606 964 et
631 913 870 976 oblecta,
908 912 1132 965 inseruit
1161 921 1354 971 tamen.
1382 926 1477 964 nec
1509 910 1652 963 siluit
1688 912 1739 961 in
1761 925 1825 962 eo

271 1000 366 1051 ubi
404 1000 539 1054 dicit
591 1018 605 1054 :
655 1019 674 1051 ‹
713 1000 814 1054 Sed
841 1002 1076 1069 regnavit
1105 1016 1246 1054 mors
1275 1001 1340 1052 ab
1368 1001 1535 1053 Adam
1565 1013 1730 1066 usque
1758 999 1822 1050 ad

271 1088 500 1158 Moysen
523 1091 576 1142 in
591 1106 684 1144 eos
701 1092 789 1156 qui
817 1100 1166 1158 peccaverunt
1196 1091 1246 1144 in
1269 1090 1669 1144 similitudinem
1692 1104 1825 1156 prte-

271 1178 634 1231 varicationis
657 1178 787 1230 Adae
816 1179 880 1232 ³⁸.
920 1196 939 1230 ι
985 1177 1212 1232 Videsne
1239 1188 1294 1230 ut
1321 1193 1348 1230 a
1374 1187 1596 1246 peccato
1625 1178 1820 1231 nullum

268 1266 484 1320 Paulus
515 1268 776 1322 excuset?
831 1268 933 1321 Sed
959 1278 1014 1322 et
1041 1269 1246 1335 peccati
1285 1285 1448 1336 genus
1473 1270 1727 1336 designat,
1753 1269 1822 1322 si-

269 1357 644 1410 militudinem
667 1359 1118 1425 praevaricationis
1138 1358 1262 1412 Atia:
1285 1359 1335 1410 in
1361 1373 1674 1426 unoquoque
1697 1373 1825 1410 con-

266 1447 535 1510 stituens,
573 1447 698 1500 licet
741 1448 852 1512 ubi,
900 1449 1132 1516 quando,
1181 1460 1272 1500 aut
1313 1448 1574 1515 quomodo
1601 1447 1668 1498 ab
1693 1461 1824 1499 uno-

265 1551 498 1604 quoque
535 1537 832 1591 similitudo
865 1538 961 1590 ista
997 1539 1446 1605 przevaricationis
1471 1538 1700 1591 admissa
1730 1539 1820 1603 sit,

268 1637 455 1680 tutum
509 1643 617 1680 non
671 1628 961 1680 crediderit
1009 1629 1243 1694 apertius
1290 1628 1554 1695 proloqui.
1596 1627 1700 1680 Sed
1733 1628 1822 1694 qui

1926 467 2122 518 mundo
2169 481 2391 535 regnare
2438 478 2747 534 peccatum,
2781 481 2835 524 et
2879 473 3115 537 regnavit
3148 475 3196 524 in
3242 489 3332 524 eos
3359 474 3450 539 qui

1922 557 2087 609 secuti
2116 565 2238 608 sunt
2269 558 2721 623 praevaricationis
2751 560 2876 612 Adae
2924 560 3320 614 similitudinem
3350 579 3364 614 :
3397 572 3453 616 et

1925 643 2042 697 ideo
2079 661 2099 694 ι
2128 644 2383 711 judicium
2409 659 2471 697 ex
2499 661 2605 697 uno
2633 647 2682 698 in
2706 649 3202 702 condemnationem
3232 650 3312 713 ";
3353 669 3372 700 ι
3399 659 3456 705 et

1925 748 2132 785 rursum
2165 747 2262 799 per
2291 749 2452 786 unum
2496 732 2770 786 Dominum
2807 746 3042 789 nostrum
3085 736 3262 791 Jesum
3295 739 3451 792 Chri-

1923 834 2062 876 stum
2098 824 2265 884 gratia
2313 839 2540 893 regnare
2582 827 2742 893 coepit
2786 842 2878 894 per
2921 827 3214 892 justitiam;
3249 844 3364 896 quae
3401 838 3456 884 t-t

1925 911 2164 981 regnabit
2194 913 2244 965 in
2272 913 2519 965 omnibus
2547 915 2636 980 qui
2665 915 2918 967 obediunt
2947 917 3015 977 ei,
3062 927 3116 969 et
3151 919 3456 970 custodiunt

1924 999 2078 1052 verba
2109 1000 2242 1066 ejus,
2267 1009 2318 1053 et
2350 1015 2442 1066 per
2469 1001 2576 1052 haec
2599 1016 2661 1053 ex
2694 1001 2872 1054 multis
2906 1003 3112 1058 delictis
3147 1005 3453 1060 veniuntad

1917 1088 2352 1157 justificationem
2385 1091 2527 1146 vitae.

1990 1178 2041 1230 3.
2087 1195 2106 1228 ι
2145 1177 2202 1231 Si
2250 1179 2391 1231 enim
2441 1180 2596 1232 unius
2643 1180 2836 1234 delicto
2883 1197 3025 1236 mors
3075 1184 3314 1250 regnavit
3357 1200 3454 1252 per

1924 1283 2108 1330 unum,
2143 1267 2308 1321 multo
2344 1269 2511 1335 magis
2538 1269 2628 1336 qui
2660 1270 3034 1323 abundantiam
3065 1275 3246 1340 gratia:
3271 1283 3321 1328 et
3352 1276 3450 1326 do-

1929 1375 2054 1412 num
2078 1359 2296 1426 justitize
2319 1361 2608 1427 accipiunt,
2638 1361 2690 1413 in
2714 1361 2821 1413 vita
2851 1363 3146 1428 regnabunt
3177 1378 3268 1430 per
3289 1380 3451 1418 unum

1921 1447 2096 1501 Jesum
2117 1447 2384 1500 Christum
2407 1447 2600 1516 “(17).
2641 1466 2659 1498 ι
2685 1448 2737 1500 Si
2769 1458 2909 1502 esset
2937 1450 3076 1502 sicut
3100 1451 3345 1502 delictum
3377 1452 3450 1504 ita

1921 1546 1974 1591 et
2003 1538 2196 1589 dooum
2225 1575 2239 1598 ,
2284 1538 2501 1590 dixisset
2552 1538 2730 1605 utique
2779 1539 3100 1606 Apostolus,
3148 1539 3271 1606 quia
3314 1541 3452 1593 sicut

1922 1627 2076 1678 unius
2119 1626 2312 1680 delicto
2346 1643 2488 1682 mors
2522 1630 2762 1694 regnavit
2795 1644 2888 1696 per
2913 1644 3073 1680 unum
3102 1667 3116 1690 ,
3163 1629 3234 1680 ita
3279 1639 3330 1681 et
3357 1645 3455 1697 per

265 1717 527 1770 eruditus
561 1726 646 1769 est
672 1732 734 1768 ex
770 1716 882 1785 lege
907 1716 1137 1796 Domini,
1185 1693 1610 1784 scit—intelligere
1633 1693 1824 1771 obscu-
1855 1693 1895 1746 Β
1926 1717 2355 1785 uniusjustitiam
2381 1718 2486 1769 vita
2520 1718 2761 1786 regnabit
2793 1693 2886 1784 per
2915 1732 3076 1770 unum
3105 1717 3280 1769 Jesum
3306 1693 3454 1770 Chri-

266 1821 395 1858 rum
430 1820 739 1858 sermonem
767 1807 1012 1873 dictaque
1038 1806 1352 1873 sapientium
1377 1817 1429 1860 et
1449 1808 1727 1875 {enigmata
1755 1808 1820 1861 ³⁸.

267 1896 402 1950 ideo
433 1897 667 1964 denique
693 1898 857 1949 etiam
882 1897 945 1947 de
961 1895 1131 1948 salute
1157 1911 1272 1962 qua:
1296 1897 1345 1948 in
1364 1896 1573 1950 Christo
1596 1896 1820 1967 estul'i),

266 1983 548 2037 occultius
595 1982 861 2048 loquitur;
908 1991 961 2034 et
1001 1997 1121 2035 cum
1154 1985 1414 2038 dixisset:
1455 2003 1472 2035 ι
1505 1986 1653 2038 Sicut
1679 1987 1819 2038 enim

268 2077 322 2126 in
356 2075 536 2126 Adam
566 2086 752 2124 omnes
783 2072 1082 2124 moriuntur
1111 2071 1190 2134 ³⁷,
1226 2091 1243 2122 ι
1276 2087 1378 2126 non
1409 2073 1576 2136 dixit,
1613 2092 1632 2126 ο
1663 2075 1734 2126 ita
1771 2083 1824 2127 et

268 2167 322 2218 in
351 2164 576 2218 Christo
607 2177 796 2216 omnes
828 2182 845 2213 ι
875 2163 1232 2228 vivificantur,
1266 2167 1357 2218 sed
1379 2205 1392 2226 ,
1428 2183 1446 2214 r
1483 2166 1823 2221 viviﬁcabun-

268 2263 360 2306 tur
390 2235 452 2304 τ’»
492 2262 547 2304 et
583 2266 794 2304 rursum
825 2267 944 2305 cum
971 2253 1189 2305 dixisset
1220 2267 1235 2305 :
1275 2271 1293 2303 ι
1317 2254 1468 2308 Sicut
1497 2255 1634 2306 enim
1671 2255 1826 2308 unius

266 2353 506 2414 peccato
537 2358 684 2398 mors
728 2344 968 2410 regnavit
998 2359 1093 2413 per
1122 2361 1305 2410 unum,
1340 2345 1409 2399 ita
1450 2355 1500 2399 et
1541 2360 1636 2412 per
1668 2345 1824 2398 unius

262 2433 720 2505 justiﬁeationem
749 2432 822 2496 ⁸⁸,
861 2451 878 2484 ι
930 2447 1032 2486 non
1080 2433 1248 2496 dixit,
1297 2444 1488 2501 regnat
1531 2435 1672 2500 vita,
1708 2436 1820 2498 sed,

283 2544 302 2576 ι
338 2523 597 2594 regnabit
647 2525 756 2576 vita
794 2537 888 2590 per
928 2537 1086 2576 unum
1127 2521 1304 2576 Jesum
1337 2523 1622 2577 Christum.
1659 2543 1678 2574 ι
1712 2523 1824 2578 Scit

274 2618 427 2670 enim
455 2655 472 2679 ,
505 2625 564 2668 ut
595 2615 729 2676 dixi,
771 2614 1026 2682 scriptum
1075 2629 1192 2668 esse
1237 2614 1356 2681 quia
1393 2632 1412 2665 ι
1443 2614 1607 2668 fidelis
1637 2615 1822 2682 spiritu

269 2709 422 2763 celat
478 2707 691 2772 negotia
725 2706 800 2770 ³⁹;
842 2724 860 2757 ι
898 2715 953 2759 et
996 2706 1118 2758 item
1161 2705 1286 2758 alibi
1331 2723 1344 2758 :
1387 2724 1405 2756 ι
1443 2703 1609 2770 Quam
1637 2720 1822 2772 magna

269 2796 570 2850 multitudo
593 2793 893 2848 dulcedinis
923 2803 1046 2857 tum,
1082 2793 1321 2857 Domine,
1353 2809 1509 2861 quam
1544 2795 1824 2846 abscondi-

270 2887 340 2939 sti
381 2885 702 2938 timentibus
751 2894 802 2937 te
829 2883 894 2935 “.
931 2901 951 2934 ι
989 2883 1045 2936 Si
1091 2883 1231 2936 enim
1281 2883 1575 2950 interroges
1609 2884 1823 2950 quando

1925 1815 2084 1858 stum.
2164 1805 2314 1859 Nunc
2359 1816 2532 1859 autem
2583 1808 2710 1859 dicit
2753 1807 2874 1876 quia
2934 1824 2952 1856 ι
2996 1821 3138 1860 mors
3170 1825 3190 1857 ι
3239 1808 3449 1873 quidem

1929 1913 1948 1944 ι
1981 1895 2134 1948 unius
2175 1896 2365 1949 delicto
2411 1897 2650 1963 regnavit
2697 1910 2788 1964 per
2830 1911 3010 1948 unum.
3055 1914 3072 1946 ι
3129 1895 3224 1960 Qui
3273 1907 3449 1948 autem

1923 1985 2296 2037 abundantiam
2334 1983 2680 2052 gratia:(l8),
2729 1993 2780 2037 ct
2831 1985 3022 2036 donum
3065 1983 3280 2052 iustitia:
3309 1984 3451 2036 acci-

1922 2073 2111 2141 piunt,
2155 2088 2256 2125 non
2305 2073 2475 2125 solum
2529 2072 2662 2123 ultra
2709 2087 2809 2124 non
2857 2081 3043 2138 regnat
3089 2073 3140 2123 in
3183 2071 3261 2124 eis
3307 2085 3453 2124 mors

1925 2163 2080 2231 (quod
2107 2174 2160 2216 et
2189 2166 2357 2229 ipsum
2387 2162 2566 2230 utique
2599 2177 2698 2213 non
2730 2177 2906 2228 parva:
2934 2174 3013 2214 εει.
3037 2161 3240 2230 gratiae)
3275 2162 3367 2214 sed
3398 2171 3455 2214 et

1925 2254 2025 2306 alia
2072 2254 2170 2304 duo
2215 2253 2291 2305 eis
2334 2254 2675 2304 conferuntur
2708 2254 2842 2303 bona
2891 2266 3119 2313 :uuum,
3167 2252 3307 2316 quod
3353 2265 3449 2317 pro

1925 2354 2092 2397 morte
2133 2344 2239 2396 vita
2283 2343 2332 2395 in
2375 2343 2452 2396 eis
2496 2351 2680 2411 regnat
2738 2342 2986 2396 Christus
3028 2341 3183 2396 Jesus
3225 2358 3240 2394 :
3283 2341 3452 2408 aliud,

1922 2434 2061 2501 quod
2091 2435 2252 2486 etiam
2303 2433 2400 2501 ipsi
2444 2432 2734 2498 regnabunt
2783 2447 2875 2499 per
2905 2446 3066 2483 unum
3090 2430 3269 2484 Jesum
3298 2431 3455 2484 Chri-

1921 2533 2081 2576 stum.
2143 2522 2272 2576 Cum
2337 2537 2464 2590 ergo
2505 2521 2804 2574 necessaria
2854 2521 2966 2574 haec
3012 2521 3060 2574 in
3105 2534 3195 2573 eos
3235 2520 3453 2573 veniant

1921 2613 2098 2676 bona,
2151 2611 2200 2664 id
2249 2619 2364 2680 est,
2417 2621 2474 2664 ut
2525 2626 2739 2679 regnum
2805 2610 2992 2664 mortis
3053 2609 3341 2684 eﬂugiant,
3396 2621 3451 2663 et

1922 2718 2018 2770 pro
2061 2712 2231 2757 morte
2276 2713 2459 2770 regnet
2499 2702 2551 2755 in
2600 2701 2678 2755 eis
2720 2701 2861 2764 vita,
2912 2700 3018 2753 imo
3052 2709 3108 2752 ut
3135 2709 3189 2752 et
3229 2699 3326 2768 ipsi
3368 2714 3455 2751 re-

1923 2801 2086 2857 gnent
2133 2791 2184 2843 in
2235 2791 2340 2843 vita
2391 2805 2484 2858 per
2532 2805 2693 2843 unum
2748 2788 2930 2842 Jesum
2965 2787 3256 2850 Christum,
3286 2788 3454 2839 maui-

1923 2882 2110 2935 festum
2182 2889 2265 2935 est
2321 2882 2586 2949 quomodo
2644 2897 2662 2930 t
2721 2893 2824 2932 non
2883 2897 2902 2929 ι
2969 2878 3038 2930 sit
3101 2895 3118 2927 ι
3187 2877 3257 2928 ita
3317 2877 3449 2928 deli-

268 2978 386 3028 vita
427 2974 678 3043 regnabit
705 2989 800 3042 per
825 2973 1003 3026 .Iesum
1033 2972 1323 3037 Christum,
1357 2981 1410 3026 et
1440 2971 1822 3040 quandojusti-
1848 2995 1890 3052 ο
1923 2981 2062 3024 ctum
2119 2972 2255 3025 sicut
2303 2983 2355 3024 et
2381 2972 2571 3024 donmn
2614 2971 2660 3002 “
2684 3009 2699 3034 ,
2738 2987 2758 3020 ι
2794 2976 2846 3021 et
2893 2967 3156 3036 quomodo
3201 2965 3407 3018 dicatur
3436 2983 3450 3017 :

269 3064 346 3116 tia
397 3063 517 3130 ejus
570 3063 620 3114 in
665 3077 852 3115 omnes
897 3061 1137 3114 homines
1167 3061 1672 3124 injustilicationem
1703 3062 1824 3114 vitae

269 3154 540 3207 eﬂicietur
572 3151 684 3222 (14)
707 3191 722 3214 ,
755 3151 967 3217 quando
993 3149 1043 3202 in
1065 3163 1249 3202 omnes
1279 3149 1378 3203 ista
1405 3150 1674 3203 beatitudo
1703 3165 1824 3217 per-

270 3245 502 3296 veniet:
540 3241 710 3310 ipsius
735 3239 940 3293 Domini
975 3237 1098 3291 Jesu
1134 3236 1336 3290 Christi
1377 3238 1711 3292 sermonibus
1738 3238 1822 3292 di-

269 3349 411 3397 sce,
467 3332 664 3401 quibus
714 3329 845 3382 dicit
895 3327 960 3378 ad
1009 3325 1336 3392 discipulos:
1375 3343 1394 3376 ι
1426 3327 1664 3380 Audistis
1713 3326 1826 3381 haec

268 3423 509 3479 omnia?
546 3423 740 3475 Dicunt
768 3420 814 3472 ei
845 3437 859 3472 :
897 3419 1104 3483 Etiam,
1140 3417 1381 3470 Domine.
1419 3417 1504 3469 Ait
1527 3418 1605 3472 eis
1636 3434 1651 3472 :
1678 3417 1822 3472 Beati

1923 3062 2080 3132 555
2097 3065 2292 3117 «Multo
2309 3061 2474 3127 magis
2503 3063 2673 3128 gratia
2720 3058 2811 3111 Dei
2841 3065 2895 3110 el.
2947 3057 3140 3109 donum
3183 3055 3236 3106 in
3279 3054 3447 3121 gratia

1929 3154 2087 3206 unius
2118 3151 2347 3204 hominis
2386 3149 2508 3201 Jesu
2547 3146 2745 3202 Christi
2773 3148 2824 3198 in
2856 3145 3034 3212 plures
3060 3145 3384 3196 abundabit:
3428 3160 3449 3193 ι

1923 3251 1976 3296 et
1999 3241 2126 3294 illtul
2167 3258 2180 3293 :
2219 3257 2238 3290 ι
2270 3239 2456 3294 Gratia
2485 3247 2661 3291 autem
2689 3253 2752 3292 ex
2788 3238 2964 3292 multis
2993 3236 3196 3290 delictis
3225 3235 3275 3288 in
3298 3235 3457 3302 justi-

1926 3331 2269 3383 iicalionem:
2311 3345 2328 3374 ι
2354 3329 2446 3380 sed
2491 3338 2545 3380 et
2589 3329 2687 3381 hoc
2714 3327 2858 3394 quod
2902 3327 3030 3379 dicit
3074 3327 3124 3378 in
3162 3325 3452 3392 praesenti:

1928 3439 1947 3470 ι
1975 3419 2138 3472 Multo
2173 3418 2338 3484 magis
2365 3417 2454 3485 qui
2479 3417 2854 3470 abundantiam
2901 3416 3101 3485 gratiae,
3152 3425 3206 3468 et
3259 3418 3454 3468 donum

269 3515 415 3568 estis
436 3552 452 3577 ,
500 3511 544 3563 si
592 3508 833 3563 feceritis
857 3523 918 3562 ea
945 3507 1010 3560 ⁸⁸.
1047 3525 1065 3558 ›
1105 3504 1254 3559 Tunc
1296 3521 1421 3576 ergo
1452 3506 1588 3582 beati
1629 3509 1827 3563 erimus
1917 3511 2134 3576 iustitia:
2164 3511 2448 3578 accipiunt,
2481 3509 2533 3561 in
2565 3509 2668 3561 vita
2705 3510 3000 3578 regnabunt
3028 3507 3138 3575 (19)
3168 3523 3260 3570 per
3293 3522 3451 3558 unum

268 3620 405 3659 cuin
456 3602 678 3654 verbum
724 3599 817 3652 Dei
851 3613 955 3651 non
1007 3595 1175 3649 solum
1215 3597 1400 3649 attdire
1431 3608 1483 3649 et
1512 3598 1823 3667 intelligere,

269 3694 372 3749 sed
410 3703 468 3746 et
495 3691 675 3743 facere
724 3687 1020 3756 poterimus
1049 3685 1180 3754 (15).
1221 3685 1470 3750 Quamvis
1513 3688 1653 3740 enim
1700 3703 1826 3755 pro-

272 3784 539 3838 mittatur
568 3777 873 3831 exeundum
909 3787 1028 3828 esse
1056 3774 1375 3842 quandoque
1399 3775 1464 3828 de
1491 3790 1723 3839 carcere,
1751 3787 1827 3828 ta-

271 3887 401 3926 men
455 3868 773 3936 designatur
804 3879 904 3918 non
938 3863 1062 3916 inde
1107 3862 1240 3916 exiri
1281 3877 1470 3930 posse,
1519 3864 1616 3916 nisi
1648 3865 1829 3917 reddat

271 3960 653 4027 unusquisque
710 3956 870 4008 etiam
939 3952 1286 4006 novissimum
1352 3954 1700 4020 quadrantem
1757 3955 1823 4005 ⁸³.

272 4050 434 4117 Quod
470 4051 516 4102 si
563 4045 724 4100 etiam
762 4044 1029 4116 quadrans
1051 4080 1065 4104 ,
1094 4039 1231 4109 quod
1263 4052 1347 4094 est
1375 4043 1578 4094 minimi
1625 4043 1824 4106 peccati

272 4155 465 4211 paena,
521 4153 628 4192 non
675 4136 966 4190 remittitur
993 4133 1122 4200 (16),
1158 4132 1258 4187 nisi
1301 4133 1353 4186 in
1404 4147 1620 4186 carcere
1650 4141 1705 4185 et
1737 4147 1829 4200 per

271 4230 546 4302 supplicia
573 4227 776 4289 luatur,
812 4224 1080 4292 quomodo
1111 4223 1230 4290 quis
1258 4233 1350 4289 spe
1376 4220 1704 4288 impunitatis
1738 4235 1827 4272 re-

1923 3599 2099 3654 Jesum
2123 3598 2389 3652 Christum
2419 3616 2436 3648 ι
2461 3598 2742 3652 Dominum
2774 3607 3011 3650 nostrum
3047 3599 3112 3648 ⁸⁸.
3146 3595 3294 3659 Quod
3327 3610 3453 3662 ergo

1925 3691 2022 3753 ait,
2059 3707 2077 3739 ς
2105 3687 2270 3742 Unius
2297 3688 2490 3741 delicto
2532 3702 2676 3740 mors
2711 3687 2952 3754 regnavit
2992 3700 3084 3752 per
3124 3700 3284 3736 unum
3323 3684 3390 3749 δ’,
3422 3703 3441 3735 ι

1923 3778 2155 3830 ostendit
2175 3777 2298 3844 quia
2326 3790 2420 3843 per
2449 3775 2698 3828 delictum
2728 3774 2885 3825 morti
2912 3788 3131 3839 regnum
3155 3775 3329 3835 datur,
3356 3788 3453 3824 nec

1925 3876 2096 3936 potest
2129 3880 2352 3932 regnare
2371 3866 2421 3917 in
2449 3865 2644 3932 aliquo,
2671 3864 2772 3917 nisi
2801 3862 2888 3928 jus
2917 3862 3060 3929 regni
3092 3861 3203 3928 (20)
3227 3862 3455 3928 accipi-it

1925 3971 1990 4009 ex
2019 3955 2231 4007 delicto.
2277 3951 2378 4005 Per
2415 3953 2555 4020 quod
2599 3951 2819 4004 iudicari
2867 3951 3097 4012 videtur,
3151 3949 3289 4016 quod
3333 3963 3453 4002 cmn

1926 4043 2091 4096 libera
2124 4059 2151 4094 a
2182 4042 2288 4095 Deo
2318 4051 2498 4095 creata
2531 4041 2601 4094 sit
2649 4040 2823 4112 anima
2849 4076 2864 4101 .
2895 4039 3006 4104 ipsa
3051 4052 3109 4090 se
3143 4039 3192 4089 in
3224 4040 3454 4091 servitu-

1925 4142 2029 4186 tem
2063 4132 2268 4200 redigat
2293 4147 2386 4201 per
2421 4130 2690 4192 delictum,
2721 4141 2775 4181 et
2806 4128 2948 4181 velut
2973 4127 3324 4194 chirographa
3355 4128 3456 4178 itit-

1927 4222 2268 4276 mortalitatis
2311 4236 2460 4284 suae,
2513 4235 2630 4288 qua:
2679 4237 2706 4270 a
2751 4225 2990 4270 creatore
3029 4229 3125 4268 suo
3155 4223 3454 4281 acceperat,

273 4325 562 4384 solvetur,
618 4327 712 4374 aut
753 4317 951 4370 donum
999 4314 1182 4383 gratiae
1227 4313 1477 4382 peccandi
1526 4312 1822 4366 libertatem
1852 4304 1900 4362 D
1929 4314 2086 4366 morti
2116 4314 2305 4366 tradat.
2355 4311 2586 4366 «Anima
2614 4309 2752 4362 enim
2784 4321 2900 4375 qua:
2935 4314 3142 4374 peccat,
3188 4304 3298 4372 ipsa
3346 4320 3458 4355 tuo-

858 4455 902 4486 “
933 4451 1090 4504 Prov.
1117 4465 1156 4512 ι,
1188 4449 1237 4501 6.
1295 4449 1338 4480 ³⁷
1369 4448 1528 4502 ICor.
1555 4465 1640 4510 xv,
1665 4449 1749 4500 2‘2.

347 4464 395 4495 ³⁸
417 4461 578 4514 Rom.
606 4472 661 4518 ν,
693 4455 779 4508 14.
858 4455 902 4486 ³⁸
933 4455 1090 4504 Prov.
1117 4465 1156 4512 ι,
1188 4455 1237 4501 6.
1295 4455 1337 4480 ³⁷
1369 4455 1528 4502 lam,
1555 4465 1640 4510 κν,
1665 4455 1749 4500 ιω,

353 4530 549 4580 Matth.
583 4540 702 4580 xttt.
742 4523 843 4580 5!;
879 4521 1034 4574 Joan.
1059 4535 1176 4580 xm,
1206 4517 1294 4571 17.
1366 4517 1410 4548 δ’
1436 4517 1624 4571 Matth.
1663 4534 1710 4580 v,
1736 4519 1824 4574 ‘26.

274 4535 317 4564 “
353 4530 549 4585 Matth.
583 4517 702 4586 xttt,
742 4523 843 4587 5!;
879 4521 1034 4574 Joan.
1059 4535 1176 4582 xm,
1206 4517 1294 4571 17.

276 4599 492 4668 15,17.
571 4594 614 4624 ιτ
653 4594 782 4646 ibid.
828 4590 916 4643 ιιι.

351 4717 469 4788 (15)
508 4715 626 4788 Est.
665 4713 826 4788 Deest
849 4708 1108 4788 inaeditis.

353 4722 448 4788 (15
508 4717 626 4769 Est.
665 4717 826 4766 Deest
849 4717 899 4764 in
930 4717 1108 4764 editis.
1266 4774 1276 4786 I
1495 4770 1505 4782 .

353 4717 470 4855 (iis;
515 4785 684 4855 Alias,
719 4799 738 4830 ι
761 4778 1352 4855 justiiicationemﬁttm
1376 4769 1650 4855 elﬁmetin

355 4841 473 4928 (15)
514 4841 680 4928 alias,—
725 4841 1074 4928 (possimus;
1113 4861 1130 4893 ι
1169 4841 1265 4928 al;
1294 4859 1312 4890 ι
1346 4850 1641 4918 possumus.
1673 4854 1701 4928 ἔ

357 4905 474 4994 liii
519 4920 613 4974 Sic
658 4905 855 4994 ὀριίέηεξ
903 4928 1002 4994 "rs.-
1051 4905 1187 4994 ωιυε
1227 4905 1829 4994 Βφείιξι,ιξεξξιξο-,ἒέῖξεξς

282 4973 626 5053 Etl‘iti'vero,
657 5005 674 5037 ι
693 4973 1030 5054 ἰιιιειᾱι-ειιιίξ
1045 5018 1059 5041 ,
1089 4993 1204 5046 qua:
1238 4973 1333 5054 est
1379 4973 1595 5054 minima
1625 4975 1829 5038 peccati

284 5043 445 5132 ᾗᾶέιὶὲι
474 5101 490 5124 ,
517 5043 676 5125 paena
702 5043 803 5106 n'un
839 5043 1199 5132 remittitur.)
1232 5043 1417 5132 μεθιειί
1451 5054 1576 5092 mss.
1601 5076 1616 5102 ,
1649 5057 1667 5090 ι
1700 5059 1833 5109 qua.

284 5116 532 5189 :lranti's,
552 5125 697 5191 quod
721 5133 821 5182 est,
856 5139 876 5191 ρ
913 5130 1041 5176 etc..
1073 5123 1128 5191 ut
1155 5116 1204 5167 in
1233 5122 1394 5191 textu.

359 5172 1832 5270 (initiis«'II-ivlto..rsiégfssse!attnﬂi‘ffffa'ﬂ.sic:

287 5252 378 5322 tia;
405 5252 468 5318 et,
493 5257 799 5317 donationis
835 5252 1395 5322 justititeaccipientcs
1423 5252 1611 5305 erunt,
1641 5252 1695 5296 in
1726 5252 1836 5302 vita

287 5319 598 5404 regnabunt
625 5342 719 5394 per
737 5319 914 5378 Jesum
944 5319 1228 5372 Christum.
1272 5337 1291 5369 ι

363 5403 480 5472 (18)
515 5398 686 5472 Alias,
717 5411 736 5472 ς
766 5392 1199 5472 Οιιιιιιςξε-ιιιιιειιι-
1227 5392 1290 5472 ab

363 5407 461 5473 (l8-

1829 4449 1872 4480 ³⁸
1900 4449 2051 4501 Rom.
2080 4463 2131 4513 v,
2162 4449 2245 4509 17,
2285 4446 2369 4500 18.
2443 4445 2487 4476 ⁸³
2513 4445 2666 4497 Prov.
2703 4459 2780 4506 ιιι,
2810 4444 2892 4494 15.

515 5377 958 5454 λῇιιὲξίιίοιιιιιρε
1006 5396 1179 5438 autem
1227 5377 1601 5454 abundantiam
1629 5382 1838 5445 gratia:

290 5483 346 5525 et
363 5446 780 5530 \ngll:I'—j'|i;l'itiw
818 5454 1082 5530 “pcipi-un;
1099 5491 1128 5530 ’-
1150 5466 1201 5506 ιιι
1229 5469 1326 5506 non
1344 5446 1699 5530 ’ξοιιιιιιᾼ
1725 5465 1835 5502 11011

290 5521 479 5608 regnet
503 5521 658 5586 in'eis
681 5541 821 5580 mors
844 5521 1004 5608 (thth
1032 5531 1114 5608 etn
1114 5521 1277 5599 ipsum
1301 5521 1489 5608 utique
1513 5527 1609 5608 non
1643 5527 1712 5578 pa
1725 5531 1838 5568 rvae

287 5582 694 5664 gargahiac’),
720 5614 738 5646 ι
770 5582 997 5648 θιρζλι..
1032 5604 1048 5635 ι
1071 5582 1170 5648 Qui
1199 5597 1372 5642 autem
1402 5582 1664 5637 abundant
1696 5596 1837 5645 gra-

2971 4439 3014 4470 ⁸ο
3050 4437 3189 4490 Psal.
3220 4454 3346 4498 xxx,
3365 4438 3456 4496 ‘20.

1925 4505 2336 4578 ιδιιυιιὶ.ν,ἰ6.
2407 4513 2727 4568 “nam”.
2802 4513 2845 4542 ιο
2879 4508 3006 4564 ibid.
3033 4507 3116 4559 is.
3225 4505 3268 4537 ιε
3296 4508 3424 4560 ibid.

1935 4699 2004 4750 tia
2040 4707 2092 4752 et
2124 4698 2260 4750 dono
2285 4695 2507 4762 iustitia:
2535 4733 2550 4756 ,
2582 4693 2844 4758 accipiunt
2897 4701 2952 4744 ut
2999 4707 3100 4742 non
3125 4691 3292 4762 solum
3321 4689 3457 4742 ultra

1934 4783 2037 4821 non
2073 4775 2255 4834 regnet
2288 4760 2344 4817 in
2389 4765 2466 4834 eis
2497 4779 2636 4834 niors
2667 4765 2825 4834 (quod
2851 4769 2904 4812 et
2938 4764 3105 4834 ipsum
3138 4760 3456 4834 utiquetum

1936 4851 2107 4903 parva:
2131 4826 2292 4886 vesset
2313 4830 2536 4903 gratiae),
2562 4849 2588 4903 ρ
2622 4826 2725 4903 etc.
2755 4830 2868 4903 Ah,
2901 4847 2918 4877 ι
2954 4829 3052 4903 Qui
3089 4826 3461 4903 autemoabuu-

1935 4893 2168 4956 dantiam
2217 4893 2402 4970 gratiae
2447 4893 2505 4952 et
2544 4898 2666 4952 doni
2706 4896 3137 4970 jttstiﬁcationetn
3169 4893 3454 4970 accipiunt,

1935 4987 2036 5024 non
2067 4960 2247 5024 solum”
2263 4969 2396 5021 ultra
2431 4983 2534 5020 non
2589 4960 2777 5032 regnat
2815 4965 2865 5014 in
2911 4965 2987 5015 eis
3033 4977 3174 5014 mors
3217 4960 3374 5030 (quod
3404 4971 3458 5012 et

1933 5039 2107 5108 ipsum
2136 5053 2240 5108 non
2269 5051 2444 5104 parvae
2468 5044 2608 5088 esset
2637 5034 2914 5108 διώξεως.»
2951 5041 3053 5108 etc.

2007 5109 2119 5180 (19)
2157 5099 2431 5180 S_i_c:recte
2473 5118 2571 5180 ius.
2627 5099 2812 5180 tinus._
2839 5099 3346 5180 Creteriuverotnss.
3402 5103 3456 5147 et

1937 5164 2113 5240 editi,'
2139 5193 2156 5226 ι
2184 5172 2345 5225 Multo
2381 5171 2548 5239 magis
2591 5167 2878 5240 abundabit
2932 5164 3122 5240 gratia,
3171 5173 3237 5240 et
3262 5164 3455 5240 donum

1934 5231 2154 5316 justiiize
2199 5231 2497 5316 accipitur;
2531 5241 2598 5316 .in
2657 5238 2769 5316 vita
2825 5231 3132 5316 regtiabitns
3186 5231 3457 5316 Actaei?

1947 5299 1966 5365 ἱ
1996 5299 2154 5367 Multo
2180 5299 2346 5375 magis
2375 5299 2474 5372 qui
2495 5305 2728 5375 abundat
2749 5303 2938 5375 gratia.
2987 5311 3039 5375 et
3077 5301 3270 5375 donum
3303 5299 3459 5375 justi-

1945 5385 2028 5436 tite
2051 5367 2305 5444 accipitﬁ
2343 5367 2452 5428 etc.
2488 5374 2573 5428 Ασι.
2593 5413 2607 5436 ,
2637 5389 2659 5444 _t
2688 5367 2846 5444 Multo
2877 5371 3042 5444 magis
3066 5369 3155 5436 qui
3187 5367 3464 5419 abundan-

1946 5453 2069 5503 tiam
2092 5438 2294 5516 gratize,
2323 5451 2377 5493 et
2407 5446 2603 5516 donum
2631 5439 2846 5504 justitite
2871 5438 3086 5516 accipit,
3116 5455 3134 5487 ι
3175 5445 3281 5490 etc.

2013 5504 2122 5587 (2οῙ
2153 5513 2316 5574 AliaS,
2347 5527 2365 5560 ‹
2389 5510 2510 5578 ejus
2532 5520 2797 5578 regnum,i
2832 5504 2984 5558 male.
