3894 6236
391 268 521 322 1027

1787 242 2102 300 ORIGENIS

3551 219 3678 272 10Ξῖ

383 378 552 430 ficu".
578 372 643 424 ω,
667 389 684 420 ,
717 369 829 436 Ipsa
866 363 1088 430 denique
1121 360 1294 413 anima
1325 357 1519 412 clamat
1553 371 1647 427 per
1675 356 1910 424 Prophe-
1937 363 1982 416 Α
2012 368 2133 408 vero
2157 351 2430 405 Christum
2475 346 2609 400 dicit
2646 339 2988 436 Apomolns
3027 349 3156 435 non
3187 329 3388 385 solum
3429 327 3499 430 ad
3525 342 3661 436 Inter.

387 480 532 523 tam.
595 465 774 516 dicens
823 475 836 510 :
888 475 906 506 ι
949 455 1000 507 In
1063 453 1333 520 pulverem
1396 451 1586 505 mortis
1639 449 1906 504 deduxisti

386 572 469 610 me
491 555 552 606 δ’.
580 570 599 603 ι
631 548 779 615 Quod
812 547 990 612 utique
1017 545 1062 595 ei
1089 543 1190 596 nisi
1219 557 1284 596 ex
1309 541 1500 595 delicto
1523 555 1626 594 non
1653 541 1904 608 potuisset

385 642 644 695 accidere.
676 635 826 691 Unde
853 636 1124 688 evidenter
1146 638 1369 699 apparet
1390 646 1506 684 eam
1537 645 1631 696 per
1658 631 1906 682 delictum

384 728 735 797 chirographa
791 727 870 778 sui
922 725 1307 791 conscripsisse
1357 738 1476 776 cum
1531 730 1721 781 morte,
1767 726 1909 772 utet

385 818 630 870 libertate
674 814 1089 866 immortalitatis
1130 813 1350 874 amissa,
1382 811 1562 879 iugum
1595 810 1827 877 peccati,
1857 815 1911 860 et

385 920 604 973 regnum
637 903 822 956 mortis
860 904 1150 970 exciperet.
1195 901 1392 954 Volens
1437 901 1601 964 igitur
1627 899 1910 967 Apostolus

385 993 665 1048 ostendere
691 1000 894 1060 quanto
919 991 1119 1057 majora
1147 1005 1240 1058 per
1266 990 1536 1044 Christum
1578 988 1751 1040 anima
1778 987 1912 1040 reci-

385 1084 482 1150 pit,
521 1097 678 1151 quam
730 1081 987 1134 amiserat
1033 1094 1128 1147 per
1179 1081 1368 1140 Adam,
1423 1079 1723 1146 frequentat
1783 1077 1911 1129 istos

384 1184 677 1231 sermones,
706 1179 764 1221 ut
792 1169 934 1221 dicat
962 1210 976 1232 ,
1025 1186 1042 1218 ι
1071 1168 1234 1222 Multo
1263 1168 1426 1235 magis
1447 1205 1464 1230 ,
1494 1183 1514 1217 ι
1556 1175 1631 1228 et,
1687 1181 1707 1214 ι
1733 1163 1904 1216 abun-

382 1260 614 1315 dantiam
646 1259 831 1326 gratiae
853 1296 867 1320 ,
899 1266 952 1312 et
985 1257 1177 1310 donum
1207 1256 1450 1323 iustitiae,
1477 1273 1494 1306 ι
1544 1264 1594 1307 et
1615 1296 1628 1317 ,
1677 1270 1696 1302 α
1727 1265 1912 1320 regna-

381 1350 515 1405 bunt
547 1348 658 1417 (21)
699 1363 793 1418 per
817 1363 977 1400 unum
1003 1345 1191 1400 Jesum
1219 1346 1488 1400 Christum
1511 1345 1577 1398 '°.
1605 1362 1624 1395 ι
1653 1343 1780 1408 Quae
1800 1357 1912 1394 om-

385 1442 474 1494 nia
511 1440 696 1507 utique
723 1437 995 1491 declarant
1024 1435 1189 1489 multo
1223 1435 1607 1488 ahundantiora
1632 1445 1751 1486 esse
1778 1433 1912 1485 dona

384 1545 543 1596 quam
574 1531 787 1582 damna.
823 1525 929 1580 Sed
978 1523 1217 1594 requires
1236 1562 1252 1588 ,
1286 1522 1376 1576 isti
1407 1535 1542 1592 quos
1570 1520 1705 1575 dicit
1730 1533 1914 1588 regna-

383 1621 531 1666 turos
571 1611 624 1662 in
653 1611 757 1667 vita
797 1626 889 1677 per
925 1608 1107 1663 Jesum
1149 1607 1439 1673 Christum,
1469 1622 1626 1675 super
1652 1619 1786 1675 quos
1819 1619 1907 1656 re-

2007 453 2108 496 tr-m
2141 441 2540 500 destruendam,
2570 436 2669 490 sed
2699 444 2756 486 et
2789 432 2868 485 ad
2911 429 3090 482 illum
3137 423 3370 490 ipsum,
3403 419 3500 489 qui
3525 419 3683 472 habe-

2008 535 2100 585 hat
2129 531 2317 582 mortis
2383 528 2699 596 imperium,
2738 523 2797 576 id
2854 529 2957 572 est
3003 513 3358 575 diabolum,
3401 510 3458 563 in
3518 509 3687 561 medio

2008 623 2143 679 hoc,
2171 617 2222 670 id
2247 614 2358 684 (‘24)
2382 627 2486 679 est,
2515 625 2828 681 antequam
2869 609 3029 662 illud
3065 606 3179 658 ﬁat
3226 601 3391 670 quod
3423 601 3686 666 scriptum

2006 720 2088 763 est
2121 727 2135 762 :
2172 727 2190 759 ι
2223 708 2424 762 Deinde
2458 706 2602 767 linis,
2654 717 2790 756 cum
2827 695 3178 753 tradiderit
3218 706 3473 760 regnum
3505 691 3613 742 Deo
3640 699 3691 742 et

2007 800 2150 853 Patri
2180 800 2226 839 ³⁸
2258 815 2274 854 :
2307 816 2326 848 ι
2355 797 2374 867 )
2400 796 2523 865 quis
2552 801 2777 862 regnat.
2827 789 2894 844 Si
2941 787 3116 840 enim
3149 783 3437 837 dicamus
3473 781 3529 834 id
3551 783 3686 849 quod

2007 900 2342 953 consequens
2425 884 2678 945 videtur,
2755 880 2899 950 quia
2985 877 3126 930 vita
3210 875 3447 940 'regnat
3527 879 3692 922 morte

2009 977 2328 1036 destructa;
2385 978 2563 1039 potest
2592 969 2764 1024 nobis
2828 965 3086 1020 occurri
3129 979 3145 1014 :
3187 960 3514 1029 Quomodo
3569 975 3692 1028 ergo

2007 1063 2304 1134 peccatur?
2350 1062 2418 1115 Et
2450 1058 2818 1114 manifestum
2861 1066 2957 1110 est
3013 1064 3296 1107 mortem
3337 1064 3584 1120 regnare
3606 1064 3695 1118 per

2011 1164 2304 1221 peccatum.
2337 1152 2393 1206 Si
2428 1164 2562 1204 vero
2591 1149 2862 1203 dicamus
2915 1146 2977 1198 in
3042 1142 3430 1212 quibusdam
3468 1157 3695 1212 regnare

2009 1244 2296 1308 Christum,
2327 1243 2428 1295 hoc
2478 1251 2564 1295 est
2593 1241 2798 1304 vitam,
2831 1247 2893 1293 et
2926 1238 2989 1291 in
3013 1233 3402 1306 quibusdam
3432 1243 3691 1286 mortem:

2011 1349 2164 1402 quos,
2205 1343 2297 1387 aut
2320 1332 2408 1386 ubi
2440 1330 2822 1392 inveniemus,
2863 1329 2926 1382 in
2960 1327 3208 1395 quibus
3239 1324 3325 1378 ita
3365 1336 3605 1394 regnum
3629 1324 3694 1378 sit

2010 1423 2153 1486 vitae,
2185 1432 2244 1477 ut
2272 1436 2497 1490 regnum
2524 1420 2729 1473 mortis
2764 1419 2824 1472 in
2862 1419 2958 1472 eis
3020 1431 3154 1471 non
3191 1415 3429 1470 habeat
3453 1423 3696 1483 potesta-

2012 1523 2140 1578 tem,
2198 1513 2304 1566 hoc
2349 1520 2454 1576 est,
2505 1510 2603 1578 qui
2645 1511 2883 1579 penitus
2947 1509 3204 1576 absque
3261 1514 3513 1575 peccato
3559 1501 3699 1559 sint?

2011 1599 2139 1664 Qua:
2188 1603 2318 1654 mihi
2365 1602 2624 1657 videntur
2679 1601 2864 1672 magis
2926 1602 3006 1655 ad
3077 1601 3366 1654 futurum
3426 1599 3697 1669 pertinere

380 1702 632 1770 gnabunt.
657 1700 877 1754 Videtur
899 1700 1026 1754 mihi
1050 1701 1190 1770 quod
1215 1701 1352 1755 sicut
1378 1699 1563 1753 mortis
1597 1709 1816 1766 regnum
1856 1692 1908 1745 in
1941 1678 1981 1731 Β
2015 1705 2233 1757 regnum
2255 1728 2268 1749 ,
2309 1699 2364 1743 et
2401 1690 2473 1743 ibi
2514 1691 2636 1744 haec
2676 1705 2805 1744 esse
2845 1691 3232 1759 complenda
3255 1730 3273 1752 ,
3321 1689 3423 1743 ubi
3468 1689 3580 1755 (25)
3619 1689 3694 1743 di-

379 1805 471 1842 cos
495 1789 725 1843 ostendit
744 1788 906 1841 fuisse
925 1805 1057 1857 quos
1077 1790 1172 1842 sibi
1200 1789 1466 1856 peccando
1487 1787 1610 1840 fecit
1631 1782 1908 1842 obnoxios,

385 1866 456 1918 ita
499 1879 555 1918 et
590 1879 772 1918 eorum
808 1866 896 1933 qui
943 1865 1318 1918 abundantiam
1353 1865 1559 1933 gratiae,
1618 1872 1672 1916 et
1719 1863 1912 1917 donum

379 1952 601 2021 justitim
639 1954 930 2023 accipiunt,
984 1964 1036 2006 et
1078 1968 1170 2019 per
1224 1969 1386 2006 unum
1422 1952 1602 2007 Jesum
1644 1954 1912 2007 Christum

386 2044 654 2108 regnaturi
687 2044 950 2104 dicuntur,
983 2059 1200 2110 regnum
1233 2043 1484 2098 ostendat.
1504 2043 1738 2097 futurum
1759 2058 1918 2112 super

388 2131 506 2184 illos
533 2131 622 2199 qui
665 2133 745 2185 eis
779 2133 830 2184 in
866 2133 1169 2186 eruditione
1214 2133 1362 2201 regni
1395 2133 1486 2186 Dei
1521 2132 1715 2186 subditi
1763 2134 1913 2195 liunt,

384 2231 458 2282 et,
493 2231 550 2272 ut
580 2222 650 2273 ita
677 2221 872 2284 dicam,
903 2222 988 2288 qui
1019 2221 1316 2289 sapientiae,
1352 2230 1404 2274 et
1437 2219 1677 2286 justitize,
1714 2235 1776 2273 ac
1800 2223 1917 2272 vita:

385 2325 503 2379 quae
529 2311 580 2363 in
611 2311 690 2364 eis
724 2319 826 2372 est,
859 2320 912 2365 et
941 2326 1034 2380 per
1067 2327 1226 2380 quam
1264 2321 1524 2380 regnant,
1552 2326 1776 2380 capaces
1804 2311 1917 2364 l‘ue—

390 2399 493 2451 rint
516 2398 734 2452 inventi.
761 2396 908 2451 Unde
923 2408 977 2452 et
1001 2414 1102 2452 non
1131 2401 1299 2452 otiose
1320 2401 1526 2453 videtur
1549 2398 1676 2453 mihi
1702 2398 1921 2468 Aposto-

387 2485 490 2548 lus,
525 2487 612 2554 qui
659 2487 710 2539 in
746 2487 950 2541 caeteris
1009 2487 1137 2542 locis
1181 2489 1406 2552 dixerat,
1435 2489 1558 2557 quia
1605 2488 1699 2542 «in
1734 2503 1920 2542 omnes

391 2577 633 2630 homines
681 2591 824 2629 mors
868 2578 1178 2644 pertransiit
1207 2594 1223 2643 ;
1259 2596 1278 2628 ι
1312 2587 1364 2631 et
1419 2578 1650 2631 iterum:
1690 2594 1710 2629 ι
1737 2576 1920 2631 Gratia

392 2666 480 2718 Dei
517 2664 626 2734 (9.2)
662 2666 710 2717 in
744 2665 922 2732 plures
953 2666 1243 2718 abundavit
1273 2682 1287 2730 ;
1330 2683 1348 2715 ι
1393 2675 1446 2718 et
1472 2667 1661 2718 iterum
1696 2683 1710 2718 :
1746 2684 1764 2716 ι
1788 2665 1922 2719 Gra-

394 2758 467 2807 tia
494 2771 556 2807 ex
589 2755 769 2808 multis
801 2754 1009 2807 delictis
1045 2755 1096 2806 in
1119 2755 1557 2824 justilicationem
1579 2757 1645 2819 ⁵⁸,
1673 2774 1690 2804 ι
1729 2757 1826 2808 hoc
1867 2754 1918 2808 in

394 2847 510 2898 loro
564 2860 734 2914 neque
783 2860 988 2909 onmes,
1041 2859 1210 2912 neque
1260 2845 1484 2910 multos,
1524 2860 1696 2914 neque
1744 2845 1921 2914 plures

396 2936 672 3004 posuisse;
717 2936 889 2988 sciens
917 2937 980 2987 ad
1025 2949 1222 3001 paucos
1255 2934 1524 3003 pertinere
1559 2934 1714 2988 istius
1751 2934 1923 2989 beati-

395 3000 595 3077 indinis
662 3038 962 3086 summam,
1002 3000 1134 3090 tiqui
1169 3000 1546 3076 abundantiam
1604 3026 1826 3090 gratim,
1872 3000 1996 3078 etc

393 3114 586 3166 donum
613 3111 832 3180 justitiae
862 3111 1189 3180 accipientes
1211 3151 1225 3176 ,
1255 3111 1307 3162 in
1345 3111 1449 3163 vita
1490 3112 1784 3180 regnabant
1834 3127 1926 3180 per

395 3217 558 3254 unum
605 3201 782 3256 .lesum
824 3201 1093 3257 Christum
1135 3205 1200 3258 ⁸¹.
1229 3223 1248 3256 ι
1293 3204 1460 3272 Ipsius
1514 3215 1690 3258 autem
1743 3207 1928 3260 mortis

396 3290 484 3345 hic
538 3293 854 3346 describitur
900 3309 1144 3363 regnum,
1182 3310 1304 3363 qua:
1335 3297 1467 3349 alias
1503 3297 1548 3326 ⁸³
1584 3296 1779 3349 dicitur
1815 3295 1925 3366 (25)

347 3423 350 3426 .
397 3381 649 3435 inimicus
708 3397 826 3436 esse
863 3384 1060 3438 Christi
1109 3385 1324 3438 ultimus
1369 3384 1453 3438 vel
1488 3385 1806 3438 novissimus
1836 3387 1928 3439 de-

397 3476 709 3524 srruendus.
767 3472 1083 3526 Destruetur
1115 3485 1290 3529 autem
1322 3475 1375 3528 in
1417 3489 1501 3539 eo,
1558 3485 1612 3527 ut
1636 3475 1774 3528 ultra
1821 3489 1926 3528 non

397 3570 602 3627 regnet.
645 3562 794 3626 Quod
840 3562 885 3615 si
933 3577 1035 3616 non
1072 3573 1277 3632 regnat,
1326 3573 1527 3618 certum
1577 3574 1657 3618 est
1690 3565 1796 3634 jam
1832 3579 1930 3618 nec

395 3650 645 3703 delictum
703 3652 935 3705 futurum
984 3666 1138 3716 esse,
1192 3654 1243 3706 in
1293 3669 1400 3723 quo
1457 3654 1571 3709 solo
1629 3657 1812 3708 mortis
1847 3663 1930 3708 est

398 3754 639 3806 regumn,
683 3751 804 3794 tunc
860 3743 977 3796 sine
1022 3742 1180 3796 dubio
1231 3759 1350 3797 cum
1401 3745 1465 3798 ad
1516 3759 1633 3798 eam
1675 3745 1924 3799 dicetur:

401 3850 419 3877 ι
438 3828 1042 3890 Ubiest,mors,aculeus
1071 3842 1190 3884 tuus
1219 3833 1300 3885 ⁸δῖ
1322 3851 1339 3884 ι
1395 3835 1649 3901 quoniam
1689 3835 1927 3900 quidem,
1952 3825 1956 3828 ’

397 3929 454 3972 ιιι
488 3920 598 3989 ipse
619 3921 905 3989 Apostolus
933 3923 1084 3987 dicit,
1129 3941 1148 3974 ι
1172 3925 1390 3978 aculeus
1432 3925 1620 3978 mortis
1655 3933 1926 3992 peccatum

394 4020 496 4075 est,
532 4013 700 4066 virtus
724 4024 898 4066 autem
929 4014 1132 4081 peccati
1167 4016 1250 4066 lex
1275 4015 1342 4067 ".
1370 3998 1390 4065 ἱ
1433 4013 1619 4067 Restat
1645 4029 1770 4082 ergo
1804 4024 1931 4070 tunc

398 4116 568 4168 neque
621 4101 787 4168 legem
838 4104 1106 4166 futuram,
1164 4102 1209 4156 si
1260 4103 1470 4170 quidem
1506 4103 1707 4168 peccati
1763 4104 1931 4159 virtus

398 4191 512 4260 ipsa
555 4192 782 4255 dicatur,
837 4205 894 4246 ut
943 4195 1144 4262 peccati
1184 4195 1381 4247 virtute
1435 4192 1680 4256 sublata,
1739 4196 1929 4250 merito

397 4283 563 4349 possit
587 4292 638 4335 et
668 4297 886 4350 regnum
912 4283 1100 4336 mortis
1126 4283 1347 4337 aboleri.
1392 4279 1494 4334 Sed
1519 4282 1628 4335 haec
1658 4283 1711 4336 in
1740 4300 1927 4340 exces-

398 4386 458 4422 su
499 4387 636 4424 nuuc
666 4372 803 4425 dicta
832 4373 940 4424 sint
971 4389 983 4424 :
1022 4373 1132 4426 suis
1154 4373 1296 4424 enim
1333 4371 1385 4424 in
1417 4369 1550 4424 locis
1578 4378 1927 4440 opportunius

399 4459 760 4526 requirentur.
832 4456 1000 4510 Velim
1050 4467 1226 4511 tamen
1285 4458 1585 4525 percontari
1645 4459 1926 4529 (quoniam

398 4548 611 4612 quidem
671 4556 892 4600 mortem
959 4563 1178 4616 regnum
1246 4560 1414 4614 usque
1461 4547 1527 4599 ad
1591 4551 1926 4617 praesentiam

396 4635 616 4699 Christi,
650 4637 740 4704 qui
791 4646 874 4690 est
924 4637 1052 4701 vita,
1108 4638 1340 4693 diximus
1401 4640 1668 4704 tenuisse;
1725 4644 1931 4698 venisse

468 4767 726 4841 fngzech.
753 4783 903 4841 xviii,
923 4770 977 4825 4.
1051 4770 1095 4841 ξ’
1115 4769 1392 4841 Ρείη1.ηχνιι,
1419 4767 1504 4841 36.
1575 4769 1624 4841 ff
1652 4769 1804 4824 Rom.
1834 4787 1884 4833 ν,
1916 4795 1920 4804 ε

2095 4777 2116 4805 “¹
2158 4777 2283 4830 ibid.
2314 4778 2403 4837 12,
2433 4778 2519 4841 l5,
2555 4779 2643 4833 l6.

401 4842 445 4867 "
471 4842 596 4891 ibid.
624 4842 711 4889 55.
784 4842 829 4869 "
857 4842 983 4891 ibid.
1014 4842 1098 4892 56.
1173 4842 1218 4870 "
1254 4842 1380 4892 ibid.
1409 4842 1497 4892 24.
1571 4842 1615 4869 ⁵⁷
1645 4842 1772 4890 ibid.
1804 4842 1892 4894 ‘28.

401 4906 440 4936 “
470 4905 626 4958 Hebr.
659 4920 716 4966 ιι,
753 4907 807 4960 8.
881 4908 923 4937 ⁶¹
965 4907 1150 4961 Matth.
1171 4923 1268 4970 xtl,
1300 4907 1387 4960 29.
1463 4906 1507 4936 “
1523 4905 1709 4958 Matth.
1742 4923 1795 4970 x,
1819 4909 1905 4961 54.

2095 4844 2328 4908 latth.vt,
2358 4847 2442 4898 lli.
2534 4849 2580 4878 "’
2622 4849 2828 4906 Matth.
2873 4871 2965 4918 tu,
2996 4842 3058 4912 2.

2104 4913 2232 4967 Cor.
2257 4930 2344 4978 xv,
2375 4915 2462 4967 '26.
2545 4917 2591 4948 ⁸⁸
2624 4919 2801 4976 lCor.
2837 4939 2937 4990 xv,
2967 4929 3063 4982 10.

397 4837 445 4867 ⁵⁸
471 4839 596 4891 ibid.
624 4838 711 4889 55.
784 4838 829 4869 ⁵⁸
857 4839 983 4891 ibid.
1014 4838 1098 4892 56.
1173 4839 1218 4870 ³⁸
1254 4839 1380 4892 ibid.
1409 4837 1497 4892 24.
1571 4838 1615 4869 ⁵⁷
1645 4841 1772 4890 ibid.
1804 4841 1892 4894 ‘28.

473 5019 580 5087 (2|)
615 5019 704 5072 Sic
745 5035 844 5073 ms.
887 5036 1022 5073 unus
1073 5020 1289 5088 Regius.
1328 5018 1481 5088 Editi
1514 5032 1658 5082 vero,
1709 5036 1740 5088 Δι
1767 5018 1924 5071 Multo

403 5083 571 5153 magis
615 5099 668 5141 et
715 5088 1037 5140 abundantia
1081 5083 1284 5154 gra'tize,
1351 5098 1404 5140 et
1455 5087 1647 5139 donum
1699 5083 1926 5152 justitite

405 5156 711 5218 regnabit,»
749 5169 849 5208 etc.
883 5157 1030 5208 Alter
1067 5172 1165 5208 ms.
1210 5175 1228 5207 ‹
1255 5156 1416 5208 ιιιιιΙιυ
1455 5155 1621 5221 magis
1665 5167 1718 5206 et
1761 5157 1928 5207 abun-

406 5223 635 5292 dantiam
665 5227 864 5292 gratiae,
894 5235 944 5276 el
970 5226 1114 5286 doni,
1137 5235 1190 5276 et
1216 5224 1452 5288 jttstitite,
1488 5234 1541 5274 et
1571 5223 1877 5291 regnabunl,
1900 5241 1918 5273 ι

407 5297 508 5339 etc.
551 5290 700 5343 Alius
728 5293 920 5353 Regius
972 5309 1118 5345 num.
1156 5292 1289 5346 1659
1342 5293 1497 5344 habet
1529 5290 1914 5353 tantummodo,

413 5369 433 5399 ι
461 5363 744 5432 regnamet
773 5376 865 5425 per
903 5377 1061 5413 unum
1098 5359 1274 5414 Jesutn
1315 5361 1607 5423 Christum,
1634 5377 1652 5408 ι
1707 5359 1918 5412 omissis

409 5431 634 5474 (ueteris.

443 5486 588 5562 _(‘22)_
649 5489 830 5562 Gratia
877 5491 1003 5556 Dei,
1066 5507 1119 5548 et
1157 5496 1346 5548 iterum
1392 5496 1544 5562 paulo
1584 5502 1729 5561 post,
1793 5505 1916 5560 gra-

416 5557 486 5602 tia
505 5592 518 5615 ,
561 5557 744 5608 desunt
770 5560 820 5609 in
847 5562 1021 5619 edi-.is.
1055 5574 1106 5616 et
1134 5564 1186 5616 in
1217 5557 1478 5621 Dlerisdue
1511 5557 1636 5618 mss.

2013 1778 2151 1830 citur
2179 1778 2317 1846 quod
2355 1798 2372 1829 ι
2409 1778 2480 1832 sit
2504 1779 2654 1832 Deus
2676 1780 2872 1833 omnia
2905 1780 2966 1832 in
3001 1781 3312 1834 omnibus
3338 1781 3412 1834 ".
3448 1799 3467 1829 ι
3501 1780 3695 1832 Idcirco

2016 1864 2156 1916 enim
2208 1875 2262 1917 et
2317 1865 2370 1917 in
2414 1865 2669 1920 oratione
2739 1865 3058 1918 Dominica
3132 1866 3354 1918 dicere
3417 1864 3694 1923 docemur,

2023 1973 2040 2004 ι
2066 1954 2324 2008 Adveniat
2352 1969 2580 2024 regnum
2626 1965 2786 2007 tuum
2843 1955 2925 2020 ⁸⁸,
2959 1973 2982 2007 ο
3047 1956 3236 2022 quasi
3273 1955 3435 2021 quod
3468 1953 3694 2006 nondum

2019 2047 2334 2102 advenerit:
2365 2058 2423 2102 et
2450 2049 2570 2116 ipse
2605 2049 2886 2103 Dominus
2917 2048 2980 2101 in
3031 2048 3231 2101 initio
3273 2048 3698 2116 praedicationis

2020 2153 2128 2192 suae
2153 2154 2254 2191 non
2283 2139 2418 2192 dicit
2449 2156 2464 2190 :
2493 2139 2662 2193 Venit
2698 2154 2950 2207 regnum
2984 2140 3306 2191 caelorum
3336 2153 3353 2200 ;
3379 2139 3507 2198 sed,
3549 2155 3568 2186 ι
3595 2139 3693 2203 Ap-

2020 2227 2398 2294 propinquavit
2426 2241 2659 2296 regnum
2690 2228 2990 2282 caelorum
3045 2227 3127 2279 '°.
3166 2247 3188 2277 ι
3252 2227 3527 2280 Prtesens
3572 2237 3693 2280 Vero

2024 2324 2231 2382 tempus
2262 2329 2370 2368 non
2407 2324 2518 2367 tam
2556 2314 2710 2384 regni
2745 2315 3014 2368 dixerim
3064 2317 3272 2368 videri
3312 2330 3492 2384 quam
3529 2316 3646 2369 belli
3677 2334 3691 2369 :

2021 2417 2116 2470 per
2187 2403 2328 2470 quod
2400 2403 2603 2457 bellum
2669 2404 2936 2458 futurum
3018 2421 3294 2476 regnum
3367 2416 3692 2476 quaeratur,

2022 2490 2268 2555 quamvis
2298 2494 2399 2543 hoc
2426 2491 2544 2560 ipso
2575 2491 2701 2546 belli
2739 2501 3052 2562 tempore,
3086 2495 3239 2565 quia
3268 2496 3394 2564 jam
3427 2511 3494 2548 ex
3526 2495 3689 2562 aliqua

2023 2590 2176 2648 parte
2243 2595 2464 2649 regnum
2531 2582 2730 2636 mortis
2800 2583 3232 2652 infringitur,
3301 2596 3366 2639 et
3435 2584 3688 2654 paulatim

2025 2671 2337 2734 destruitur,
2391 2673 2539 2740 quod
2587 2675 2744 2741 prius
2791 2675 2850 2727 in
2917 2690 3153 2730 omnes
3202 2677 3481 2732 homines
3529 2678 3690 2730 fuerat

2027 2761 2329 2822 dilatatum,
2355 2761 2608 2817 Christus
2635 2779 2881 2833 regnare
2901 2765 3191 2832 dicatur,
3215 2769 3540 2822 secundum
3574 2769 3690 2820 illud

2024 2852 2164 2919 quod
2197 2851 2454 2918 scriptum
2489 2861 2619 2906 est:
2655 2871 2675 2902 ι
2705 2850 2965 2920 Oportet
3017 2856 3199 2909 enim
3263 2872 3402 2911 eum
3450 2873 3684 2926 regnare,

2026 2940 2194 2993 donec
2261 2948 2424 3008 ponat
2487 2955 2684 2994 onmes
2744 2940 3044 2998 inimicos
3111 2945 3253 3012 ejus
3315 2948 3429 3001 sub
3481 2949 3692 3016 pedibus

2024 3030 2140 3098 ejus
2159 3030 2238 3096 '°;
2263 3047 2282 3079 ι
2315 3038 2368 3080 et
2402 3028 2528 3081 item
2558 3029 2687 3083 alibi
2723 3031 2868 3084 dicit
2903 3051 2920 3086 :
2963 3050 2988 3083 α
3028 3033 3219 3089 Nunc
3248 3046 3452 3091 autent
3478 3040 3690 3092 necdum

2025 3120 2266 3173 videmus
2289 3119 2534 3184 subjecta
2563 3134 2687 3173 esse
2720 3121 2770 3172 ei
2804 3119 2932 3191 (26)
2970 3125 3195 3177 omnia
3235 3125 3315 3180 ⁶¹.
3344 3145 3366 3177 ι
3428 3125 3580 3180 Unde
3607 3142 3687 3194 ap-

2024 3219 2175 3278 paret
2225 3209 2349 3276 quia
2405 3209 2508 3261 hoc
2543 3210 2690 3278 quod
2733 3211 2907 3272 dicit,
2992 3232 3017 3264 ι
3049 3213 3325 3284 Oportet
3376 3217 3526 3271 enim
3574 3232 3683 3270 eu...

2025 3312 2265 3367 regnare,
2295 3317 2313 3350 ι
2352 3296 2516 3369 556
2546 3314 2645 3366 pro
2672 3315 2921 3370 regnum
2962 3319 3230 3372 parare,
3266 3307 3550 3375 posuerit.
3569 3306 3684 3359 Cero

2027 3399 2137 3442 tum
2164 3397 2246 3440 est
2274 3387 2416 3441 enim
2445 3390 2572 3456 quia
2597 3389 2756 3457 prius
2802 3389 2932 3462 (27)
2993 3399 3405 3464 pugnandum
3463 3406 3580 3458 est,
3632 3403 3682 3448 et

2027 3476 2326 3545 alligandus
2374 3487 2455 3532 est
2498 3477 2678 3540 fortis,
2741 3490 2803 3534 et
2860 3483 2956 3537 sic
3001 3500 3155 3539 vasa
3207 3488 3343 3556 ejus
3395 3487 3682 3555 diripienda

2026 3577 2150 3619 sunt
2173 3566 2240 3618 ⁸⁸.
2298 3567 2368 3618 Et
2415 3566 2538 3620 ideo
2583 3569 2757 3622 etiam
2794 3571 2929 3638 ipse
2964 3573 3276 3630 Salvator
3307 3578 3454 3631 dicit
3485 3596 3498 3632 :
3535 3595 3552 3628 ι
3581 3573 3679 3629 Non

2026 3657 2144 3709 veni
2179 3670 2362 3724 pacem
2389 3657 2632 3720 mittere,
2662 3659 2761 3712 sed
2807 3661 3096 3729 gladium
3139 3666 3220 3722 ⁸³.
3258 3687 3281 3719 ι
3321 3669 3542 3722 Tandiu
3571 3680 3682 3720 vero

2024 3748 2364 3814 pugnandum
2411 3760 2496 3802 est
2541 3750 2610 3801 ab
2646 3750 2731 3802 his
2766 3753 2871 3819 qui
2928 3770 3208 3824 regnare
3247 3759 3457 3813 volunt
3503 3759 3554 3812 in
3588 3757 3679 3810 vita

2025 3851 2120 3905 per
2143 3835 2324 3890 Jesum
2360 3837 2659 3904 Christum,
2685 3840 2881 3895 donec
2915 3861 2936 3894 ι
2970 3848 3366 3903 novissimus
3399 3838 3676 3903 inimicius:

2027 3929 2334 3980 deatruatur
2360 3945 2378 3978 ι
2407 3942 2557 3981 mors
2591 3928 2660 3982 “.
2693 3948 2712 3981 ι
2752 3930 2870 3986 Sed
2921 3946 2990 3989 et
3041 3941 3121 3994 de
3163 3942 3534 3994 abundantia
3574 3953 3684 4006 gra-

2027 4015 2134 4079 tiae,
2181 4026 2238 4070 et
2286 4017 2426 4070 dono
2470 4016 2699 4084 iustitiae
2753 4022 3085 4082 sciendum
3119 4040 3221 4083 est
3252 4033 3398 4100 quia
3446 4032 3513 4084 ad
3563 4028 3680 4083 illud

2037 4120 2283 4172 regnum,
2315 4109 2458 4174 quod
2489 4109 2729 4164 diximus
2755 4121 3102 4182 praeparari
3158 4135 3270 4190 per
3313 4122 3551 4183 bellum,
3583 4133 3678 4172 nou

2027 4196 2172 4248 venit
2215 4197 2407 4266 aliquis
2437 4198 2533 4266 qui
2586 4215 2750 4254 unam
2789 4207 3061 4270 gratiam
3113 4211 3319 4266 solum
3364 4219 3680 4267 consecutus

2029 4293 2129 4342 est,
2158 4284 2259 4334 hoc
2286 4294 2391 4345 est,
2425 4287 2517 4354 qui
2547 4287 2601 4340 in
2632 4303 2742 4342 uno
2763 4290 2970 4361 aliquo
3008 4311 3200 4365 opere
3237 4300 3562 4368 placuerit;
3597 4295 3680 4349 sed

2028 4373 2352 4426 abundantia
2388 4377 2576 4442 gratia:
2598 4381 2668 4432 ab
2698 4393 2767 4433 eo
2799 4385 3169 4455 requiritur,
3203 4393 3533 4444 secundum
3571 4402 3678 4441 eum

2027 4462 2116 4528 qui
2171 4461 2348 4516 dicit:
2389 4483 2408 4515 ι
2449 4466 2849 4525 Abundantius
2904 4488 3114 4531 autem
3166 4496 3356 4548 quam
3389 4495 3581 4534 omnes
3615 4475 3678 4528 illi

2029 4550 2290 4618 laboravi,
2314 4570 2420 4608 non
2453 4567 2636 4612 autem
2666 4575 2796 4628 ego,
2832 4565 2938 4618 sed
2973 4571 3176 4636 gratia
3206 4571 3317 4626 Dei
3352 4570 3677 4625 mecurn‘h

2032 4643 2239 4697 Similia
2269 4662 2502 4716 quaeque
2533 4649 2648 4720 (28)
2675 4655 2851 4706 etiam
2908 4657 3010 4713 bis
3061 4677 3222 4730 quos
3262 4667 3476 4720 imbuit
3504 4675 3680 4735 preca-

2725 4782 2778 4855 ’ξ
2811 4784 2957 4840 ibid.
3005 4791 3104 4844 17.
3189 4793 3246 4825 ⁸³
3284 4795 3300 4846 Ι
3330 4795 3466 4849 Cor.
3490 4797 3678 4855 “.26.

2534 4849 2590 4929 ξεί
2622 4849 2828 4929 piguit.
2873 4871 2965 4918 Ill,
2996 4859 3058 4912 2.
3148 4862 3201 4894 σο
3238 4863 3262 4916 ι
3297 4865 3441 4920 Cor.
3479 4849 3678 4929 “gis.

2022 5025 2440 5148 di‘sifiliA’ltl'igf
2475 5031 2581 5086 hoc
2613 5033 2975 5096 describitur
3001 5058 3282 5112 regnum,
3317 5063 3453 5116 qua:
3483 5053 3537 5104 in
3570 5053 3682 5105 aliis

2095 5110 2237 5156 ιιιιιΓ,
2265 5117 2282 5146 ι
2315 5110 2426 5150 etc.

2095 5164 2207 5248 (⁸2.4)
2232 5163 2298 5218 In
2331 5167 2500 5244 medio
2526 5171 2650 5248 hoc,
2685 5176 2766 5230 id.
2799 5176 2934 5233 Haec
2968 5182 3172 5237 desunt
3220 5187 3281 5240 in
3334 5189 3530 5244 editis.
3568 5190 3666 5244 his.

2018 5241 2430 5314 illllll;9"j,ll‘(.)'.tolll_
2456 5241 2639 5314 medio
2667 5263 2685 5294 ι
2727 5249 2905 5302 habet
2946 5271 2965 5302 ι
2999 5255 3331 5311 moriendo.
3376 5279 3396 5310 ›

2091 5300 2203 5377 (es)
2253 5302 2382 5377 got.
2414 5303 2470 5357 In
2508 5310 2677 5365 editis
2705 5300 3017 5377 omnium.

2357 5375 2622 5448 Desiderat
2635 5393 2724 5437 tur
2755 5368 2821 5440 in

2239 5439 2423 5532 ξίφει
2454 5437 2833 5532 Nusquamin
2853 5437 3039 5516 31in};
3060 5475 3394 5532 comparet.

2093 5506 2206 5576 (28)
2235 5509 2412 5580 Alias,
2446 5536 2466 5567 ς
2491 5506 3034 5600 είιιῖιιιιιιιιιὸιίιῖέῗῖ
