3894 6228
301 231 468 290 1029
1254 225 1602 282 COMMENT.
1637 226 1703 279 IN
1739 224 1852 278 EPI!

1951 268 1952 273 η
1988 225 2076 278 AD
2108 225 2270 285 ROM.
2303 229 2426 282 LIB.
2459 229 2522 284 ν.
3351 241 3480 296 1030

301 357 431 406 tur,
479 357 602 397 cum
636 344 763 398 dicit
793 363 807 399 :
838 363 856 394 ι
881 344 1060 400 Gratia
1109 343 1260 397 vobis
1299 351 1352 396 et
1399 358 1498 412 pax
1547 341 1859 410 multiplice—
1885 344 1931 399 A
1961 349 2269 408 peccatores
2296 343 2570 396 constituti
2600 353 2723 399 sunt
2779 347 2951 409 multi,
2994 347 3065 401 ita
3097 359 3150 402 et
3184 366 3278 419 per
3323 357 3478 409 unius

293 443 399 487 tur
437 435 509 488 ⁸⁸.
539 455 558 486 ο
590 434 972 504 Multiplicatur
997 449 1125 504 ergo
1157 433 1324 500 gratia
1359 445 1412 485 et
1431 433 1664 486 abundat
1686 471 1701 494 ,
1728 432 1771 484 si
1801 441 1854 484 et
1955 435 2312 488 obedientiam
2351 435 2478 502 justi
2514 439 2900 492 constituentur
2949 440 3096 494 multi
3137 442 3203 497 ⁷⁸.
3227 462 3248 493 ι
3301 445 3476 500 Potest

292 537 506 577 sermo
542 533 727 578 noster
749 539 959 593 semper
992 524 1043 578 in
1072 523 1242 592 gratia
1269 523 1380 575 sale
1409 523 1477 574 sit
1505 521 1770 585 conditus,
1802 529 1856 574 et
1956 524 2172 591 quidem
2210 523 2322 576 fieri
2348 533 2405 577 ut
2445 527 2729 581 secundum
2764 543 2826 582 ea
2863 543 2978 595 qua:
3028 529 3078 583 in
3121 534 3474 600 superioribus

289 625 459 679 opus
487 623 730 667 nostrum
757 629 875 668 cum
899 615 1068 684 gratia
1091 612 1404 668 humilitatis
1424 621 1476 666 et
1502 611 1856 679 simplicitatis
1957 613 2378 676 observavimus,
2402 613 2595 668 Paulus
2613 655 2628 679 ,
2675 617 2861 672 volens
2901 621 3154 688 mysteria
3196 625 3474 678 secretiora

291 702 430 765 ﬁat,
461 712 515 756 et
544 703 728 757 omnia
756 717 872 770 quae
903 704 1107 772 agimus
1150 703 1214 756 ad
1239 701 1458 770 gloriam
1497 701 1587 754 Dei
1615 715 1854 770 agamus.
1955 712 2262 771 contegere,
2289 717 2420 770 quos
2440 704 2563 756 alibi
2595 723 2612 755 ι
2645 721 2833 760 omnes
2849 703 2876 759 ἰ
2919 709 3160 774 dixerat,
3188 710 3309 765 alibi
3347 714 3475 765 mul-

289 791 585 847 Similiter
610 793 773 846 etiam
804 794 869 847 de
901 794 1041 846 dono
1075 792 1292 862 iustitiae
1343 791 1704 858 accipiendum
1751 802 1852 845 est.
1957 802 2038 843 tos
2069 801 2264 858 ponat,
2296 805 2360 844 ne
2389 792 2526 844 forte
2567 793 2609 846 si
2652 795 2874 848 dixisset
2930 815 2948 846 ι
2972 811 3064 864 per
3096 800 3248 852 unius
3296 800 3474 855 inobe-

290 882 466 937 Nihil
494 887 638 938 enim
664 884 1003 952 sinejustitia
1039 899 1196 954 agere
1233 884 1385 938 debet
1422 886 1508 951 qui
1532 884 1855 951 justiticatnr
1955 881 2208 933 dientiam
2240 889 2590 946 peccatores»
2629 880 2797 936 factos
2826 901 2946 940 esse
2980 903 3186 953 omnes,
3223 899 3274 943 et
3303 907 3475 945 neces-

291 987 326 1025 a
360 973 602 1028 Christo
625 1015 642 1040 ,
677 977 963 1030 secundum
1011 990 1129 1027 eum
1180 976 1269 1042 qui
1314 975 1443 1027 dicit
1476 994 1487 1028 :
1528 991 1547 1024 ι
1571 973 1718 1027 Beati
1762 974 1852 1042 qui
1954 969 2098 1023 sario
2128 969 2513 1036 subjunxisset,
2551 990 2570 1022 ι
2603 972 2672 1025 ita
2714 985 2767 1026 et
2801 991 2894 1042 per
2939 977 3095 1031 unius
3127 979 3476 1034 obedientiam

288 1067 636 1120 custodiunt
661 1067 914 1134 judicium
937 1103 952 1128 ,
1004 1074 1058 1118 et
1098 1063 1298 1118 faciunt
1344 1064 1602 1132 justitiam
1630 1065 1680 1117 in
1711 1063 1853 1116 omni
1948 1056 2074 1123 justi
2101 1059 2499 1111 constituentur
2522 1077 2539 1108 ι
2567 1073 2770 1123 omnes,
2793 1063 3063 1116 videretur
3090 1080 3154 1119 ex
3179 1066 3476 1136 hujusmodi

289 1162 565 1222 tempore
591 1155 670 1217 ⁶⁷;
699 1170 716 1201 ι
747 1163 801 1204 et,
839 1153 1126 1206 secundum
1157 1153 1294 1221 quod
1327 1151 1595 1221 Sapientia
1621 1168 1857 1221 prmum-
1952 1146 2325 1212 promissionis
2371 1147 2664 1202 securitate
2711 1148 2976 1204 resolvere
3033 1152 3238 1206 animos
3295 1170 3476 1209 eorum

289 1243 406 1297 tiat
445 1243 656 1306 dicens,
710 1241 835 1308 quia
864 1258 883 1292 ι
913 1250 966 1294 et
995 1241 1038 1294 si
1083 1240 1347 1309 perfectus
1377 1242 1448 1294 sit
1473 1243 1594 1309 quis
1639 1242 1690 1295 in
1732 1241 1854 1296 ﬁliis
1953 1234 2142 1302 quibus
2165 1237 2374 1304 expedit
2403 1251 2521 1290 esse
2553 1237 2650 1289 sub
2677 1248 2839 1290 metu.
2868 1239 2929 1290 Et
2953 1239 3069 1294 ideo
3094 1256 3190 1296 nos
3215 1243 3384 1297 ﬁdelis
3423 1252 3476 1298 et

287 1331 627 1394 hominum,
661 1330 834 1384 si-non
865 1330 1298 1398 adsiteijttstitia
1329 1346 1357 1383 a
1391 1331 1525 1392 Deo,
1549 1330 1601 1382 in
1632 1330 1853 1384 nihilum
1953 1325 2226 1394 prudentis
2289 1326 2339 1378 in
2378 1327 2541 1380 verbo
2593 1325 2683 1381 Dei
2756 1328 3141 1394 dispensatoris
3198 1333 3477 1387 consilium

290 1422 664 1491 reputabitur
683 1421 768 1486 “;
804 1439 824 1473 ι
861 1431 914 1474 et
941 1422 1041 1475 hoc
1066 1421 1222 1475 modo
1269 1420 1356 1489 qui
1385 1419 1854 1474 habuerintabun-
1951 1425 2246 1481 servantes,
2273 1430 2373 1483 pro
2401 1431 2464 1470 eo
2503 1416 2669 1485 magis
2718 1417 3030 1472 satisfacere
3055 1419 3304 1474 debemus
3341 1437 3477 1490 quo-

289 1513 563 1566 dantiam
591 1511 778 1581 gratiae
799 1521 853 1565 et
871 1512 1061 1566 donum
1084 1511 1324 1579 justitiae,
1351 1513 1402 1566 in
1427 1511 1531 1568 vita
1562 1512 1854 1582 regnabunt
1951 1506 2110 1560 mOdO
2156 1521 2248 1575 per
2291 1509 2447 1562 unius
2503 1509 2923 1563 inobedienliam
2977 1527 3080 1566 non
3135 1527 3338 1576 omnes.
3383 1515 3476 1568 sed

287 1613 402 1668 per
438 1614 611 1652 unum
641 1597 822 1654 Jesum
845 1599 1118 1653 Christum
1142 1600 1209 1653 ".
1880 1657 1922 1670 _
1953 1598 2100 1651 multi
2154 1608 2276 1654 sunt
2311 1609 2619 1667 peccatores
2657 1602 2802 1656 facti.
2856 1601 2986 1655 Nam
3037 1618 3132 1670 per
3169 1605 3323 1657 unius
3350 1605 3478 1658 obe-

1951 1688 2200 1741 dientiam
2236 1690 2502 1758 quomodo
2540 1705 2644 1744 non
2697 1706 2904 1756 omnes,
2949 1692 3042 1746 sed
3073 1691 3222 1746 multi
3276 1693 3477 1747 consti-

1953 1783 2189 1840 tuantur,
2235 1775 2595 1831 dillicultatem
2672 1795 2774 1832 non
2829 1779 3044 1833 habebit
3093 1779 3473 1849 intelligentiae,

1948 1866 2236 1918 secundum
2266 1865 2392 1918 illud
2416 1868 2554 1931 quod
2585 1867 2839 1922 Dominus
2863 1869 2990 1921 dicit
3017 1870 3066 1920 in
3097 1869 3382 1936 Evangelia
3405 1870 3472 1924 "z

1953 1971 1972 2005 ι
2011 1953 2154 2007 Multi
2187 1955 2328 2008 enim
2360 1957 2572 2009 venient
2620 1956 2686 2009 ab
2713 1957 2929 2011 Oriente
2973 1966 3026 2009 et
3068 1955 3372 2020 Occidente,
3422 1968 3477 2011 et

1949 2045 2396 2099 recumbentcum
2423 2045 2725 2108 Abraham,
2766 2055 2818 2099 et
2868 2046 3034 2105 Isaac,
3092 2053 3145 2098 et
3206 2043 3368 2099 Jacob
3419 2047 3473 2099 in

1948 2147 2113 2198 regno
2141 2134 2254 2195 Dei,
2284 2152 2303 2184 ›
2345 2143 2398 2187 et
2427 2148 2529 2187 non
2557 2134 2714 2197 dixit,
2741 2136 2937 2190 Omnes
2963 2135 3197 2189 venient.
3229 2135 3474 2188 Peccatu-

1947 2235 2037 2275 res
2060 2231 2232 2276 autem
2262 2222 2526 2290 quomodo
2557 2220 2709 2274 multi
2742 2229 2794 2273 et
2817 2235 2920 2272 non
2961 2235 3144 2273 oumes
3175 2221 3471 2286 videantur,

1948 2327 2067 2368 cum
2101 2311 2239 2364 idem
2263 2309 2552 2378 Apostolus
2581 2309 2722 2361 dicat
2761 2309 2901 2376 quod
2953 2326 2971 2359 ι
2999 2323 3184 2362 omnes
3224 2323 3475 2375 peccave-

1949 2409 2090 2462 runt,
2117 2417 2135 2450 ›
2175 2399 2424 2451 debemus
2465 2397 2768 2450 ostendere.
2822 2395 2978 2448 Aliud
3011 2404 3092 2449 est
3147 2409 3367 2461 peccare
3397 2395 3471 2456 ⁷⁸.

1948 2490 2088 2543 aliud
2151 2498 2477 2557 peccatorem
2526 2501 2665 2540 esse.
2741 2485 2995 2540 Peccator
3042 2485 3236 2540 dicitur
3280 2487 3324 2540 is
3379 2485 3470 2553 qui

1949 2579 2108 2632 multa
2152 2575 2504 2646 delinquendo
2534 2618 2547 2642 ,
2581 2576 2632 2629 in
2668 2576 3105 2630 consuetudinem
3128 2617 3144 2640 ,
3179 2583 3252 2640 et,
3301 2584 3358 2628 ut
3398 2575 3471 2628 ita

1949 2668 2161 2733 dicam,
2223 2668 2276 2722 in
2341 2667 2577 2721 studium
2620 2666 2874 2732 peccandi
2927 2664 3036 2734 jam
3092 2666 3274 2728 venit;
3331 2667 3474 2718 sicut

1947 2755 2246 2812 econtrario
2278 2756 2457 2824 justus
2499 2770 2602 2808 non
2637 2754 2834 2807 dicitur
2873 2754 2918 2806 is
2951 2754 3041 2822 qui
3075 2753 3238 2807 semel
3265 2761 3357 2804 aut
3391 2752 3472 2803 bis

296 2866 434 2906 nem
469 2866 489 2899 ›
525 2849 740 2908 mortis,
788 2849 882 2902 sed
932 2850 1312 2914 tantummodo,
1379 2851 1474 2905 «in
1525 2854 1846 2908 condemna-
1949 2846 2146 2917 aliquid
2201 2846 2425 2915 justitize
2481 2844 2715 2909 fecerit,
2799 2844 2891 2896 sed
2954 2844 3038 2896 ille
3097 2843 3186 2911 qui
3257 2857 3472 2908 semper

294 2941 539 3002 tionem,
573 2958 592 2990 ι
649 2954 755 3007 quo
784 2939 990 2994 scilicet
1044 2939 1095 2993 in
1161 2943 1408 2996 omnibus
1450 2944 1640 3010 probet
1688 2945 1848 2999 multo

1951 2939 2088 3008 iuste
2136 2937 2352 3007 agendo,
2396 2935 2446 2988 in
2498 2949 2595 2987 usu
2652 2943 2705 2988 et
2769 2933 3154 2987 consuetudine
3207 2932 3468 2998 justitiam

294 3031 678 3085 abundantius
713 3031 911 3083 donum
939 3045 1057 3085 esse
1088 3046 1245 3099 qttam
1270 3032 1543 3087 delictum.
1581 3033 1851 3100 Quomodo
1881 3018 1917 3030 ν
1954 3025 2110 3095 557
2142 3026 2315 3078 “abel-
2356 3020 2485 3074 Nam
2520 3021 2562 3074 εί
2588 3021 2708 3100 Ψ³ί⁸
2741 3021 2792 3072 in
2825 3021 3033 3073 caneris
3073 3018 3182 3074 fere
3215 3021 3462 3074 omnibus

293 3135 465 3186 sane,
498 3121 580 3174 vel
603 3135 723 3188 qua:
745 3120 1119 3173 condemnatio
1147 3121 1196 3173 in
1221 3137 1404 3175 omnes
1425 3099 1666 3178 homines
1695 3139 1852 3179 vene-
1949 3110 2294 3184 ἱηὶυεῑυέεὶῐν
2323 3111 2486 3166 Semel
2505 3099 2679 3164 autem
2710 3110 2789 3164 Vel
2813 3111 2894 3164 bis
2921 3109 3116 3177 aliQuld
3135 3109 3263 3177 justi
3294 3113 3473 3179 operis

295 3212 377 3264 rit
409 3208 704 3262 videndum
727 3216 829 3262 est.
866 3207 932 3260 Et
960 3207 1199 3263 sufﬁcere
1224 3208 1444 3263 forsitan
1474 3221 1645 3280 potest
1663 3228 1851 3268 secun-
1947 3205 2135 3274 egerit.
2166 3203 2264 3256 i816
2312 3202 2524 3270 quidem
2570 3199 2622 3252 in
2658 3214 2724 3253 80
2757 3213 2917 3267 ορθτθ
2961 3198 3012 3252 in
3063 3213 3169 3266 quo
3211 3199 3470 3268 iusliliam

293 3301 437 3355 dum
470 3298 771 3368 simplicem
801 3297 1209 3364 expositionem,
1239 3307 1294 3350 ut
1332 3299 1569 3354 dicamus
1598 3303 1848 3355 condem.
1951 3292 2290 3359 tenuit,jttste
2317 3291 2489 3357 egisse
2505 3289 2733 3352 dicetur,
2765 3304 2866 3341 non
2893 3299 3068 3341 tamen
3093 3304 3154 3341 ex
3179 3288 3278 3343 hoc
3294 3287 3472 3355 justus

369 1689 433 1744 4.
493 1709 513 1740 ι
540 1690 721 1760 Itaque
766 1691 909 1745 sicut
951 1706 1045 1760 per
1086 1693 1242 1745 unius
1272 1691 1520 1746 delictum
1567 1690 1618 1744 in
1670 1705 1852 1746 omnes
1880 1657 1923 1711 Β

286 1779 565 1832 homines
598 1779 649 1832 in
674 1780 1191 1841 condemnationem,
1221 1780 1289 1831 ita
1314 1789 1364 1832 et
1396 1795 1489 1847 per
1514 1781 1669 1833 unius
1695 1780 1853 1847 justi-

291 1869 444 1920 tiam
482 1868 536 1920 in
575 1882 761 1922 omnes
789 1868 1030 1921 homines
1057 1868 1108 1918 in
1131 1865 1560 1935 justificationem
1591 1869 1710 1922 vita:
1736 1868 1800 1920 ⁷⁸.
1825 1887 1845 1920 ι

287 1955 424 2010 Jam
459 1965 516 2009 et
542 1956 790 2024 superius
815 1952 1046 2006 diximus
1095 1954 1235 2022 quod
1281 1969 1375 2023 per
1422 1955 1672 2011 delictum
1724 1956 1851 2010 Adte

287 2047 462 2101 velut
496 2047 674 2096 aditus
707 2043 924 2112 quidam
957 2043 1114 2098 datus
1137 2054 1238 2109 est,
1264 2060 1369 2113 quo
1403 2045 1455 2100 itt
1477 2060 1660 2101 omnes
1682 2047 1852 2101 homi-

290 2149 401 2190 nes
436 2133 528 2186 vel
551 2143 851 2202 peccaturo,
877 2133 958 2187 vel
983 2148 1130 2188 mors
1150 2135 1356 2202 peccati
1384 2175 1400 2199 ,
1426 2136 1507 2190 vel
1534 2137 1852 2192 condemna-

288 2225 377 2278 tio
432 2223 766 2292 perveniret.
831 2222 1142 2278 Econtrario
1175 2240 1302 2293 ergo
1348 2225 1590 2282 Christus
1649 2229 1849 2282 aditum

284 2312 720 2384 iustiﬁcationis
771 2313 1006 2380 aperuit,
1037 2327 1131 2382 per
1159 2329 1314 2382 quem
1339 2315 1441 2368 vita
1485 2317 1852 2385 ingrederetur

288 2405 366 2458 ad
409 2404 688 2467 homines,
750 2411 806 2457 et
853 2403 971 2458 ideo
1005 2404 1216 2460 dicebat
1244 2405 1310 2459 de
1339 2408 1661 2474 semetipso:
1694 2425 1712 2458 ι
1743 2409 1850 2478 Ego

291 2509 427 2548 sum
467 2493 687 2546 ostium.
718 2491 822 2546 Per
850 2507 935 2547 me
955 2494 998 2546 si
1027 2493 1146 2561 quis
1172 2494 1444 2563 ingressus
1467 2495 1647 2562 fuerit,
1679 2497 1850 2552 salvae

293 2584 465 2637 bitur
490 2583 558 2634 ".
591 2601 610 2634 ι
646 2581 749 2635 Sed
774 2583 838 2635 de
867 2582 950 2636 his
976 2582 1086 2649 jam
1134 2583 1186 2636 in
1229 2585 1587 2652 superioribus
1617 2590 1746 2640 satis
1771 2597 1853 2643 est

291 2674 542 2727 dictum.
587 2670 718 2724 Illud
751 2679 926 2725 tamen
975 2673 1359 2726 observandum
1405 2683 1509 2737 est,
1557 2678 1696 2744 quod
1744 2693 1850 2733 non

295 2765 455 2818 dixit
489 2781 503 2814 :
544 2779 563 2811 ι
592 2760 749 2815 Sicut
788 2761 842 2814 in
877 2776 1059 2815 omnes
1102 2763 1341 2818 homines
1372 2763 1424 2816 in
1453 2766 1849 2821 condemnatio-

296 3390 592 3444 nationem
640 3401 762 3441 esse
802 3385 980 3439 delicti
1035 3400 1366 3440 communem
1414 3388 1550 3443 hanc
1606 3401 1849 3456 mortem,

296 3495 433 3548 quae
465 3476 718 3532 omnibus
743 3476 908 3540 venit,
937 3483 990 3528 et
1020 3474 1214 3536 veniet,
1245 3477 1406 3529 etiam
1425 3478 1467 3530 si
1485 3478 1613 3546 justi
1642 3479 1852 3533 videan-

298 3583 424 3623 tur.
453 3567 608 3633 Quod
643 3567 687 3619 si
719 3566 860 3620 [οι-ιε
884 3565 1077 3633 aliquis
1116 3564 1336 3632 objiciat
1359 3568 1424 3620 de
1448 3568 1628 3622 Enoch
1654 3579 1707 3622 et
1735 3570 1848 3623 Elia

296 3658 402 3728 qui
455 3655 710 3709 translati
759 3662 887 3708 sunt
936 3668 1002 3706 ne
1057 3653 1300 3706 viderent
1351 3662 1574 3710 mortem
1612 3657 1700 3711 "z
1750 3658 1850 3713 hoc

298 3746 474 3802 modo
507 3745 624 3799 haec
649 3759 810 3799 causa
839 3744 1074 3798 salvatur
1106 3743 1239 3813 (29).
1276 3745 1414 3812 qttod
1459 3761 1561 3800 non
1601 3749 1850 3801 continuo

296 3839 445 3893 falsa
498 3837 784 3888 videantur
835 3849 894 3886 ea
935 3850 1054 3902 qua:
1079 3838 1144 3890 de
1188 3836 1436 3890 omnibus
1481 3838 1746 3899 dicuntur.
1803 3839 1847 3894 si

299 3927 492 3994 aliqua
525 3922 855 3991 dispensatio
880 3922 972 3974 Dei
997 3923 1050 3975 in
1085 3936 1189 3976 uno
1218 3923 1299 3976 vel
1323 3925 1525 3980 duobus
1553 3926 1850 3982 hominibus

299 4018 454 4071 facta
484 4025 592 4068 est.
648 4013 754 4068 Sed
798 4021 852 4065 et
898 4013 1025 4067 illud
1055 4013 1174 4082 quis
1204 4023 1588 4083 competenter,
1622 4023 1679 4068 ut
1707 4017 1851 4071 arbi-

299 4118 447 4173 tror,
484 4106 726 4175 proferet
757 4108 809 4158 in
849 4105 985 4167 loco,
1014 4104 1136 4172 quia
1174 4119 1294 4158 cum
1317 4105 1627 4174 deliquisset
1656 4109 1848 4169 Adam,

297 4196 576 4264 scriptum
603 4203 688 4249 est
716 4195 762 4226 ⁷³
785 4195 925 4262 quod
951 4193 1108 4261 ejecit
1153 4208 1273 4247 eum
1316 4193 1570 4248 Dominus
1618 4195 1755 4249 Deus
1786 4198 1850 4250 de

1948 3381 2318 3450 appellabitur.
2358 3379 2431 3432 Ita
2468 3391 2522 3432 et
2563 3379 2739 3446 justus
2788 3393 3031 3446 peccasse
3080 3379 3296 3447 quidem
3332 3379 3473 3432 dice-

1951 3481 2039 3524 tur
2062 3471 2172 3541 (30)
2204 3471 2250 3525 si
2281 3469 2478 3536 aliquid
2505 3469 2832 3522 commiserit
2886 3468 3170 3535 aliquando
3200 3469 3339 3535 quod
3365 3483 3468 3521 non

1949 3563 2092 3622 licet,
2127 3576 2230 3616 non
2261 3570 2441 3614 tamen
2469 3573 2532 3612 ex
2582 3559 2680 3612 hoc
2709 3566 2955 3626 peccator
2993 3557 3357 3625 appellabitur,
3382 3557 3470 3624 qui

1949 3653 2200 3722 peccandi
2233 3666 2384 3705 usum
2431 3660 2485 3703 et
2513 3647 2946 3702 consuetudinem
2985 3661 3088 3700 non
3123 3655 3262 3700 tenet
3292 3661 3307 3699 :
3337 3646 3473 3700 sicut

1947 3751 2002 3794 et
2033 3738 2272 3793 medicus
2304 3737 2392 3790 ille
2429 3751 2532 3789 non
2563 3735 2762 3788 dicitur
2809 3734 2901 3802 qui
2953 3743 3046 3786 aut
3080 3733 3266 3787 leviter
3306 3743 3473 3800 ruptae

1949 3828 2138 3896 capitis
2165 3827 2271 3880 cuti
2297 3828 2397 3880 scit
2431 3827 2701 3893 imponere
2733 3837 3004 3884 araneam,
3048 3831 3142 3875 aut
3167 3823 3259 3891 qui
3293 3830 3470 3875 tumo-

1945 3933 2059 3972 rem
2091 3915 2326 3970 vulneris
2378 3929 2514 3984 aqua
2563 3914 2730 3969 calida
2791 3911 2999 3973 foverit,
3048 3911 3290 3979 quamvis
3313 3912 3472 3965 etiam

1949 4007 2050 4061 hoc
2080 4005 2357 4060 medicina:
2382 4019 2499 4058 esse
2534 4005 2778 4058 videatur
2809 4003 2948 4056 :sed
2977 4001 3066 4056 ille
3096 4002 3288 4056 dicitur
3311 4001 3476 4054 medi-

1947 4111 2041 4150 cus
2081 4096 2168 4164 qui
2207 4109 2381 4158 usum,
2431 4109 2494 4149 ac
2530 4093 2799 4156 studium,
2841 4102 2894 4146 et
2945 4090 3278 4157 disciplinam
3313 4090 3475 4142 habet

1948 4188 2209 4242 medendi.
2234 4186 2308 4240 Ex
2327 4185 2524 4255 quibus
2546 4185 2791 4238 omnibus
2819 4194 2944 4252 puto
2966 4181 3286 4236 suﬂicienter
3300 4190 3478 4234 osten-

297 4288 590 4358 paradiso,
629 4295 685 4338 et
715 4285 994 4338 constituit
1039 4298 1160 4337 eum
1216 4284 1266 4336 in
1317 4292 1455 4338 terra
1519 4285 1618 4339 hac
1660 4297 1846 4340 contra
1879 4275 1923 4330 D
1951 4279 2001 4331 di
2035 4277 2175 4346 quod
2225 4276 2369 4330 aliud
2416 4275 2485 4328 sit
2517 4288 2759 4344 peccare,
2795 4273 2938 4326 aliud
2971 4281 3299 4340 peccatorem
3333 4282 3474 4322 esse.

301 4377 624 4447 paradisum
651 4375 998 4438 deliciarum;
1026 4382 1078 4426 et
1102 4374 1214 4428 haec
1243 4374 1344 4428 fuit
1369 4375 1542 4428 delicti
1578 4376 1692 4443 ejus
1715 4391 1845 4430 cou-

299 4465 610 4529 demnatio,
645 4479 764 4533 quae
801 4465 855 4517 in
886 4477 1072 4517 omnes
1097 4463 1344 4518 homines
1372 4465 1486 4518 sine
1515 4466 1678 4520 dubio
1723 4481 1848 4536 per-

299 4558 482 4611 venit.
505 4555 708 4609 Omnes
736 4553 880 4607 enitn
928 4553 979 4606 itt
1015 4551 1132 4606 loco
1175 4552 1276 4606 hoc
1303 4554 1686 4609 humiliationis
1714 4566 1766 4611 et
1795 4557 1846 4610 in

298 4644 564 4700 convalle
594 4641 752 4696 ﬂetus
790 4640 965 4695 eﬂ'ecti
1018 4649 1182 4705 sunt;
1217 4640 1327 4694 sive
1369 4641 1511 4707 quod
1561 4641 1613 4692 in
1660 4642 1853 4696 lumbis

299 4733 438 4787 Adae
465 4732 687 4784 fuerunt
713 4743 899 4783 omnes
948 4728 1038 4798 qui
1074 4743 1138 4781 ex
1181 4743 1243 4782 eo
1286 4737 1597 4788 nascuntur,
1633 4737 1688 4780 et
1732 4746 1849 4784 cum

301 4825 428 4889 ipso
458 4837 523 4888 pa
536 4821 667 4872 riter
691 4819 843 4884 ejecti
869 4827 995 4872 sunt
1015 4833 1030 4870 :
1049 4818 1161 4872 sive
1188 4817 1290 4870 alio
1317 4816 1550 4884 quolibet
1573 4817 1859 4873 inenarra-

1951 4365 2146 4422 Omnes
2190 4367 2329 4420 enim
2384 4373 2557 4433 potest
2602 4364 2713 4416 ﬁeri
2743 4373 2801 4416 ut
2851 4362 3211 4430 peccaverint,
3261 4357 3474 4412 etiamsi

1953 4457 2120 4511 sancti
2153 4455 2369 4516 iuerint,
2406 4454 2530 4522 quia
2562 4469 2581 4503 ι
2622 4466 2777 4505 nemo
2804 4453 3029 4503 mundus
3059 4464 3088 4502 a
3110 4450 3285 4512 sorde,
3315 4461 3409 4500 nec
3431 4447 3476 4500 si

1955 4547 2111 4600 unius
2137 4544 2240 4598 diei
2273 4542 2434 4596 fuerit
2464 4543 2568 4595 vita
2607 4541 2724 4610 ejus
2749 4541 2814 4594 "’.
2845 4559 2862 4591 ι
2895 4539 3024 4604 Quis
3071 4538 3211 4592 enim
3260 4546 3340 4590 est
3385 4534 3477 4604 qui

1958 4649 2062 4687 non
2093 4640 2186 4685 aut
2217 4632 2269 4684 in
2299 4630 2459 4694 facto,
2486 4638 2575 4682 aut
2606 4629 2658 4682 itt
2692 4628 2881 4688 verbo,
2909 4637 3002 4680 aut
3030 4625 3117 4692 qui
3142 4623 3478 4677 cautissimus

1961 4729 2106 4776 certe
2137 4729 2241 4785 est,
2270 4719 2351 4771 vel
2388 4718 2438 4770 in
2462 4717 2778 4786 cogitatione
2805 4709 3144 4781 peccaverit?
3168 4707 3233 4759 Et
3255 4708 3395 4769 ideo,
3423 4715 3481 4757 ut

1963 4813 2093 4874 dixi,
2120 4823 2366 4879 peccasse
2387 4807 2599 4876 quidem
2625 4818 2810 4858 omnes
2857 4801 3042 4854 merito
3070 4798 3328 4859 dicentur,
3358 4807 3481 4879 pecs

1964 4877 2176 4956 catores
2199 4910 2377 4952 autem
2421 4893 2543 4948 lacti
2579 4906 2682 4945 non
2716 4904 2932 4949 omnes;
2984 4887 3073 4938 sed
3104 4881 3274 4935 multi.
3308 4877 3477 4932 Simili

301 4913 406 4967 liili
439 4912 601 4965 modo
618 4918 673 4964 et
700 4909 797 4963 soli
830 4909 938 4962 Deo
965 4910 1175 4978 cognito
1205 4905 1562 4972 unusquisque
1587 4907 1658 4958 de
1697 4919 1859 4973 para-

300 5004 432 5058 diso
458 5013 639 5056 trusus
667 5001 896 5062 videtur,
931 5010 985 5054 et
1017 5000 1287 5068 excepisse
1326 4997 1854 5054 condemnationem.

386 5093 440 5148 5.
477 5112 497 5145 ι
525 5093 677 5148 Sicut
705 5091 844 5146 enim
869 5107 965 5160 per
989 5087 1390 5145 inobedientiam
1417 5084 1570 5138 unius
1602 5086 1856 5142 hominis

1963 5006 2170 5062 quoque
2193 4988 2356 5042 forma
2379 4993 2432 5038 et
2449 4983 2576 5050 justi
2596 4981 2743 5034 multi
2763 4978 3114 5036 habebuntur,
3141 4987 3244 5024 non
3272 4982 3479 5029 omnes,

1964 5059 2174 5136 etiamsi
2203 5090 2386 5132 omnes
2412 5072 2538 5141 justi
2584 5069 2782 5136 aliquid
2805 5066 2977 5134 operis
3005 5071 3183 5130 agant.
3213 5059 3352 5111 Bene
3381 5071 3480 5107 an-

3255 5210 3299 5243 ⁷⁸
3342 5208 3480 5262 Gen.

386 5242 474 5296 ⁸⁸1
504 5241 652 5294 Petr.
675 5257 716 5303 ι,
738 5241 794 5294 2.
866 5240 908 5272 "’
937 5239 1070 5292 Psal.
1101 5253 1180 5298 ev,
1210 5235 1262 5287 3.
1335 5231 1378 5261 ⁶⁸
1406 5230 1529 5296 Sap.
1563 5249 1646 5295 ιι,
1680 5233 1741 5286 6.
1823 5237 1852 5267 ⁶¹

415 5313 480 5328 Α.
553 5309 614 5328 ιιι
651 5310 711 5328 n,
738 5326 759 5328 μ
819 5325 853 5328 __
911 5308 961 5328 ιι
1057 5309 1098 5328 ιη
1132 5306 1233 5328 ﬂ-..
1279 5315 1334 5328 -η
1375 5299 1442 5328 0'2
1492 5301 1550 5328 οι
1667 5304 1720 5328 13
1754 5302 1852 5328 D...

1955 5250 2140 5295 om.v,
2178 5232 2259 5283 l7.
2332 5227 2528 5279 "ibid.
2560 5223 2646 5277 18.
2739 5223 2782 5254 '“
2825 5218 2976 5271 Joan.
3022 5231 3076 5273 χ,
3111 5214 3163 5266 9.
3255 5214 3299 5243 "
3342 5214 3480 5262 Gen.

1951 5320 1974 5328 ..
2034 5304 2095 5328 ιη
2189 5301 2236 5328 η
2270 5297 2424 5328 Huni.
2489 5307 2581 5328 υ...
2641 5290 2722 5328 ιι,
2799 5281 3210 5328 πηλίκην-,9,
3303 5276 3346 5310 ιι
3383 5276 3483 5328 Μ,

303 5329 367 5377 v,
818 5325 878 5372 tt,
909 5281 1261 5361 ti.""'n"c’e.'..'
1278 5315 1354 5363 ttt,
1375 5281 1461 5360 23,
1482 5281 1646 5352 Γῖίξή
1667 5281 1852 5356 ’λ’Βυι

305 5398 432 5434 nv.
507 5421 522 5434 .
592 5417 604 5430 .

2184 5281 2236 5330 ἦ
2268 5297 2449 5349 Matth.
2489 5307 2604 5354 vttt,
2641 5290 2726 5342 ll.
2799 5289 2843 5319 7‘
2861 5286 3014 5338 Rom.
3046 5297 3099 5345 v,
3127 5281 3210 5336 12.

305 5398 432 5446 xlv,
465 5398 522 5446 4,
554 5398 604 5431 θ.

1965 5496 2067 5534 ms.
2093 5490 2227 5529 unus
2263 5482 2319 5526 ιιι
2349 5489 2400 5526 ιιι
2437 5482 2615 5525 nostro
2647 5479 2808 5524 textu.

395 5497 504 5568 (9.9)
536 5497 699 5568 Alias,
739 5511 758 5544 ι
793 5493 843 5545 id
884 5481 1441 5568 q‘llod‘HIOJO‘Li‘l:l.-:_‘-
1463 5479 1852 5568 tgAlljucArArju-u:

1965 5496 2067 5534 ms.
2093 5490 2228 5568 unus
2263 5482 2319 5526 ιιι
2349 5489 2400 5526 ιιι
2437 5487 2519 5568 pos

2031 5549 2133 5568 λείη
2236 5544 2309 5568 inn
2372 5559 2388 5568 ρ
2421 5561 2430 5568 .
2458 5541 2519 5568 ἶηῖ

2029 5549 2135 5617 (50)
2170 5543 2332 5607 Alias,
2370 5559 2388 5592 t
2419 5542 2631 5596 dicitur.
2665 5556 2684 5590 ι

311 5543 958 5635 (ἰοξῙάΪῘξ-ῙῘιοο-ιιιοῖιο
982 5554 1038 5628 ι]
1064 5543 1443 5608 excusabitur.»
1474 5543 1571 5598 Sed
1618 5550 1846 5601 rectius
