3894 6220
473 178 600 232 “l5!

1861 176 2169 243 uincente

3571 176 3683 232 1052

472 303 575 343 tem
608 288 673 340 ab
702 286 950 352 Apostolo
971 286 1130 338 etiam
1162 294 1459 353 temporum
1493 286 1626 339 ratio
1659 288 1979 347 custoditur.

2091 287 2252 341 stituti
2291 292 2411 343 sunt
2461 286 2634 341 multi.
2674 307 2696 341 ι
2734 287 2857 343 Ubi
2905 301 3061 341 vero
3111 301 3135 335 ι
3174 283 3537 338 obedientiam
3569 308 3587 336 ι
3613 310 3691 361 po.

470 378 598 431 Nam
648 391 763 428 cum
797 375 991 426 mullos
1034 374 1358 427 constitutos
1412 387 1530 429 esse
1572 386 1882 444 peccatores
1921 379 1987 430 ad

467 464 785 533 praeteritum
836 462 1171 525 retulerit",
1199 461 1373 528 jnstos
1425 465 1829 519 constituendos
1873 481 1992 520 esse

469 552 661 601 mrdtos
688 552 750 601 ad
786 548 1017 600 futurum
1053 551 1322 604 transtulit
1370 560 1598 618 tempus,
1651 555 1824 607 sciens
1875 557 1990 609 sine

464 638 621 691 dubio
644 638 778 702 quod
805 653 1049 705 processu
1073 641 1460 708 prtedicationis
1482 644 1794 710 evangelica:
1810 645 1990 712 justo-

462 743 574 778 rum
597 728 877 780 multitudo
911 729 1077 796 major
1112 742 1464 785 accresceret.
1489 732 1637 799 Quod
1664 747 1837 797 autem
1859 737 1986 802 justi

463 817 609 868 multi
643 816 836 870 fuerint
859 819 1018 870 etiam
1049 831 1169 872 ante
1196 821 1492 876 Salvatoris
1518 826 1804 878 adventum
1849 827 1984 880 idem

463 905 714 958 Dominus
738 916 963 959 testatur
987 909 1035 959 in
1062 908 1382 978 Evangeliis,
1408 926 1529 965 cum
1552 914 1679 967 dicit
1696 916 1741 946 ⁷⁸
1763 932 1776 967 :
1798 934 1816 965 ι
1840 916 1985 968 Multi

459 994 723 1060 propheta
769 1005 822 1048 et
848 997 975 1065 justi
1007 999 1287 1065 cupierunt
1328 1002 1507 1053 videre
1559 1018 1674 1070 qua:
1704 1005 1913 1059 videtis.
1959 1025 1977 1057 s

460 1079 563 1133 Sed
592 1083 744 1134 aliter
770 1084 855 1136 hic
891 1086 1080 1139 tun-llos
1102 1086 1232 1139 dicit
1251 1090 1493 1141 Salvator
1518 1092 1714 1158 justos,
1739 1104 1792 1146 et
1824 1095 1983 1150 aliter

457 1170 741 1235 Apostolus
778 1174 952 1241 posuit
989 1175 1117 1243 (5i).
1168 1175 1296 1228 Nam
1330 1176 1575 1232 Salvator
1622 1184 1981 1247 apostolorum

458 1275 736 1310 nituit-rum
788 1262 1103 1328 respiciens,
1138 1267 1202 1316 ad
1240 1266 1471 1333 ipsorum
1524 1271 1981 1336 comparationem

456 1346 649 1397 tnultos
686 1347 820 1398 dixit
857 1348 1027 1415 justos
1068 1360 1120 1401 et
1144 1351 1429 1418 prophetas
1457 1369 1471 1404 :
1503 1353 1553 1404 in
1583 1356 1830 1425 praesenti
1860 1372 1983 1411 vero

456 1432 569 1485 loco
595 1434 873 1501 Apostolus
899 1440 1092 1490 multos
1116 1438 1178 1490 ad
1205 1439 1435 1493 omnium
1465 1443 1552 1509 qui
1585 1443 1635 1494 in
1663 1442 1761 1496 hoc
1787 1448 1982 1500 mundo

452 1522 561 1573 nati
596 1530 719 1575 sunt
739 1534 794 1576 et
822 1536 1106 1577 nascentur
1135 1530 1587 1594 comparationem
1607 1531 1979 1603 intelligendus

452 1618 537 1663 est
558 1626 856 1667 revocasse.
883 1613 1049 1680 Igitur
1072 1632 1090 1664 ι
1126 1631 1221 1684 per
1244 1618 1399 1671 unius
1424 1618 1832 1675 inobedientiam
1862 1639 1982 1699 pec-
2012 1611 2053 1664 Β

452 1709 664 1751 calores
695 1702 968 1755 constituti
988 1713 1115 1757 sunt
1129 1703 1363 1769 multi”,
1386 1710 1706 1763 ssecundum
1740 1725 1853 1762 eam
1884 1714 1982 1764 οι)⁴

454 1788 779 1841 servantiam
808 1790 957 1841 multi
983 1799 1295 1857 peccatores
1325 1793 1673 1863 intelligendi,
1705 1812 1860 1866 quam
1896 1818 1984 1854 su-

452 1891 547 1941 pra
586 1877 653 1928 de
708 1888 959 1943 peccante
1000 1888 1054 1932 et
1078 1889 1357 1947 peccatore
1382 1884 1718 1949 protulimus.
1759 1888 1906 1953 Quod
1938 1892 1981 1945 si

451 1965 570 2032 quis
595 1965 743 2018 nobis
762 1967 979 2033 objieiat
1010 1968 1136 2023 illud
1167 1973 1307 2037 quod
1349 1972 1415 2025 de
1444 1988 1502 2027 se
1532 1974 1648 2042 ipso
1685 1976 1811 2031 dicit
1850 1979 1984 2047 Apo—

451 2051 621 2104 stolus
653 2069 667 2103 :
707 2071 725 2103 ‹
773 2053 904 2118 Quia
930 2055 1177 2111 Christus
1206 2056 1360 2112 Jesus
1391 2061 1534 2113 venit
1568 2063 1618 2114 in
1646 2063 1784 2117 hunc
1831 2081 1985 2119 mun-

452 2143 573 2193 dnm
599 2141 708 2211 (52)
740 2154 1047 2210 peccatores
1077 2147 1253 2201 salvos
1276 2148 1479 2216 facere,
1514 2166 1737 2219 quorum
1778 2156 1981 2221 primus

448 2245 544 2297 ego
565 2246 678 2284 sum
695 2232 795 2295 οι.»
817 2235 965 2301 quasi
982 2237 1141 2289 etiam
1166 2253 1223 2292 se
1249 2248 1581 2307 peccatorem
1612 2242 1788 2296 dicere
1809 2246 1955 2298 videa
1970 2275 1983 2287 ς

451 2331 555 2381 tur,
584 2320 820 2375 dicemus
860 2324 1002 2391 quod
1031 2325 1171 2380 aliud
1201 2338 1283 2382 est
1310 2342 1377 2382 ex
1412 2345 1637 2398 persona
1668 2331 1977 2400 Scripturae,

446 2413 528 2465 vel
552 2414 838 2482 prophetae.
861 2415 942 2467 vel
974 2417 1179 2475 Domini
1224 2419 1451 2488 aliquem
1486 2431 1816 2499 peccatorem
1844 2423 1983 2478 desi-

447 2507 617 2569 gnari,
648 2505 786 2557 aliud
806 2506 1109 2574 estjustum
1139 2508 1309 2577 ipsum
1345 2511 1423 2563 sui
1449 2511 1561 2570 fieri
1595 2520 1977 2578 accusatorem,

445 2603 499 2642 et
527 2592 808 2646 humiliare
838 2597 1181 2665 semetipsum
1207 2608 1264 2649 ut
1283 2598 1549 2651 exaltetur
1573 2613 1602 2651 a
1625 2599 1764 2663 Deo;
1790 2615 1981 2669 qnam-

446 2679 526 2733 vis
558 2689 610 2732 et
636 2678 830 2734 Paulus
861 2682 911 2735 in
945 2697 1009 2737 eo
1056 2686 1196 2754 quod
1244 2686 1374 2741 dicit
1406 2698 1742 2755 persecutum
1774 2705 1832 2744 se
1861 2705 1979 2745 esse

445 2767 734 2823 Ecclesiam
762 2771 876 2835 Dei,
900 2781 954 2824 et
979 2788 1313 2841 expugnasse
1338 2791 1477 2842 eam,
1510 2787 1563 2831 et
1588 2777 1814 2833 traxisse
1835 2779 1978 2834 viros

444 2873 508 2912 ac
533 2861 799 2922 mulieres.
828 2864 956 2916 etin
984 2864 1193 2918 vincula
1226 2865 1540 2941 conjecisse.
1574 2868 1701 2922 licet
1724 2869 1975 2941 ignoran-
1998 2918 2045 2979 ε

446 2948 515 2979 εἴ..
548 2950 656 2979 1η...
688 2949 869 2979 ιιι-..-ιι
933 2963 980 2979 Α.
1022 2955 1447 2979 ...ε,.,...;,.....-ιτ-...
1479 2967 1786 2979 Δ............
1814 2958 1874 2979 -2.
1907 2958 1953 2979 η

446 2948 517 3001 tia
547 2950 657 3004 hate
688 2949 896 3016 fecerit,
931 2963 986 3005 et
1022 2955 1449 3009 misericordiam
1475 2967 1788 3012 consecutus
1811 2958 1881 3019 sit
1906 2958 1972 3024 ”,

446 3048 620 3093 tamen
650 3055 767 3095 cum
790 3042 903 3095 haac
929 3044 1130 3097 faceret
1150 3060 1253 3099 non
1283 3046 1551 3101 immerito
1578 3047 1820 3103 fortassis
1848 3063 1974 3117 pec-

443 3139 679 3182 catorem
709 3144 765 3184 se
796 3132 898 3185 dici
927 3133 1176 3187 debuisse
1202 3133 1449 3193 fateatur.
1483 3134 1551 3190 Ut
1579 3146 1755 3189 autem
1790 3136 1973 3190 distiu-

443 3218 638 3271 rtionis
691 3219 846 3286 hujus
880 3237 1038 3289 quam
1088 3222 1332 3277 dedimus
1384 3225 1526 3278 inter
1570 3236 1881 3297 peccantem
1919 3237 1973 3281 et

442 3316 772 3372 peccatorem
809 3323 947 3373 esse,
986 3311 1283 3365 evidentior
1310 3313 1479 3366 adhuc
1504 3313 1613 3384 (55)
1645 3315 1782 3368 ratio
1802 3314 1973 3370 clare—

443 3406 576 3458 scat,
615 3397 733 3450 vide
764 3397 913 3461 Cain,
943 3400 1032 3467 qui
1087 3415 1205 3454 cum
1264 3402 1545 3458 manifeste
1579 3415 1830 3472 peccator
1868 3409 1961 3481 sit,

445 3485 574 3538 fecit
605 3495 781 3539 tamen
804 3486 1000 3555 aliquid
1029 3499 1231 3542 rectum
1268 3509 1281 3544 :
1314 3502 1529 3560 propter
1547 3494 1687 3561 quod
1722 3495 1972 3549 Dominus

445 3576 509 3627 ad
561 3592 681 3630 eum
729 3577 904 3631 dixit:
942 3597 960 3629 ι
990 3579 1045 3633 Si
1091 3590 1234 3635 recte
1284 3581 1563 3638 oﬂ‘eras".
1599 3603 1618 3636 ι
1646 3585 1712 3638 Ει
1761 3584 1969 3639 Pharao

443 3680 562 3717 cum
587 3666 716 3719 dicit
746 3680 759 3717 :
801 3684 819 3717 ι
854 3667 1340 3738 Dominusjustus;
1385 3685 1485 3740 ego
1517 3682 1695 3726 autem
1725 3683 1779 3728 et
1804 3688 1965 3743 popu-

443 3753 525 3806 lus
557 3768 703 3807 tneus
740 3755 884 3825 impii
910 3755 957 3787 ⁸⁸
990 3774 1004 3809 :
1036 3775 1055 3807 s
1079 3755 1280 3826 justum
1327 3759 1525 3826 aliquid
1556 3759 1702 3823 fecit,
1738 3765 1831 3814 sed
1864 3777 1966 3815 non

442 3859 506 3896 ex
539 3845 637 3897 hoc
659 3845 833 3913 justus
852 3848 1072 3904 dicitur.
1107 3849 1169 3902 Et
1212 3848 1374 3901 multa
1403 3849 1706 3917 hujusmodi
1739 3853 1790 3904 in
1825 3852 1969 3906 Scri-

444 3935 612 4000 pturis
647 3934 837 3989 divinis
893 3935 1152 3999 invenies,
1185 3952 1248 3991 ex
1295 3938 1486 4006 quibus
1525 3949 1579 3992 et
1611 3939 1814 4007 justum
1846 3956 1967 4008 pec-

440 4037 590 4075 casse
623 4022 840 4089 aliquid,
891 4032 945 4079 et
991 4036 1327 4095 peccatorem
1377 4029 1504 4096 justi
1555 4029 1752 4097 aliquid
1796 4030 1965 4097 egisse

440 4111 803 4179 deprehendas
839 4132 853 4167 :
886 4129 983 4168 nec
1012 4126 1186 4170 tamen
1214 4124 1305 4168 aut
1341 4115 1540 4183 justum
1585 4117 1717 4186 (54),
1745 4121 1886 4185 quod
1914 4121 1963 4170 in

439 4200 615 4265 aliquo
644 4203 966 4268 peccaverit,
1006 4215 1340 4271 peccatorem
1372 4205 1604 4270 dictum;
1638 4215 1728 4257 aut
1773 4221 1962 4271 pecca-
1993 4238 2036 4299 υ

444 4300 634 4351 torem,
681 4294 819 4359 quod
858 4294 1056 4359 aliquid
1080 4295 1211 4362 justi
1261 4295 1454 4362 egerit,
1496 4293 1697 4360 justum
1728 4296 1997 4350 invenies

442 4379 778 4444 appellatum.
811 4382 1001 4436 Verum
1029 4398 1094 4436 ne
1132 4382 1258 4435 illud
1296 4383 1508 4450 quidem
1538 4384 1798 4437 intentum
1828 4401 1964 4453 pm-

442 4475 607 4517 tereat
634 4469 949 4533 auditorem,
982 4471 1120 4538 quod
1151 4469 1241 4522 ubi
1284 4487 1302 4520 ι
1341 4470 1748 4525 inobedientiam
1778 4474 1958 4526 unius»

439 4551 589 4615 dicit,
618 4554 763 4607 addit
794 4565 846 4609 et
867 4574 884 4606 ι
909 4556 1159 4620 hominis,
1183 4571 1278 4623 per
1311 4573 1468 4624 quem
1497 4568 1806 4626 peccatores
1839 4576 1966 4615 con-

505 4685 934 4772 L'Romwﬂau
1026 4689 1208 4772 Matth.
1227 4705 1347 4772 sui,
1364 4691 1462 4772 l7“;
1482 4691 1629 4772 (line.
1655 4693 1815 4772 ng.
1886 4695 1981 4772 {ﬁli

2091 4733 2103 4748 .
2132 4710 2182 4763 v,
2213 4695 2309 4772 ll);
2363 4698 2453 4772 "ﬁt
2479 4706 2594 4772 Τίη

437 4752 481 4783 ⁸³
507 4754 639 4830 Gen.
670 4772 740 4830 tv,
770 4758 861 4830 7.”
892 4758 939 4830 ξδ
972 4759 1133 4830 Exod.
1165 4775 1236 4830 rx,
1258 4752 1352 4830 27.
1397 4759 1451 4830 ξ’
1478 4752 1710 4830 Ιῦοῐειζ
1733 4762 1818 4814 50.
1890 4763 1935 4794 "
1970 4764 1981 4816 Ι

2091 4781 2120 4814 ι.
2148 4752 2219 4823 \"I,
2246 4765 2334 4819 Π.
2414 4752 2462 4804 ⁸³¹
2491 4752 2533 4830 ἰ)

436 4826 748 4890 intuta.
821 4827 865 4859 νυ
890 4828 1016 4882 ibid.
1053 4828 1143 4893 es,
1170 4820 1258 4880 at.
1314 4828 1356 4860 ἰ
1383 4820 1514 4883 Gen.
1546 4820 1617 4893 vt,
1647 4820 1707 4893 5,‘
1732 4832 1784 4887 9.
1851 4831 1895 4862 η
1924 4832 2049 4886 ibid.

506 4942 617 5006 (5t)
655 4943 819 5006 Alias,
853 4961 871 4995 ι
907 4943 1054 4997 dicit.
1092 4961 1111 4994 ι

506 5009 612 5079 (52)
655 5010 815 5079 βάίτί,
845 5030 863 5062 ι
906 5013 954 5063 in
992 5014 1089 5063 hoc
1116 5012 1330 5074 mundo,
1368 5030 1386 5061 ι
1424 5010 1580 5066 male.

507 5077 615 5143 (55)
657 5077 814 5143 Editi,
844 5098 862 5129 ι
900 5079 1174 5134 evidenter
1195 5083 1388 5133 adhuc.
1428 5097 1448 5130 ι

506 5144 615 5209 (54)
643 5147 745 5218 Sic
802 5163 928 5200 mss.
965 5147 1103 5201 Editi
1157 5163 1305 5213 vero,
1341 5164 1361 5198 ι
1400 5146 1797 5218 deprehendes;
1853 5162 1954 5201 nec

441 5216 612 5278 latitet:
636 5211 858 5278 justum,
905 5234 924 5266 ι
957 5228 1063 5267 etc.

508 5276 613 5342 (55)
642 5276 746 5329 Ubi
768 5296 884 5332 vero
911 5284 1246 5338 obedientiam
1275 5286 1415 5351 possit
1439 5286 1613 5345 unius.
1654 5300 1759 5336 non
1785 5283 1951 5345 addit,

442 5339 678 5395 hominis.
705 5362 792 5395 per
820 5365 964 5395 auem
989 5350 1113 5395 iusti
1139 5354 1518 5395 cnnslilunmnr
1546 5353 1662 5395 ΙξιΙη
1691 5353 1951 5395 tnnsliluli

442 5350 678 5405 nonanis,
737 5362 792 5397 er
820 5365 964 5413 quem
979 5350 1113 5417 justi
1139 5350 1518 5407 constituentur
1546 5353 1665 5424 (aL,
1691 5353 1951 5404 constituti

442 5405 582 5471 sunt)
611 5363 774 5464 magi.
804 5415 925 5469 lec
943 5419 1309 5471 desiderantur
1335 5422 1386 5471 in
1415 5422 1563 5471 libris
1588 5432 1741 5471 antea
1771 5420 1951 5471 editis.

479 5424 582 5462 [UH]
611 5425 695 5462 ηιιι

736 5415 774 5464 i.
804 5415 925 5469 llam
943 5415 1309 5474 desiderantur
1335 5422 1386 5474 in
1415 5415 1566 5476 libris
1588 5415 1741 5475 antea
1771 5420 1951 5474 editis.

2055 5091 2180 5165 9.9"?
2210 5091 2563 5165 lleccatores

2054 5150 2203 5203 liant.
2229 5154 2348 5215 Lex
2382 5184 2415 5219 ει

2098 378 2174 428 uit
2204 394 2222 425 ι
2256 374 2427 435 unius.
2463 394 2482 429 s
2520 391 2627 430 non
2652 378 2850 441 addit,
2890 375 3194 445 hominis,
3221 393 3242 425 ι
3282 390 3384 443 per
3416 389 3565 443 quem
3584 379 3694 443 justi

2094 466 2476 520 constituentur
2508 468 2668 521 multi
2708 469 2869 538 (55).
2893 487 2917 520 ι
2956 467 3074 523 Hic
3105 466 3264 519 enim
3289 479 3390 532 per
3418 481 3569 533 quem
3586 468 3695 534 justi

2094 540 2247 616 linunt,
2303 555 2420 605 sine
2464 553 2628 608 dubio
2688 555 2820 624 ipsa
2863 554 3111 620 iustitia
3163 561 3283 616 est,
3338 551 3479 609 sicut
3505 564 3555 609 et
3582 558 3696 611 idem

2090 638 2369 707 Apostolus
2396 643 2522 695 dicit
2556 644 2625 697 de
2661 643 2910 709 Christo
2951 661 2968 695 :
3015 662 3039 695 ‹
3087 642 3205 709 Qui
3244 641 3430 699 factus
3456 654 3539 697 est
3567 650 3699 703 nobis

2086 727 2288 794 justitia
2318 744 2346 781 a
2380 729 2487 782 Deo
2507 730 2578 778 ⁸⁵.
2610 750 2629 781 s
2681 732 2861 786 Dedit
2920 746 3073 801 ergo
3127 732 3319 785 Adam
3352 738 3700 800 peccatoribus

2092 814 2313 867 formam
2351 830 2444 883 per
2474 817 2966 887 inobedientiarn;
3000 820 3287 873 Christus
3318 835 3452 875 vero
3480 837 3702 879 econtra-

2092 907 2170 958 rio
2199 907 2359 974 justis
2383 909 2609 963 formam
2644 928 2746 979 per
2779 913 3203 971 obedientiam
3254 918 3471 983 pOSuit,
3498 921 3631 975 sicut
3663 938 3705 978 et

2090 996 2212 1049 alibi
2264 999 2523 1067 scriptum
2555 1010 2642 1054 est
2669 1001 2722 1033 ⁸⁸
2752 1017 2768 1052 :
2824 1020 2845 1054 ι
2882 1002 3203 1058 Obedistis
3239 1019 3431 1071 autem
3465 1024 3531 1065 ex
3567 1016 3705 1069 corde

2088 1087 2141 1138 in
2177 1102 2293 1141 eam
2324 1088 2556 1143 formam
2598 1093 2907 1156 doctrinae,
2947 1094 3008 1155 in
3052 1109 3240 1171 quam
3294 1102 3488 1159 traditi
3519 1107 3655 1162 estis.
3686 1127 3702 1160 ι

2087 1173 2373 1243 Propterea
2400 1179 2546 1232 enim
2577 1188 2634 1234 et
2674 1181 2799 1250 ipse
2837 1202 2858 1234 ι
2902 1183 3205 1243 obediens
3244 1186 3435 1244 factus
3459 1204 3706 1264 estusque

2088 1264 2152 1315 ad
2194 1277 2414 1319 mortem
2440 1268 2508 1332 ⁸⁷,
2552 1288 2571 1319 s
2626 1281 2687 1322 ut
2721 1275 2818 1341 qui
2852 1276 3231 1335 obedientias
3263 1278 3396 1348 ejus
3433 1296 3707 1351 sequuntur

2085 1357 2561 1424 exemplum,justi
2588 1365 3036 1423 constituantur
3069 1369 3148 1435 ab
3178 1371 3308 1440 ipsa
3339 1372 3709 1440 justitia.sicut

2088 1442 2156 1495 illi
2204 1446 2580 1504 inohedientim
2615 1451 2864 1510 formam
2915 1468 3257 1528 sequentes
3285 1464 3576 1524 constituti
3603 1483 3710 1525 sunt

2084 1542 2406 1595 peccatores.

2241 1635 2259 1667 ‹
2309 1617 2436 1711 Leti,
2478 1633 2667 1678 autem
2708 1628 2829 1697 (56)
2866 1632 3277 1701 subintravit,
3313 1647 3377 1692 ut
3432 1641 3707 1711 abundaret

2084 1704 2356 1805 delictum.
2394 1709 2494 1764 Ubi
2528 1722 2717 1771 autem
2757 1718 3097 1778 abundavit
3129 1738 3464 1795 peccatum.
3508 1704 3705 1805 supera-

2080 1790 2334 1856 bundavit
2365 1798 2573 1864 gratia,
2634 1809 2694 1853 ut
2749 1806 2908 1861 sicut
2983 1790 3279 1881 regnavit
3335 1790 3616 1884 peccatum

2082 1889 2324 1944 mortem,
2353 1881 2426 1935 ita
2458 1892 2514 1938 et
2536 1888 2977 1960 gratiajegnet
3010 1910 3129 1964 per
3148 1881 3440 1968 justitiam
3476 1910 3529 1963 in
3563 1913 3702 1966 vitam

2079 1975 2355 2032 mteruam,
2383 1984 2478 2037 per
2495 1971 2682 2027 .lesum
2698 1975 3011 2033 Christum
3024 1982 3359 2041 Dominum
3372 1999 3695 2059 nostrum“.i

2082 2052 2136 2106 Si
2167 2057 2373 2123 quidem
2410 2069 2703 2129 antequam
2736 2066 2826 2120 lex
2866 2086 2978 2139 per
3001 2070 3257 2143 Moysen
3287 2052 3519 2133 daretur
3566 2102 3701 2140 nemo

2081 2154 2377 2210 peccasset,
2406 2148 2657 2204 volentes
2682 2168 2894 2210 accusa
2908 2174 2974 2211 re
3003 2159 3204 2229 legem
3242 2182 3316 2219 ex
3360 2168 3449 2222 his
3487 2172 3701 2240 Apostoli

2078 2232 2253 2284 verbis
2283 2232 2521 2289 Marcion
2553 2249 2612 2293 et
2642 2245 2837 2297 caeteri
2892 2247 3179 2304 haeretici
3233 2232 3584 2316 occasionem
3622 2280 3701 2317 ca-

2078 2332 2202 2384 pere
2229 2321 2565 2391 viderentur,
2622 2337 2909 2400 tanquam
2945 2335 3145 2411 558
3191 2343 3318 2397 haec
3368 2346 3535 2402 fuerit
3559 2367 3700 2411 causa

2076 2409 2375 2509 datmllegis,
2403 2424 2460 2467 ut
2481 2429 2795 2484 peccatum,
2818 2430 2981 2492 quod
3014 2409 3163 2486 ante
3194 2433 3382 2504 legem
3403 2455 3507 2494 non
3528 2442 3696 2509 fuerat,

2076 2499 2389 2554 abundaret.
2419 2503 2525 2558 Sed
2569 2510 2766 2563 nescio
2809 2516 2979 2581 quod
3032 2499 3283 2592 tempus
3319 2529 3595 2589 inveniant
3621 2499 3698 2588 va;

2075 2601 2229 2683 cuum
2259 2593 2490 2656 peccatis
2512 2607 2640 2649 ante
2665 2600 2874 2669 legem.
2904 2605 3176 2673 Quando
3199 2616 3698 2683 interficiebatCain

2073 2674 2225 2776 ἔδει,
2253 2688 2307 2730 et
2339 2687 2536 2736 terram
2572 2683 2828 2744 fraterno
2853 2700 3167 2766 sanguine
3207 2674 3697 2776 pollucti-atriis“;

2074 2763 2337 2821 diceretur
2361 2770 2427 2870 ad
2449 2786 2595 2841 eunt,
2618 2793 2638 2827 ι
2663 2763 3171 2845 Maledicta-terra
3203 2763 3261 2848 in
3288 2811 3460 2867 Opere
3479 2763 3694 2878 nuit—373,

2074 2866 2191 2954 quae
2219 2859 2432 2954 ape-ruit
2461 2874 2523 2915 os
2544 2877 2706 2919 suum
2740 2878 2806 2922 ut
2827 2878 3185 2945 susciperet
3237 2859 3693 2954 sanguinem

2082 2942 2178 3039 tris
2207 2946 2281 2997 tui
2302 2944 2389 3039 f',
2417 2965 2439 3039 s
2475 2965 2581 3004 non
2615 2956 2953 3015 abundabat
3002 2942 3326 3035 peccatum
3349 2942 3381 3030 Ξ
3403 2942 3696 3039 Αὺξιλῖάελίιξι

2078 3030 2250 3126 plane.
2291 3033 2428 3100 Quid
2453 3040 2600 3093 enim
2629 3058 2754 3098 cum
2800 3046 2928 3118 (5‘8)
2964 3030 3031 3109 et
3073 3030 3696 3126 homines

3104 4070 3179 4110 ne
3211 4073 3401 4130 usque
3434 4067 3500 4119 ad
3519 4081 3680 4136 pecus,

3111 4141 3155 4207 i,
3190 4151 3463 4216 quoniam
3483 4154 3684 4222 paenitet

2505 4204 2517 4215 .
3138 4196 3155 4207 ,
3197 4196 3676 4222 1__,____.,,......-.

2068 4196 2579 4301 nte-quodfecertm
2598 4223 2696 4264 eos
2717 4213 2790 4266 “.
2827 4232 2850 4268 ι
2877 4219 2951 4275 Et
2995 4226 3250 4301 iterum,
3285 4255 3417 4295 cum
3454 4246 3676 4298 dicitur:

2074 4279 2384 4399 '«ilgorrupt-a
2415 4302 2502 4345 est
2526 4305 2701 4399 .terra
2732 4303 2789 4359 in
2846 4323 3179 4385 conspectu
3216 4279 3473 4399 Domini,
3514 4346 3566 4390 et
3606 4351 3679 4390 re-

2069 4368 2204 4434 pleta
2233 4384 2316 4426 est
2348 4386 2495 4435 terra
2526 4383 2947 4460 iniquitatibus.
2979 4368 3674 4487 ét'viditvge'uus’tej-‘ra;

2063 4472 2115 4565 et
2138 4474 2250 4517 erat
2277 4481 2543 4544 corrupta
2587 4486 2773 4557 valde,
2805 4496 2939 4561 quia
2974 4517 3335 4578 corruperat
3364 4521 3543 4575 omnis
3568 4472 3677 4576 catt;

2067 4566 2204 4607 stam
2233 4572 2385 4614 suam
2414 4579 2593 4638 super
2626 4587 2837 4638 terram
2860 4589 2930 4642 ".
2961 4609 2981 4642 s
3016 4566 3341 4677 Quis-ergo
3375 4623 3461 4666 est
3490 4615 3558 4668 ita
3581 4625 3678 4669 sto-

2596 4732 2641 4807 )5
2664 4736 2708 4784 t,
2730 4721 2855 4807 l5.“
2890 4725 2936 4756 ”
3157 4751 3205 4799 ι,
3246 4741 3357 4806 ίὸς
3384 4747 3511 4801 Act.
3538 4766 3607 4807 ts.
3629 4751 3675 4803 2.

2082 4784 2219 4893 ᾕῖιί
2225 4784 2334 4886 21.1.
2414 4784 2459 4804 ⁸³⁷⁸
2492 4784 2712 4860 Philip.
2733 4784 2793 4861 η’,
2823 4794 2879 4849 8.
2952 4784 3205 4857 έθίὶιῖὠῗ
3222 4784 3677 4875 ηἶξτὶόῘἻῗὲὶέἶ

2066 5030 2085 5061 ε
2115 4945 2647 5068 Ερυξξὲἑῖξῖἓέᾳᾷ
2663 4986 3014 5068 mss-nostri.
3035 4986 3167 5040 Editi
3193 5003 3368 5061 vero,
3387 5012 3674 5068 perperam.

2200 5031 2782 5125 (ξξζξηξξξρλδξύἰειηὶων
2806 5056 3025 5111 formam
3062 5031 3368 5125 sequente:
3387 5031 3672 5125 "SSIJSIE

2570 5156 2591 5183 9
2615 5124 2992 5184 obedientiam
3011 5124 3199 5183 causa
3228 5129 3526 5192 imitantes
3546 5140 3666 5192 salvi

2127 5186 2203 5245 ’ξ’
2231 5186 2348 5215 mu
2382 5186 2631 5250 autem.
2679 5214 2699 5247 s
2737 5211 2825 5255 etc

2127 5220 2239 5293 (ιη)
2284 5227 2358 5285 lu
2387 5255 2573 5293 ouem
2610 5272 2710 5293 ι..-
2771 5274 2809 5293 ιι
2834 5242 2888 5293 Ἀ
2917 5272 3094 5293 .ι---....
3126 5267 3177 5293 ι..
3202 5267 3335 5293 ...ιτα

2087 5248 2241 5354 ἱ
2276 5248 2573 5357 Ιςὲρετε
2608 5248 2894 5331 ιιιο,’ίῖιίιο
2913 5272 3099 5328 desunt
3125 5267 3179 5322 in
3201 5267 3390 5335 editis,
3416 5284 3474 5327 et
3498 5273 3552 5330 in
3570 5273 3667 5346 ple-

2497 5398 2665 5465 nius
2703 5430 2815 5476 mg,
2838 5431 2988 5474 unus.
3016 5410 3113 5470 Alii
3139 5420 3276 5474 vero,
3313 5425 3334 5459 ι
3375 5420 3434 5465 et
3463 5414 3667 5482 quidem
