3894 6266
313 353 454 410 {033

1302 355 1643 414 COMMENT.
1681 353 1744 410 IN
1770 350 1983 408 EPIST.
2017 351 2102 405 AD
2132 351 2296 405 ROM.
2331 341 2455 397 LIB.
2489 342 2546 396 γ.

3377 351 3510 407 {DEI

316 466 477 529 lidus,
515 469 607 534 qui
642 469 698 523 in
731 470 822 526 his
854 475 1102 529 omnibus
1146 478 1306 540 neget
1355 471 1652 524 abundasse
1680 483 1869 537 pecca-
1902 471 1946 527 Α
1972 463 2142 518 Adam
2177 461 2440 518 accidisse
2464 460 2713 516 videntur
2750 464 2997 526 adversa,
3025 471 3080 516 et
3103 462 3270 518 multo
3301 466 3504 532 majora

315 555 474 609 tum?
506 555 600 610 Vel
646 571 799 614 certe
830 576 952 615 cum
986 562 1050 614 de
1097 559 1384 614 Sodomitis
1417 560 1612 612 dicitur
1636 574 1664 610 a
1712 558 1818 611 Deo
1851 573 1865 610 :

321 663 344 698 α
384 645 647 700 Dcseendi
683 654 741 699 ut
774 649 1010 703 viderem
1035 649 1078 702 si
1111 648 1402 702 secundum
1447 647 1737 700 clamorem
1777 645 1875 699 So-

316 731 1122 788 domitarumconsummantur
1161 734 1466 802 iniquitates
1515 748 1697 788 eorum
1724 733 1807 798 ⁹³;
1849 751 1867 783 ι

313 817 408 872 vel
443 833 564 871 cum
590 819 1080 875 circumsteterunt
1137 821 1349 874 domum
1381 820 1499 882 Lot,
1536 820 1875 888 impudicitiae

307 920 439 960 suae
464 907 639 962 scelus
669 908 834 962 etiam
869 910 920 962 in
950 910 1164 976 angelos
1194 908 1470 964 molientes
1496 909 1585 962 ἰτ
1611 910 1719 962 Aut
1751 918 1874 962 tunc

309 994 560 1049 fortasse
609 1011 715 1050 non
767 999 1076 1053 abundabat
1132 1007 1445 1068 peccatum,
1496 1014 1613 1052 cum
1670 998 1876 1054 Pharao

308 1086 603 1152 afﬂigebat
658 1087 798 1141 filios
831 1087 993 1142 Israel
1043 1089 1096 1142 in
1146 1090 1254 1144 luto
1304 1098 1356 1143 et
1389 1090 1572 1153 latere,
1623 1096 1677 1143 et
1717 1098 1875 1142 natos

306 1189 522 1228 eorum
551 1178 726 1230 necari
755 1177 976 1244 jubebat
1023 1179 1132 1247 (39)
1167 1179 1217 1231 in
1243 1177 1518 1232 ﬂumine"
1547 1178 1570 1230 ?
1601 1178 1666 1231 Et
1694 1179 1876 1245 utique

319 1267 588 1320 nondum
635 1266 801 1336 Moysi
838 1267 919 1320 lex
967 1269 1381 1332 subintraverat,
1427 1281 1547 1321 cum
1585 1267 1698 1320 haec
1733 1275 1874 1319 tanta

309 1371 680 1428 peccatorum
713 1361 858 1413 labes
889 1359 1282 1414 diliundebatur
1307 1360 1360 1412 in
1383 1366 1546 1412 terra.
1586 1358 1662 1411 Ex
1687 1357 1877 1425 quibus

308 1450 630 1516 colligitur,
666 1449 948 1502 haereticos
972 1463 1105 1516 quos
1133 1462 1292 1517 supra
1329 1446 1580 1509 diximus,
1606 1445 1689 1499 vel
1716 1445 1760 1499 si
1785 1444 1876 1512 qui

309 1547 458 1592 sunt
495 1537 588 1606 qui
619 1553 735 1591 cum
767 1537 869 1589 illis
893 1536 999 1606 (40)
1031 1538 1144 1590 haec
1165 1538 1228 1591 de
1256 1535 1414 1604 Moysi
1445 1535 1557 1601 lege
1579 1535 1715 1588 dicta
1758 1547 1877 1588 sus-

307 1628 567 1694 cipiant,
621 1641 687 1679 ne
735 1625 920 1679 leviter
976 1626 1186 1693 quidem
1252 1624 1599 1692 apostolicum
1645 1635 1865 1675 sensum

310 1715 578 1784 potuisse
604 1713 931 1782 contingere.
967 1710 1134 1781 Magis
1187 1725 1313 1779 ergo
1364 1709 1491 1763 illud
1527 1709 1578 1761 in
1605 1707 1706 1761 hoc
1755 1708 1875 1761 loco

1971 554 2203 608 ostendit
2241 565 2360 606 esse
2404 564 2521 618 qua:
2571 569 2660 620 per
2683 556 2903 621 gratiam
2939 551 3135 607 Christi
3179 554 3244 608 ad
3274 554 3506 610 medium

1971 641 2161 695 collata
2191 649 2316 694 sunt
2346 654 2358 689 :
2383 647 2436 693 et
2457 639 2506 692 in
2537 642 2780 708 praesenti
2799 641 2915 696 loco
2936 654 3052 694 cum
3085 642 3310 696 dixisset
3336 645 3508 698 abun-

1975 732 2127 785 dasse
2174 737 2476 798 peccatum,
2514 744 2759 784 sermone
2789 730 3096 799 dignissimo
3127 746 3254 786 usus
3290 740 3372 787 est
3401 748 3507 802 quo

1975 817 2356 872 abundantiam
2391 816 2652 881 vinceret,
2701 827 2755 872 et
2787 818 3324 885 superabundantiam
3354 835 3510 888 pone-

1975 915 2070 960 ret.
2105 904 2563 973 Superabundavit
2601 914 2776 959 autem
2838 910 3008 976 gratia
3065 908 3261 962 Christi
3323 910 3375 964 in
3405 925 3506 975 eo.

1975 1005 2032 1049 ut
2053 1010 2156 1048 non
2179 995 2347 1049 solum
2378 1009 2406 1047 a
2435 994 2721 1062 praeteritis
2760 998 2992 1062 peccatis
3017 998 3322 1054 absolveret
3348 1001 3513 1054 homi-

1976 1097 2114 1146 nem,
2145 1097 2328 1136 verum
2352 1082 2512 1135 etiam
2541 1084 2893 1135 communiret
2925 1098 2954 1135 a
2989 1083 3204 1139 futuris.
3235 1087 3510 1154 Siquidem

1977 1172 2079 1225 duo
2103 1171 2341 1239 quaedam
2376 1184 2538 1240 regna
2585 1171 2816 1224 ostendit
2847 1173 2900 1226 in
2925 1175 3138 1228 homine
3174 1191 3188 1228 :
3218 1191 3379 1229 unum
3405 1191 3512 1247 quo

1976 1269 2248 1328 peccatum
2282 1260 2334 1312 in
2362 1269 2586 1314 mortem
2611 1260 2881 1326 regnavit;
2918 1261 3056 1316 aliud
3089 1278 3192 1330 quo
3223 1266 3387 1332 gratia
3419 1281 3514 1336 per

1971 1349 2228 1415 justitiam
2277 1356 2462 1417 regnet
2492 1349 2545 1402 in
2575 1350 2761 1404 vitam.
2792 1349 2974 1403 Gratia
3007 1365 3134 1420 ergo
3173 1364 3254 1407 est
3285 1371 3404 1424 quae
3447 1358 3514 1411 de

1977 1451 2142 1506 regno
2192 1450 2309 1502 suo,
2363 1437 2414 1490 id
2462 1447 2564 1502 est,
2611 1437 2679 1493 de
2712 1437 2966 1492 membris
2997 1441 3194 1494 nostris
3237 1454 3511 1510 peccatum

1977 1528 2133 1596 ejecit
2161 1536 2214 1582 et
2243 1527 2464 1595 expulit,
2513 1543 2634 1582 cum
2690 1542 2794 1596 quo
2837 1530 3142 1584 necessario
3174 1533 3333 1586 etiam
3371 1551 3514 1590 mors

1976 1617 2106 1669 exiit
2135 1616 2336 1684 pariter
2364 1624 2417 1671 et
2445 1616 2666 1686 expulsa
2698 1626 2778 1671 est
2810 1616 2942 1685 (46),
2967 1627 3024 1671 ut
3056 1619 3124 1671 ita
3157 1621 3368 1676 demum
3423 1640 3512 1680 re-

1978 1717 2136 1770 gnum
2168 1704 2268 1757 sibi
2310 1704 2362 1756 in
2397 1705 2548 1758 nobis
2573 1705 2743 1773 gratia
2772 1719 2867 1772 per
2896 1705 3161 1769 justitiam
3191 1709 3512 1776 vindicaret,

312 1803 499 1855 debet
544 1800 786 1868 intelligi,
815 1813 958 1862 esse,
993 1808 1052 1852 ut
1079 1811 1218 1866 saepe
1249 1797 1354 1864 jam
1403 1797 1650 1859 diximus,
1703 1795 1874 1863 legem
1907 1806 1946 1859 Β
1975 1802 2029 1847 et
2057 1794 2145 1848 ubi
2173 1807 2316 1849 mors
2336 1794 2527 1859 fuerat,
2560 1804 2757 1849 aeterna
2788 1796 2894 1849 vita
2923 1797 3261 1856 consisteret.
3293 1799 3403 1857 Hoc
3427 1817 3516 1856 an-

313 1897 546 1942 naturaa
572 1902 688 1956 quae
725 1905 743 1937 ι
781 1887 975 1956 scripta
1010 1903 1030 1938 ι
1055 1893 1136 1939 est
1172 1903 1191 1936 ‹
1219 1900 1322 1939 non
1353 1885 1407 1938 in
1432 1884 1620 1938 tabulis
1635 1884 1873 1952 lapideis,

310 1977 427 2032 80d
477 1975 536 2029 in
585 1974 781 2028 tabulis
816 1975 993 2029 cordis
1039 1973 1372 2039 carnalibus;
1421 1988 1525 2027 non
1560 1982 1874 2037 atramento,

312 2063 430 2119 sed
462 2061 656 2130 spiritu
681 2061 775 2114 Dei
801 2061 904 2114 vivi
929 2062 1012 2112 ἐξ
1044 2077 1062 2111 ι
1098 2059 1323 2128 αυεῖιθχ
1358 2063 1422 2114 ab
1450 2059 1539 2113 illo
1559 2059 1650 2128 qui
1678 2061 1745 2113 ab
1775 2059 1877 2112 ini-

314 2155 406 2207 tio
465 2151 674 2205 creavit
712 2150 981 2204 hominem
1035 2150 1108 2202 ita
1138 2149 1190 2202 in
1221 2147 1504 2217 principali
1547 2148 1727 2203 cordis
1758 2146 1876 2214 eius

316 2243 576 2311 ascripta
639 2249 738 2304 est,
787 2248 846 2293 ut
892 2246 1472 2307 Opportunotempore,
1500 2252 1620 2291 cum
1647 2237 1753 2305 jam
1782 2251 1876 2304 pa-

315 2333 478 2400 ginae
531 2331 658 2398 ipsa:
693 2329 852 2383 menti
912 2326 1021 2396 (41)
1080 2327 1427 2392 adoleverint,
1479 2326 1560 2378 vel
1592 2327 1783 2394 potius,
1823 2335 1878 2378 ut

318 2422 620 2490 Scriptura
649 2419 964 2480 nominavit,
991 2418 1080 2471 ubi
1103 2417 1292 2470 tabulae
1311 2417 1488 2469 cordis
1509 2415 1752 2468 carnales
1776 2428 1879 2469 em-

319 2508 524 2579 perint
553 2514 836 2575 augmento
869 2505 1042 2558 aetatis
1087 2504 1282 2570 aperiri
1330 2500 1460 2573 (42),
1487 2500 1705 2555 dill‘undi
1744 2501 1877 2554 inei-

319 2597 454 2665 piat
485 2609 584 2662 per
609 2595 818 2647 interna
853 2591 1212 2655 conscientiae,
1246 2599 1300 2642 et
1343 2588 1549 2658 replere
1579 2588 1877 2642 rationibus

320 2698 558 2740 sensus.
589 2683 738 2742 Tunc
764 2696 891 2750 ergo
920 2681 1203 2734 adversum
1231 2686 1493 2748 praecepta
1523 2691 1642 2747 quae
1685 2691 1750 2731 ex
1782 2677 1880 2730 hu-

325 2773 584 2843 jusmodi
629 2771 745 2840 lege
822 2768 1135 2823 naturaliter
1189 2775 1571 2836 suggeruntur,
1616 2765 1878 2819 voluntas

322 2862 526 2918 carnis
561 2860 820 2927 exsurgit,
848 2866 900 2911 et
930 2858 1030 2910 alia
1091 2857 1321 2926 suggerit
1348 2855 1604 2909 desideria
1640 2873 1654 2908 :
1690 2864 1743 2910 et
1772 2856 1873 2910 hoc

321 2961 417 3008 est
473 2949 618 3019 quod
673 2949 784 3015 ipse
809 2948 1091 3016 Apostolus
1116 2962 1134 2995 ι
1173 2946 1337 3014 legem
1376 2944 1428 2996 in
1462 2944 1712 2997 membris
1739 2943 1880 3011 posi-

328 3052 455 3098 tam
492 3061 512 3094 ι
543 3039 860 3100 nominavit,
897 3053 914 3087 ι
947 3036 1286 3090 resistentem
1313 3031 1414 3102 legi
1430 3030 1680 3085 mentis”
1701 3029 1864 3098 (45)..

1979 1890 2083 1936 tem
2118 1890 2198 1937 est
2213 1884 2354 1951 quod
2385 1891 2439 1937 et
2456 1883 2583 1938 alibi
2607 1883 2743 1937 idem
2764 1884 3046 1953 Apostolus
3060 1887 3186 1942 dicit
3203 1907 3216 1942 :
3231 1890 3371 1946 «Non
3389 1907 3515 1963 ergo

1970 1970 2078 2040 jam
2108 1980 2294 2039 regnet
2322 1980 2595 2039 peccatum
2628 1973 2681 2026 in
2712 1983 2888 2029 vestro
2918 1977 3126 2030 mortali
3153 1991 3375 2049 corpore
3388 1983 3454 2049 ⁹⁹;
3489 2003 3508 2035 ο

1975 2070 2029 2113 et
2063 2059 2202 2114 idem
2219 2060 2345 2115 alibi
2374 2060 2727 2115 :iSicutenim
2745 2062 3061 2118 exhibuistis
3081 2069 3316 2122 membra
3339 2081 3512 2125 vestra

1976 2164 2121 2202 arma
2141 2149 2440 2218 iniquitatis
2459 2161 2697 2218 peccato,
2724 2152 2795 2205 ita
2817 2169 2956 2209 nunc
2987 2157 3236 2211 exhibete
3277 2161 3511 2214 membra

1977 2234 2136 2304 559
2163 2246 2338 2315 vestra
2362 2251 2506 2291 arma
2535 2237 2755 2306 iustitia
2774 2240 2880 2293 Deo
2901 2242 2942 2295 ⁸.
2981 2261 2999 2292 ι
3028 2241 3122 2296 Est
3147 2259 3272 2312 ergo
3289 2248 3515 2313 grandis

1976 2323 2459 2390 superabundantia
2488 2339 2553 2380 ex
2585 2340 2650 2380 eo
2679 2327 2819 2394 quod
2869 2329 2954 2381 ubi
2977 2341 3270 2397 ‘peecatum
3315 2333 3417 2389 fuit
3461 2346 3516 2390 et

1978 2425 2141 2470 mors,
2170 2411 2241 2464 ibi
2272 2426 2412 2466 nunc
2435 2406 2530 2467 est'
2548 2417 2739 2482 gratia,
2765 2425 2817 2470 et
2834 2415 3133 2484 justitia,et
3160 2421 3264 2474 vita
3293 2431 3512 2478 aeterna.

1977 2499 2175 2555 Ethzec
2210 2501 2387 2555 omnia
2420 2512 2541 2556 sunt
2570 2504 2782 2570 quidem
2821 2519 2980 2574 supra
3026 2519 3220 2562 caetera
3270 2512 3379 2582 (47)
3422 2528 3517 2580 per

1979 2587 2252 2643 Dominum
2286 2599 2524 2645 nostrum
2572 2590 2753 2646 Jesum
2787 2592 3079 2650 Christum.
3124 2596 3303 2654 Potest
3337 2612 3513 2656 autem

1981 2677 2116 2744 fieri,
2153 2689 2210 2732 ut
2249 2680 2388 2734 sicut
2417 2680 2532 2734 haec
2570 2683 2748 2736 omnia
2778 2682 2917 2737 bona
2943 2685 3076 2739 dixit
3122 2688 3389 2744 exsistere
3422 2706 3517 2760 [er

1978 2765 2256 2821 Dominum
2289 2775 2526 2822 nostrum
2551 2768 2729 2823 Jesum
2762 2772 3034 2827 Christum
3069 2774 3202 2843 (48),
3234 2776 3309 2830 ita
3343 2787 3398 2832 et
3428 2779 3516 2832 illa

1979 2855 2114 2908 mala
2156 2855 2372 2924 intelligi
2407 2856 2631 2911 voluerit
2662 2857 2933 2912 exstitisse
2960 2872 3054 2927 per
3087 2861 3352 2915 diabolum
3373 2902 3391 2928 ,
3425 2869 3517 2920 sed

1980 2942 2188 2996 siluisse
2231 2944 2294 2996 de
2336 2944 2573 2997 auctoris
2602 2959 2784 2999 eorum
2821 2947 3054 3012 nomine,
3099 2957 3154 3001 ut
3181 2953 3517 3016 superabun-

1980 3030 2211 3084 dantiam
2258 3031 2438 3099 gratia:
2472 3032 2524 3086 in
2575 3034 2820 3088 omnibus
2854 3035 3160 3104 designaret
3205 3038 3339 3107 (49).
3383 3038 3514 3095 Nam

326 3134 493 3190 Hanc
515 3145 644 3198 ergo
671 3142 810 3182 nunc
841 3126 1008 3194 legem
1039 3122 1396 3178 membrorum
1434 3120 1673 3188 posuisse
1704 3119 1755 3172 in
1781 3121 1879 3174 hoc
1905 3123 1946 3181 C
1979 3119 2116 3172 sicut
2145 3119 2393 3174 Christus
2422 3135 2584 3174 unum
2637 3123 2848 3188 quidem
2901 3132 2982 3178 est
3011 3139 3106 3191 per
3135 3128 3514 3194 substantiam,

327 3225 465 3279 loco
503 3221 717 3274 videtur
750 3213 1058 3282 Apostolus,
1093 3225 1250 3279 quam
1298 3209 1628 3263 subintrasse
1662 3207 1790 3262 dicit
1824 3215 1882 3259 ut

324 3311 643 3368 abundaret
690 3313 986 3375 peccatum.
1015 3301 1146 3355 Nam
1175 3309 1229 3354 et
1269 3300 1380 3368 ipse
1404 3312 1582 3352 sermo
1613 3312 1719 3366 quo
1754 3311 1882 3351 usus

327 3409 439 3463 est,
500 3396 810 3466 plenissime
848 3392 975 3445 mihi
1009 3391 1217 3444 videtur
1251 3389 1360 3442 haec
1399 3402 1518 3456 qua:
1544 3388 1766 3442 dicimus
1796 3387 1882 3440 iu-

327 3491 549 3543 dicare.
573 3484 733 3538 Aliud
758 3495 989 3549 namque
1011 3488 1094 3532 est
1123 3479 1343 3542 intrare,
1375 3476 1520 3530 aliud
1549 3476 1880 3539 subintrare;

327 3579 483 3632 sicut
513 3573 660 3626 aliud
691 3580 771 3626 est
801 3571 1013 3630 dueere,
1058 3576 1108 3621 et
1162 3565 1305 3619 aliud
1361 3564 1688 3627 subducere;
1741 3562 1882 3616 aliud

331 3665 589 3724 trahere,
631 3671 685 3714 et
716 3659 858 3712 aliud
908 3655 1245 3710 subtrahere.
1305 3652 1616 3707 Subintrare
1658 3663 1884 3718 namque

333 3755 448 3809 hoc
478 3750 707 3811 indicat,
741 3761 859 3800 cum
903 3745 1006 3799 alio
1045 3746 1310 3810 ingresso,
1356 3740 1455 3795 sub
1497 3742 1713 3794 obtentu
1745 3738 1884 3792 illius

328 3843 483 3898 alius
509 3837 812 3905 ingreditur
837 3834 970 3904 (44).
995 3833 1053 3886 ln
1086 3845 1194 3900 quo
1234 3830 1390 3892 ratio,
1419 3843 1577 3897 quam
1606 3842 1762 3896 supra
1786 3840 1880 3880 ex-

329 3931 645 4004 posuimus,
665 3925 941 3979 evidenter
972 3918 1203 3974 ostendit
1224 3917 1364 3986 quod
1391 3919 1487 3970 sub
1509 3916 1727 3968 obtentu
1751 3914 1883 4004 legis

331 4003 629 4078 naturalis,
659 4027 819 4081 quam
843 4011 1013 4078 legem
1045 4008 1239 4061 mentis
1267 4005 1561 4059 nominavit
1581 4003 1881 4072 Apostolus,

331 4123 461 4179 qua:
485 4107 586 4176 legi
608 4104 702 4157 Dei
732 4101 1014 4165 consentit,
1043 4109 1156 4152 orta
1172 4099 1242 4151 sit
1277 4096 1362 4150 lex
1383 4095 1740 4150 membrorum
1769 4107 1885 4162 quae

335 4195 616 4256 desideria
647 4191 827 4246 carnis
860 4200 1182 4257 suggerens,
1225 4193 1279 4238 et
1316 4184 1582 4251 captivum
1617 4181 1882 4234 hominem

330 4293 549 4347 ducens
577 4282 785 4339 libidini
803 4297 865 4335 ac
885 4277 1241 4346 voluptatibus
1259 4275 1567 4328 inclinatum
1596 4270 1730 4341 (45),
1759 4271 1886 4326 facit

332 4381 394 4435 in
421 4392 490 4432 eo
503 4373 776 4428 abundare
802 4375 1100 4436 peccatum.
1129 4363 1218 4416 Sic
1239 4375 1367 4427 ergo
1388 4378 1405 4409 ι
1438 4360 1522 4414 lex
1546 4357 1881 4420 subintravit,

1984 3208 2146 3261 multa
2177 3218 2354 3262 autem
2383 3209 2664 3264 virtutibus
2692 3219 2744 3265 et
2769 3212 3163 3280 operationibus
3207 3215 3540 3286 designatur,

1983 3297 2129 3364 (nam
2151 3307 2205 3351 et
2237 3297 2403 3367 gratia
2447 3299 2557 3367 ipse
2603 3313 2721 3355 esse
2758 3301 3090 3369 intelligitur,
3121 3303 3258 3358 sicut
3285 3305 3528 3374 justitia,

1981 3386 2118 3440 sicut
2147 3401 2267 3454 pax,
2297 3388 2435 3442 sicut
2475 3389 2604 3452 vita,
2634 3390 2772 3444 sicut
2815 3393 3031 3453 veritas,
3064 3392 3204 3447 sicut
3240 3395 3516 3466 Verbum),

1985 3474 2054 3528 ita
2103 3474 2347 3529 fortassis
2379 3485 2434 3530 et
2463 3476 2702 3532 diabolus
2753 3479 2804 3532 in
2847 3480 3074 3534 diversis
3113 3483 3518 3550 significationi-

1982 3561 2082 3617 bus
2132 3576 2269 3632 saape
2316 3572 2490 3632 potest
2516 3565 2731 3637 intelligi
2784 3567 2916 3637 (50).
2960 3569 3091 3626 Nam
3139 3583 3193 3629 et
3240 3587 3518 3644 peccatum

1983 3654 2124 3722 quod
2188 3667 2410 3721 regnare
2495 3655 2732 3720 dicitur,
2806 3657 2920 3726 ipse
2991 3664 3254 3726 putandus
3297 3677 3412 3732 est;
3468 3678 3522 3723 et

1986 3756 2132 3796 mors
2191 3742 2304 3808 ipse
2358 3742 2656 3798 credendus
2703 3752 2818 3808 est,
2881 3745 2947 3799 de
3002 3764 3108 3816 quo
3144 3751 3364 3820 dicitur,
3393 3757 3518 3821 quia

1989 3848 2008 3881 ι
2048 3831 2370 3885 novissimus
2425 3832 2671 3887 inimicus
2720 3834 3024 3888 destruetur
3077 3853 3220 3894 mors
3251 3842 3290 3893 ¹.
3337 3860 3357 3894 ›
3415 3843 3519 3897 Sed

1985 3932 2037 3973 et
2073 3921 2298 3987 perditio
2343 3922 2456 3990 ipse
2504 3923 2814 3992 intelligitur
2840 3967 2855 3990 ,
2900 3929 3187 3981 secundum
3223 3931 3347 3984 illud
3377 3936 3520 4001 quod

1985 4010 2180 4062 dictum
2237 4016 2319 4063 est
2374 4024 2404 4062 a
2453 4011 2706 4079 pr0pheta
2754 4014 3074 4069 :«Perditio
3125 4016 3294 4076 factus
3349 4033 3428 4085 es,
3467 4029 3523 4076 et

1986 4110 2089 4150 non
2133 4097 2394 4152 subsistes
2426 4099 2476 4152 in
2509 4107 2764 4153 aeternum
2820 4112 3026 4170 tempus
3053 4104 3124 4161 ³.»
3157 4104 3260 4160 Sed
3293 4115 3345 4160 et
3377 4111 3518 4177 quod

1985 4188 2112 4242 dicit
2135 4188 2442 4256 Apostolus,
2465 4208 2483 4240 ι
2511 4188 2624 4244 Non
2661 4203 2789 4260 ergo
2817 4201 2999 4262 regnet
3035 4204 3313 4262 peccatum
3346 4197 3398 4250 in
3423 4214 3521 4252 ve-

1985 4284 2096 4330 stro
2121 4277 2331 4331 mortali
2369 4291 2592 4345 corpore
2619 4281 2660 4342 δ,
2691 4297 2710 4330 ο
2741 4289 2866 4347 puto
2893 4281 3033 4349 quod
3086 4283 3254 4351 magis
3302 4284 3367 4339 de
3405 4285 3520 4354 ipso

1987 4364 2181 4417 dictum
2217 4365 2306 4418 sit.
2347 4365 2464 4432 Ipse
2492 4375 2574 4419 est
2595 4367 2735 4420 enim
2764 4377 2950 4422 auctor
2979 4371 3203 4436 peccati,
3229 4380 3284 4424 et
3308 4375 3516 4438 mortis,

333 4419 400 4520 ut
428 4461 733 4516 abundaret
761 4419 1031 4510 delictum.
1066 4449 1168 4502 Sed
1203 4449 1290 4502 ubi
1319 4446 1636 4509 abundavit.
1688 4445 1879 4513 inquit.
1913 4419 1957 4472 Β
1987 4462 2040 4507 et
2065 4455 2402 4522 perditionis;
2442 4463 2495 4508 et
2537 4467 2925 4524 consequenter
2971 4419 3037 4512 ab
3087 4419 3315 4517 inventis
3357 4419 3520 4520 rebus

335 4559 648 4622 peccatum,
685 4537 1412 4612 superabundavitgratia".
1453 4553 1471 4586 ι
1511 4536 1659 4589 Sicut
1699 4536 1750 4588 in
1795 4551 1884 4588 su-

333 4637 648 4710 perioribus
679 4633 976 4694 docuimus,
1008 4629 1094 4682 ubi
1129 4641 1224 4695 per
1254 4624 1462 4694 singula
1493 4638 1715 4692 quaeque
1738 4638 1885 4677 eom-

337 4729 680 4802 parationem
737 4722 865 4776 facit
910 4734 1094 4775 eorum
1144 4731 1262 4785 qua:
1319 4729 1382 4768 ex
1431 4714 1869 4780 praevaricatione

435 4821 482 4853 ”
507 4819 644 4873 Gen.
675 4830 828 4877 xvm,
856 4813 945 4866 21.
1019 4809 1218 4864 "Gen.
1252 4805 1449 4877 xm}.

417 4979 530 5048 (59)
568 4977 734 5048 Alias,
769 4991 788 5024 ι
821 4972 1102 5048 volebat.)
1131 4967 1286 5048 male,

439 5033 530 5112 to)
573 5033 731 5106 sunt;
768 5059 787 5092 ι
823 5040 902 5094 vel
927 5041 970 5092 si
987 5037 1085 5112 qui
1113 5033 1387 5112 cum_i|lis,
1420 5050 1440 5082 ι
1470 5041 1572 5086 etc.

443 5102 532 5181 Η)
573 5102 744 5175 Alias,
778 5128 797 5160 ι
837 5102 1050 5168 mentis,
1089 5121 1108 5154 ι
1149 5102 1306 5181 male.
1447 5167 1460 5179 θ

419 5168 532 5254 (42)
575 5168 742 5254 ξίῖἓιὲἐ
773 5197 791 5228 ι
823 5168 1586 5254 atteret???WWWE‘ﬁ-j

1991 4549 2178 4596 auctor
2208 4543 2403 4596 inventi
2451 4545 2775 4599 nominatur.
2805 4546 2917 4602 Non
2942 4563 3067 4617 ergo
3094 4558 3268 4618 potest
3322 4552 3434 4606 fieri
3465 4563 3522 4608 ut

1991 4625 2106 4679 sine
2135 4640 2258 4694 rege
2303 4628 2583 4696 aliquando
2625 4631 2697 4685 sit
2733 4633 2941 4700 anima;
2981 4635 3073 4689 sed
3104 4636 3202 4690 hoc
3244 4640 3524 4706 providen-

1975 4714 2098 4767 dum
2136 4723 2219 4768 est
2251 4724 2310 4768 ut
2353 4716 2629 4772 Christum
2670 4735 2845 4787 regem
2891 4721 3107 4787 habeat,
3137 4723 3291 4792 cujus
3335 4726 3521 4794 jugnm

1550 4806 1594 4837 ⁸⁵
1629 4805 1791 4860 Exod.
1821 4819 1861 4866 ι,
1900 4804 1984 4866 Μ,
2015 4806 2102 4858 ⁵52.

337 4909 398 4954 v,
436 4890 527 4942 20.
605 4887 650 4916 ⁹⁹
683 4873 838 4936 Rom.
859 4896 933 4945 vr,
962 4881 1046 4932 12.
1123 4879 1137 4908 ⁸
1173 4876 1298 4930 ibid.
1324 4875 1407 4937 l5,
1440 4873 1524 4926 l9.
1598 4873 1662 4926 ἰ
1694 4873 1815 4926 Cor.
1843 4887 1927 4938 xv,
1953 4873 2040 4927 26.
2115 4875 2135 4906 ³
2161 4873 2356 4929 Jerem.
2385 4893 2457 4937 ιι,
2487 4877 2575 4930 26.
2650 4878 2670 4907 δ
2700 4877 2855 4931 Rom.
2879 4893 2951 4942 vi,
2975 4879 3057 4931 lii.

2195 4808 2241 4839 ⁸⁸
2273 4806 2312 4859 ll
2342 4809 2464 4861 Cor.
2495 4823 2576 4873 tu,
2609 4810 2660 4861 5.
2729 4811 2772 4842 "
2808 4811 2963 4864 Rom.
2999 4825 3090 4874 vrr,
3115 4811 3204 4866 25.
3290 4814 3336 4846 ’⁸
3366 4814 3519 4868 Rom.

1983 4965 2276 5034 luptatibns
2309 4967 2659 5030 inquinatum,
2692 4965 2861 5034 ral.,r
2887 4966 3142 5034 deditum.
3191 4987 3209 5018 ι

2049 5032 2160 5099 (46)
2200 5036 2358 5097 Editi,
2397 5051 2414 5084 ι
2455 5047 2596 5088 mors
2623 5033 2822 5101 pariter
2852 5032 3064 5088 exclusa
3092 5046 3198 5088 est.
3246 5055 3266 5087 ι

2071 5103 2158 5168 47)
2184 5104 2352 5165 Alias,
2381 5119 2399 5150 ι
2438 5112 2563 5168 sunt
2593 5101 2731 5168 quod
2751 5111 3268 5168 estsuper_cmtera.
3303 5123 3324 5157 ι

2071 5166 2158 5229 48)
2195 5171 2447 5224 Nostrum
2485 5166 2663 5224 Iesum
2697 5167 2978 5220 Christum.
3011 5166 3216 5222 Desunt
3266 5174 3317 5225 in
3369 5183 3528 5229 antea

419 5235 532 5325 (λδ)
575 5235 740 5325 Ιξιιὶὶιὶξ
775 5263 794 5295 ι
829 5235 970 5325 quod
999 5235 1603 5325 aitiapost‘olusg-legem
1637 5235 1689 5288 in
1718 5249 1883 5289 mem-
1978 5235 2151 5325 editis;

339 5304 470 5380 bris
487 5304 738 5387 positam,
766 5304 1103 5387 resistentem
1129 5304 1232 5387 legi
1254 5304 1464 5358 mentis.
1492 5321 1521 5387 ,ε

421 5369 1419 5462 Mss",ple.rique,.r_qu6d‘cura
1455 5371 1591 5462 alia,

339 5440 600 5519 obien’to,
653 5440 791 5504 alius
827 5440 1140 5519 ingreditur.
1172 5462 1189 5493 ι
1222 5441 1422 5494 Deinde
1467 5440 1592 5490 editi
1627 5446 1728 5519 et.
1751 5453 1878 5490 mss.

339 5515 594 5599 quidam,
623 5537 642 5570 ι
679 5520 733 5573 ln
761 5532 865 5599 qua
896 5515 1124 5599 ratione,
1147 5524 1304 5580 quam
1335 5521 1491 5576 supra
1513 5516 1881 5572 exposuimus,

341 5586 626 5653 évidenter
654 5586 984 5643 ostenditur,
1010 5590 1157 5653 αρε
1191 5650 1203 5653 _
1536 5641 1547 5653 ⁸
1573 5640 1604 5653 η

698 5669 823 5706 mss.
855 5641 1046 5703 nostri.
1073 5650 1204 5700 Editi
1235 5660 1379 5709 vero,
1413 5662 1430 5694 ι
1461 5641 1674 5697 libidine
1698 5652 1760 5693 ac
1793 5654 1886 5695 vo-

679 5745 947 5804 Ps'rnoe.
992 5737 1106 5795 Gn.
1158 5733 1320 5793 XIV.

2053 5307 2165 5375 (49)
2197 5305 2362 5367 Alias,
2392 5321 2416 5375 ι
2447 5305 2500 5357 in
2530 5303 2832 5375 hominibus
2856 5300 3202 5375 assignaret;
3231 5323 3250 5356 ι
3282 5308 3374 5369 al.,
3396 5325 3417 5358 ι
3445 5322 3534 5362 as.

1983 5368 2272 5442 sig'nasset;
2308 5389 2327 5422 ι
2358 5368 2988 5442 ιιι..,ςγεοιιιιιιθηιιιιι-θι..ζ
3010 5387 3028 5417 ι
3064 5368 3281 5427 Deinde
3322 5377 3452 5429 editi
3481 5385 3538 5430 et

1983 5435 2084 5495 ms.
2112 5435 2288 5493 unus:
2323 5456 2342 5489 ι
2378 5439 2556 5494 multis
2583 5450 2760 5494 autem
2791 5435 3072 5488 virtutibus
3094 5474 3110 5497 ,
3140 5456 3161 5488 ι
3188 5451 3299 5495 etc.

2055 5508 2162 5578 (50)
2189 5508 2352 5571 Alias,
2380 5525 2398 5556 ι
2423 5521 2540 5562 esse
2564 5517 2736 5579 potest
2760 5502 3050 5580 intelligi”
3084 5505 3164 5557 al.
3196 5507 3349 5562 deest
3373 5526 3394 5562 ι
3431 5525 3528 5564 ’ω-

1986 5592 2072 5646 pe,
2108 5595 2125 5628 ι
2162 5583 2234 5641 ct,
2265 5593 2284 5626 ι
2313 5587 2448 5630 esse.
2483 5593 2502 5627 ι

3161 5718 3242 5777 33
