3894 6220
352 359 500 414 10)ςῖ

1334 355 1680 410 COMMENT.
1717 355 1778 407 1N
1807 354 2020 408 EPIS'I‘.
2053 356 2141 406 AD
2169 357 2331 409 ROM.
2359 357 2483 408 LIB.
2525 358 2588 407 ν.
3013 359 3067 369 ’⁸

3403 359 3538 416 1068

347 473 491 526 dum
524 475 590 527 “.
625 474 691 528 Et
715 489 894 530 revera
923 472 966 526 si
989 471 1172 526 eadem
1215 471 1484 524 aeternitas
1523 471 1709 524 mortis
1745 485 1906 540 pona-
1935 475 1979 531 Α
2001 486 2032 519 ι
2065 469 2142 522 An
2191 469 2448 536 ignoratis
2474 470 2596 539 quia
2630 447 2939 538 quicunque.
2975 470 3228 540 baptizati
3258 486 3442 528 sumus
3479 477 3533 530 in

343 562 450 614 'tnr
480 578 625 623 esse.
657 575 774 629 quae
801 562 921 614 vita:
952 571 1052 624 est,
1080 560 1187 627 jam
1225 574 1327 612 non
1355 561 1456 613 erit
1476 574 1616 613 mors
1636 560 1754 613 vitzr
1779 576 1905 614 eon-

349 653 556 714 traria,
586 653 678 704 sed
711 652 951 719 aequalis.
993 650 1266 705 Hilernum
1295 665 1522 720 namque
1551 662 1745 704 aeterno
1778 667 1905 705 con-

347 743 587 792 trarium
639 755 741 792 non
792 741 914 804 erit,
961 743 1051 795 sed
1090 741 1246 794 idem.
1291 739 1443 792 Nunc
1485 749 1657 793 autem
1697 749 1902 794 certum

341 837 441 881 est
475 838 702 883 mortem
749 831 868 883 vita:
902 845 1020 884 esse
1043 830 1402 895 contrariam;
1430 839 1633 884 certum
1668 841 1746 884 est
1778 845 1903 899 ergo

341 922 503 986 quod
537 921 582 974 si
605 921 712 974 vita
747 932 946 975 aeterna
979 932 1059 976 est
1092 923 1225 989 (6|),
1263 938 1406 976 mors
1435 937 1553 977 esse
1597 937 1699 976 non
1738 923 1903 992 possit

338 1018 561 1060 aeterna
581 1024 594 1058 :
613 1009 751 1060 unde
769 1020 821 1061 et
849 1011 1204 1063 necessarium
1226 1011 1395 1065 locum
1420 1020 1563 1064 tenet
1585 1013 1902 1066 resurrectio

341 1105 722 1150 mortuorum.
755 1096 888 1150 Cum
953 1098 1092 1152 enim
1123 1113 1265 1154 mors
1293 1100 1501 1162 animm,
1543 1115 1659 1166 quae
1686 1109 1766 1154 est
1805 1117 1899 1155 no-

333 1184 614 1238 vissimus
637 1185 906 1249 inimicus,
931 1184 1090 1238 luerit
1120 1187 1411 1249 destructa,
1430 1188 1586 1241 etiam
1618 1189 1730 1243 haec
1756 1204 1901 1242 com-

336 1273 537 1326 munis
565 1289 728 1336 mors,
764 1289 919 1340 quam
969 1274 1108 1327 illius
1149 1274 1292 1328 velut
1324 1280 1561 1330 umbram
1605 1292 1724 1333 esse
1759 1281 1896 1332 dixi-

336 1376 512 1423 mus,
563 1363 866 1416 necessario
903 1363 1236 1427 abolebitur;
1267 1374 1322 1420 et
1364 1376 1484 1421 tunc
1516 1378 1900 1436 consequenter

333 1451 738 1505 resnrrcetioni
773 1462 1097 1505 mortuorum
1129 1453 1530 1521 dabiturloeus,
1562 1456 1648 1509 ubi
1674 1471 1896 1525 regnum

333 1541 548 1594 mortis
577 1541 780 1606 pariter
808 1555 925 1593 cum
967 1553 1134 1597 morte
1163 1545 1484 1598 destructum
1515 1547 1636 1599 erit.
1666 1546 1767 1600 Sed
1803 1561 1897 1601 nos

330 1643 455 1680 non
497 1639 878 1697 exspectemus
919 1633 1128 1697 quando
1167 1634 1266 1686 iste
1297 1635 1616 1689 novissimus
1652 1635 1896 1689 inimicus

329 1715 686 1780 destruatur,
721 1736 738 1767 ι
774 1718 862 1785 qui
893 1719 1058 1772 semel
1100 1719 1378 1775 illuminati
1414 1742 1432 1774 ι
1463 1738 1664 1787 sumus,
1699 1734 1751 1778 et
1792 1742 1892 1791 gu-

326 1805 616 1860 stavimus
643 1825 661 1856 ι
697 1808 890 1859 donum
925 1809 1160 1873 caeleste,
1193 1825 1254 1864 ac
1281 1813 1563 1880 participes
1585 1813 1708 1868 facti
1743 1834 1761 1866 ι
1800 1829 1893 1870 su-

326 1909 468 1948 mus
502 1913 522 1945 ι
559 1893 788 1962 Spiritus
816 1901 1007 1962 sancti,
1037 1909 1090 1954 et
1118 1901 1312 1954 bonum
1347 1919 1364 1952 ι
1396 1903 1720 1971 gustavimus
1754 1921 1771 1954 ι
1804 1902 1892 1958 Dei

320 1984 576 2036 verbum
605 2023 620 2046 ,
653 1987 880 2040 virtutes
922 2003 1134 2056 quoque
1171 1991 1346 2044 saeculi
1387 1993 1593 2045 venturi
1624 1992 1704 2052 ¹⁷ς
1737 2012 1755 2044 ι
1803 1993 1894 2047 sed

324 2077 760 2140 permaneamus
785 2077 834 2127 in
875 2078 1073 2144 gratia,
1099 2095 1198 2133 nec
1223 2088 1587 2147 exspectemus
1619 2089 1676 2134 ut
1705 2082 1892 2135 iterum

322 2171 468 2227 post
503 2161 709 2229 lapsum
751 2179 1071 2219 renovemur
1114 2185 1132 2218 ι
1165 2169 1230 2221 ad
1273 2169 1655 2235 paenitentiam,
1685 2186 1892 2224 rursum

319 2248 728 2316 erucitigentes
759 2267 777 2299 ι
810 2250 960 2304 nobis
1009 2251 1138 2319 ipsis
1179 2269 1197 2302 ι
1235 2252 1423 2305 Filium
1448 2255 1564 2314 Dei,
1593 2261 1644 2306 et
1666 2254 1891 2306 ostentui

319 2335 638 2398 habentes,
676 2358 694 2387 ι
733 2337 825 2390 sed
875 2353 1095 2407 regnum
1133 2341 1352 2406 justitia:
1388 2341 1440 2393 in
1487 2340 1634 2394 nobis
1676 2341 1764 2393 ﬁat
1806 2357 1892 2393 re-

317 2441 506 2492 gnum
539 2435 798 2479 mteruum
825 2445 838 2492 ;
865 2444 959 2482 nec
995 2431 1182 2481 iterum
1207 2429 1570 2498 confugiamus
1591 2429 1642 2481 in
1676 2445 1890 2498 regnum

320 2513 538 2564 mortis
565 2512 696 2582 (δᾶ),
723 2527 792 2566 ex
823 2529 926 2581 quo
955 2515 1164 2568 liberati
1196 2517 1260 2568 ad
1286 2531 1500 2582 regnum
1532 2517 1651 2569 vita:
1679 2526 1893 2570 :eternae

315 2602 707 2670 pervenimus,
751 2612 809 2654 ut
840 2620 858 2652 ι
904 2603 1075 2670 gratia
1116 2617 1209 2672 per
1245 2603 1509 2670 justitiam
1557 2615 1742 2673 regnet
1781 2624 1798 2657 ι
1838 2607 1890 2660 in

317 2691 498 2744 nobis
539 2708 558 2740 ι
600 2689 786 2742 invita
827 2699 1024 2743 aeterna
1060 2707 1153 2759 per
1180 2691 1358 2745 Jesum
1389 2691 1656 2746 Christum
1713 2693 1892 2746 Domi-

316 2793 468 2833 num
499 2786 747 2831 nostrum
772 2778 865 2833 ⁸⁸.»
900 2778 1049 2844 Quod
1079 2795 1206 2850 ergo
1230 2781 1363 2834 dixit
1392 2797 1404 2832 :
1435 2799 1453 2832 ι
1490 2781 1680 2834 Mortui
1709 2797 1891 2837 sumus

315 2877 592 2936 peccato,
633 2885 652 2917 ι
693 2869 789 2921 hoc
835 2877 916 2921 est
974 2870 1111 2936 quod
1151 2870 1272 2923 alibi
1323 2873 1416 2935 ait,
1446 2871 1748 2926 conlormes
1789 2887 1919 2927 nos—

311 2955 554 3011 Christi.
572 2956 730 3008 morti
763 2954 1012 3021 ell‘ectos,
1042 2957 1130 3024 qui
1174 2976 1192 3008 ι
1221 2960 1380 3012 semel
1406 2971 1622 3026 peccato
1651 2970 1890 3014 mortuus

2003 559 2213 613 Christo
2230 558 2378 622 Jesu,
2397 559 2451 612 in
2478 567 2650 614 morte
2678 559 2846 628 ipsius
2871 560 3128 630 baptizati
3153 577 3336 617 sumus
3351 565 3379 617 τ
3395 566 3537 620 Con-

2003 647 2190 714 sepulti
2214 648 2351 700 enim
2383 662 2562 701 sumus
2573 647 2620 702 ei
2644 663 2737 716 per
2754 651 3071 718 baptismum
3092 651 3143 706 in
3165 662 3388 708 mortem
3402 654 3448 686 “
3471 669 3487 709 :
3507 671 3528 707 ο

2001 734 2198 788 docens
2219 749 2312 802 per
2347 736 2457 789 lucc
2477 735 2602 804 quia
2638 735 2681 789 si
2712 737 2830 804 quis
2861 739 3008 804 prius
3039 749 3282 793 mortuus
3303 751 3388 795 est
3413 756 3536 810 pce-

2001 833 2148 886 eato,
2202 823 2246 877 is
2301 824 2603 878 necessario
2647 825 2698 877 in
2754 824 3015 894 baptismo
3067 833 3408 901 consepulth
3453 846 3535 891 est

2000 911 2248 979 Christo;
2271 914 2313 966 si
2348 928 2474 968 vero
2505 929 2606 968 non
2631 927 2752 972 ante
2781 921 2899 988 quis
2929 923 3151 975 moritur
3169 933 3531 991 peccato,uon

2000 1010 2171 1068 potest
2195 1002 2402 1070 sepeliri
2451 1019 2569 1058 cum
2603 1005 2840 1062 Christo.
2889 1009 3055 1064 Nemo
3082 1013 3222 1066 enim
3258 1013 3408 1068 vivus
3435 1013 3535 1068 ali-

1999 1089 2210 1155 quando
2231 1091 2506 1158 sepelitur.
2532 1093 2680 1158 Quod
2705 1097 2747 1151 si
2777 1110 2878 1150 non
2909 1100 3266 1168 eonsepelitur
3293 1101 3530 1168 Christo,

1999 1192 2098 1230 nec
2147 1178 2380 1248 legitime
2412 1181 2737 1249 baptizatur.
2788 1187 2982 1241 Verum
3018 1189 3083 1243 de
3127 1192 3332 1247 ratione
3362 1195 3533 1261 bapti-

1998 1267 2202 1328 smatis,
2256 1284 2374 1322 cum
2433 1286 2820 1340 exponeremus
2851 1277 3196 1347 Evangelium
3241 1283 3530 1338 secundum

1995 1351 2252 1408 Joannem
2285 1395 2299 1419 ,
2332 1358 2418 1411 ubi
2474 1370 2686 1414 ventum
2738 1373 2822 1417 est
2853 1366 2918 1417 ad
2971 1381 3090 1419 eum
3137 1367 3308 1422 locum
3341 1369 3392 1422 in
3425 1384 3532 1426 duo

1996 1443 2124 1498 dicit
2173 1445 2405 1501 Joannes
2436 1449 2500 1503 de
2549 1449 2672 1504 Jesu
2701 1451 2843 1522 (63)
2880 1466 2897 1505 :
2931 1471 2950 1504 ι
3000 1454 3118 1523 Ipse
3158 1469 3253 1511 vos
3295 1456 3532 1528 baptiza-

1995 1531 2068 1583 bit
2093 1532 2142 1585 in
2168 1535 2368 1602 Spiritu
2395 1544 2578 1592 sancto
2598 1538 2675 1602 ”;
2706 1557 2724 1588 ι
2755 1547 2810 1593 et
2845 1539 2966 1593 item
3000 1541 3089 1594 ubi
3125 1542 3237 1612 ipse
3285 1542 3532 1601 Salvator

1994 1621 2122 1673 dicit
2154 1639 2167 1674 :
2203 1641 2220 1674 ι
2250 1623 2362 1680 Nisi
2388 1627 2507 1694 quis
2547 1638 2762 1682 renatus
2798 1628 2956 1682 fuerit
2986 1631 3160 1685 denuo
3194 1644 3256 1688 ex
3304 1647 3437 1701 aqua
3475 1643 3531 1690 et

1994 1711 2144 1781 561
2166 1711 2386 1782 Spiritu,
2405 1731 2507 1770 non
2524 1725 2696 1786 potest
2712 1719 2930 1773 introire
2960 1719 3009 1772 in
3031 1734 3248 1788 regnum
3271 1723 3362 1778 Dei
3377 1724 3422 1756 “
3437 1724 3480 1790 ',
3503 1742 3524 1777 ι

1996 1820 2089 1874 pro
2137 1804 2339 1860 viribus
2372 1806 2567 1862 nostris
2595 1819 2714 1874 quae
2753 1819 3038 1862 occurrere
3073 1819 3392 1877 potuerunt,
3421 1812 3528 1869 imo

1995 1909 2110 1962 quae
2137 1895 2350 1948 donavit
2381 1895 2636 1948 Dominus
2665 1895 2926 1960 diximus,
2967 1898 3054 1952 ubi
3086 1907 3140 1952 et
3166 1902 3425 1956 sermonis
3449 1903 3529 1972 ip-

1993 1983 2103 2036 sius
2119 1982 2224 2035 vim
2252 1996 2355 2050 quo
2384 1981 2583 2035 dicitur
2614 1982 2724 2052 (64)
2755 2000 2768 2036 :
2809 2000 2828 2034 ι
2863 1983 2974 2037 Nisi
3009 1985 3128 2052 quis
3163 1996 3379 2040 renatus
3409 1987 3524 2043 l‘ue-

1995 2072 2065 2124 rit
2104 2072 2296 2135 denuo,
2337 2090 2354 2122 ι
2399 2071 2554 2124 altius
2582 2073 2790 2140 aperire
2821 2075 3338 2140 tentavimus.'Quod
3371 2079 3517 2132 enim

2007 2174 2103 2212 nos
2149 2158 2321 2212 Latini
2368 2159 2626 2212 habemus
2669 2177 2688 2210 ι
2723 2161 2977 2224 denuo,'r
3011 2159 3182 2215 Graeci
3223 2162 3422 2216 ἄνωθεν
3447 2164 3566 2248 diu

1993 2256 2138 2308 cunt,
2169 2247 2258 2314 qui
2285 2261 2459 2300 sermo
2493 2256 2775 2316 utrumque
2811 2249 3094 2314 signiﬁcat,
3131 2258 3185 2304 et
3215 2267 3235 2300 ι
3277 2251 3468 2316 denuo,
3499 2269 3519 2304 ι

1992 2344 2041 2387 et
2070 2352 2088 2383 ι
2116 2335 2179 2387 de
2198 2333 2576 2403 superioribus.
2607 2353 2626 2386 ι
2644 2335 2699 2390 ln
2728 2336 2827 2391 hoc
2851 2351 2978 2404 ergo
3007 2335 3144 2400 loco,
3171 2338 3291 2406 quia
3319 2341 3406 2407 qui
3428 2341 3528 2394 ha-

1992 2425 2222 2492 ptizatur
2261 2439 2290 2477 a
2331 2424 2478 2488 Jesu,
2509 2425 2562 2477 in
2604 2424 2803 2494 Spiritu
2848 2436 3034 2480 sancto
3063 2426 3386 2495 baptizatur,
3421 2443 3526 2484 non

1993 2513 2066 2565 ita
2092 2531 2111 2564 ι
2145 2513 2315 2568 denuo
2345 2511 2492 2582 (65)»
2538 2513 2749 2579 dicitur,
2786 2522 2844 2566 ut
2878 2513 2944 2567 de
2966 2514 3332 2581 superioribus
3366 2496 3526 2572 intel;

1992 2601 2078 2669 ligi
2103 2603 2385 2656 conveniat
2413 2621 2425 2656 :
2455 2617 2575 2655 nam
2614 2620 2632 2653 ι
2663 2604 2834 2656 denuo
2859 2620 2878 2654 ι
2909 2603 3157 2668 dicimus,
3187 2617 3308 2658 cum
3338 2605 3524 2659 eadem

1991 2705 2108 2759 quae
2143 2699 2288 2759 gesta
2325 2701 2445 2745 sunt
2484 2701 2795 2759 repetuntur
2826 2709 2840 2744 :
2885 2691 2970 2746 hic
2997 2701 3174 2747 autem
3207 2707 3311 2746 non
3341 2694 3524 2748 eadem

1992 2780 2239 2832 nativitas
2289 2781 2550 2850 repetitur
2584 2781 2666 2836 vel
2721 2780 2964 2859 iteratur,
3006 2781 3118 2846 sed,
3173 2790 3382 2836 terrena
3427 2783 3529 2838 hac

1990 2872 2182 2925 omissa
2212 2871 2353 2940 (66),
2387 2871 2452 2925 de
2493 2851 3174 2940 strperioribirs.suscipitur
3215 2887 3352 2925 nova
3380 2872 3525 2926 nati-

1991 2960 2129 3012 vitas
2161 2976 2176 3026 ;
2211 2969 2262 3011 et
2287 2959 2404 3011 ideo
2433 2959 2630 3012 rectius
2659 2959 2959 3029 legeremus
2981 2961 3031 3012 in
3061 2959 3381 3026 Evangelio:
3417 2978 3435 3011 ι
3464 2960 3524 3016 Si

311 3055 408 3100 cst
446 3045 518 3098 “.
556 3063 573 3094 ι
607 3043 756 3108 Quod
776 3054 948 3098 autem
979 3045 1106 3098 dicit
1127 3063 1144 3095 ι
1164 3046 1346 3110 semel,
1368 3065 1387 3098 ι
1407 3061 1467 3101 ex
1499 3047 1702 3116 integro
1730 3049 1892 3117 signi-
1918 3068 1958 3122 ο
1993 3048 2109 3115 quis
2144 3031 2436 3128 non'l‘uerit
2467 3057 2682 3101 renatus
2715 3047 2780 3102 de
2811 3049 3194 3117 superiOribus,
3219 3063 3322 3103 non
3347 3058 3525 3118 potest

315 3138 482 3188 ﬂeat.
522 3133 601 3186 Ea
627 3133 833 3201 integro
857 3149 1082 3201 namque
1115 3134 1360 3188 Christus
1393 3146 1615 3203 peccato
1647 3149 1884 3191 mortuus

309 3235 431 3290 est,
480 3241 499 3274 ι
536 3223 630 3291 qui
667 3231 944 3291 peccatum
969 3237 1072 3276 non
1105 3223 1252 3288 fecit,
1286 3239 1383 3277 nec
1407 3225 1654 3280 inventus
1681 3237 1763 3279 est
1787 3227 1883 3280 do-

309 3313 406 3369 lus
447 3313 503 3366 in
540 3326 635 3366 ore
669 3310 784 3378 ejus
814 3311 881 3364 ‘°.
923 3329 942 3362 ι

389 3405 456 3458 8.
493 3420 512 3453 ι
561 3401 643 3456 An
698 3402 958 3470 ignoratis
991 3401 1115 3470 quia
1158 3401 1461 3470 quicunque
1507 3402 1756 3470 baptizati
1788 3417 1883 3456 su-

311 3509 452 3548 mus
486 3493 542 3546 in
574 3491 788 3547 Christo
818 3491 966 3555 Jesu,
1007 3492 1058 3544 in
1090 3500 1260 3544 morte
1305 3491 1471 3557 ipsius
1511 3492 1763 3559 baptizati
1791 3508 1884 3546 su-

312 3600 451 3639 Inus
483 3583 508 3635 ?
547 3581 858 3650 Consepulti
899 3580 1038 3634 enim
1075 3594 1261 3634 sumus
1311 3577 1382 3630 illi
1420 3594 1515 3648 per
1566 3579 1884 3648 baptismum

312 3676 374 3732 in
415 3681 689 3738 mortem;
717 3681 775 3724 ut
817 3669 1263 3740 quemadmodum
1299 3670 1533 3724 surrexit
1572 3669 1814 3722 Christus
1854 3687 1882 3722 a

308 3763 564 3820 mortuis
608 3777 706 3830 per
743 3761 967 3830 gloriam
1007 3759 1206 3824 Patris,
1240 3757 1310 3811 ita
1351 3765 1405 3812 et
1440 3773 1534 3811 nos
1569 3762 1618 3810 in
1653 3761 1884 3812 novitate

306 3856 447 3908 vita:
471 3849 924 3905 ambulemus“.o
949 3846 1184 3902 Observa
1213 3846 1517 3916 diligentius
1532 3848 1766 3901 ordinem
1802 3849 1883 3902 di-

306 3956 538 3998 ctorum
573 3948 628 3992 et
652 3937 1103 4006 consequentiam.
1152 3935 1435 4003 Comparat
1478 3937 1618 3990 enim
1661 3945 1882 3988 mortem

303 4046 438 4098 qua:
472 4042 573 4096 per
592 4027 760 4080 Adam
782 4025 1018 4088 est,vitae
1033 4037 1151 4091 quae
1179 4035 1272 4090 per
1295 4022 1562 4077 Christum
1587 4031 1667 4076 est
1685 4039 1699 4087 ;
1719 4032 1772 4076 et
1802 4025 1883 4076 di-

303 4122 420 4175 cit:
447 4138 467 4170 ι
489 4116 605 4171 Non
627 4117 763 4170 sicut
782 4115 1048 4177 delictum,
1067 4113 1140 4165 ita
1155 4121 1208 4165 et
1227 4112 1522 4176 donum“;r
1548 4113 1741 4167 etitem
1771 4120 1886 4182 post

301 4214 434 4268 haec
461 4207 597 4262 ait”
619 4207 786 4274 legem
813 4203 1162 4258 subintroisse
1189 4201 1550 4256 utabundaret
1576 4211 1879 4271 peceatum;

303 4297 638 4354 abundante
667 4309 793 4348 vero
823 4301 1042 4362 peccato
1063 4291 1523 4360 superabundasse
1545 4293 1769 4357 gratiam
1794 4311 1808 4358 ;
1831 4302 1884 4347 et

1990 3137 2210 3190 introire
2235 3135 2288 3188 in
2324 3149 2542 3203 regnum
2577 3134 2668 3188 Dei
2710 3157 2720 3188 :
2757 3153 2776 3187 ι
2805 3137 2906 3190 hoc
2933 3139 3076 3190 enim
3114 3146 3196 3192 est
3223 3139 3275 3191 in
3319 3137 3522 3207 Spiritu

1984 3235 2169 3280 sancto
2189 3224 2470 3293 baptizari.
2495 3223 2591 3278 Cui
2616 3226 2829 3290 rationi,
2856 3236 2914 3281 ut
2931 3229 2994 3283 de
3018 3229 3384 3297 superioribus
3401 3245 3524 3285 esse

1986 3317 2302 3384 baptismum
2337 3313 2707 3376 conﬁrmetur,
2739 3329 2843 3370 non
2873 3317 3147 3373 immerito
3178 3319 3241 3372 ad
3273 3330 3521 3380 sanctum

1987 3407 2241 3473 Spiritum
2265 3406 2557 3477 jungentur
2590 3408 2748 3462 etiam
2786 3424 2805 3458 ι
2852 3421 3004 3484 aqua:
3033 3423 3150 3476 qua:
3176 3423 3336 3476 super
3357 3410 3524 3466 caelos

1984 3504 2126 3560 sunt,
2161 3505 2214 3549 et
2248 3495 2461 3549 laudant
2482 3497 2591 3566 (67)
2627 3509 2815 3550 nomen
2847 3496 3054 3550 Domini
3078 3497 3146 3550 ".
3181 3513 3201 3548 ι
3241 3497 3304 3550 Et
3334 3511 3524 3566 quamé

1985 3584 2063 3637 vis
2091 3585 2375 3638 secundum
2401 3595 2580 3654 typum
2614 3584 2872 3639 Ecclesiis
2907 3585 3157 3639 traditum
3190 3586 3301 3657 (68)
3335 3599 3524 3642 omnes

1984 3673 2238 3741 baptizati
2266 3674 2430 3728 simus
2462 3675 2513 3727 in
2544 3675 2696 3742 aquis
2716 3673 2834 3728 istis
2857 3674 3176 3740 visibilibus,
3205 3682 3260 3728 et
3294 3675 3346 3730 in
3379 3674 3526 3750 chri-

1984 3773 2152 3816 smate
2180 3763 2403 3826 visibili,
2445 3772 2619 3816 tamen
2664 3764 2754 3832 qui
2795 3772 3036 3817 mortuus
3077 3772 3159 3816 est
3193 3773 3431 3831 peccato.
3466 3769 3522 3816 et

1983 3867 2108 3906 vere
2131 3851 2429 3919 baptizatur
2451 3853 2503 3904 in
2535 3859 2704 3906 morte
2739 3850 2960 3914 Christi,
2989 3860 3043 3905 et
3081 3851 3442 3919 eonsepelitur
3469 3851 3520 3906 ei

1983 3954 2078 4007 per
2103 3939 2416 4007 baptismum
2443 3939 2496 3992 in
2526 3950 2775 4004 mortem,
2801 3940 2902 3995 iste
2922 3954 3050 3993 vere
3079 3940 3131 3992 in
3163 3939 3362 4008 Spiritu
3397 3954 3521 3993 san-

1985 4037 2070 4082 cto
2101 4037 2156 4083 et
2191 4043 2330 4098 aqua
2365 4029 2429 4082 de
2460 4029 2827 4098 superioribus
2861 4029 3178 4094 baptizatur.
3216 4027 3278 4081 Et
3311 4027 3520 4080 intuere

1984 4117 2157 4172 adhuc
2203 4117 2512 4188 diligentius
2559 4117 2767 4188 mystici
2810 4116 3015 4171 ordinis
3059 4115 3514 4183 consequentiam.

1985 4205 2116 4259 Mori
2151 4207 2300 4275 prius
2343 4215 2552 4275 oportet
2594 4214 2645 4260 te
2678 4213 2933 4274 peccato,
2969 4215 3027 4259 ut
3077 4205 3252 4273 possis
3301 4203 3516 4272 sepeliri

1985 4309 2102 4347 cum
2157 4294 2386 4349 Christo.
2428 4293 2636 4349 Mortuo
2675 4295 2816 4348 enim
2864 4293 3133 4362 sepultura
3167 4293 3408 4346 debetur.
3457 4288 3516 4346 Si

300 4390 364 4444 in
391 4389 484 4442 his
505 4383 833 4452 solvitquod
857 4383 1130 4436 videbatur
1150 4384 1622 4448 esseeontrarium,
1646 4383 1872 4438 etdicit:
1903 4375 1952 4432 D
1976 4385 2116 4436 enim
2161 4384 2294 4436 vivis
2333 4383 2504 4437 adhuc
2549 4392 2786 4449 peccato,
2843 4379 3155 4448 consepeliri
3213 4392 3318 4432 non
3368 4388 3517 4448 potes

307 4497 333 4532 σ
379 4475 489 4542 Qui
525 4474 671 4528 enim
713 4472 905 4526 mortui
933 4485 1115 4524 sumus
1141 4480 1376 4540 peccato,
1406 4473 1670 4539 quomodo
1720 4472 1869 4527 vive-

303 4580 440 4620 Inus
468 4563 652 4616 adhuc
677 4561 728 4612 in
751 4574 816 4612 eo
845 4558 930 4610 ἠ
964 4577 981 4610 ι
1003 4557 1155 4613 Nunc
1183 4573 1311 4628 ergo
1343 4559 1525 4613 volens
1553 4561 1714 4614 rebus
1740 4561 1870 4627 ipsis

298 4653 614 4712 OStcndere
665 4649 792 4718 quid
826 4657 908 4702 est
948 4635 1217 4703 mortuum
1248 4661 1368 4702 esse
1413 4658 1665 4715 peccato,
1691 4651 1818 4705 dicit
1851 4670 1864 4706 :

1023 4785 1063 4815 ¹⁷
1095 4781 1253 4835 iiebr.
1282 4797 1358 4843 vr,
1398 4783 1508 4837 4-6.

1181 4853 1230 4882 ³⁸
1255 4850 1385 4904 ibid.
1411 4851 1502 4905 20.

423 4789 471 4820 ¹⁶
500 4788 518 4840 1
547 4786 674 4840 Cor.
705 4801 792 4845 xv,
831 4783 920 4837 26.

301 4875 392 4919 vr,
421 4859 482 4919 3,
513 4857 570 4908 4.
673 4858 718 4887 “
737 4853 889 4906 Rom.
923 4868 977 4918 v,
1003 4852 1085 4905 l5.

300 4929 353 4961 ν
390 4924 548 4980 Psal.
571 4937 790 4987 chvut,
832 4921 886 4974 4.

385 5045 504 5114 (6t)
549 5041 642 5097 Sic
664 5048 814 5114 recte
838 5053 936 5114 ms_.
969 5051 1105 5091 unus
1141 5035 1339 5106 Regius
1373 5051 1522 5091 num.
1553 5035 1707 5092 1659.
1739 5037 1856 5091 Edi-

300 5117 346 5172 ti
377 5106 536 5174 vero,
565 5127 584 5162 ι
621 5110 744 5177 quia
772 5107 850 5177 sic
879 5106 999 5177 vita:
1029 5115 1410 5177 aeternaernors
1435 5119 1558 5177 esse
1601 5122 1704 5159 non
1733 5121 1859 5177 pos-

298 5187 384 5238 sit
434 5172 721 5234 eterna—.3
765 5175 958 5229 (ἔπειθτί
1006 5189 1132 5226 mss.
1168 5172 1370 5236 :alius,
1403 5189 1422 5221 ι
1474 5176 1597 5240 quia
1648 5177 1692 5227 si
1735 5172 1866 5226 vvila:

299 5262 536 5305 aeternae
561 5255 645 5301 est
665 5259 809 5298 mors
831 5242 1115 5305 contraria,
1139 5255 1258 5294 esse
1284 5253 1387 5292 non
1410 5242 1576 5307 possit
1600 5253 1796 5294 :eterna
1813 5257 1827 5302 ;
1843 5259 1866 5289 r

301 5321 481 5382 alius,
514 5335 535 5368 ι
572 5313 698 5383 quia
736 5313 779 5367 si
807 5311 930 5364 vita
968 5319 1179 5363 aeterna:
1219 5321 1361 5383 mors
1399 5321 1519 5360 esse
1560 5324 1662 5362 non
1698 5311 1871 5383 possit

301 5376 619 5442 contraria,
651 5395 795 5434 mors
821 5393 940 5431 esse
971 5393 1070 5431 non
1102 5376 1267 5444 possit
1295 5383 1522 5438 interna;
1557 5395 1574 5427 ι
1607 5377 1763 5428 male.

381 5455 504 5523 (62)
546 5450 711 5512 Editi,
741 5466 759 5498 ι
803 5449 902 5500 hoc
927 5445 1136 5500 interim
1162 5443 1424 5511 fugiamus
1480 5458 1700 5512 regnum
1728 5457 1869 5496 mor-

301 5535 504 5660 υείϋῗζ)
547 5586 680 5660 Vide
717 5592 840 5637 tom.
871 5597 922 5634 vt
952 5584 1002 5660 in
1027 5581 1296 5645 Joannem,
1351 5591 1498 5632 num.
1543 5579 1636 5645 26,
1660 5577 1748 5634 ubi
1782 5578 1867 5634 hic

303 5652 621 5718 Scriptura:
643 5653 790 5709 locus
815 5652 1113 5712 exponitur.

1620 4785 1660 4815 ¹⁸
1683 4787 1834 4842 Rom.
1865 4805 1915 4852 v,
1938 4790 2028 4842 2|.

1604 4852 1648 4883 ’δ
1679 4855 1828 4910 Rom.
1863 4873 1937 4922 vt,

1976 4472 2216 4534 Christo,
2253 4487 2350 4526 nec
2388 4472 2439 4524 in
2471 4487 2606 4526 novo
2633 4472 2745 4540 ejus
2783 4471 3028 4538 sepulcro
3066 4470 3348 4534 collocari,
3389 4473 3513 4538 quia

1973 4571 2125 4615 vetus
2150 4562 2309 4616 homo
2329 4571 2450 4615 tuus
2492 4561 2636 4624 vivit,
2667 4571 2720 4614 et
2747 4577 2850 4614 non
2875 4570 3047 4629 potest
3073 4560 3127 4614 in
3169 4560 3404 4614 novitate
3436 4561 3515 4612 vi-

1977 4658 2043 4704 tae
2090 4651 2379 4708 ambulare.
2413 4651 2695 4720 Propterea
2723 4664 2948 4720 namque
2977 4665 3118 4704 cura:
3145 4649 3244 4702 fuit
3293 4650 3514 4718 Spiritui

2105 4787 2147 4817 ²⁹
2174 4786 2324 4839 Rom.
2359 4801 2431 4851 vr,
2456 4783 2678 4851 2,5,710.
2755 4782 2800 4813 ’°
2832 4783 2845 4833 Ι
2874 4779 3018 4851 Petr.
3049 4777 3208 4851 tl,2_2.
3281 4780 3323 4809 ’ί
3353 4777 3510 4851 Rom.

1982 4857 2036 4910 2.
2107 4855 2153 4887 ³³
2183 4855 2306 4908 ibid.
2345 4845 2427 4908 3X
2469 4853 2512 4882 ²⁶
2550 4850 2735 4904 Matth.
2771 4865 2857 4910 ιιι,
2884 4850 2970 4901 Η.
3045 4849 3113 4878 ⁸⁸·
3149 4845 3305 4900 Joan.
3353 4846 3510 4908 nt,5.

2057 5035 2343 5108 65)1_\_lias,
2388 5051 2406 5084 ι
2444 5032 2530 5086 ubi
2561 5030 2921 5108 ettsermonis
2963 5027 3012 5081 id
3022 5027 3185 5108 hilum!
3223 5027 3444 5108 dicitur.
3483 5045 3507 5081 ι

2057 5037 2147 5106 64)
2176 5037 2343 5099 Alias,
2388 5051 2406 5084 ι
2444 5037 2530 5086 ubi
2564 5040 2616 5085 et
2659 5037 2921 5084 sermonis
2963 5037 3012 5081 id
3047 5037 3185 5108 quon
3223 5037 3437 5082 dicitur.
3483 5045 3507 5081 ι

2037 5037 2279 5174 (65))Δε.
2308 5115 2444 5154 unus
2469 5100 2665 5174 omittit
2697 5115 2716 5146 ‹
2745 5097 2944 5151 denuo.
2975 5115 2994 5147 ι
3022 5097 3220 5150 Deinde
3241 5110 3370 5149 mss.
3394 5094 3514 5163 plu-

1974 5169 2058 5229 res
2093 5169 2287 5225 habent
2313 5186 2336 5219 ‹
2371 5169 2638 5222 convenit.
2677 5182 2696 5216 ι

2042 5241 2153 5309 (66)
2182 5238 2408 5309 Terrena
2432 5238 2528 5287 hac
2556 5234 2768 5287 omissa.
2800 5231 2923 5285 Haec
2962 5231 3156 5286 desunt
3185 5229 3237 5283 in
3267 5229 3430 5283 editis
3457 5241 3514 5283 et

1978 5310 2029 5362 in
2052 5307 2331 5375 plerisque
2356 5318 2482 5375 mss.

2042 5366 2151 5445 (67)
2185 5366 2350 5436 Alias,
2376 5390 2395 5422 ι
2421 5371 2802 5441 junguntur....
2825 5377 2946 5434 qua:
2969 5369 3068 5421 sub
3103 5366 3241 5421 casio
3271 5375 3416 5429 sunt,
3451 5373 3515 5417 ut

1972 5444 2204 5504 lantleut,
2240 5461 2258 5492 ι
2293 5451 2395 5494 etc.

2042 5513 2150 5582 (68)
2188 5500 2349 5582 Editi,
2384 5505 2686 5582 «_Ecelesim
2707 5500 2978 5556 traditum.
3016 5519 3034 5553 ι
3062 5503 3172 5568 AL,
3205 5521 3226 5553 ι
3257 5500 3520 5558 ecclesia.

1973 5577 2120 5636 stica:
2133 5577 2470 5634 traditionis.
2505 5594 2524 5628 ι
