3894 6224
285 333 426 389 sese
1741 301 2053 360 ORIGENIS
2255 267 2257 269 ’
3083 295 3086 297 Α
3489 287 3615 336 tum

297 450 480 500 sancto
525 435 729 491 tradere
760 444 853 500 per
900 427 1206 497 Scripturas
1248 423 1387 494 quod
1426 430 1480 477 et
1525 421 1825 492 sepulcrum
1856 422 1900 480 Α
1928 416 2010 470 Vel
2059 415 2269 467 Patrem
2337 405 2697 465 nominaret,
2770 397 2872 452 vel
2942 393 3246 500 Spirilﬂm
3317 401 3610 492 sanctum.

299 544 490 586 novum
522 524 676 578 fuerit
705 523 756 574 in
785 533 891 588 quo
926 516 1165 586 sepultus
1203 522 1285 568 est
1315 513 1491 576 Jesus,
1530 520 1585 566 et
1616 510 1752 578 quod
1777 509 1828 562 in
1933 526 1952 558 ι
1988 507 2216 561 Verbum
2253 521 2270 554 ι
2306 503 2452 556 enim
2489 519 2508 552 ‹
2549 512 2690 552 caro
2721 494 2960 547 factum
2999 493 3096 538 ρει
3131 483 3205 588 ’1,
3251 499 3270 531 ι
3313 488 3371 532 et
3425 481 3615 533 merito

302 620 524 676 sindone
552 611 745 667 munda
778 609 1057 663 obvolutus
1088 606 1158 659 sit
1185 608 1265 659 "z
1297 612 1351 657 ut
1381 604 1516 657 sciat
1544 601 1718 656 omnis
1739 599 1828 666 qui
1931 597 2020 650 ubi
2061 609 2186 650 caro
2212 603 2320 656 est,
2363 593 2435 645 ibi
2457 592 2525 643 de
2552 597 2740 642 morte
2776 585 3114 636 tractatur.
3149 569 3268 624 Nec
3303 571 3617 624 convenie-

298 704 611 775 consepeliri
640 700 751 754 vult
776 697 986 753 Christo
1025 709 1119 763 per
1144 694 1483 762 baptismum,
1512 689 1646 744 nihil
1680 661 1832 742 vetu-
1933 689 2023 741 bat
2050 696 2108 740 ut
2145 685 2348 739 diceret
2385 701 2399 735 :
2437 698 2457 731 ι
2491 680 2848 746 Quicunque
2883 661 3190 736 baptizali
3233 673 3458 714 sumus
3496 679 3515 712 ι
3567 661 3619 712 in

303 754 581 776 *ον’-*νιν-νν
600 754 608 755 ί
1025 754 1041 763 “
1213 754 1225 762 ’

294 798 454 852 statis
493 796 558 848 ad
613 788 910 859 sepulcrum
954 800 1169 848 novum,
1219 783 1349 836 nihil
1394 777 1740 835 immunditiae
1769 775 1835 828 ad
1936 776 2150 832 nomine
2179 773 2382 835 Patris,
2417 769 2502 823 vel
2531 769 2585 821 in
2623 763 2868 819 nomine
2926 754 3196 826 Spiritus
3241 754 3478 813 sancti,
3515 766 3537 798 ι
3571 754 3623 803 'm

2613 857 2622 859 μ
3043 843 3087 859 ..
3160 841 3208 859 ._
3255 839 3623 859 -.-Α--.μμ

300 885 546 940 mundam
575 881 850 935 sindonem
878 873 1247 929 deferendum.
1283 872 1386 924 lsta
1411 879 1493 924 est
1525 882 1653 936 ergo
1684 867 1834 919 beata
1938 874 2107 920 morte
2154 863 2324 932 ipsius
2359 857 2628 926 baptizati
2678 865 2914 907 sumus.
2963 865 2984 897 ›
3043 841 3212 897 Unde
3249 839 3627 892 observanda

297 987 465 1035 mors,
497 972 561 1025 de
589 984 694 1037 qua
734 968 860 1022 dicit
887 963 1193 1034 Apostolus,
1216 961 1340 1028 quia
1380 977 1397 1010 ι
1442 971 1658 1024 semper
1690 968 1834 1007 mor-
1937 965 2114 1008 estex
2164 928 2266 1005 hoc
2307 950 2427 1003 loco
2469 947 2642 1002 etiam
2682 944 2738 996 in
2788 937 3037 995 caeteris
3079 931 3205 1002 (74)
3255 928 3631 983 consuetudo

299 1070 406 1116 tem
433 1058 556 1114 Jesu
599 1024 797 1112 Christi
844 1055 896 1108 in
937 1024 1188 1118 corporei
1215 1024 1400 1104 nostro
1452 1063 1470 1097 ι
1507 1041 1839 1100 circumferi-
1940 1048 2196 1116 Αροδιοιῑ,
2227 1044 2369 1114 quod
2402 1059 2508 1096 non
2533 1053 2768 1108 semper
2793 1049 2934 1090 cum
2964 1029 3196 1098 aliquid
3231 1042 3307 1080 ex
3347 1024 3641 1094 Scriptu.

295 1164 422 1205 mus
451 1150 494 1180 ¹⁹
528 1166 543 1214 ;
572 1155 626 1200 et
661 1147 890 1200 iterum:
926 1161 942 1194 ι
980 1139 1228 1207 Quotidie
1265 1138 1462 1190 morior
1499 1135 1562 1188 ³ο.
1606 1151 1623 1184 ι
1657 1131 1760 1185 Sed
1789 1139 1833 1183 et

2107 1113 2283 1198 sumit,
2317 1135 2593 1200 integrum
2634 1137 2860 1181 textum
2910 1121 3240 1176 verborum
3265 1157 3282 1182 ,
3322 1125 3388 1167 ut
3456 1113 3516 1166 in
3534 1129 3645 1193 suo

302 1240 429 1296 illud
452 1253 573 1294 cum
605 1236 738 1290 dicit
768 1254 779 1286 ε
823 1252 840 1284 ι
883 1232 1070 1287 Omnia
1099 1238 1274 1283 vestra
1311 1233 1454 1288 sunt,
1483 1224 1594 1278 sive
1624 1221 1840 1282 Paulus,
1942 1228 2058 1282 loco
2084 1226 2290 1295 positus
2313 1231 2422 1284 est,
2451 1220 2731 1282 assumit;
2769 1216 2878 1270 sed
2906 1229 2978 1268 ea
3020 1219 3284 1270 tantum,
3313 1220 3394 1272 qu
3429 1219 3479 1258 τε
3508 1219 3654 1273 pm-

303 1333 416 1386 sive
448 1326 653 1396 Apollo,
672 1325 783 1378 sive
809 1322 1034 1389 Ccphas,
1063 1319 1174 1372 sive
1195 1315 1281 1370 hic
1306 1314 1551 1376 mundus,
1573 1311 1686 1364 sive
1713 1309 1840 1370 vita,

2145 1329 2319 1370 causzc
2351 1311 2591 1380 requirit
2624 1307 2881 1362 assertio
2903 1342 2922 1366 ,
2964 1303 3122 1356 sicut
3162 1309 3227 1354 et
3255 1300 3315 1351 in
3358 1311 3404 1366 ρ
3437 1297 3662 1350 rzesenti

305 1423 416 1476 sive
438 1432 585 1473 mors
610 1417 673 1477 ³⁸»
711 1433 727 1466 ι
762 1419 984 1467 mortem
1022 1409 1155 1462 hanc
1178 1420 1280 1474 qua
1318 1412 1533 1473 Ρεοεδιο
1568 1399 1842 1460 morimur.
1947 1403 2375 1473 sermone,quia
2400 1401 2514 1471 (75)
2559 1401 2630 1454 de
2663 1408 2853 1452 ntorte
2889 1391 3121 1449 Christi
3176 1391 3443 1443 docera
3472 1388 3666 1461 cupie-

303 1523 362 1567 ct
398 1509 612 1564 Christo
658 1502 1048 1570 consepelimur
1101 1502 1396 1552 enumerat.
1439 1493 1634 1546 Verum
1675 1492 1849 1556 potest
1946 1498 2059 1559 bal,
2091 1493 2301 1548 ειιιῐεεῑι
2332 1490 2444 1562 (76)
2481 1490 2530 1543 ci
2572 1488 2766 1542 dicere
2803 1505 2818 1539 ε
2865 1503 2886 1535 α
2932 1483 3298 1548 Quicunque
3350 1477 3668 1556 δξιριῖζδιί

309 1601 432 1670 quis
498 1598 551 1650 in
601 1596 686 1648 his
754 1565 885 1646 locis
947 1591 1220 1657 requirere
1286 1598 1380 1638 cur
1440 1579 1725 1650 Apostolus
1783 1575 1850 1629 de
1951 1579 2107 1649 562
2155 1590 2344 1632 sumus
2373 1577 2427 1628 in
2457 1573 2718 1640 Christo,
2769 1573 2827 1625 in
2877 1577 3080 1624 morte
3115 1567 3314 1637 ipsius
3348 1565 3664 1641 υξιμιίιλιί

309 1657 577 1756 baptismo
623 1690 806 1738 nostro
834 1677 946 1748 (69)
996 1677 1218 1744 loquens
1247 1682 1299 1728 et
1335 1672 1400 1726 de
1424 1670 1570 1735 .lesu,
1598 1667 1793 1722 dixerit
1832 1684 1844 1719 :
1885 1732 1922 1756 ῃ
1952 1682 2156 1721 sumus.
2198 1684 2216 1716 ›
2255 1664 2380 1717 Μ·ἰ1ιί
2409 1676 2543 1716 vero
2579 1676 2648 1714 ne
2690 1660 2832 1712 illud
2869 1659 3118 1728 quidem
3172 1657 3364 1709 otiose
3397 1657 3628 1724 pra-mi-

322 1794 342 1826 ι
362 1732 667 1840 έοηεερυιιί
690 1769 738 1821 ei
761 1781 944 1821 sumus
964 1778 1058 1832 per
1075 1762 1388 1830 baptismum
1415 1760 1466 1812 in
1497 1765 1719 1810 mortem
1739 1755 1802 1817 ³¹ς
1828 1771 1846 1804 ι
1885 1732 1924 1784 Β
1955 1755 2087 1809 sisse
2118 1754 2170 1806 in
2201 1753 2301 1807 hoc
2325 1749 2568 1818 capitulo
2608 1749 2840 1802 videtur
2879 1745 3217 1814 Apostolus
3248 1744 3388 1812 quod
3423 1740 3565 1792 dicit
3593 1753 3610 1767 ο
3839 1779 3845 1804 ε

312 1871 366 1915 et
401 1831 676 1913 item-alibi
712 1854 755 1886 ⁸³
783 1871 796 1906 :
829 1872 846 1904 ι
881 1851 936 1906 Si
968 1831 1360 1903 icommorimur
1385 1846 1454 1910 ei,
1508 1855 1562 1898 et
1603 1843 1845 1897 convive-
1961 1862 1978 1893 ι
2019 1844 2097 1896 An
2131 1841 2350 1895 nescitis
2382 1841 2496 1910 (77)
2520 1840 2544 1893 ?
2570 1858 2589 1890 ι
2623 1838 2734 1891 Per
2759 1837 2922 1905 quod
2959 1835 3267 1895 ostendit,
3294 1831 3415 1901 quia
3453 1837 3615 1888 tunc,

314 1964 460 2013 mus;
502 1967 520 2000 ι
569 1954 622 1999 et
690 1944 857 1997 item:
905 1959 922 1991 ι
959 1938 1015 1993 Si
1049 1937 1434 2006 compatimur,
1481 1941 1535 1987 et
1564 1945 1854 1997 conregna-
1957 1932 2057 1985 hoe
2077 1939 2158 1985 est
2201 1931 2572 1998 apostolorum
2613 1926 3015 1994 temporibus,
3047 1939 3200 1986 non,
3242 1931 3308 1976 ut
3330 1934 3479 1975 nunc
3499 1915 3620 1971 ﬁeri

314 2039 525 2098 bimus;
577 2052 594 2084 ι
627 2040 680 2086 et
712 2043 974 2097 nusquam
1019 2024 1154 2079 dixit
1188 2039 1202 2076 :
1231 2023 1446 2078 Christo
1490 2017 1854 2086 conbaptizati
1958 2021 2216 2084 videmus,
2243 2029 2397 2090 typus
2428 2017 2817 2072 tantummodo
2843 2012 3382 2085 mysteriorumhis
3401 2007 3506 2078 qui
3528 2009 3615 2060 ba-

321 2142 540 2190 sumus;
569 2136 690 2178 cum
729 2120 912 2188 utique
947 2117 1084 2172 sicut
1115 2128 1257 2168 mors
1286 2113 1464 2176 morti,
1492 2119 1545 2164 et
1568 2111 1674 2164 vita
1705 2109 1854 2172 vitae,
1958 2112 2315 2179 ptizabantur,
2336 2109 2432 2164 sed
2452 2109 2632 2162 virtus
2661 2122 2864 2162 eorum
2891 2120 2964 2158 ac
2994 2104 3157 2158 ratio
3186 2103 3549 2163 tradebatur,
3571 2106 3627 2150 et

281 2220 302 2242 ⁸
319 2219 390 2272 ita
416 2224 467 2270 et
497 2212 786 2281 haptismus
805 2205 1064 2274 baptismo
1088 2200 1318 2256 conferri
1337 2197 1580 2253 debuisse
1597 2196 1856 2248 videatur.
1961 2211 2210 2270 tanquam
2242 2199 2545 2254 scientibus
2567 2207 2624 2252 ει
2650 2197 2872 2251 ράοςιίε
2896 2196 3046 2265 quia
3090 2195 3199 2264 qui
3237 2193 3632 2264 bapumnmr,

323 2309 426 2363 Sed
452 2305 570 2360 vide
597 2303 648 2356 in
690 2295 929 2368 Apostoli
964 2292 1154 2347 litteris
1184 2297 1379 2360 quanta
1398 2286 1601 2342 cautela
1633 2286 1702 2338 sit
1735 2301 1748 2349 ;
1787 2283 1861 2338 ait
1960 2291 2013 2344 in
2057 2299 2226 2343 morte
2263 2287 2464 2342 Christi
2497 2288 2898 2355 baptizantur,
2948 2295 3014 2342 et
3065 2283 3557 2356 consepeliuntur
3588 2275 3638 2330 ei

321 2401 459 2454 enim
511 2415 524 2450 :
566 2413 583 2444 ε
630 2392 943 2459 Quicunque
994 2382 1245 2452 baptizati
1312 2393 1494 2434 sumus
1549 2379 1599 2432 in
1650 2376 1862 2431 Christo
1961 2393 2056 2449 per
2092 2379 2414 2446 baptismum
2442 2377 2496 2430 in
2558 2385 2854 2440 mortem;
2916 2386 2979 2431 et
3016 2377 3170 2445 quia
3201 2371 3647 2431 siculchrisms

323 2488 465 2541 Jesu.
502 2503 520 2534 ι
549 2481 798 2535 Nostrum
831 2488 958 2542 ergo
985 2473 1246 2542 baptisma
1273 2471 1327 2522 in
1349 2467 1563 2523 Christo
1591 2464 1710 2519 Jesu
1745 2476 1863 2516 esse
1963 2468 2196 2521 surrexit
2231 2482 2259 2518 a
2296 2463 2526 2518 mortuis
2562 2479 2664 2533 per
2690 2463 2942 2532 gloriam
2987 2464 3234 2530 Patris,
3287 2466 3369 2518 ita
3395 2460 3456 2514 in
3486 2456 3651 2511 novi-

324 2577 473 2632 dicit.
498 2574 612 2641 Ipse
649 2577 826 2623 autem
846 2565 1090 2619 Christus
1122 2576 1150 2614 a
1183 2558 1388 2614 Joanne
1420 2555 1720 2624 baptizatus
1751 2552 1861 2622 (70)
1967 2564 2073 2611 tate
2119 2553 2227 2624 (7S)
2272 2555 2397 2608 vitae
2447 2553 2738 2606 ambulare
2774 2553 3048 2607 debeant
3099 2555 3165 2607 hi
3213 2555 3334 2622 qui
3373 2546 3652 2619 baptizati

325 2637 574 2724 refertur,
607 2675 710 2716 non
733 2673 797 2714 eo
818 2656 1137 2724 baptismate
1161 2649 1301 2717 quod
1332 2649 1384 2701 in
1413 2647 1628 2702 Christo
1649 2652 1754 2708 est,
1772 2642 1863 2696 sed

2121 2645 2169 2696 λ’.
2191 2642 2312 2697 Haec
2333 2641 2626 2709 Apostolus
2645 2641 2872 2694 scribit.
2909 2642 3139 2696 Adhuc
3172 2641 3454 2697 fortassis
3485 2637 3659 2692 etiam

327 2773 392 2812 eo
419 2754 557 2823 quod
607 2753 660 2804 in
700 2750 816 2818 lege
856 2756 958 2801 est.
993 2743 1068 2796 Ita
1107 2741 1249 2797 enim
1287 2747 1338 2794 et
1361 2741 1471 2807 ipse
1495 2738 1570 2790 ait
1598 2736 1662 2788 ad
1698 2734 1864 2789 Joan-
1966 2735 2067 2788 hoc
2102 2734 2156 2785 in
2186 2730 2437 2801 praesenti
2471 2728 2714 2796 capitulo
2746 2729 3108 2795 requiratur
3139 2749 3154 2784 :
3201 2731 3275 2784 Si
3325 2728 3539 2785 mortui
3567 2742 3661 2780 su-

326 2859 450 2900 nem
487 2861 500 2897 :
545 2859 562 2892 ι
600 2839 726 2894 Sine
747 2817 902 2891 modo
933 2849 948 2886 :
975 2833 1058 2886 sio
1082 2831 1224 2884 enim
1264 2829 1417 2882 decet
1447 2840 1544 2879 nos
1575 2822 1866 2908 adimplere
1969 2837 2085 2877 mus
2115 2831 2358 2891 peccato,
2391 2829 2443 2872 et
2472 2817 2785 2886 consepulti
2821 2833 3042 2874 sumus
3084 2821 3383 2887 Christo,
3429 2830 3490 2873 et
3531 2833 3661 2872 oon-

327 2949 538 2992 omnem
566 2930 827 3001 justitiam
860 2926 924 2977 ⁸⁸.
965 2943 982 2974 ι
1018 2923 1073 2976 In
1105 2935 1211 2990 quo
1238 2918 1490 2979 ostendit,
1521 2915 1665 2984 quod
1693 2913 1868 2981 bapti-
1969 2914 2305 2970 surreximus
2339 2927 2460 2965 cum
2495 2924 2587 2973 eo,
2637 2911 3057 2964 necessarium
3101 2914 3424 2969 videbitur
3451 2926 3660 2967 secun-

329 3037 477 3080 smus
496 2999 720 3076 Joannis
750 3015 982 3086 expletio
1008 3021 1122 3067 erat
1148 3017 1413 3072 veterum,
1453 3020 1557 3060 non
1601 3003 1866 3058 inchoatio
1895 3037 1936 3095 Ο
1969 3006 2095 3059 dum
2127 3003 2266 3056 hanc
2293 3000 2524 3054 formam
2551 2999 2774 3053 ostendi
2805 3001 3125 3066 quomodo
3158 3003 3359 3056 etiam
3383 3017 3516 3055 cum
3546 3001 3661 3068 ipso

318 3125 610 3167 novorum.
673 3107 910 3173 Denique
951 3101 1182 3157 refertur
1229 3100 1280 3152 in
1329 3098 1548 3151 Actibus
1591 3094 1868 3163 apostolo-
1903 3088 1936 3095 ⁷
1973 3103 2080 3147 tres
2106 3093 2239 3152 dies,
2270 3097 2323 3143 et
2352 3097 2464 3142 tres
2489 3096 2685 3141 noctes
2718 3088 2773 3140 iu
2803 3090 2997 3144 corde
3026 3099 3213 3146 terrae
3256 3092 3474 3164 sepulti
3515 3091 3661 3145 recc.

331 3216 448 3255 rum
491 3199 558 3262 ³⁸,
598 3196 739 3265 quod
771 3194 983 3262 quidam
1029 3206 1099 3246 ex
1143 3187 1418 3256 discipulis
1463 3184 1554 3253 qui
1603 3185 1870 3253 baptismo
1973 3183 2142 3236 rimus
2164 3181 2299 3249 (79).
2328 3179 2397 3232 Et
2427 3179 2550 3232 vide
2579 3178 2624 3231 si
2667 3179 2980 3246 possimus
3012 3190 3142 3236 tres
3172 3183 3320 3239 dies
3348 3181 3658 3252 consepulti

334 3290 560 3346 Joannis
584 3287 800 3340 fuerant
822 3283 1092 3350 haptizati,
1112 3277 1468 3346 apostolorum
1492 3275 1756 3330 sententia
1783 3288 1872 3328 re-
1972 3269 2187 3324 Christo
2215 3267 2415 3331 facere,
2443 3281 2570 3320 cum
2595 3266 2825 3333 plenam
2851 3267 3186 3327 Trinitatis
3208 3271 3538 3328 scientiam
3570 3285 3658 3323 ca-

336 3370 593 3447 bap’tizati
619 3383 743 3429 sunt
769 3373 821 3424 in
838 3369 1049 3424 nomine
1067 3365 1275 3420 Domini
1300 3363 1446 3418 Jesu.
1476 3381 1493 3412 ι
1518 3363 1866 3429 Quicunque)
1973 3358 2149 3425 pimus
2179 3373 2191 3407 :
2216 3355 2422 3428 luxwesj.
2459 3353 2573 3424 (80)
2619 3354 2773 3408 enim
2822 3354 3040 3423 Pater,
3075 3369 3139 3413 et
3182 3359 3246 3414 in
3292 3359 3514 3414 lumine
3544 3357 3656 3426 ejus

336 3443 467 3535 ergo
490 3486 510 3518 ο
534 3461 783 3531 haptizati
811 3471 993 3512 sumus
1012 3456 1123 3524 (7|)
1146 3455 1199 3507 in
1216 3453 1429 3508 Christo
1454 3452 1602 3518 Jesu,
1624 3453 1676 3506 in
1705 3459 1876 3506 morte
1975 3446 2065 3514 qui
2125 3456 2206 3500 est
2245 3443 2413 3498 Filius
2458 3443 2643 3496 iumen
2688 3444 2969 3499 Videmus
3022 3446 3337 3515 Spiritum
3369 3458 3648 3503 sanctum.

338 3534 505 3624 ipsius
525 3549 775 3620 baptizati
805 3561 990 3603 sumus
1018 3545 1084 3597 “.
1123 3563 1140 3596 ι
1164 3543 1424 3611 Requiras
1448 3541 1695 3597 fortassis
1711 3542 1874 3595 etiam
1977 3534 2225 3588 Facimus
2255 3539 2433 3585 autem
2463 3540 2520 3586 et
2549 3540 2664 3584 tres
2695 3540 2907 3612 noctes
2933 3573 2949 3598 ,
2988 3549 3135 3590 cum
3175 3538 3548 3595 destruimus
3583 3546 3657 3590 tc-

341 3641 618 3708 hoc,quod
649 3653 770 3693 eum
803 3637 913 3706 ipse
932 3633 1190 3689 Dominus
1216 3631 1410 3686 dixerit
1436 3631 1502 3684 ad
1533 3630 1817 3700 discipulos
1832 3631 1876 3663 ³⁷
1978 3624 2268 3677 nebrarum
2297 3630 2352 3676 et
2392 3615 2718 3689 ignorantiae
2746 3631 2989 3688 patrem
3021 3641 3144 3680 una
3176 3643 3325 3684 cum
3368 3627 3654 3683 mendacio

339 3744 398 3788 ut
425 3732 759 3800 baptizarent
795 3739 978 3780 omnes
1011 3732 1194 3794 gentes
1234 3721 1287 3774 in
1335 3721 1550 3775 nomine
1589 3721 1795 3786 Patris,
1827 3730 1880 3775 et
1979 3716 2212 3800 quodex
2238 3727 2302 3768 eo
2329 3720 2515 3767 natum
2550 3721 2655 3778 est,
2685 3723 2744 3768 et
2791 3733 2811 3765 ι
2862 3719 3142 3774 mendax
3177 3732 3274 3777 est
3302 3725 3454 3779 sicut
3482 3729 3540 3775 et
3567 3735 3656 3789 p3-

341 3821 481 3884 Filii,
529 3829 579 3874 et
626 3817 861 3886 Spiritus
899 3813 1094 3878 sancti,
1131 3826 1226 3866 cur
1272 3811 1360 3865 hic
1402 3809 1688 3878 Apostolus
1716 3809 1880 3864 solius
1983 3799 2470 3870 terejus,retccum
2500 3803 2749 3872 loquitur
2779 3807 3182 3866 mendacium
3209 3853 3227 3878 ,
3265 3815 3343 3869 de
3373 3813 3495 3866 suis
3534 3823 3654 3879 pro-

342 3911 539 3968 Christi
572 3909 623 3961 in
653 3907 916 3976 baptismo
933 3917 1122 3957 nomen
1151 3900 1502 3969 assumpserit
1527 3899 1636 3968 (72)
1659 3899 1877 3953 dicens:
1981 3893 2112 3962 priis
2141 3891 2376 3960 loquitur
2405 3891 2474 3941 ‘°.
2515 3908 2535 3942 ι
2579 3892 2690 3945 Sed
2727 3900 2788 3944 et
2818 3895 3008 3950 tertio
3036 3897 3180 3954 loco
3212 3902 3491 3970 spiritum
3514 3913 3658 3952 erro-

348 4019 368 4052 ι
390 4002 715 4067 Quicunque
743 3993 991 4062 baptizati
1031 4005 1214 4047 sumus
1236 3991 1289 4042 in
1308 3988 1545 4051 Christo,
1573 4005 1592 4038 ι
1625 4002 1747 4041 eum
1776 3988 1882 4040 uti-
1983 3977 2060 4031 ris
2081 3976 2429 4040 destruimus,
2460 3976 2552 4044 qui
2589 3976 2840 4045 inspirat
2883 3986 3463 4056 pseudoprophetas
3500 3997 3559 4040 ut
3579 3986 3655 4041 di-

345 4099 449 4153 que
478 4099 579 4137 non
615 4081 877 4139 habeatur
909 4077 1206 4148 legitimum
1230 4074 1512 4143 baptisma,
1545 4074 1644 4126 nisi
1667 4073 1764 4127 sub
1796 4088 1885 4127 no-
1985 4076 2109 4121 cant
2136 4086 2148 4120 :
2191 4084 2209 4116 ι
2245 4067 2369 4120 Haec
2391 4067 2522 4121 dicit
2554 4067 2850 4132 Dominus,
2901 4088 3063 4139 quos
3093 4077 3392 4136 Dominus
3424 4093 3538 4133 non
3565 4081 3658 4131 mi-

345 4173 490 4227 mine
511 4168 808 4224 Trinitatis.
827 4165 932 4221 Sed
955 4167 1163 4219 intuere
1185 4162 1520 4231 prudentiam
1547 4160 1720 4226 Pauli,
1749 4176 1882 4230 quo-
1986 4159 2057 4211 sit
2085 4157 2152 4210 ".
2187 4175 2206 4208 ι
2249 4156 2590 4209 Destruimus
2613 4157 2736 4210 haec
2761 4169 2818 4212 et
2856 4164 3334 4236 conculcamus,
3369 4169 3421 4225 si
3457 4181 3653 4223 conse-

348 4265 493 4315 niam
515 4258 729 4326 quidem
761 4257 812 4308 in
844 4255 1090 4324 prazscnti
1118 4254 1236 4307 loco
1277 4267 1380 4306 non
1419 4261 1522 4306 tam
1557 4253 1898 4322 baptismatis.
1988 4245 2118 4314 pulli
2164 4258 2347 4299 sumus
2397 4243 2654 4310 Christo,
2701 4249 2890 4304 etiam
2943 4261 3290 4314 secundum
3332 4258 3476 4315 illud
3519 4255 3657 4327 quod

337 4351 630 4408 .rationem,
661 4359 818 4412 quam
858 4344 1042 4397 mortis
1071 4343 1268 4396 Christi
1313 4343 1580 4395 discutere
1613 4343 1882 4410 cupiebat,
1919 4349 1960 4402 Ι)
1990 4334 2101 4401 ipse
2138 4332 2268 4386 diCil
2298 4349 2310 4383 ε
2352 4348 2371 4381 ί
2414 4331 2556 4386 Ecce
2597 4333 2724 4386 dedi
2763 4338 2939 4393 Wbis
3001 4353 3376 4411 potestatem
3412 4343 3658 4398 calcandi

353 4437 418 4490 ad
451 4433 601 4502 cujus
625 4430 1024 4484 similitudinem
1047 4430 1205 4482 etiam
1243 4445 1338 4483 nos
1362 4429 1612 4483 suaderet
1642 4431 1775 4482 mori
1797 4429 1888 4484 de-
1993 4437 2154 4491 super
2195 4431 2475 4490 serpentes
2527 4431 2583 4475 et
2636 4429 3024 4495 scorpiones,
3096 4446 3157 4488 et
3212 4451 3406 4507 super
3443 4450 3660 4489 omnem

356 4525 480 4579 bere
510 4528 747 4590 peccato,
797 4529 849 4570 et
891 4517 1206 4584 conscpeliri
1243 4518 1472 4572 Christo.
1525 4516 1586 4568 Et
1625 4532 1730 4569 non
1773 4527 1887 4572 erat
1994 4515 2244 4566 virtutem
2275 4514 2479 4567 inimici
2511 4514 2579 4567 “.
2623 4533 2642 4565 ι
2683 4515 2822 4580 Quae
2861 4521 3099 4588 singula
3142 4526 3223 4580 ita
3258 4535 3414 4583 sunt
3442 4535 3662 4581 contra-

353 4613 536 4680 utique
563 4606 886 4662 conveniens
935 4603 1066 4674 (75),
1119 4616 1174 4658 ut
1209 4607 1294 4658 ubi
1332 4607 1395 4658 de
1433 4614 1602 4656 morte
1644 4605 1880 4670 dicebat,
1995 4605 2073 4656 ria
2103 4603 2380 4665 Trinitati,
2420 4613 2477 4656 ut
2513 4621 2620 4658 nox
2649 4607 2786 4673 diei,
2813 4621 2872 4663 et
2907 4617 3173 4672 tenebue
3205 4619 3330 4674 luci
3357 4665 3374 4688 ,
3411 4627 3470 4671 et
3515 4632 3660 4670 men-

427 4749 470 4778 "
495 4745 881 4819 Mattlt._xsvtl,
919 4739 1004 4819 69,
1169 4810 1179 4819 _
1225 4742 1266 4772 ¹⁹
1306 4741 1342 4793 ll
1368 4741 1491 4819 Cor.
1519 4754 1593 4819 tv:
1625 4739 1705 4819 [0.
1781 4742 1824 4773 ³ο
1853 4742 1965 4797 lCo

2342 4739 2384 4769 ³¹
2428 4738 2444 4790 Ι
2485 4738 2612 4819 cor.
2647 4757 2738 4819 t_t_l,
2778 4746 2878 4800 29..
2965 4751 3013 4783 ³³
3041 4751 3211 4807 Rom.
3253 4771 3346 4819 vr,
3413 4753 3469 4805 4.
3553 4753 3598 4784 ⁸⁸
3630 4751 3663 4804 ll

357 4816 495 4871 Tim.
529 4831 600 4870 tt.
640 4815 726 4870 Η.
759 4811 848 4864 η.
951 4809 994 4840 ³⁵
1035 4807 1351 4878 Malunt-1,
1390 4809 1473 4861 15.
1548 4808 1594 4878 ἒξ
1632 4812 1744 4878 Act.
1787 4826 1895 4871 χιχ,

2142 4808 2188 4878 ξε
2218 4809 2376 4878 Rom.
2419 4825 2493 4872 γι,
2525 4811 2579 4860 5.
2659 4812 2703 4841 ³⁷
2739 4815 2948 4873 Matth.
2981 4836 3201 4878 xxvnl.
3443 4823 3491 4853 ³⁸
3513 4822 3660 4877 Joae.

362 4863 510 4949 uti}.
529 4863 561 4867 Γ
586 4863 628 4912 δν
649 4863 805 4933 Doni.
829 4893 902 4942 vt,
930 4879 983 4941 5,
1008 4878 1059 4929 4.
1133 4878 1176 4908 ⁸ο
1203 4863 1359 4932 Ιοίιιί.
1394 4892 1507 4938 vm,
1534 4876 1621 4928 44.
1694 4877 1733 4906 ⁸³
1760 4863 1895 4932 lizec

1807 4863 2184 4942 zecli.'xttt,6.
2257 4876 2300 4905 ’⁸⁸
2333 4863 2560 4940 Ιιυε.’κ,
2604 4881 2693 4933 19.
2981 4863 3201 4886 mm",
3243 4863 3345 4879 ’ν’

431 5025 538 5092 (69)
568 5023 735 5092 Alias,
777 5040 806 5092 ιΔ
825 5021 889 5073 de
935 5019 1220 5092 baptismo_
1263 5033 1411 5092 novo_
1454 5017 1570 5092 [εἰς.
1635 5019 1697 5068 de
1732 5018 1896 5092 bapti—

1831 5021 1896 5092 (ᾗ-
2071 5018 2180 5092 (ῃ)
2210 5017 2376 5092 Editi,
2411 5037 2430 5069 ι
2467 5020 2529 5092 in
2546 5022 2655 5076 hoc
2687 5023 2842 5092 loco,
2878 5039 2939 5085 et
2969 5033 3027 5087 in
3049 5035 3306 5092 caeteris.
3346 5056 3368 5090 ι

369 5069 461 5170 ψδὶ
510 5069 738 5170 nomine]
797 5069 1352 5170 loquerisret—devles—u,
1377 5069 1487 5157 Iuli.
1515 5069 1705 5170 dieest}
1735 5069 1883 5154 etii],
2073 5069 2182 5156 (⁸75)
2217 5069 2388 5152 Alias,
2430 5069 3369 5166 ι-ξίξιῖί,ἰέινῖιδέηξέιὶῖὶῒέῖὤδὶιέ
3399 5103 3661 5170 diximus,

364 5162 554 5212 dixerit.
588 5175 602 5210 :
633 5155 929 5223 consepulti
976 5157 1116 5208 enim
1175 5170 1360 5209 sumus
1396 5155 1496 5224 per
1538 5155 1898 5222 baptismum;
2002 5157 2200 5224 quia“
2235 5164 2340 5206 etc.

366 5239 416 5280 et
448 5231 640 5278 iter-um
673 5221 817 5276 alibi.
855 5241 873 5274 ι
1402 5221 1418 5224 ⁷
1460 5289 1479 5290 7
1623 5221 1626 5222 ⁷

1402 5221 1418 5224 ⁷
1460 5289 1479 5290 7
1596 5221 1626 5290 χ
2020 5221 2033 5223 ’
2073 5221 2187 5290 (76)
2217 5222 2388 5286 Alias,
2428 5243 2448 5276 ι
2490 5228 2719 5286 sumcit.
2760 5253 2779 5286 ι

437 5293 541 5372 (ΞΟ)
572 5291 893 5356 Baptizatus.
929 5291 1083 5344 Deest
1111 5291 1166 5371 in
1196 5291 1428 5372 editione
1445 5289 1796 5344 Genebrardi.
2075 5289 2188 5427 (77)
2216 5291 2293 5341 An
2327 5296 2583 5378 nescitis?
2607 5302 2720 5368 AL,
2758 5322 2778 5355 ‹
2828 5319 2932 5365 aut
2971 5318 3179 5372 nescit'

437 5363 547 5426 (ιι)
589 5359 802 5427 Sumus.
831 5359 890 5410 In
915 5368 1067 5410 antea
1085 5361 1242 5412 editis
1267 5360 1625 5412 desideratur.
2098 5358 2186 5424 78)
2223 5357 2352 5414 lllss.
2403 5366 2678 5427 plerique.
2733 5391 2752 5424 ι
2806 5379 2964 5427 sicut
3029 5336 3303 5427 nimii“:

437 5363 548 5451 81.2.!
585 5359 802 5451 33:33:“:
831 5359 1625 5451 93.3.?‘33"liiifiﬁiff‘eii‘ft‘.“
2009 5357 2363 5451 ...$Z§?.}“f§:_
2394 5357 2752 5451 librique-.3
2797 5357 3303 5451 ,εἷέὖιἼΞἮὶ-’ξξιύἑ
3345 5391 3612 5451 sargcm
3658 5396 3686 5435 ρ

441 5427 550 5491 (72)
585 5426 738 5502 Editi,
772 5443 788 5474 ι
837 5427 974 5492 quod
1011 5427 1122 5494 ipse
1154 5427 1407 5480 Dominus
1451 5427 1677 5479 dixit....
1710 5440 1900 5480 nomen

372 5502 677 5557 aSStllllpSIl.
710 5511 727 5542 ι

1343 5442 1407 5480 us
1451 5427 1677 5479 dixit....
1710 5440 1900 5480 nomen
2009 5426 2236 5478 martuis
2267 5442 2363 5493 per
2389 5426 2629 5499 gloriam
2658 5426 2877 5500 Patri—sn

2081 5493 2191 5557 (79)
2227 5496 2404 5557 AlizlS.
2450 5522 2469 5554 ι
2509 5512 2716 5557 scmthi
2753 5488 2877 5557 Tun:

434 5509 494 5544 δυ
501 5509 548 5543 ιιι
556 5509 632 5544 νει
642 5509 677 5544 ι.
710 5511 727 5542 ι

447 5556 745 5626 (75)⁷Ε‹Ιὶιί,
770 5577 788 5608 ‹
823 5569 875 5614 et
901 5573 1004 5614 non
1037 5560 1216 5628 utique
1243 5563 1584 5619 conveniens.
1621 5583 1638 5613 ι

2081 5493 2192 5581 ea
2447 5468 3352 5581 Tatiiiiiéa:.?..‘;?‘:‘“°"

2083 5563 2196 5619 (80)
2230 5560 2351 5623 Est.
