3894 6228
361 317 509 372 1041

1347 325 1690 381 COMMENT.
1726 324 1792 379 1N
1831 322 2040 378 EPIST.
2081 323 2168 375 AD
2202 322 2363 377 ROM.
2401 323 2526 377 LIB.
2558 322 2623 376 Υ.

3410 328 3428 380 1
3440 328 3543 382 042

356 431 590 488 decium
617 436 855 493 veritati.
885 439 1007 494 llaec
1033 439 1241 495 interim
1267 442 1419 496 nobis
1445 442 1554 512 (81)
1577 443 1630 496 in
1661 441 1905 511 praesenti
1936 443 1978 500 Α
2009 452 2144 502 mus,
2187 448 2241 490 et
2285 438 2551 491 induimus
2600 455 2617 488 ι
2647 451 2862 503 novum,
2917 435 3004 504 qui
3057 438 3342 492 secundum
3374 437 3552 492 Deum

354 517 494 574 loco
543 537 829 578 occurrere
874 534 1177 593 potuerunt.
1227 526 1282 581 Si
1325 527 1444 595 quis
1494 537 1669 582 autem
1714 528 1912 596 aliquid

356 607 570 663 melius
591 611 838 675 senserit,
869 628 972 667 non
1002 615 1177 682 pigeat
1203 614 1288 668 his
1303 615 1517 669 omissis
1543 617 1627 668 illa
1655 616 1912 684 recipere.

354 691 762 753 Verumtamen
793 700 895 754 hoc
908 710 988 754 est
1017 702 1159 769 quod
1182 702 1449 772 colligitur
1474 719 1537 756 ex
1566 703 1650 758 his
1672 704 1909 772 Apostoli

354 783 533 839 dictis
564 801 661 852 per
687 788 932 844 altiorem
957 790 1386 860 intelligentiam,
1412 793 1548 861 quod
1585 795 1725 849 sicut
1752 811 1911 850 nemo

352 874 528 927 vivus
551 884 731 943 potest
753 877 967 944 sepeliri
994 895 1113 933 cum
1141 892 1373 947 mortuo,
1400 882 1473 937 ita
1506 898 1661 938 nemo
1693 885 1784 952 qui
1820 885 1914 938 ad-

356 960 480 1016 huc
528 964 664 1018 vivit
700 977 940 1034 peccato,
985 978 1159 1035 potest
1209 971 1262 1024 in
1305 972 1568 1040 baptismo
1597 974 1909 1041 consepeliri

354 1050 596 1106 Christo
619 1055 709 1123 qui
742 1065 981 1112 mortuus
1007 1067 1089 1111 est
1119 1068 1371 1126 peccato:
1395 1070 1448 1114 et
1479 1062 1597 1116 ideo
1630 1062 1720 1131 qui
1755 1062 1911 1116 festi-

352 1150 505 1194 nant
556 1144 625 1197 ad
671 1144 1015 1212 baptismum,
1053 1151 1152 1204 hoc
1196 1150 1341 1218 prius
1390 1166 1581 1207 curare
1624 1152 1814 1207 debent
1856 1163 1913 1206 ut

351 1230 677 1286 moriantur
708 1244 832 1289 ante
871 1246 1109 1305 peccato,
1134 1245 1187 1290 et
1232 1237 1310 1291 sic
1352 1239 1555 1306 possint
1595 1239 1913 1308 consepeliri

350 1313 592 1370 Christo
615 1332 710 1386 per
728 1319 1068 1388 baptismum,
1091 1330 1150 1375 ut
1175 1328 1229 1375 et
1256 1321 1354 1390 ipsi
1387 1323 1563 1377 dicant
1588 1340 1602 1376 :
1639 1340 1658 1374 ι
1692 1322 1914 1391 Semper

351 1411 604 1458 mortem
632 1404 757 1461 Jesu
786 1407 985 1464 Christi
1010 1409 1119 1480 (82)
1147 1411 1199 1464 in
1225 1424 1453 1478 corpore
1477 1419 1662 1466 nostro
1691 1412 1913 1467 circum-

349 1490 634 1561 ferentes,
680 1506 740 1550 ut
781 1509 836 1553 et
881 1499 986 1552 vita
1025 1498 1152 1553 Jesu
1199 1499 1396 1555 ChriSti
1445 1499 1818 1557 manifestetur
1857 1503 1910 1556 in

349 1593 538 1635 carne
571 1598 751 1638 neStra
779 1587 989 1641 mortali
1028 1587 1093 1640 “.
1125 1606 1145 1639 ι
1180 1588 1453 1654 Quomodo
1482 1597 1655 1643 autem
1689 1590 1912 1643 manife-

346 1678 545 1723 stetur
600 1673 707 1727 vita
754 1673 877 1730 Iesu
916 1676 1112 1731 Christi
1153 1679 1204 1731 in
1259 1693 1509 1746 corpore,
1558 1678 1670 1747 ipse
1716 1679 1911 1734 Paulus

345 1762 610 1815 ostendit
647 1778 770 1816 cum
816 1766 947 1819 dicit
983 1785 995 1820 :
1039 1784 1057 1817 ι
1099 1766 1229 1821 Vivo
1263 1778 1470 1830 autem,
1518 1768 1627 1835 jam
1654 1785 1757 1825 non
1787 1784 1907 1836 ego,

346 1845 502 1902 vivit
537 1866 666 1906 vero
701 1853 752 1907 in
783 1869 867 1909 me
894 1855 1142 1909 Christus
1180 1856 1245 1910 “.
1288 1874 1307 1907 ι
1342 1856 1450 1912 lloc
1475 1859 1611 1911 idem
1647 1868 1730 1913 est
1771 1858 1908 1927 quod

345 1938 646 2003 apostolus
687 1938 921 1995 Joannes
953 1941 1005 1995 in
1034 1942 1267 2010 Epistola
1300 1959 1392 1997 sua
1418 1946 1627 2009 scribit,
1668 1960 1788 1999 cum
1821 1946 1907 1999 di-

348 2025 438 2078 cit
469 2043 484 2077 :
520 2042 541 2076 ι
566 2025 753 2082 Omnis
785 2028 1001 2097 spiritus
1030 2031 1120 2098 qui
1146 2032 1430 2085 confitetur
1444 2031 1621 2087 Jesutu
1641 2032 1909 2087 Christum

347 2115 412 2169 in
443 2130 619 2171 carne
651 2117 885 2184 venisse,
910 2133 975 2172 ex
1001 2119 1107 2173 Deo
1136 2132 1215 2174 est
1238 2120 1304 2177 “.
1341 2139 1362 2172 ›
1394 2121 1448 2173 In
1476 2136 1579 2189 quo
1607 2121 1785 2189 utique
1805 2137 1907 2174 non

344 2204 405 2259 is
460 2205 559 2274 qui
611 2206 844 2274 syllabas
893 2207 1024 2263 istas
1066 2209 1494 2274 pronuntiaverit
1545 2218 1600 2263 et
1642 2210 1910 2263 communi

344 2294 714 2350 confessione
733 2296 1014 2364 protulerit
1035 2297 1169 2367 (85),
1192 2297 1280 2351 Dei
1307 2298 1493 2365 spiritu
1518 2298 1597 2366 agi
1627 2298 1908 2361 videbitur,

343 2388 455 2440 sed
487 2385 583 2453 qui
619 2385 780 2437 vitam
826 2399 976 2438 suam
1026 2386 1096 2439 ita
1129 2385 1474 2451 formaverit,
1512 2396 1564 2441 et
1605 2387 1677 2440 ita
1704 2386 1911 2441 fructus

342 2473 554 2542 operis
581 2471 852 2538 attulerit,
894 2482 952 2526 ut
985 2472 1254 2527 Christum
1285 2474 1339 2527 itt
1375 2488 1538 2529 carne
1577 2476 1787 2530 venisse
1809 2515 1824 2540 ,
1859 2486 1917 2531 et

347 2570 644 2616 mortuum
676 2574 796 2614 esse
820 2569 1063 2629 peccato,
1091 2576 1155 2615 ac
1181 2563 1362 2615 vivere
1391 2561 1519 2627 Deo,
1554 2563 1663 2631 ipsa
1694 2578 1908 2632 operum

345 2664 593 2705 suorum
624 2658 681 2704 et
720 2664 970 2703 sensuum
1010 2650 1267 2719 religione
1293 2653 1689 2707 monstraverit.
1719 2651 1911 2708 Videa-

349 2753 489 2791 mus
522 2752 701 2801 nunc,
729 2745 1073 2805 posteaquam
1105 2738 1232 2806 qttid
1257 2739 1327 2793 sit
1357 2742 1672 2809 consepeliri
1699 2741 1912 2796 Christo

348 2842 466 2896 pro
506 2826 717 2879 viribus
748 2826 1078 2892 aperuimus,
1115 2827 1272 2881 etiam
1317 2828 1419 2882 hoc
1454 2830 1594 2898 quod
1623 2831 1699 2883 ait
1734 2854 1748 2887 ;
1783 2850 1801 2883 ι
1842 2832 1912 2888 Ut

348 2918 507 2972 sicut
533 2918 768 2970 surrexit
788 2917 1029 2972 Christus
1053 2929 1082 2968 a
1108 2919 1330 2971 mortuis
1353 2933 1448 2986 per
1469 2920 1695 2990 gloriam
1714 2920 1909 2989 Patris,

346 3009 430 3061 ita
463 3016 522 3061 et
559 3020 657 3060 nos
682 3006 735 3059 in
765 3007 1001 3062 novitate
1030 3007 1150 3061 vita:
1170 3008 1501 3064 ambulemus
1533 3010 1598 3065 “.
1633 3030 1652 3063 ι
1685 3012 1741 3067 Si
1780 3028 1910 3066 con-

345 3094 562 3163 sepulti
592 3094 704 3164 (84)
730 3110 911 3150 sumus
943 3095 1173 3160 Christo,
1203 3098 1493 3151 secundum
1519 3112 1580 3151 ea
1607 3114 1724 3167 qua:
1750 3116 1908 3166 supra

347 3185 631 3247 diximus,
695 3185 749 3239 id
808 3188 912 3249 est,
966 3187 1257 3240 secundum
1311 3187 1450 3257 quod
1490 3190 1680 3243 mortui
1725 3206 1908 3246 sumus

344 3280 617 3343 peccato,
648 3280 1039 3339 consequenter
1077 3272 1259 3338 utique
1291 3282 1602 3341 resurgente
1635 3274 1844 3331 Christo
1877 3292 1906 3330 a

350 3360 625 3424 mortuis,
649 3368 703 3413 et
732 3374 831 3413 nos
859 3374 977 3412 cum
1008 3360 1119 3427 ipso
1150 3359 1310 3413 simul
1339 3375 1700 3431 resurgemus,
1728 3373 1782 3418 et
1818 3365 1918 3420 illo

348 3447 693 3504 ascendente
717 3447 782 3499 ad
809 3445 969 3500 caelos
989 3484 1003 3508 ,
1044 3458 1161 3499 eum
1191 3445 1305 3512 ipso
1345 3445 1502 3498 simul
1542 3447 1905 3512 ascendemus,

346 3545 411 3591 et
442 3535 674 3590 sedente
710 3533 824 3602 ipso
864 3534 928 3586 ad
959 3533 1234 3587 dexteram
1265 3530 1459 3597 Patris,
1484 3547 1601 3587 cum
1624 3534 1736 3603 ipso
1753 3536 1913 3591 simul

349 3628 409 3681 in
436 3624 759 3683 ccelestibus
782 3623 971 3676 sedere
1003 3621 1259 3687 dicemur,
1291 3621 1581 3675 secundum
1607 3624 1746 3690 quod
1772 3625 1908 3679 idem

346 3711 660 3783 Apostolus
713 3708 764 3763 in
812 3709 928 3762 aliis
978 3707 1145 3773 dicit,
1205 3707 1327 3775 quia
1377 3725 1397 3758 ι
1440 3711 1754 3764 coexcitavit
1813 3726 1909 3767 nos

345 3804 615 3863 Christo,
654 3799 917 3866 simulque
961 3796 1089 3851 fecit
1133 3798 1318 3852 sedere
1360 3797 1411 3850 in
1443 3799 1747 3854 coelestibus
1775 3801 1837 3855 ⁸⁷.
1882 3821 1904 3855 ι

349 3891 621 3948 Surrexit
645 3888 891 3944 Christus
911 3902 1007 3955 per
1034 3886 1251 3956 gloriam
1267 3884 1442 3941 Patris
1462 3904 1476 3952 ;
1493 3896 1548 3942 et
1573 3903 1670 3944 nos
1691 3892 1734 3945 si
1768 3906 1908 3947 mor-

354 3984 439 4037 tui
490 3993 680 4034 sumus
718 3984 977 4045 peccato,
1023 3982 1076 4029 et
1102 3974 1315 4028 Christo
1357 3976 1670 4043 consepulti,
1704 3987 1757 4032 et
1788 3993 1907 4032 om-

352 4080 460 4119 nes
504 4061 618 4131 (85)
643 4060 733 4127 qui
764 4058 944 4112 vident
981 4070 1139 4124 opera
1182 4067 1364 4110 nostra
1405 4057 1563 4121 bona,
1611 4059 1909 4127 gloriﬁcant

351 4156 585 4208 Patrem
617 4142 858 4201 nostrum
887 4145 975 4213 qui
1006 4145 1057 4197 in
1089 4144 1237 4198 cmlis
1267 4153 1352 4198 est
1384 4144 1449 4210 “',
1477 4147 1667 4200 merito
1697 4146 1907 4202 Christo

346 4235 777 4297 consurrexisse
800 4247 894 4301 per
915 4231 1132 4301 gloriam
1157 4230 1328 4285 Patris
1356 4232 1592 4287 dicemur
1620 4233 1753 4305 (86),
1770 4244 1826 4289 ut
1853 4235 1906 4289 in

2013 532 2221 578 creatus
2241 532 2320 577 est
2339 522 2406 590 “,
2436 541 2455 573 ι
2479 534 2533 577 et
2554 541 2573 574 ‹
2596 525 2683 594 qui
2713 523 3339 599 renovaturiuagnitione
3369 545 3387 577 ι
3425 525 3542 595 Dei,

2018 631 2036 663 ο
2075 613 2361 666 secundum
2387 612 2666 683 imaginem
2695 613 2812 681 ejus
2841 612 2931 680 qui
2963 617 3163 667 creavit
3190 628 3310 667 eum
3342 617 3473 683 (87).
3517 635 3537 667 ι

2012 698 2190 769 Neque
2219 701 2359 754 enim
2396 708 2546 769 putes
2571 700 2708 768 quod
2741 700 3013 753 innovatio
3034 702 3176 766 vitae,
3201 716 3318 770 qutr
3351 702 3557 777 dicitur.

2010 789 2173 843 semel
2211 786 2368 854 facta,
2411 787 2667 853 sttﬂiciat;
2693 789 2785 843 sed
2813 803 3040 857 semper,
3070 797 3124 843 et
3146 790 3381 858 quotidie
3408 790 3538 861 (88),

2011 879 2053 933 si
2081 878 2182 933 dici
2212 886 2411 947 potest,
2446 878 2561 943 ipsa
2594 877 2802 931 novitas
2835 877 3127 932 innovanda
3157 888 3257 933 est.
3287 879 3377 934 Sic
3400 882 3540 933 enim

2010 967 2137 1021 dicit
2168 966 2454 1036 Apostolus
2485 985 2498 1020 :
2536 985 2553 1017 ι
2587 965 2717 1019 Nam
2749 975 2802 1021 et
2830 967 2872 1020 si
2915 967 2958 1021 is
2994 968 3083 1036 qui
3114 968 3246 1024 foris
3273 978 3355 1023 est
3383 970 3541 1024 homo

2011 1064 2189 1110 noster
2216 1055 2610 1123 corrumpitur,
2646 1053 2739 1108 sed
2777 1053 2867 1121 qui
2901 1053 3042 1108 intus
3064 1063 3144 1108 est
3165 1064 3450 1110 renovatur
3479 1057 3549 1110 de

2010 1144 2093 1197 die
2125 1144 2176 1198 in
2209 1140 2347 1197 diem
2374 1144 2439 1197 ⁵ο.
2482 1160 2500 1194 ι
2533 1142 2681 1197 Sicut
2724 1144 2864 1196 enim
2900 1152 3051 1197 vetus
3083 1158 3292 1212 semper
3332 1153 3544 1199 vetera-

2009 1234 2131 1301 scit,
2155 1243 2207 1287 et
2227 1233 2290 1286 de
2319 1232 2403 1286 die
2427 1232 2478 1285 in
2524 1232 2662 1287 diem
2689 1233 2947 1286 vetustior
2967 1231 3214 1300 eﬂicitur,
3246 1235 3315 1288 ita
3346 1233 3454 1305 (89)
3488 1243 3555 1288 et‘

2010 1335 2177 1375 novus
2237 1321 2323 1375 hic
2379 1334 2590 1389 semper
2635 1320 2956 1386 innovatur,
3015 1330 3068 1374 et
3130 1336 3395 1390 nunquam
3460 1333 3543 1376 est

2009 1410 2220 1477 quando
2254 1425 2358 1463 non
2396 1409 2666 1465 innovatio
2690 1408 2801 1476 ejus
2843 1420 3111 1476 augescat.
3142 1409 3354 1466 Intuere
3399 1412 3543 1469 deuio

2013 1514 2116 1567 que
2148 1498 2304 1568 563
2337 1513 2429 1553 eos
2458 1498 2549 1567 qui
2582 1500 2632 1552 in
2666 1498 2769 1553 [ide
2797 1499 3100 1568 proficiunt,
3128 1509 3180 1552 et
3217 1501 3450 1570 quotidie
3488 1504 3542 1555 in

2011 1588 2296 1642 virtutibus
2325 1590 2647 1654 enitescunt,
2674 1587 2939 1656 quomodo
2967 1603 3183 1658 semper
3218 1591 3377 1645 bouis
3412 1604 3541 1658 ope~

2012 1675 2155 1729 ribus
2192 1674 2444 1742 adjiciunt
2474 1676 2715 1743 meliora,
2755 1687 2808 1732 et
2846 1679 3085 1734 honestis
3122 1678 3329 1734 actibus
3372 1680 3535 1733 hone-

1943 1750 1980 1807 Β
2011 1766 2176 1819 stiora
2205 1765 2547 1834 conquirunt,
2575 1767 2840 1834 quomodo
2868 1768 2919 1820 in
2958 1767 3253 1832 intellectu,
3287 1768 3339 1821 iu
3367 1768 3547 1822 scien-

2010 1850 2080 1901 tia
2104 1850 2472 1918 sapientiaque
2506 1853 2797 1920 ditescunt,
2848 1863 2902 1908 et
2953 1869 3012 1910 ea
3055 1869 3173 1923 quae
3212 1863 3333 1909 ante
3366 1856 3545 1908 minus

2008 1939 2162 2007 plana
2201 1943 2268 1992 ad
2293 1940 2693 2011 intelligendum
2732 1943 3067 2009 videbantur,
3097 1955 3278 2012 aperta
3311 1952 3539 2013 postmo-

2007 2027 2128 2079 dum
2159 2027 2501 2096 dilucidaque
2547 2029 2878 2098 perspiciunt
2926 2029 3052 2102 (90).
3104 2032 3169 2085 Et
3208 2034 3327 2087 vide
3355 2034 3398 2086 si
3436 2048 3548 2086 non

2009 2115 2169 2169 rebus
2202 2115 2332 2183 ipsis
2367 2116 2665 2184 huiusmodi
2697 2118 2964 2172 hominem
2983 2120 3217 2187 quotidie
3242 2121 3440 2175 dixeris
3463 2120 3547 2173 ιη.

2010 2205 2217 2271 novari,
2253 2205 2396 2259 sicut
2431 2207 2759 2271 econtrario,
2789 2216 2846 2262 ut
2879 2208 3131 2273 diximus,
3160 2210 3205 2263 si
3235 2210 3357 2279 quis
3392 2218 3552 2264 vetus.

2010 2291 2146 2347 eilici
2175 2295 2416 2361 cmperit,
2447 2294 2688 2363 proﬁciet
2716 2296 2768 2348 in
2800 2297 2972 2364 pejus,
3019 2307 3073 2352 et
3123 2298 3359 2365 quotidie
3390 2307 3544 2352 vetu-

2010 2385 2143 2437 stior
2195 2393 2249 2436 et
2273 2384 2560 2452 semetipso
2587 2386 2820 2440 deterior
2858 2387 3179 2441 invenietur.
3223 2387 3277 2440 ln
3309 2388 3547 2442 novitate

2012 2485 2138 2540 ergo
2166 2471 2285 2525 vitae
2325 2472 2685 2539 ambulemus,
2713 2474 3057 2529 ostendentes
3088 2477 3437 2545 nosmetipsos
3466 2479 3545 2542 ei,

2009 2561 2097 2628 qui
2132 2574 2227 2613 nos
2247 2574 2366 2615 cum
2398 2560 2612 2615 Christo
2643 2564 2943 2628 suscitavit,
2973 2565 3210 2632 quotidie
3243 2580 3433 2631 novos,
3461 2579 3538 2631 et,

2012 2658 2068 2700 ut
2102 2651 2175 2702 ita
2205 2650 2445 2716 dixerim,
2475 2650 2830 2719 pulchriores,
2865 2653 3108 2707 decorem
3144 2654 3321 2710 vultus
3368 2658 3539 2711 nostri

1988 2740 2062 2806 jn
2098 2739 2312 2796 Christo
2359 2751 2615 2812 tanquam
2665 2746 2717 2796 in
2754 2745 2968 2813 speculo
3019 2745 3343 2814 colligentes,
3388 2757 3443 2801 et
3484 2749 3543 2800 itt

2011 2830 2127 2899 ipso
2160 2831 2383 2899 gloriam
2416 2831 2626 2887 Domini
2653 2834 2988 2901 speculantes
3014 2834 3064 2886 in
3095 2835 3332 2888 eamdem
3360 2836 3547 2904 iutagi~

2012 2934 2128 2972 nem
2158 2920 2267 2988 (91)
2303 2921 2744 2975 transformemur
2771 2922 2838 2984 3‘,
2882 2925 3002 2991 quia
3034 2923 3278 2978 Christus
3314 2939 3547 2994 surgens.

2010 3022 2039 3060 a
2074 3010 2301 3062 mortuis
2330 3009 2396 3063 ab
2427 3010 2726 3064 humilitate
2785 3020 3016 3075 terrena,
3064 3013 3127 3063 ad
3178 3013 3398 3080 gloriam
3445 3030 3545 3082 pa-

2013 3105 2174 3149 terna:
2205 3097 2502 3165 majestatis
2533 3098 2788 3151 ascendit.
2838 3097 2940 3150 Sed
2995 3102 3169 3153 adhuc
3208 3102 3350 3166 quod
3383 3102 3543 3168 dixit,

2013 3198 2032 3232 ι
2064 3181 2118 3235 lu
2148 3183 2381 3237 novitate
2430 3184 2551 3236 vita:
2582 3184 2914 3238 ambulemus
2953 3185 3024 3248 δ’,
3075 3204 3092 3236 ι
3148 3185 3267 3240 vide
3301 3201 3366 3240 ne
3400 3186 3541 3243 forte

2009 3269 2320 3338 mysterium
2361 3269 2488 3324 illud
2511 3271 2782 3337 ostendat,
2809 3273 2947 3340 quod
2971 3272 3137 3326 donec
3159 3271 3268 3343 (92)
3296 3274 3541 3342 proliciat

2009 3358 2149 3425 quis,
2182 3358 2456 3413 ambulare
2485 3359 2713 3415 dicatur.
2755 3359 2861 3414 Nec
2897 3368 3074 3414 tamen
3119 3364 3408 3428 putandum
3456 3374 3541 3421 est

2015 3445 2159 3515 quod
2186 3445 2301 3498 sine
2329 3445 2435 3500 [lue
2465 3448 2736 3502 ambulare
2787 3449 2996 3503 dicatur
3044 3449 3177 3519 (95),
3221 3450 3313 3504 sed
3357 3451 3543 3504 venire

2009 3534 2292 3603 aliquando
2320 3536 2385 3589 ad
2416 3550 2533 3589 eum
2564 3536 2737 3591 locum
2763 3551 2854 3592 eos
2884 3539 2974 3607 qui
3005 3539 3059 3591 in
3094 3539 3176 3592 his
3210 3537 3557 3607 profectibus.

2010 3622 2301 3685 ambulant,
2360 3625 2445 3678 ubi
2494 3626 2740 3680 standum
2798 3627 2889 3680 sit.
2943 3625 3033 3680 Sic
3081 3626 3310 3696 denique
3369 3628 3559 3696 primo-

2009 3713 2231 3782 martyri
2262 3714 2535 3782 Stephano
2565 3716 2655 3784 qui
2676 3715 2785 3783 jam
2834 3715 2898 3768 ad
2941 3716 3283 3782 perfectionis
3322 3730 3541 3771 venerat

2007 3802 2249 3870 gradum,
2301 3811 2451 3856 stans
2499 3817 2527 3856 a
2573 3803 2778 3857 dextris
2822 3803 3036 3857 virtutis
3095 3805 3340 3873 apparuit
3387 3802 3556 3859 Jesus.

2006 3890 2252 3946 Christus
2276 3892 2321 3922 ⁸³
2349 3909 2363 3957 ;
2387 3901 2441 3944 et
2475 3893 2539 3945 ad
2567 3891 2803 3960 Moysen,
2826 3894 2916 3960 qui
2955 3904 3007 3946 et
3038 3894 3151 3960 ipse
3191 3903 3311 3961 post
3346 3895 3544 3948 multos

2009 3978 2276 4046 profectus
2305 3980 2370 4031 ad
2405 3977 2787 4046 perfectionem
2818 3990 3156 4048 pervenerat,
3186 3981 3315 4034 dicit
3351 3980 3535 4033 Domi-

2007 4082 2140 4121 nus:
2168 4084 2187 4117 ι
2219 4068 2296 4121 Τιι
2337 4077 2513 4121 autent
2538 4069 2625 4121 hic
2657 4079 2737 4123 sta
2767 4070 3057 4125 mecum“.
3084 4089 3100 4119 ι
3131 4069 3234 4123 Sed
3265 4077 3319 4122 et
3345 4069 3538 4125 Paulus

2010 4156 2097 4210 ubi
2156 4157 2209 4209 in
2259 4157 2545 4225 semetipso
2620 4159 3139 4213 consummationem.
3196 4158 3539 4227 perfectionis

2006 4246 2238 4325 agnqvit,
2265 4246 2396 4300 dicit
2426 4265 2439 4300 :
2469 4235 2487 4298 ἑ
2512 4246 2739 4303 Cursum
2773 4248 3132 4303 consummavi
3159 4248 3227 4302 ".
3267 4264 3286 4298 ι
3318 4246 3412 4300 llis
3445 4263 3537 4299 au-

350 4328 611 4385 n0vitate
637 4324 761 4377 vitae
798 4321 1150 4376 ambulemuso
1180 4318 1398 4375 Νονῖιθε
1434 4331 1612 4376 amem
1639 4327 1760 4379 νῖῑίε
1790 4337 1903 4393 οδε,
1937 4366 1982 4424 D
2010 4343 2112 4390 tem
2132 4318 2232 4403 'qui
2261 4349 2318 4389 se
2343 4344 2587 4403 putarent
2618 4337 2886 4406 perfectos
2921 4351 3056 4404 esse,
3095 4352 3194 4393 nec
3226 4348 3402 4391 tamen
3448 4353 3535 4390 es-

348 4419 449 4476 ubi
484 4436 505 4469 ι
543 4423 781 4471 veterem
804 4413 1071 4491 hominem
1099 4426 1217 4467 cum
1241 4412 1445 4468 actibus
1470 4413 1579 4470 suis
1610 4434 1629 4467 ι
1663 4417 1907 4485 deposui-

430 4582 480 4615 ”
510 4580 552 4633 ll
571 4578 696 4633 Cor.
724 4592 801 4639 tv,
829 4577 914 4630 10.
989 4578 1035 4611 ⁸⁸
1068 4575 1414 4641 Galat.tr,20.

348 4722 405 4754 ⁵³
421 4721 592 4772 Deut.
618 4730 673 4781 ν,
696 4714 784 4768 51.
860 4713 904 4746 ⁸³
926 4713 968 4767 ll
991 4712 1126 4767 Tim.
1155 4727 1230 4777 tv,
1253 4712 1304 4766 7.
1328 4721 1347 4737 '
1379 4712 1425 4742 “
1459 4714 1478 4766 l
1513 4716 1631 4769 Cor.
1660 4719 1825 4781 1,12.

430 4873 551 4943 (81)
592 4868 757 4943 Editi,
792 4884 811 4918 ε
840 4867 1108 4943 contraria
1130 4866 1376 4943 veritati
1400 4865 1904 4943 et_'l‘r:i_nitati....‘ut

350 4932 603 4998 tenebrae
635 4938 775 4999 luci,
820 4945 880 4990 ut
904 4935 1237 4988 mendacium
1269 4934 1499 4989 veritati.
1538 4932 1662 4989 Haec
1687 4938 1901 4993 interim

350 5026 485 5082 qua;
496 5006 720 5082 uio-bist
736 5021 755 5053 ο
791 5012 895 5056 etc.

455 5075 553 5144 82)
581 5071 746 5144 ﬁditi,
773 5087 791 5121 ι
826 5078 1049 5124 mortem
1071 5068 1275 5144 Domini
1297 5068 1604 5144 nostri_Jes_u
1624 5070 1843 5124 Christi.
1874 5091 1894 5123 ι
1920 5133 1927 5141 ,

452 5136 550 5211 85)
582 5139 683 5194 Ms.
703 5154 860 5204 unus,
896 5155 915 5188 ι
946 5145 998 5192 et
1021 5138 1196 5191 omnia
1226 5137 1336 5191 haec
1358 5136 1692 5192 confessione
1718 5148 1901 5206 protu-

349 5215 562 5346 mpii).
592 5273 756 5346 Editi,
790 5290 811 5324 ε
849 5271 999 5346 Sicut
1022 5269 1336 5346 consepulti_.
1376 5289 1397 5346 ξ

431 5279 530 5346 (84
592 5279 756 5339 Editi,
790 5290 811 5324 ε
849 5279 999 5325 Sicut
1022 5279 1330 5337 consepulti,
1376 5289 1397 5322 ι

431 5279 554 5413 (ssi
594 5342 771 5407 Alias,
798 5357 818 5391 ι
856 5341 980 5408 quia
1007 5352 1211 5392 omnes.
1253 5355 1273 5388 ι
1305 5338 1503 5393 Deinde
1534 5338 1682 5403 editi,
1723 5356 1743 5389 ι
1785 5340 1895 5408 ειυ-

352 5417 738 5606 "ﬂagitant,
778 5491 797 5523 ι
828 5473 1072 5551 dicimur.
1096 5490 1127 5549 ,ι
1326 5541 1337 5552 .
1710 5541 1721 5553 '
1851 5542 1862 5555 .

428 5549 525 5606 (87
577 5543 747 5606 Editi.
793 5559 810 5593 ι
856 5557 907 5595 ιιι
946 5550 1208 5598 agnitione
1248 5541 1337 5597 DCI
1374 5540 1663 5598 secundum
1707 5556 1862 5600 tmatu

428 5540 553 5611 (87)
577 5543 747 5608 Editi.
793 5559 810 5593 ι
856 5543 907 5595 itt
946 5542 1208 5598 agnitione
1248 5541 1337 5597 Dei
1374 5540 1663 5598 secundum
1707 5541 1895 5600 ἰηιααὶ-

1499 4578 1590 4649 ‘f_l
1617 4578 1768 4636 Joan.
1812 4599 1885 4649 tv,
1909 4589 1963 4644 2,

350 4654 401 4686 ss
427 4651 644 4705 Coloss.
683 4661 768 4709 Ill,
788 4644 962 4707 9,10;
997 4646 1186 4713 Ephes.
1216 4660 1287 4713 tv,
1317 4644 1404 4697 24.
1437 4646 1482 4677 ⁸ο
1516 4644 1557 4697 ll
1583 4648 1701 4702 Cor.
1733 4664 1806 4713 tv,
1838 4644 1924 4711 {6.

2010 4436 2149 4494 sent,
2182 4428 2344 4482 dicit:
2375 4446 2393 4480 ι
2417 4428 2513 4494 Qui
2532 4442 2588 4483 se
2612 4436 2761 4497 putat
2791 4436 2958 4494 stare,
2977 4429 3148 4482 videat
3170 4443 3235 4482 ne
3253 4426 3486 4481 cadat".
3513 4445 3544 4478 ι.

2066 4591 2284 4643 “Rom.
2306 4605 2380 4654 vt,
2416 4590 2468 4643 4.
2573 4590 2825 4657 "Epltes.
2857 4607 2919 4655 tt,
2959 4591 3010 4643 6.
3084 4588 3129 4621 "'
3164 4587 3350 4641 Matth.
3371 4603 3425 4653 νο,
3448 4588 3533 4657 16.

2022 4661 2065 4692 ιι
2090 4660 2274 4714 llCor.
2302 4675 2382 4722 ut,
2407 4659 2492 4712 18.
2591 4655 2808 4712 “item.
2833 4676 2910 4725 Vl,
2936 4661 2991 4713 4.
3090 4658 3137 4690 ⁵⁸
3152 4659 3271 4711 Act.
3312 4670 3410 4718 vn,
3443 4655 3532 4711 55.

2008 4887 2123 4926 nem
2142 4866 2581 4941 (Dei,'secundum
2609 4871 2895 4941 imaginem
2922 4870 3038 4941 ejus
3070 4872 3189 4941 qui,
3221 4890 3243 4923 ι
3273 4880 3379 4927 etc.

2075 4939 2181 5011 (88)
2208 4940 2370 5011 Editi,
2398 4957 2416 4990 ι
2444 4942 2536 4993 sed
2567 4939 2777 5011 semper
2798 4939 3050 5011 quotidie.
3081 4939 3100 4990 ι

2074 5006 2183 5078 (89)
2207 5008 2368 5078 Editi,
2404 5024 2423 5056 ‹
2456 5007 2715 5078 vetustior
2751 5006 2828 5069 ﬁt,
2858 5009 3001 5078 ita,_r
3031 5017 3136 5059 etc.

2074 5074 2183 5146 (90)
2211 5075 2379 5136 Alias,
2430 5089 2450 5123 ι
2477 5074 2885 5142 conquirant....
2919 5074 3272 5130 ditescant....
3318 5081 3529 5147 ραι-ενι-

2002 5147 2162 5199 ciant.
2198 5160 2218 5192 ι

2072 5211 2184 5281 (91)
2210 5209 2372 5284 Editi,
2407 5225 2427 5284 ς
2456 5208 2782 5284 gloriamque
2818 5208 2872 5261 in
2922 5208 3034 5276 ipso
3082 5209 3303 5266 Domino
3331 5228 3525 5284 specu-

2004 5277 2175 5333 lantes
2200 5278 2382 5330 eadem
2414 5277 2659 5344 imagine.
2691 5292 2714 5325 ι
2772 5342 2786 5344 _
3198 5290 3199 5297 ι
3361 5277 3377 5284 ’
3562 5302 3569 5309 .

2075 5346 2185 5416 (92)
2220 5344 2377 5416 E_diti,
2405 5362 2424 5395 ε
2453 5342 2627 5397 videte
2656 5355 2722 5396 ne
2763 5342 2901 5397 forte
2928 5344 3148 5412 mystice
3179 5347 3305 5401 illud
3340 5356 3525 5407 osten-

1975 5416 1980 5422 ’
2004 5413 2114 5475 dat,
2147 5424 2204 5465 ut
2231 5413 2415 5467 donec.
2451 5431 2468 5464 ι

2070 5479 2367 5553 (93)}Mss.,
2404 5498 2423 5534 t
2465 5481 2799 5546 ambuletur;
2840 5496 2858 5530 ι
2914 5478 3013 5547 al.,
3039 5498 3055 5531 ι
3120 5483 3406 5539 ambulent.
3469 5503 3499 5543 ι
