3894 6220
378 245 514 301 1043

1780 235 2096 293 ORIGENIS

3524 215 3644 269 ιοιι

373 355 704 422 Imperfectis
736 364 861 404 vero
892 359 942 403 ct
969 349 1144 405 adhuc
1170 349 1318 405 initia
1352 351 1671 407 habentibus
1712 351 1908 406 dicitur
1936 355 1979 410 A
2009 349 2053 401 si
2084 346 2238 401 unius
2267 344 2368 398 diei
2398 341 2562 397 fuerit
2591 340 2716 394 vita
2755 337 2892 407 ejus
2918 336 2998 388 “.
3055 351 3077 384 ι
3125 329 3358 385 “Circo
3388 343 3514 400 θτεο
3544 347 3645 400 ¹Ρε³

376 456 434 498 ιιι
462 444 730 498 ambulent
757 448 873 509 post
901 440 1178 494 Dominum
1208 440 1370 494 Deum
1398 456 1577 506 suum;
1604 451 1658 494 et
1687 441 1752 494 de
1786 439 1906 493 aliis

374 534 567 586 dicitur
593 547 606 583 :
637 549 654 580 ι
683 530 957 583 Dimittere
987 543 1081 583 eos
1108 529 1316 598 jejunos
1344 529 1485 594 nolo,
1517 544 1585 584 ne
1613 531 1750 584 forte
1774 528 1904 583 defi-

369 621 509 672 ciant
539 619 589 670 in
619 618 703 670 via
717 618 782 668 ⁵⁷.
818 635 836 668 ι

357 766 360 769 _
435 706 486 760 9.
527 724 545 756 ι
578 706 634 759 Si
661 708 804 761 enim
838 707 1183 774 complantati
1213 707 1338 761 facti
1363 723 1543 766 sumus
1566 709 1900 764 similitudini

367 793 557 846 mortis
583 792 719 861 ejus,
751 795 912 848 etiam
949 796 1364 850 resurrectionis
1388 799 1591 851 erimus
1621 797 1749 868 (94),
1793 799 1901 853 hoc

365 883 620 948 scientes,
649 884 772 950 quia
800 893 951 938 vetus
984 885 1145 940 homo
1192 894 1375 940 noster
1420 887 1578 941 simul
1611 887 1898 944 crucifixus

365 982 445 1026 est
475 971 548 1035 ei,
584 981 640 1026 ut
673 973 983 1028 destruatur
1026 989 1222 1044 corpus
1267 977 1499 1043 peccati.
1534 987 1592 1031 ut
1623 977 1761 1031 ultra
1795 993 1898 1032 non

363 1061 660 1114 serviamus
705 1070 942 1130 peccato.
1006 1063 1107 1129 Qui
1159 1064 1270 1135 (95)
1311 1066 1453 1119 enim
1520 1077 1759 1122 mortuus
1795 1077 1897 1133 εει,

359 1149 677 1216 iustificatus
714 1161 798 1205 est
823 1167 854 1205 a
882 1164 1102 1220 peccato
1131 1154 1198 1207 ⁵³.
1240 1173 1258 1206 ι
1296 1155 1486 1210 Omnia
1522 1157 1635 1211 haec
1660 1156 1723 1210 ad
1756 1157 1897 1210 illam

361 1238 662 1306 respiciunt
695 1241 1069 1310 quaestionem,
1099 1257 1166 1296 ne
1196 1244 1439 1297 videatur
1478 1243 1649 1300 locum
1688 1246 1899 1300 dedisse

359 1325 622 1392 peccandi
653 1326 706 1380 in
733 1342 798 1381 eo
825 1329 966 1396 quod
994 1329 1127 1383 dixit
1160 1328 1268 1398 (96)
1295 1348 1307 1383 :
1348 1349 1366 1381 ι
1402 1330 1496 1384 Ubi
1529 1341 1704 1385 autem
1733 1333 1900 1386 abun-

358 1397 506 1465 davit
529 1423 834 1482 peccatum,
867 1397 1317 1484 superabundavit
1346 1420 1517 1486 gratia
1538 1421 1604 1472 ⁵³.
1640 1439 1658 1472 ι
1692 1421 1898 1476 Idcirco

360 1515 589 1571 namque
632 1516 688 1558 et
737 1517 972 1560 mortuos
1032 1521 1127 1561 nos
1166 1509 1294 1562 dicit
1369 1523 1487 1563 esse
1537 1521 1796 1577 peccato,
1845 1521 1897 1566 et

355 1593 660 1662 quicunque
708 1595 963 1665 baptizati
1007 1615 1190 1653 sumus
1242 1601 1294 1652 in
1345 1600 1579 1664 Christo,
1629 1601 1681 1654 in
1723 1612 1892 1656 morte

2007 436 2220 506 quidem
2273 443 2449 488 morte
2479 446 2590 500 qua
2625 428 2800 484 Jesus
2837 433 3133 478 mortuus
3176 430 3269 476 est
3315 431 3557 488 peccato,
3597 433 3648 474 ut

2007 535 2286 598 peccatum
2324 524 2548 578 omnino
2582 534 2696 574 non
2728 517 2949 571 fecerit
2991 511 3147 581 (99).
3194 523 3305 562 nos
3338 522 3446 562 non
3481 523 3650 578 possu-

2005 631 2126 676 mus
2156 613 2290 668 mori
2322 620 2380 665 ut
2409 609 2636 664 omnino
2669 606 3026 660 nesciamus
3059 608 3377 668 peccatum
3417 617 3432 650 :
3467 599 3648 650 simili-

2004 702 2241 756 tudinem
2271 708 2446 752 tamen
2477 698 2687 750 habere
2712 705 3046 762 possumus
3102 687 3217 759 (1),
3271 696 3336 740 ιιι
3385 686 3650 740 imitantes

2002 807 2145 859 eum,
2180 799 2233 845 et
2266 788 2493 858 vestigia
2547 785 2670 853 ejus
2707 789 3041 851 sequentes
3061 776 3468 833 abstineamus
3508 791 3600 843 nos
3624 793 3656 828 ιι

1999 890 2244 952 peccato.
2276 880 2387 934 lloc
2415 888 2499 932 est
2531 892 2666 945 ergo
2697 875 2860 944 quod
2896 873 3185 941 recipere
3212 878 3402 939 potest
3427 869 3651 922 humana

2001 981 2217 1034 natura,
2256 977 2316 1020 ut
2369 967 2422 1020 in
2479 964 2928 1020 similitudinem
2987 959 3212 1014 mortis
3264 957 3392 1027 ejus
3424 956 3516 1010 ﬁat
3558 957 3652 1027 (‘2),

1999 1061 2122 1116 dum
2155 1061 2330 1130 ipsum
2362 1056 2638 1111 imitando
2688 1068 2806 1108 non
2856 1060 3103 1122 peccat.
3137 1046 3290 1101 Nam
3329 1049 3554 1102 omnino
3589 1064 3650 1104 ex

1998 1151 2209 1220 integro
2262 1147 2478 1202 nescire
2521 1154 2849 1214 peccatum,
2895 1143 3094 1198 solius
3152 1141 3376 1196 Christi
3411 1150 3513 1196 est.
3556 1145 3652 1196 Sed

1999 1239 2099 1292 hoc
2131 1252 2237 1290 non
2272 1235 2645 1302 intelligentes
2693 1233 2936 1302 quidam
2985 1232 3442 1296 hmretieorum,
3480 1233 3652 1286 conati

1997 1334 2219 1380 suntex
2267 1325 2371 1378 hoc
2403 1322 2651 1391 Apostoli
2706 1323 2836 1374 loco
2880 1333 3176 1374 asserere
3224 1320 3384 1389 quod
3415 1318 3654 1374 Christus

2000 1415 2159 1486 564
2215 1429 2320 1468 non
2379 1429 2508 1468 vere
2553 1423 2817 1468 mortuus
2878 1413 2990 1477 sit,
3056 1411 3166 1466 sed
3226 1410 3649 1465 similitudinem

1998 1506 2188 1559 mortis
2218 1503 2492 1568 habuerit,
2512 1512 2568 1556 et
2599 1504 2756 1559 visus
2781 1504 2859 1557 sit
2887 1503 3094 1572 magis
3121 1501 3302 1566 mori,
3332 1516 3501 1570 quam
3530 1515 3651 1555 vere

1997 1601 2240 1646 mortuus
2267 1592 2357 1646 sit.
2393 1591 2605 1657 Quibus
2644 1595 3016 1662 respondere
3054 1591 3350 1662 quoniam
3401 1591 3652 1660 perfacile

357 1683 525 1750 ipsius
555 1684 848 1753 baptizatos
865 1702 960 1742 nos
989 1690 1175 1743 dicit”
1208 1702 1289 1744 :et
1331 1707 1472 1745 nunc
1507 1693 1892 1760 complantatos
1923 1667 1964 1724 Β
1995 1690 2098 1745 εει»
2131 1695 2234 1734 ιιοιι
2275 1688 2404 1748 Pu“)
2431 1682 2819 1734 necessarium
2857 1696 2931 1736 ex
2978 1682 3233 1738 οωιετῖε
3268 1680 3362 1734 νει
3389 1683 3650 1751 Αροεῑοείι

359 1787 458 1826 nos
484 1773 548 1826 ad
585 1777 774 1828 mortis
805 1775 920 1844 ejus
947 1777 1344 1833 similitudinem
1371 1781 1560 1835 scribit
1594 1782 1659 1845 “,
1697 1781 1895 1836 addens

359 1858 498 1930 quod
547 1859 592 1913 si
640 1860 1040 1917 similitudinem
1092 1868 1278 1922 mortis
1317 1869 1457 1937 ejus,
1514 1884 1622 1938 qua
1674 1881 1893 1938 peccato

354 1954 600 2000 mortuus
629 1956 734 2009 est,
755 1963 1026 2018 geramus,
1056 1954 1217 2008 etiam
1257 1960 1666 2014 resurrectionis
1698 1963 1882 2025 simili-

355 2034 592 2090 tudinem
622 2051 841 2106 sperare
863 2043 1171 2098 debeamus.
1208 2044 1311 2099 Sed
1342 2045 1443 2102 hoc
1470 2059 1735 2116 quatenus
1772 2067 1890 2120 pos-

352 2126 420 2175 sit
453 2123 568 2178 fieri
600 2129 830 2181 ostendit
885 2130 1088 2196 dicens,
1139 2135 1260 2200 quia
1295 2148 1455 2191 vetus
1503 2138 1665 2194 homo
1711 2153 1891 2195 noster

351 2215 698 2283 concrucifigi
745 2217 856 2287 (97)
904 2219 1094 2274 debeat
1147 2222 1361 2279 Christo
1401 2228 1466 2279 ⁸³.
1516 2228 1677 2284 Vetus
1709 2242 1886 2284 autem

350 2299 509 2356 homo
540 2313 724 2360 noster
753 2307 1130 2378 lntelligendus
1160 2322 1242 2366 est
1270 2315 1375 2367 vita
1412 2317 1559 2384 prior
1598 2333 1760 2387 quam
1793 2321 1888 2374 du-

348 2389 526 2444 ximus
557 2392 609 2447 in
645 2397 906 2461 peccatis,
941 2397 1092 2465 cujus
1120 2400 1275 2455 finem
1307 2414 1359 2456 et
1388 2405 1662 2461 interitum
1696 2424 1886 2478 quem-

349 2479 470 2532 dam
501 2481 725 2538 facimus
744 2485 830 2538 ubi
860 2488 1148 2556 recipimus
1177 2492 1228 2545 in
1263 2495 1414 2549 nobis
1448 2495 1604 2550 fidem
1633 2499 1742 2568 (98)
1765 2515 1887 2554 cru-

347 2567 429 2622 cis
459 2568 679 2635 Christi,
705 2585 801 2639 per
823 2586 982 2640 quam
1007 2576 1080 2628 ita
1110 2579 1408 2634 destruitur
1433 2597 1628 2652 corpus
1645 2567 1883 2654 peccati,

347 2665 407 2709 ιιι
439 2657 674 2713 membra
702 2671 906 2725 nostra,
932 2678 1049 2731 quae
1076 2670 1381 2726 serviebant
1405 2685 1644 2741 peccato,
1677 2678 1811 2732 ultra
1836 2681 1884 2734 ei

347 2759 451 2800 non
485 2749 743 2816 serviant,
763 2753 853 2805 sed
878 2752 1010 2811 Deo.
1045 2757 1148 2812 Sed
1177 2775 1316 2813 nunc
1350 2772 1654 2830 repetentes
1683 2783 1884 2824 sermo-

347 2845 489 2897 nem,
519 2835 796 2892 videamus
838 2841 965 2908 quid
1017 2853 1101 2898 cst
1150 2847 1501 2916 complantari
1546 2853 1880 2911 similitudini

347 2924 536 2978 mortis
561 2924 784 2992 Christi,
813 2928 864 2982 in
896 2945 1002 3001 quo
1035 2933 1178 2989 velut
1205 2936 1438 3006 plantam
1466 2941 1691 3011 alicujus
1722 2948 1881 3002 arbo-

344 3011 421 3065 ris
443 3014 676 3068 ostendit
711 3027 937 3074 mortem
963 3023 1186 3092 Christi,
1225 3028 1312 3081 cui
1357 3044 1457 3084 nos
1491 3033 1880 3102 complantatos

344 3099 456 3154 vult
488 3116 628 3167 esse,
668 3115 726 3158 ut
757 3119 824 3160 ex
857 3121 1023 3164 succo
1059 3113 1254 3170 radicis
1297 3116 1414 3184 ejus
1471 3099 1630 3172 radis
1669 3137 1881 3192 quoquc

319 3198 529 3272 nostra
556 3193 852 3264 suscipiens
899 3200 1159 3267 producat
1199 3218 1376 3259 ramos
1411 3205 1654 3273 justititc,
1685 3224 1738 3266 et
1768 3214 1879 3267 fru-

342 3290 462 3337 ctus
487 3283 675 3339 afl'erat
708 3287 849 3342 vitae.
875 3289 1024 3356 Quod
1068 3293 1112 3345 si
1161 3294 1242 3350 vis
1271 3297 1338 3349 de
1373 3295 1666 3368 Scripturis
1712 3319 1876 3374 agno-

341 3383 494 3426 scere
526 3389 646 3442 qua:
681 3377 780 3430 ista
811 3378 880 3431 sit
909 3380 1084 3445 planta
1113 3383 1200 3436 cui
1233 3385 1576 3454 complantati
1619 3405 1739 3446 esse
1783 3394 1879 3447 de-

341 3457 586 3546 beamus,
628 3472 683 3515 et
733 3465 883 3532 cujus
915 3469 1128 3534 generis
1161 3471 1343 3538 arbor,
1372 3477 1492 3530 audi
1526 3479 1654 3546 quid
1691 3481 1754 3533 de
1782 3480 1880 3535 Sa-

339 3543 541 3612 pientia
575 3549 864 3604 scribitur:
890 3569 910 3603 ι
936 3552 1131 3620 Arbor,
1153 3556 1343 3625 inquit,
1371 3563 1493 3616 vitae
1521 3543 1601 3617 est
1628 3568 1874 3645 omnibus

339 3635 680 3702 sperantibus
709 3637 759 3690 in
794 3653 886 3704 se;
923 3650 978 3695 et
1017 3645 1105 3710 qui
1137 3647 1414 3703 confidunt
1441 3651 1492 3704 in
1519 3666 1578 3705 ea
1619 3635 1868 3723 tanquam

340 3719 395 3772 in
428 3719 652 3776 Domino
689 3724 754 3777 ⁸³.
797 3743 816 3778 ι
870 3726 1121 3785 Christus
1159 3747 1286 3804 ergo
1323 3737 1418 3792 Dei
1455 3739 1646 3806 virtus,
1687 3719 1744 3796 et
1780 3743 1871 3798 Dei

337 3809 600 3876 sapientia
630 3812 695 3876 “,
734 3814 845 3882 ipse
889 3827 970 3871 est
1007 3821 1168 3875 arbor
1206 3825 1351 3891 vitae,
1393 3829 1477 3880 cui
1522 3831 1874 3899 complantari

339 3894 616 3966 debemus,
646 3910 698 3955 et
724 3917 860 3956 novo
891 3907 1120 3972 quodam
1161 3920 1321 3980 atque
1356 3915 1568 3970 amabili
1606 3894 1696 3972 Dei
1738 3920 1873 3974 dono

338 4002 485 4043 mors
531 3990 672 4046 illius
715 3995 866 4049 nobis
905 3997 1064 4050 arbor
1096 4001 1216 4055 vita:
1241 4001 1489 4058 eﬂicitur.
1520 4004 1662 4060 Bene
1693 4017 1872 4063 autem

335 4079 644 4147 Apostolus,
683 4084 860 4140 sciens
887 4101 946 4141 se
973 4089 1024 4142 in
1049 4093 1297 4158 praesenti
1337 4094 1453 4149 loco
1497 4110 1604 4149 non
1635 4098 1698 4151 de
1727 4110 1872 4152 com-

335 4167 480 4220 muni
515 4170 637 4236 hac,
674 4173 770 4226 sed
799 4173 864 4227 de
900 4179 1105 4243 peccati
1156 4191 1326 4234 morte
1373 4193 1624 4250 tractare,
1656 4202 1758 4241 non
1791 4190 1871 4244 di-

1995 1772 2077 1826 vel
2114 1771 2540 1840 Evangeliorum
2567 1772 2759 1837 dictis,
2791 1773 2889 1826 ubi
2922 1773 3302 1842 simpliciter
3332 1789 3490 1829 mors
3515 1773 3648 1840 ejus,

1991 1866 2045 1913 et
2084 1874 2189 1913 non
2224 1860 2536 1914 similitudo
2579 1862 2779 1915 mortis
2813 1862 3152 1926 scribitur,
3195 1863 3647 1918 testimoniorum

1990 1949 2197 2016 pondus
2227 1949 2513 2012 adhibere,
2556 1964 2681 2003 cum
2723 1952 3028 2018 possimus
3075 1954 3153 2006 ad
3186 1969 3294 2008 eos
3327 1955 3519 2008 dicere
3551 1972 3566 2008 :
3596 1955 3646 2008 Si

1991 2038 2286 2092 similitudo
2314 2039 2509 2093 mortis
2539 2038 2666 2106 fuit,
2701 2051 2760 2095 et
2799 2057 2922 2096 non
2959 2058 3114 2098 vera
3181 2047 3562 2112 resurrectio,
3598 2055 3650 2103 et

1991 2144 2092 2184 nos
2131 2143 2261 2196 ergo
2289 2129 2972 2200 videbimur‘resurgere,
3039 2146 3106 2190 et
3161 2151 3282 2190 non
3312 2152 3449 2192 vere
3476 2153 3648 2192 resur.

1989 2231 2175 2286 gemus
2218 2235 2231 2270 :
2273 2227 2327 2272 et
2370 2219 2686 2272 videbimur
2732 2221 2882 2275 mori
2944 2235 3238 2292 peccato,
3277 2236 3336 2281 et
3378 2242 3491 2281 non
3529 2243 3646 2282 vere

1990 2303 2302 2357 moriemur.
2335 2303 2402 2357 Et
2430 2319 2596 2360 omne
2625 2319 2764 2374 ergo
2793 2313 2956 2376 quod
2992 2321 3243 2379 gestum
3275 2323 3391 2379 est,
3425 2325 3481 2369 et
3511 2317 3646 2383 geri-

1991 2400 2099 2456 tur,
2129 2393 2307 2446 visum
2337 2402 2420 2447 est
2446 2396 2585 2462 geri,
2618 2397 2715 2448 sed
2760 2413 2874 2451 non
2919 2409 3022 2453 est
3076 2411 3344 2469 gestum.
3396 2403 3645 2474 Superest

1987 2480 2154 2549 igitur
2186 2492 2246 2536 ut
2272 2491 2327 2536 et
2355 2485 2504 2550 quod
2539 2483 2737 2538 salvati
2773 2501 3015 2553 sumus,
3056 2493 3173 2545 visi
3203 2494 3396 2548 simus
3426 2496 3640 2561 salvari,

1985 2573 2078 2624 sed
2109 2585 2214 2624 non
2243 2585 2371 2625 vere
2400 2572 2593 2625 salvati
2619 2572 2829 2628 simus.
2871 2576 3053 2632 Unde
3082 2582 3370 2648 quoniam
3401 2584 3516 2639 haec
3540 2594 3638 2638 tam

1985 2662 2214 2714 absurda
2251 2671 2398 2728 sunt,
2431 2672 2489 2715 ut
2525 2679 2632 2717 non
2670 2665 2982 2735 indigeant
3027 2673 3508 2741 probationibus,
3549 2694 3640 2731 nos

1986 2752 2054 2804 ad
2083 2751 2522 2819 explanationem
2557 2769 2758 2809 eorum
2790 2771 2928 2825 qua:
2967 2760 3287 2816 habentur
3317 2766 3373 2819 in
3411 2782 3637 2838 sequen-

1987 2843 2129 2895 tibus
2182 2853 2590 2898 convertamur.
2651 2845 2835 2916 igitur
2896 2853 3319 2922 complantari
3378 2875 3481 2913 nos
3534 2861 3637 2914 vult

1987 2931 2172 2984 mortis
2204 2931 2318 2999 ejus
2371 2933 2738 2999 similitudini,
2788 2951 2904 3004 qua
2968 2954 3236 3009 peccato
3291 2961 3640 3008 mortuusest

1986 3021 2171 3084 semel,
2198 3031 2254 3074 ut
2290 3023 2561 3089 possimus
2581 3035 2636 3078 ct
2677 3033 3121 3088 resurrectioni
3167 3036 3300 3105 ejus
3339 3055 3465 3096 esse
3486 3058 3630 3097 corn-

1984 3109 2209 3177 plantati
2230 3111 2386 3165 ".Ad
2417 3123 2710 3182 utrumque
2728 3119 2885 3174 enim
2914 3127 3242 3182 subaudiri
3270 3131 3477 3185 debet:
3497 3147 3634 3186 com-

1984 3198 2227 3266 plantati.
2259 3218 2278 3251 ι
2317 3200 2381 3254 Ει
2415 3203 2535 3256 vide
2564 3220 2734 3272 quam
2765 3217 3145 3272 necessario
3202 3218 3452 3275 formam
3494 3223 3634 3292 plano

1985 3290 2202 3343 talionis
2253 3295 2630 3359 assumpserit.
2689 3297 2898 3358 Omnis
2956 3309 3203 3362 etenim
3272 3290 3632 3380 planta—post

1981 3379 2173 3434 hiemis
2215 3389 2439 3436 mortem
2482 3391 2961 3445 resurrectionem
3005 3397 3174 3451 veris
3231 3379 3544 3469 exspectat.
3577 3404 3628 3455 Si

1980 3481 2110 3536 ergo
2141 3479 2195 3521 et
2227 3485 2324 3524 nos
2359 3470 2412 3522 in
2443 3472 2647 3528 Christi
2676 3489 2863 3534 morte
2907 3487 3320 3554 complantati
3369 3507 3555 3546 sumus
3579 3493 3625 3544 in

1982 3556 2156 3610 hieme
2195 3558 2373 3613 saeculi
2404 3560 2561 3627 hujus
2589 3573 2645 3616 et
2671 3571 2988 3633 praesentis
3021 3577 3195 3643 vitm,
3228 3581 3407 3634 etiam
3449 3583 3513 3635 ad
3544 3582 3623 3636 fu-

1980 3654 2157 3699 turum
2189 3663 2284 3701 ver
2317 3649 2663 3708 inveniemur
2683 3655 2912 3714 fructus
2942 3662 3206 3731 justitiaa
3239 3686 3312 3724 ex
3345 3674 3515 3741 ipsius
3549 3690 3623 3724 ra-

1978 3733 2096 3788 dice
2129 3735 2464 3802 proferentes
2495 3756 2509 3803 ;
2538 3749 2592 3795 et
2623 3743 2669 3796 si
2728 3750 3133 3815 complantati
3178 3733 3388 3817 sumus
3425 3764 3496 3829 ei,
3532 3781 3617 3819 ne-

1975 3839 2124 3879 cesse
2174 3837 2258 3880 est
2310 3838 2367 3882 ιιι
2423 3829 2587 3884 Pater
2644 3835 2899 3903 agricoln
2939 3857 3168 3916 purget
3213 3867 3323 3907 nos
3368 3864 3618 3924 tanquam

1973 3914 2221 3982 palmites
2252 3919 2375 3973 vitis
2404 3934 2563 3986 verm,
2618 3934 2676 3978 ut
2731 3930 2994 3985 fructum
3051 3914 3387 4003 plurimum
3435 3914 3619 4000 afi‘era-

1973 4018 2108 4068 mus,
2145 4006 2285 4059 sicut
2309 4019 2362 4060 et
2395 4009 2509 4076 ipse
2543 4013 2594 4065 in
2632 4014 2968 4088 Evangeliis
3013 4028 3171 4085 dicit
3209 4050 3224 4087 :
3284 4052 3304 4086 ι
3359 4034 3473 4105 Ego
3504 4052 3614 4090 sum

1971 4093 2096 4148 vitis
2128 4109 2274 4160 vera,
2300 4113 2396 4154 vos
2424 4101 2702 4169 palmites,
2736 4120 2795 4162 et
2820 4110 3010 4171 Pater
3035 4137 3213 4180 meus
3246 4093 3497 4195 agricola
3519 4139 3614 4182 est.

1972 4180 2194 4237 Omnem
2255 4187 2527 4255 palmitem
2577 4195 2674 4261 qui
2718 4200 2774 4251 in
2814 4217 2909 4257 me
2949 4223 3072 4264 non
3129 4180 3362 4286 mansi,
3411 4221 3614 4275 excidet

237 4293 240 4296 ι
334 4255 452 4310 xit:
487 4275 505 4307 ι
541 4258 598 4311 Si
617 4260 757 4314 enim
785 4265 1131 4333 complantati
1159 4283 1344 4324 sumus
1373 4289 1391 4322 ι
1421 4274 1579 4326 morti
1599 4273 1734 4340 ejus,
1753 4280 1868 4343 sed,

337 4361 358 4380 ι
381 4347 713 4380 dmin-"At":
747 4354 934 4380 ...η-ρε..
968 4355 1080 4380 ηε..-
1137 4377 1150 4380 -
1190 4356 1436 4380 n.__:-.__-
1485 4377 1520 4380 _,
1551 4364 1561 4374 -
1663 4365 1694 4380 ι-

2596 4255 2611 4261 -
2887 4255 2905 4257 -
2949 4255 3072 4264 η--.
3129 4255 3333 4270 ........,.
3411 4255 3614 4275 "ea...

2083 4289 2121 4326 ιι
2151 4274 2314 4329 Pater
2346 4294 2518 4334 meus.
2559 4283 2665 4348 Qui
2701 4299 2897 4346 autem
2927 4311 3142 4358 manet
3183 4306 3242 4359 in
3281 4258 3396 4374 nte,
3425 4326 3614 4380 purga-

337 4361 358 4394 ι
379 4347 716 4405 similitudini
746 4354 936 4408 mortis
965 4355 1102 4422 ejus.
1135 4377 1154 4408 ι
1189 4356 1439 4415 Christus
1477 4364 1618 4417 enim
1661 4365 1732 4418 ita
1784 4383 1868 4422 se-

331 4439 438 4489 mel
470 4448 712 4495 mortuus
741 4453 823 4497 est
854 4456 1097 4512 peccato,
1130 4457 1189 4501 ut
1215 4459 1490 4516 peccatum
1517 4455 1732 4508 omnino
1759 4472 1866 4511 non

331 4526 539 4589 fecerit,
589 4544 688 4585 nec
758 4533 911 4589 dolus
962 4536 1212 4591 inventus
1271 4539 1342 4593 sit
1397 4541 1448 4593 in
1503 4557 1596 4597 ore
1639 4545 1752 4613 ejus
1797 4548 1862 4602 ⁸⁸.

333 4614 570 4680 Quodin
604 4620 710 4674 alio
750 4623 968 4679 homine
1017 4640 1081 4679 ex
1132 4627 1340 4696 integro
1388 4629 1614 4684 inveniri
1647 4635 1865 4690 omnino

325 4719 430 4759 non
464 4710 678 4774 paterit.
712 4729 730 4762 ι
761 4709 926 4766 Nemo
949 4717 1122 4770 renim
1146 4733 1165 4767 ι
1193 4719 1420 4772 mundus
1445 4732 1732 4787 apeccato,
1767 4739 1864 4779 nec

393 4796 438 4874 ς
461 4795 648 4854 Matth.
682 4816 771 4874 x_v,
794 4803 882 4874 52.
919 4871 934 4874 _
986 4806 1033 4838 ⁸⁸
1077 4806 1230 4860 Rom.
1263 4822 1337 4874 vt,
1365 4808 1477 4862 5ν7.

323 4863 369 4982 ἵ
391 4863 547 4983 gron
577 4883 658 4934 tu,
691 4863 773 4926 Ni.
845 4872 891 4904 “
915 4871 936 4924 Ι
963 4874 1086 4928 Cor.
1110 4892 1150 4940 ι,
1169 4875 1259 4930 25.

414 5021 505 5092 δέ)
537 5025 704 5092 Alias,
741 5045 760 5077 ι
795 5029 952 5083 simul
982 5040 1035 5084 et
1065 5037 1469 5092 resurrectionis
1499 5037 1721 5092 erimus.
1762 5057 1782 5089 ι

415 5087 637 5174 θδξιοιιί
666 5096 800 5174 enim
835 5108 1067 5174 mortuus
1097 5113 1192 5164 est,
1217 5087 1719 5174 ,ῑξιρὶιλιὲᾰὶυῖἓὲῐῐι’
1738 5087 1856 5174 pec-

323 5167 455 5235 toto.
475 5157 610 5234 .llac
633 5164 794 5235 verba
834 5165 1026 5219 desunt
1053 5169 1104 5220 in
1129 5157 1376 5235 omnibus
1416 5157 1548 5229 mss.
1581 5157 1857 5230 codicibus

325 5231 540 5291 nostris,
571 5231 662 5279 sed
688 5241 898 5283 exstant
925 5235 974 5284 in
1005 5236 1190 5291 editis.

393 5289 502 5420 (θϐζ
528 5292 686 5357 Editi,
713 5313 730 5346 ι
761 5298 1016 5355 diximus.
1043 5321 1061 5352 ι
1147 5289 1188 5291 ’“

393 5353 478 5419 (9⁷
533 5356 657 5412 Mss.
688 5364 886 5420 plures.
909 5385 928 5416 ι
957 5370 1194 5420 crucifiai
1218 5391 1232 5420 :
1267 5393 1284 5420 ι
1316 5376 1441 5420 mliti
1493 5397 1511 5420 ι
1542 5379 1584 5420 εἰ

325 5353 657 5484 ωξὲἦξϐῗεξ.
673 5353 886 5430 plures,
909 5385 928 5416 ι
957 5353 1194 5440 crucifigi
1218 5391 1234 5442 ;
1266 5393 1284 5428 ι
1316 5376 1466 5447 editi,
1493 5397 1511 5430 ι
1541 5379 1700 5436 simul
1729 5393 1857 5436 con-

395 5485 504 5544 (98)
530 5487 684 5551 Editi.
729 5513 745 5545 ι
773 5498 955 5561 tinem.
984 5521 1005 5555 ι
1038 5507 1193 5562 male.

1364 4877 1408 4908 ⁸⁵
1433 4878 1448 4930 l
1474 4877 1616 4934 Petr.
1638 4895 1697 4946 ιι,
1729 4880 1819 4934 2'3.

1590 4811 1634 4842 ⁸⁵
1665 4811 1818 4867 Rom.
1852 4830 1904 4880 v,
1936 4815 2024 4868 20.
2137 4817 2180 4847 ⁶⁰
2207 4816 2362 4874 Ιῖοιιι.
2387 4837 2413 4875 v

1590 4895 1616 4934 '.
1638 4895 1697 4946 ιι,
1729 4880 1819 4934 2-3.
1924 4884 1968 4914 ⁸⁸
1994 4883 2093 4939 Job
2143 4900 2252 4952 xw,
2280 4889 2334 4952 4,
2358 4889 2413 4944 5.

1972 4363 2050 4416 bit
2091 4381 2234 4429 eum,
2275 4381 2334 4421 ut
2379 4369 2617 4427 fructum
2666 4377 2992 4444 plurimum
3046 4393 3268 4453 afferat
3317 4363 3395 4456 5':
3425 4363 3459 4455 ta

1971 4467 2101 4520 ergo
2129 4455 2287 4509 modo
2321 4462 2679 4529 complantati
2721 4483 2931 4530 sumus
2985 4483 3373 4545 simitiiudini
3429 4495 3611 4547 monis

1967 4542 2106 4610 ejus.
2167 4554 2224 4598 ut
2258 4557 2314 4600 et
2372 4557 2800 4614 resurrectionis
2849 4565 2983 4634 ejus
3035 4574 3415 4636 similitudini
3464 4599 3607 4637 com-

1965 4633 2192 4700 plantati
2247 4639 2442 4729 simus.
2475 4643 2613 4729 Quid
2646 4633 2936 4711 sitautein
2990 4664 3371 4728 similitudini
3426 4690 3606 4729 resur-

1967 4726 2221 4780 rectionis
2254 4727 2373 4794 ejus
2395 4746 2519 4786 esse
2549 4726 3015 4808 complantatum
3073 4726 3338 4818 Joannes
3384 4777 3604 4834 aposto-

2137 4817 2180 4847 ω
2207 4816 2362 4874 "0""
2387 4837 2464 4888 Ἦν
2489 4823 2547 4885 2ο
2573 4827 2630 4880 5-
2747 4833 2790 4863 ⁸⁸
2823 4833 3002 4898 Rom.
3034 4861 3118 4911 vt,
3139 4850 3202 4905 5.
3288 4816 3370 4885 ﬂ”

2143 4900 2248 4927 xw,
2280 4889 2311 4927 ,ί
2359 4889 2390 4927 ἐι
2528 4895 2574 4927 ετ
2607 4896 2742 4927 nn...
2805 4909 2858 4927 -.-.
2933 4908 2964 4927 ν
3027 4915 3090 4927 ...
3250 4920 3293 4927 η
3331 4921 3348 4927 -

2605 4896 2769 4953 Rom.
2805 4909 2887 4970 vi,
2930 4896 3202 4976 316:"
3245 4920 3294 4953 ⁸⁸
3318 4896 3597 4991 ιοὲιὶῗὲῖξ

1966 5043 2232 5144 εηρὲξέίί
2259 5061 2540 5144 ξίξεξξίξιπι
2564 5063 2784 5138 ρηιηῑηο
2822 5084 2937 5126 non
2967 5075 3188 5144 fecerit.
3230 5081 3368 5140 llaec
3401 5085 3589 5141 deaunt

1965 5115 2242 5198 intledi'lis,
2268 5128 2324 5171 et
2351 5119 2406 5198 itt
2433 5115 2889 5198 plerisque

2029 5181 2478 5282 5.1.)”q‘tnfnngtifi
2498 5181 2804 5282 nesciam}?
2825 5225 3145 5282 peccatum,
3186 5221 3592 5279 similitudinem

1958 5256 2130 5301 tamen
2159 5252 2351 5308 habere
2381 5252 2785 5327 μοδειιηιιιέξῆ

1957 5325 2114 5370 antea
2147 5321 2330 5376 editis.

1957 5384 2597 5520 ejlfafgiéislfrique,
2636 5431 2657 5468 ι
2685 5423 2746 5473 ut
2794 5417 2871 5476 ad
2917 5424 3361 5491 similitudinem
3409 5429 3597 5486 mortis

2787 5289 2874 5334 διο
2899 5285 3310 5347 desiderantur
3350 5291 3408 5346 in
3445 5293 3591 5346 libris
