3894 6232
251 2256 254 2259 ·
337 2244 558 2306 ximus,
597 2243 722 2311 quid
755 2253 838 2296 cst
865 2243 1202 2312 concruciﬁgi
1238 2245 1454 2300 Christo
1487 2265 1502 2313 ;
1547 2261 1600 2302 et
1635 2251 1698 2302 de
1724 2253 1890 2305 veteri

339 252 503 308 ιβιδ
1329 263 1671 322 COMMENT.
1705 264 1770 318 IN
1799 264 1892 326 ΕΡΙ

2003 268 2126 322 .AD
2154 269 2313 324 ROM.
2354 270 2476 323 LIB.
2519 268 2580 323 V.
3030 306 3043 315 -
3394 279 3528 336 i016

343 365 444 420 lus
476 369 681 462 docet:
711 387 730 421 ι
760 370 932 427 Filioii
965 373 1064 443 (3),
1099 376 1329 431 nondum
1359 380 1560 435 scimus
1586 383 1710 449 quid
1743 382 1902 438 futuri
1932 394 1977 448 Α
2004 387 2143 439 mitti
2182 397 2376 454 potest,
2417 388 2485 441 de
2511 396 2737 453 utroque
2763 387 2887 453 quid
2913 387 3066 442 nobis
3094 390 3337 446 vhleatur
3355 407 3526 462 expo-

341 469 577 513 sumus.
613 460 669 513 Si
706 472 881 516 autem
909 466 1169 520 revelatus
1204 469 1353 521 nobis
1395 469 1574 536 fuerit,
1602 473 1801 528 similes
1828 473 1903 526 illi
2003 490 2208 531 neruus.
2250 477 2454 530 Etenim
2484 494 2525 532 SI
2559 478 2824 546 proprium
2861 493 3055 546 corpus
3094 495 3357 547 ponamus
3405 460 3531 538 esse

341 547 572 603 erimus
593 551 658 604 ⁸⁵.
697 552 817 605 ι-Ει
850 554 1040 607 iterum
1073 557 1181 624 ipse
1213 556 1454 613 Salvator
1477 561 1603 615 dicit
1623 563 1668 594 ⁷ο
1703 581 1718 617 :
1750 581 1770 614 ι
1801 564 1902 618 Pa-
2001 565 2228 632 peccati,
2269 565 2532 619 videbitur
2558 567 2694 633 quod
2722 566 2861 619 sicut
2890 567 2954 620 de
2993 568 3076 621 his
3105 570 3197 637 qui
3243 570 3296 624 in
3327 585 3524 626 novum

345 645 470 701 ter,
502 641 628 693 volo
663 649 720 693 ut
749 643 839 694 ubi
865 656 964 710 ego
1000 659 1138 709 sum,
1160 654 1213 698 et
1243 649 1326 699 isti
1359 649 1464 702 sint
1492 666 1694 705 mecum
1714 654 1786 722 (4)
1819 670 1836 714 ς
1876 672 1899 706 ι
2005 652 2268 704 hominem
2302 655 2530 721 reparati
2559 663 2683 709 sunt
2712 655 2912 709 dictum
2942 667 3046 721 est,
3070 658 3191 724 quia
3231 676 3250 709 ι
3272 675 3367 716 vos
3395 663 3523 716 estis

339 736 408 780 et
439 729 644 782 iterum
674 747 688 782 :
719 748 737 781 ι
771 731 922 785 Sicut
954 747 1051 800 ego
1081 734 1133 787 in
1169 745 1237 802 te,
1262 747 1314 790 et
1340 748 1390 792 tu
1426 740 1478 792 in
1515 754 1620 804 me,
1653 751 1708 796 ut
1737 753 1789 798 et
1814 745 1900 799 isti
2001 755 2194 806 corpus
2225 740 2444 804 Christi.
2473 752 2528 796 et
2557 746 2790 799 membra
2814 761 2878 800 ex
2904 755 3053 815 parte
3075 746 3119 778 ⁷⁸
3166 747 3268 816 (8).
3311 766 3332 800 ι
3369 750 3440 802 ita
3471 758 3527 804 et

341 815 404 870 in
448 819 612 874 nobis
641 834 802 872 unum
832 821 1026 876 sint“.
1059 841 1076 873 ι
1113 824 1261 889 Quod
1303 827 1487 896 utique
1515 830 1578 884 de
1622 831 1726 885 illis
1750 833 1898 900 dicit,
2001 828 2063 881 de
2093 828 2177 882 his
2196 829 2286 896 qui
2319 839 2550 884 veterem
2575 833 2840 888 hominem
2865 835 3094 888 nondum
3117 815 3523 902 cruciﬁxerunt,

339 909 451 970 qui
497 910 554 961 in
591 911 840 977 prmsenti
885 912 993 966 vita
1043 917 1383 983 complantati
1425 918 1624 974 fuerint
1651 921 1901 976 similitu-
2000 918 2105 971 dici
2140 932 2296 984 posse
2333 920 2474 987 quod
2501 920 2827 990 sintcorpus
2844 924 3048 990 peccati
3079 934 3130 977 et
3153 926 3410 990 membra,
3439 940 3529 980 eu-

338 993 475 1047 dini
506 997 699 1052 mortis
726 996 860 1064 ejus.
901 1000 1033 1054 Puto
1065 1011 1240 1056 autem
1272 1007 1410 1070 quod
1437 1018 1586 1072 grate
1612 1012 1714 1063 hoc
1755 1024 1806 1065 et
1836 1012 1892 1066 de

2003 1009 2080 1076 ius
2119 1009 2357 1076 corporis
2398 1009 2472 1079 (9)
2502 1022 2660 1078 caput
2708 1013 2779 1068 sit
2822 1014 3082 1078 diabolus,
3115 1014 3254 1068 sicut
3281 1014 3534 1070 Christus

341 1084 448 1138 illo
482 1086 698 1141 latrone
727 1089 830 1143 dici
861 1092 1052 1157 possit,
1085 1092 1170 1159 qui
1205 1093 1362 1146 simul
1392 1095 1442 1148 in
1471 1111 1631 1154 cruce
1655 1104 1892 1170 pependit

2003 1104 2152 1161 caput
2193 1105 2274 1149 est
2311 1098 2551 1164 corporis
2591 1099 2840 1154 Ecclesiae
2893 1116 2996 1154 non
3049 1101 3294 1156 habentis
3341 1117 3526 1155 macu-

337 1189 479 1226 cum
525 1175 653 1230 Jesu
693 1192 710 1240 ;
761 1187 808 1230 et
861 1194 957 1245 per
1005 1179 1387 1236 confessionem
1429 1200 1576 1240 suam
1611 1205 1715 1257 qua
1746 1192 1897 1256 dixit,
1999 1183 2102 1236 13")
2123 1193 2216 1238 θυι
2238 1199 2416 1253 "183'"
2444 1187 2508 1239 "-
2529 1186 2757 1242 Ροεθυηῑ
2781 1198 2952 1242 amem
2979 1189 3215 1242 membra
3240 1203 3304 1243 εκ
3335 1191 3528 1258 (ιυίιιιιε

342 1279 366 1314 ι
415 1261 699 1318 Memento
729 1265 854 1329 mei,
899 1265 1140 1333 Domine,
1173 1284 1292 1324 cum
1321 1276 1528 1328 veneris
1575 1275 1628 1330 in
1679 1293 1896 1346 regnum
1999 1286 2190 1338 corpus
2223 1273 2362 1326 istud
2405 1276 2607 1341 peccati
2663 1284 2892 1340 constat.
2945 1277 3034 1331 illa
3090 1279 3255 1332 videri
3289 1295 3406 1347 quae
3433 1295 3536 1334 ευ·-

339 1362 510 1406 tunm
544 1355 614 1420 ⁷³,
649 1373 667 1406 ι
703 1364 755 1407 et
779 1354 938 1407 alium
971 1356 1420 1424 blasphemantem
1447 1366 1726 1434 corripuit,
1755 1381 1892 1420 com-

2003 1359 2177 1426 perius
2224 1359 2379 1430 565
2427 1366 2756 1416 enumeravit
2795 1362 2904 1434 (10)
2964 1365 3248 1432 Apostolus
3289 1367 3533 1421 membra

334 1443 596 1512 plantari
629 1459 726 1512 per
762 1445 875 1498 haec
909 1446 1058 1500 visus
1079 1448 1150 1500 sit
1176 1450 1506 1506 similitudini
1537 1455 1722 1509 mortis
1751 1456 1892 1525 ejus:

2003 1459 2113 1499 esse
2158 1461 2315 1514 super
2363 1457 2592 1516 terram,
2624 1450 2674 1504 id
2701 1459 2779 1505 est
2805 1451 3228 1519 fornicationem,
3288 1454 3528 1510 immun-

334 1531 445 1583 sed
477 1541 536 1582 et
563 1533 946 1589 resurrectioni
978 1531 1091 1600 ejus
1126 1538 1514 1604 complantatus
1565 1541 1634 1594 sit
1667 1557 1760 1610 per
1798 1545 1898 1597 hoc
1998 1532 2218 1598 ἀίιῖθωι
2268 1536 2651 1605 impudicum“
2678 1577 2693 1602 ο
2743 1540 3021 1592 “atillam
3044 1578 3061 1605 ν
3107 1544 3473 1598 εοηιοηιίοιιθε
3498 1580 3524 1604 ι

333 1620 498 1686 quod
559 1622 607 1672 ei
661 1621 906 1674 dicitur:
953 1639 971 1672 ι
1016 1622 1180 1677 Hodie
1223 1640 1428 1679 mecum
1479 1629 1586 1682 eris
1629 1629 1682 1683 in
1740 1646 1892 1701 para-

2003 1624 2150 1689 iram,
2211 1625 2376 1689 dolos,
2422 1628 2587 1690 rixas,
2640 1627 3020 1690 dissensiones,
3076 1629 3332 1695 haereses,
3386 1632 3530 1686 invi-

335 1711 474 1764 diso
497 1711 567 1764 ⁷³.
602 1727 620 1760 ι
658 1712 820 1779 Digna
849 1727 1078 1780 namque
1127 1723 1243 1766 erat
1270 1715 1447 1783 planta
1480 1692 1893 1789 paradisi;qu
1927 1692 1968 1744 Β
1995 1713 2162 1779 diam,
2195 1717 2603 1770 comessationes
2625 1717 2692 1782 ⁸ο,
2737 1728 2790 1773 et
2826 1719 2910 1772 his
2954 1719 3146 1773 similia
3182 1736 3285 1775 :ex
3323 1723 3526 1790 quibus-

337 1800 542 1853 arbori
576 1801 702 1852 vitae
733 1801 935 1854 sociata
961 1809 1059 1854 est.
1096 1801 1382 1870 Propterea
1415 1819 1539 1873 ergo
1570 1811 1710 1875 quod
1745 1809 1893 1863 dixe-
1997 1803 2244 1857 omnibus
2287 1804 2540 1859 membris
2593 1806 2747 1873 digne
2796 1807 3004 1861 dicatur
3033 1823 3228 1877 corpus
3276 1819 3534 1884 constare.

336 1899 429 1942 rat
462 1891 758 1956 Apostolus
782 1894 1131 1959 complautari
1171 1893 1505 1948 similitudini
1534 1898 1720 1952 mortis
1746 1899 1892 1953 Chri-

2003 1893 2224 1960 peccati,
2257 1902 2312 1948 et
2359 1895 2457 1948 hoc
2486 1909 2678 1963 corpus
2706 1905 2856 1948 vetus
2900 1895 3060 1950 homo
3095 1899 3200 1968 (li)
3243 1901 3524 1968 appellari.

335 1977 442 2040 δεῖ,
475 1976 586 2029 alia
617 1990 804 2030 rursus
827 1977 992 2044 ﬁgura
1022 1979 1391 2048 repetit(5),et
1412 1981 1538 2034 dicit
1564 2002 1578 2036 :
1609 2001 1627 2034 ι
1652 1986 1779 2050 Quia
1803 1999 1893 2039 ve-
1997 1983 2144 2045 Quod
2176 1983 2219 2034 si
2249 1983 2366 2049 quis
2405 1997 2499 2050 per
2540 1997 2752 2038 crucem
2777 1984 2974 2038 Cbristi
3013 1988 3251 2041 destruat
3285 1989 3434 2054 (12),
3468 1999 3524 2040 et

339 2075 437 2118 tus
470 2066 638 2118 homo
660 2076 842 2118 noster
862 2065 1019 2117 simul
1047 2067 1329 2120 cruciﬁxus
1357 2078 1438 2122 est
1465 2071 1534 2133 ci,
1566 2081 1623 2123 ut
1654 2075 1891 2127 destrua-
1996 2070 2048 2124 in
2080 2085 2271 2123 novum
2299 2071 2563 2125 hominem
2590 2071 2680 2138 qui
2700 2074 2989 2126 secundum
3019 2075 3179 2127 Deum
3207 2085 3422 2128 creatus
3442 2085 3530 2130 est

335 2161 438 2206 tur
495 2168 695 2220 corpus
739 2153 942 2221 peccati
974 2151 1038 2206 ⁷⁵.
1072 2171 1089 2203 ι
1122 2153 1177 2205 Ιιι
1209 2157 1410 2221 multis,
1435 2167 1489 2211 et
1518 2173 1656 2227 saepe
1676 2160 1784 2229 jam
1813 2163 1892 2216 di-
1995 2171 2350 2214 commutetur
2375 2161 2443 2224 ⁸³,
2471 2160 2606 2213 ultra
2666 2175 2772 2215 non
2801 2161 3008 2215 dicetur
3039 2151 3242 2218 sei-vire
3279 2171 3536 2244 peccatog

1994 2249 2078 2302 cui
2102 2250 2222 2301 sine
2253 2249 2412 2302 dubio
2445 2249 2611 2303 servit
2645 2249 2812 2303 donec
2846 2249 3002 2303 alicui
3052 2251 3244 2304 horum
3283 2253 3525 2319 subjacet

1995 2351 2112 2404 qua:
2155 2352 2316 2404 supra
2363 2338 2708 2405 exposuimus
2755 2339 2994 2391 membra
3048 2352 3166 2392 esse
3197 2339 3429 2406 peccati.
3465 2339 3534 2393 Si.

1994 2438 2122 2476 vero
2159 2425 2324 2492 magis
2371 2425 2469 2478 hoc
2506 2439 2701 2493 corpus
2748 2437 2986 2480 nostrum
3019 2427 3216 2481 dixisse
3251 2428 3531 2496 intelligam

1998 2522 2084 2564 tur
2108 2513 2388 2579 Apostolus
2419 2527 2610 2580 corpus
2635 2515 2864 2581 peccati,
2895 2516 3183 2569 secundum
3215 2516 3358 2569 illam
3397 2531 3520 2585 pro-

1997 2602 2137 2654 fecto
2173 2601 2477 2666 accipietur
2525 2601 2964 2670 intelligentiam,
2994 2619 3097 2672 qua
3149 2616 3201 2658 et
3242 2607 3407 2658 David
3459 2608 3524 2659 de

1995 2691 2279 2757 semetipso
2319 2690 2466 2751 dicit,
2503 2692 2624 2757 quia
2675 2708 2693 2739 ι
2725 2690 2776 2742 in
2826 2692 3195 2759 iniquitatibus
3235 2702 3537 2761 conceptus.

1996 2794 2134 2842 sum,
2167 2790 2220 2833 et
2250 2781 2298 2832 in
2328 2781 2558 2847 peccatis
2586 2782 2825 2848 concepit
2850 2797 2932 2834 me
2961 2791 3127 2834 mater
3145 2797 3258 2834 mea
3277 2782 3344 2834 ⁸³.
3369 2800 3388 2832 ι
3417 2780 3531 2836 Sed

1995 2879 2048 2922 et
2080 2870 2190 2937 ipse
2215 2869 2495 2936 Apostolus
2525 2869 2576 2920 iu
2610 2871 2729 2924 aiiis
2751 2872 2875 2924 dicit
2909 2889 2921 2923 :
2953 2889 2971 2921 ι
2999 2871 3128 2935 Quis
3165 2885 3250 2924 me
3277 2872 3538 2925 liberabit.

336 2333 574 2387 homine
604 2348 746 2400 saepe
777 2334 1122 2387 tractavimus
1166 2349 1181 2398 ;
1231 2336 1371 2387 unde
1408 2335 1640 2391 breviter
1677 2341 1726 2392 in
1759 2357 1892 2408 prte-

336 2422 489 2474 seuti
524 2420 643 2474 loco
675 2431 914 2474 veterem
961 2422 1234 2475 hominem
1281 2423 1525 2488 dicimus,
1575 2427 1662 2492 qui
1704 2443 1892 2482 secun-

338 2512 476 2563 dum
512 2511 684 2563 Adam
739 2511 870 2562 vixit
921 2510 1347 2578 prazvaricationi
1399 2515 1659 2568 obnoxius
1688 2527 1739 2568 et
1767 2531 1890 2584 pec-

337 2609 498 2664 cato,
531 2611 585 2654 et
624 2600 710 2653 cui
749 2599 1024 2653 dominata
1081 2610 1160 2654 est
1212 2615 1356 2654 mors
1409 2604 1631 2670 peccati,
1677 2605 1740 2658 de
1788 2620 1893 2672 quo

347 2689 724 2756 chirographa
757 2688 960 2756 peccati
994 2689 1162 2742 tenuit
1191 2689 1278 2743 ille
1305 2692 1394 2758 qui
1439 2691 1666 2746 habebat
1707 2695 1893 2749 mortis

345 2780 641 2848 imperium
669 2797 685 2833 :
716 2795 834 2847 qua:
856 2781 978 2848 quia
1011 2781 1254 2834 Christus
1291 2782 1550 2848 sanguine
1587 2797 1681 2836 suo
1713 2785 1892 2839 dolens

340 2871 505 2925 cruci
557 2885 666 2924 sua:
697 2871 861 2924 aﬂixit
887 2872 953 2934 ⁷⁸,
993 2873 1152 2926 etiam
1203 2885 1297 2924 nos
1331 2873 1614 2924 secundum
1659 2883 1890 2928 veterem

346 2959 634 3014 hominem
670 2959 758 3026 qui
793 2957 1302 3024 peccatu’obnoxius
1345 2959 1461 3021 fuit,
1503 2960 1742 3012 cruciﬁxi
1776 2977 1892 3015 esse

346 3054 640 3117 debemus,
697 3068 716 3101 ς
754 3059 815 3104 ut
858 3050 1170 3105 destruatur
1219 3065 1410 3118 corpus
1457 3053 1680 3119 peccati,
1731 3063 1784 3106 et
1816 3055 1894 3107 ul-

346 3151 436 3199 tra
465 3141 548 3212 (6)
586 3157 694 3196 non
730 3142 1028 3194 serviamus
1059 3151 1274 3209 peccato
1309 3140 1374 3193 ⁷⁸.
1419 3157 1439 3192 ι
1492 3140 1894 3195 Observandum

345 3243 542 3289 autem
577 3242 708 3300 puto
738 3230 878 3298 quod
909 3228 1192 3296 Apestolus
1221 3228 1309 3280 ubi
1352 3229 1484 3282 dicit
1520 3229 1893 3283 destruendum

345 3339 474 3380 esse
510 3341 530 3374 ι
556 3337 774 3389 corpus,
809 3338 828 3372 ι
864 3321 1012 3388 ponit
1051 3336 1070 3369 ‹
1099 3319 1342 3387 peccati:
1385 3337 1404 3368 ι
1457 3319 1542 3371 ubi
1576 3328 1752 3372 autem
1791 3334 1894 3372 non

346 3415 488 3469 dicit
525 3410 937 3472 destruendum,
963 3423 1067 3460 non
1104 3425 1122 3459 ι
1149 3422 1344 3474 corpus
1369 3407 1596 3474 peccati,
1632 3424 1652 3457 ι
1685 3409 1776 3460 sed
1800 3421 1894 3460 nos

348 3504 503 3570 ipsos
542 3501 670 3554 dicit
703 3512 826 3551 esse
860 3497 951 3565 qui
984 3511 1086 3548 non
1122 3496 1418 3547 serviamus
1447 3502 1688 3558 peccato,
1722 3503 1777 3544 ut
1811 3506 1895 3544 os-

349 3593 540 3647 tendat
573 3590 698 3658 quia
748 3589 790 3642 si
845 3589 1172 3640 destructum
1228 3582 1393 3636 l'uerit
1439 3595 1629 3648 corpus
1667 3579 1894 3646 peccati,

343 3683 462 3751 jam
497 3695 594 3734 nos
629 3694 734 3732 non
761 3677 1061 3730 serviamus
1084 3681 1328 3741 peccato,
1365 3670 1450 3722 cui
1488 3669 1689 3722 scilicet
1731 3667 1897 3720 servi-

350 3773 534 3827 uimus
583 3772 753 3824 donec
805 3767 856 3818 in
904 3764 1059 3819 nobis
1098 3776 1202 3815 non
1249 3766 1364 3814 erat
1409 3758 1755 3820 destructum,
1799 3771 1896 3810 nec

351 3868 515 3914 erant
541 3855 868 3910 mortiﬁcata
911 3853 1148 3906 membra
1203 3861 1388 3902 nostra
1429 3863 1546 3915 qua:
1586 3855 1709 3899 sunt
1739 3859 1896 3913 super

353 3960 560 4004 terram
605 3945 672 3997 ⁷⁷.
714 3943 820 3999 Sed
858 3941 1163 4009 diligentius
1211 3941 1382 3993 adhuc
1423 3936 1769 4004 repetendum
1815 3945 1897 3989 est

352 4037 626 4106 quomodo
652 4033 849 4087 dixerit
881 4049 898 4082 ι
933 4045 1125 4098 corpus
1149 4027 1373 4096 peccati.
1409 4045 1427 4078 ι
1463 4023 1522 4078 In
1561 4038 1670 4092 quo
1705 4023 1894 4090 duplex

353 4127 474 4181 dari
511 4126 725 4180 videtur
769 4120 1095 4183 intellectus,
1138 4119 1220 4170 vel
1256 4117 1383 4184 quia
1413 4125 1656 4168 nostrum
1701 4128 1895 4181 corpus

353 4211 567 4282 peccati
596 4223 718 4264 esse
751 4205 944 4261 dixerit
982 4219 1174 4273 corpus
1204 4203 1279 4271 (7)
1317 4220 1332 4268 ;
1380 4202 1463 4253 vel
1511 4200 1634 4268 quia
1683 4201 1890 4268 peccati

1996 2958 2060 3010 de
2107 2973 2330 3024 corpore
2378 2960 2565 3012 mortis
2619 2959 2774 3027 hujus
2796 2961 2875 3014 '3?
2907 2979 2926 3011 ι
2961 2968 3014 3013 et
3060 2962 3532 3028 iterumtcorpus

1998 3045 2313 3098 humilitatis
2335 3063 2354 3096 ι
2392 3046 2636 3098 nominat
2661 3061 2855 3115 corpus
2889 3056 3126 3101 nostrum
3143 3047 3207 3101 ⁸⁸.
3235 3047 3341 3100 Sed
3375 3058 3428 3101 et
3457 3050 3532 3102 de

1997 3132 2272 3186 Salvatore
2296 3134 2520 3200 quodam
2555 3135 2671 3189 loco
2703 3137 2846 3199 dicit,
2876 3136 2998 3203 quia
3026 3136 3230 3188 venerit
3255 3152 3272 3185 ε
3299 3136 3350 3187 in
3373 3136 3524 3188 simi-

1997 3221 2270 3272 litudinem
2297 3223 2474 3274 carnis
2498 3223 2719 3291 peccati,
2748 3240 2768 3274 ι
2807 3229 2864 3275 ιιι
2903 3241 2928 3274 (~
2947 3225 3014 3277 de
3056 3234 3276 3293 peccato
3301 3243 3320 3276 ι
3369 3227 3522 3278 dam-

1995 3317 2144 3361 naret
2177 3326 2195 3358 ι
2219 3320 2492 3376 peccatum
2517 3312 2568 3364 in
2585 3325 2746 3366 carne
2768 3313 2835 3366 ⁸⁵.
2861 3330 2881 3364 ι
2915 3312 2970 3366 In
2996 3327 3100 3380 quo
3129 3312 3360 3366 ostendit
3381 3314 3523 3380 quod
3590 3337 3600 3341 <

1995 3407 2174 3451 nostra
2208 3399 2420 3465 quidem
2455 3415 2584 3455 caro
2608 3402 2808 3470 peccati
2841 3402 2913 3456 sit
2939 3417 3086 3466 caro,
3118 3402 3312 3456 Christi
3345 3412 3520 3456 autem

1995 3501 2124 3540 caro
2156 3487 2344 3542 similis
2367 3490 2437 3542 sit
2465 3490 2612 3543 carni
2641 3493 2869 3558 peccati.
2903 3491 3020 3544 Non
3045 3491 3188 3545 enim
3215 3506 3282 3546 ex
3320 3493 3526 3547 semine

1994 3578 2093 3631 viri
2127 3587 2384 3648 concepta
2421 3591 2525 3644 est,
2564 3583 2654 3636 sed
2677 3581 2910 3649 Spiritus
2939 3591 3156 3636 sanctus
3179 3585 3324 3636 venit
3360 3599 3524 3650 super

1995 3667 2236 3732 Mariam,
2259 3680 2312 3722 et
2335 3671 2499 3724 virtus
2531 3671 2785 3724 Altissimi
2819 3672 3157 3725 obumbravit
3189 3672 3260 3736 ei,
3291 3681 3346 3723 ut
3380 3674 3529 3739 quod.

1996 3757 2318 3809 nascebatur
2353 3771 2418 3810 ex
2451 3772 2538 3822 ea,
2579 3758 2745 3811 Filius
2778 3767 3059 3812 vocaretur
3109 3759 3315 3814 Excelsi
3337 3760 3401 3814 ⁸⁸.
3429 3760 3522 3813 Sic

1994 3859 2119 3912 ergo
2164 3845 2362 3900 Paulus
2409 3862 2503 3914 per
2543 3846 2862 3900 ineﬁ‘abilem
2921 3849 3009 3902 Dei
3046 3849 3380 3917 sapientiam,
3405 3865 3531 3917 quae

1994 3936 2117 3988 data
2166 3943 2247 3989 est
2273 3937 2342 3999 ei,
2370 3952 2616 3990 arcanum
2658 3938 2837 3992 nescio
2868 3938 2992 4006 quid
3019 3940 3224 3992 intuens
3255 3949 3310 3992 et
3339 3954 3528 3993 recon-

1995 4026 2184 4090 ditum,
2207 4041 2396 4094 corpus
2429 4035 2665 4081 nostrum
2689 4042 2912 4096 «corpus
2932 4029 3187 4094 peccati,»
3209 4039 3262 4082 et
3286 4048 3304 4080 ι
3332 4044 3532 4098 corpus

1997 4114 2200 4179 mortis,
2230 4132 2250 4166 ι
2287 4124 2340 4169 et
2376 4133 2394 4166 ι
2418 4129 2612 4183 corpus
2656 4117 2972 4170 humilitatis
2998 4135 3017 4168 ι
3053 4118 3302 4186 appellat.
3337 4117 3442 4172 Sed
3472 4131 3526 4173 et

1998 4201 2159 4254 David
2185 4203 2248 4255 de
2281 4205 2466 4256 eodem
2493 4204 2695 4272 Spiritu
2729 4213 3052 4259 secretorum
3070 4207 3365 4262 caelestium
3393 4223 3530 4276 gna-

355 4302 527 4371 ipsius
575 4301 724 4354 dicat
765 4310 884 4351 esse
939 4294 1212 4363 proprium
1253 4290 1461 4358 aliquod
1505 4303 1722 4357 corpus,
1753 4289 1890 4355 quod
1927 4293 1970 4345 D
2000 4304 2087 4342 rus
2119 4290 2330 4344 dicebat
2367 4291 2433 4345 de
2471 4307 2736 4361 corpore:
2765 4295 2872 4347 ιΕι
2913 4296 2966 4347 in
3015 4283 3286 4364 pulverem
3337 4299 3533 4352 mortis

357 4389 752 4443 destruendum
785 4385 857 4438 sit
899 4383 983 4436 his
1026 4382 1116 4449 qui
1165 4394 1270 4433 non
1301 4379 1492 4432 debent
1520 4377 1653 4429 ultra
1696 4379 1894 4431 servire

357 4485 603 4545 peccato.
641 4473 777 4541 Quia
812 4487 939 4539 ergo
971 4481 1193 4524 uteraue
1227 4481 1412 4521 sensus
1441 4467 1493 4518 in
1525 4465 1623 4518 hoc
1657 4464 1772 4518 loco
1801 4467 1892 4518 ad-

467 4609 558 4661 ⁶⁹1
591 4607 745 4661 Joan.
773 4621 854 4665 Ill,
881 4604 935 4656 2.
1045 4602 1089 4632 ⁷ο
1117 4599 1269 4652 Joan.
1301 4613 1426 4659 xvii,
1448 4597 1536 4648 24.

358 4678 406 4711 ’⁸
431 4677 640 4732 Coloss.
679 4689 737 4731 It.
770 4664 857 4726 14.
931 4671 975 4702 ⁷⁸
1002 4672 1150 4722 Rulli.
1185 4683 1253 4730 Vl,
1285 4668 1337 4718 (ἲ.
1411 4667 1452 4696 ⁷⁷
1488 4664 1687 4732 (Juloss.
1731 4664 1894 4732 Itt,5.

360 4746 572 4800 Coloss.
601 4757 684 4802 ut,
725 4743 779 4795 5.
877 4742 919 4772 ⁸¹
956 4740 1148 4806 Ephes.
1187 4751 1261 4796 tv,
1285 4735 1430 4806 ειη-
1457 4731 1676 4806 f’Psal.
1715 4746 1764 4792 ι.,
1795 4731 1848 4806 7.

360 4799 407 4846 ⁸⁸
430 4799 565 4868 Luc.
592 4827 636 4876 ι,
674 4799 766 4864 ³55.
841 4809 883 4840 ⁸⁷
917 4799 1056 4860 Psal.
1089 4819 1201 4866 xxi,
1233 4804 1314 4856 16.
1388 4800 1431 4830 ⁸⁸
1452 4799 1592 4852 Psat.
1627 4813 1775 4860 xuii,
1807 4800 1895 4852 25.

435 4929 512 4996 (3)
541 4927 713 4998 Alias,
753 4941 772 4975 ι
801 4922 935 4986 Quid
966 4929 1052 4998 est
1081 4928 1254 4998 autem
1295 4911 1902 4998 simi‘liutdini‘respui-rea

363 4979 559 5051 ctiotiis
589 4979 712 5060 ejus
731 4979 851 5045 esse
881 4990 1268 5056 complantatos
1296 4983 1318 5032 ?
1369 4979 1601 5034 Joannes
1632 4981 1904 5045 apostolus

366 5066 536 5120 dicit:
574 5061 776 5123 Filioli,
804 5077 824 5109 ι
856 5070 983 5128 etc.”
1017 5123 1027 5128 _
1101 5121 1145 5128 __
1511 5113 1522 5125 _
1545 5113 1559 5128 ,
1632 5126 1642 5128 _

433 5113 631 5200 (“Sic
664 5113 791 5200 mss.
822 5137 875 5180 et
903 5123 1053 5177 editi.
1100 5121 1196 5200 Ms,
1225 5128 1400 5171 tamen
1435 5113 1674 5181 quidam,
1719 5129 1737 5162 ε
1789 5114 1898 5172 illic

366 5188 448 5254 sit‘
472 5188 528 5253 et
554 5198 800 5250 minister
835 5207 1002 5253 meus,
1036 5209 1054 5240 ι
1089 5188 1246 5262 male.
1321 5250 1331 5262 _
1574 5261 1601 5262 μ
1669 5253 1708 5262 _.
1753 5261 1762 5262 ί
1794 5249 1824 5262 η

436 5249 525 5335 (ὦ
545 5266 621 5318 Ita
654 5271 796 5315 recte
824 5275 950 5335 mss.
977 5249 1128 5310 unus.
1147 5250 1332 5335 Crateri
1355 5263 1480 5330 vero
1510 5261 1642 5302 mss.
1662 5253 1713 5299 el
1741 5249 1892 5316 editi,

374 5351 394 5386 ί
425 5325 586 5385 aliam
622 5345 809 5382 rursus
842 5328 1062 5394 ﬁgurant
1103 5325 1310 5394 repetit.
1336 5336 1354 5366 ι

439 5401 518 5468 (6)
538 5399 714 5469 Alias,
749 5413 767 5446 ι
794 5391 954 5469 etiam
987 5406 1082 5469 nos
1105 5391 1202 5469 qui
1237 5395 1455 5454 peccato
1475 5391 1770 5469 secundum
1804 5402 1900 5469 γε-

375 5457 545 5522 torem
568 5457 834 5519 hominem
863 5459 1076 5515 obnoxii
1101 5458 1312 5520 fuimus,
1340 5459 1578 5512 cruciﬁxi
1605 5473 1724 5514 esse
1739 5457 1901 5512 debe-

379 5551 588 5591 mus....
622 5541 681 5586 ut
707 5531 864 5586 ultra.
899 5547 924 5580 ι

1640 4597 1682 4626 ⁷⁷
1709 4594 1832 4647 ibid.
1861 4598 1948 4649 21.
2049 4599 2093 4628 ⁷⁸
2118 4597 2246 4653 Luc.
2313 4617 2442 4654 χχιιι

1644 4678 1687 4715 8.
1731 4664 1894 4732 m,5.
1969 4667 2010 4695 ⁷⁸
2035 4665 2051 4716 Ι
2081 4668 2204 4719 Cor.
2236 4684 2328 4732 xit,
2364 4671 2451 4724 27.

1945 4734 1988 4764 ⁸³
2026 4734 2178 4788 Item.
2218 4751 2306 4802 vn,
2333 4738 2421 4794 24.

1999 4377 2261 4432 deduxisti
2289 4380 2460 4445 me";
2488 4399 2506 4431 ι
2539 4390 2594 4434 et
2620 4382 2808 4438 iterum
2835 4396 2893 4433 at
2918 4382 3202 4436 Humiliata
3229 4394 3310 4439 est
3331 4384 3384 4438 in
3409 4385 3530 4453 pul-

2001 4480 2122 4518 vere
2175 4470 2350 4520 anima
2397 4470 2658 4524 nostra”.
2689 4491 2708 4523 ι
2753 4472 3014 4527 leremias
3066 4487 3277 4541 quoque
3336 4475 3530 4528 similis

2696 4605 2742 4635 "
2775 4606 2902 4659 ibid.
2931 4605 3016 4657 45.

2555 4673 2598 4703 ⁷⁸
2631 4673 2823 4738 Ephes.
2859 4689 2908 4736 v,
2935 4673 3021 4724 27.

2524 4738 2567 4770 ⁸⁵
2595 4740 2783 4807 Philip.
2813 4755 2895 4802 ιιι,
2920 4741 2971 4791 2.

2049 4599 2093 4628 ⁷⁸
2118 4597 2246 4653 Luc.
2313 4617 2468 4666 xxm,
2505 4602 2592 4655 42.
2696 4605 2742 4635 ⁷³
2775 4606 2902 4659 ibid.
2931 4605 3016 4657 45.
3121 4605 3164 4635 ⁷⁸
3191 4604 3345 4659 Rom.
3375 4622 3448 4666 vr,
3471 4608 3527 4662 6.

2049 4665 2051 4715 Ι
2081 4668 2204 4719 Cor.
2236 4684 2328 4726 xit,
2364 4671 2451 4724 27.
2555 4673 2598 4703 ⁷³
2631 4673 2823 4726 Euhes.
2859 4689 2908 4726 v.
2935 4673 3021 4724 27.
3118 4671 3163 4703 ⁸⁸
3191 4673 3343 4726 [{om.
3372 4675 3524 4726 1.9.9:

3071 4740 3119 4770 ⁸⁵-
3143 4742 3296 4792 Boni.
3331 4757 3446 4806 vm,
3473 4743 3528 4793 ὅ.

2078 4919 2154 4990 (7)
2188 4921 2357 4984 Alias,
2395 4939 2413 4971 ι
2435 4922 2516 4974 vel
2545 4922 2666 4988 quia
2695 4931 3157 4990 nostrumcorpus
3191 4921 3396 4985 peccati
3448 4921 3530 4989 ip-

2005 4990 2452 5071 sittlsndicatesse,
2487 4989 2566 5040 vel
2605 4991 2876 5071 preprium
2905 4989 3118 5071 aliquod
3149 5001 3367 5071 corpus.
3401 5006 3420 5038 ι

2074 5055 2151 5125 (8)
2178 5057 2337 5120 Editi,
2371 5075 2390 5107 ς
2421 5070 2514 5109 vos
2545 5053 2673 5110 estis
2704 5053 2940 5110 membra
2973 5053 3195 5116 Christi,
3238 5063 3293 5106 et
3339 5069 3540 5124 corpus

2140 5133 2271 5176 arte.
2301 5141 2320 5173 ι

2071 5139 2447 5260 (ξῖΐᾶῗῇιζοτὶε.
2477 5190 2632 5243 Deest
2654 5189 2880 5260 inlibris
2911 5201 3065 5245 antea
3098 5189 3284 5243 editts.

2065 5257 2170 5328 (id)
2201 5257 2362 5328 Alias,
2394 5274 2412 5305 ι
2439 5259 2764 5328 memoravit.
2787 5273 2806 5305 ι

2069 5321 2178 5394 (ιι)
2212 5325 2369 5400 h‘diti,
2404 5342 2421 5372 ι
2443 5334 2494 5400 et
2523 5327 2621 5378 hoc
2645 5337 2838 5390 corpus
2866 5325 3069 5400 peccati
3105 5329 3262 5400 vetus
3304 5321 3504 5400 homo,
3524 5339 3548 5376 ι

2002 5391 2150 5459 etc);
2183 5393 2274 5453 al.,
2308 5409 2326 5442 ε
2349 5404 2402 5445 et
2442 5394 2541 5444 hoc
2571 5407 2761 5458 corpus
2788 5391 2983 5446 veteris
3011 5391 3310 5452 hominis,»
3352 5399 3474 5447 etc.

2074 5461 2184 5531 (1‘2)
2214 5461 2373 5526 Editi,
2408 5459 2782 5515 tdestruatur.
2805 5475 2833 5509 ι

2001 5137 2064 5176 ex
