3894 6226
381 242 515 298 1047

1786 250 1937 306 ORIG
1946 251 2096 308 ENIS

3520 246 3638 300 ιοιε

379 355 615 422 mystcrii
646 369 738 422 per
773 355 862 408 Dei
920 355 1173 423 Spiritum
1225 359 1488 427 conscius,
1520 363 1570 416 iu
1624 364 1906 420 Lamenta.
1933 372 1975 427 A
2006 367 2164 436 pleta.
2196 366 2471 422 Gcncralis
2517 375 2712 422 autem
2763 365 2870 420 illa
2927 358 3512 418 carnis'resurrectio
3537 377 3642 428 quur

379 443 608 496 tionibus
637 443 747 495 suis
775 443 926 510 dicit,
953 445 1076 511 quia
1123 447 1287 501 vincti
1322 450 1433 520 (15)
1463 459 1621 507 terra:
1654 454 1761 508 sint
1790 469 1904 508 om-

375 545 471 585 nes
518 533 774 594 homines,
807 536 1046 601 corporis
1083 535 1287 590 scilicet
1329 553 1509 606 causa,
1540 550 1593 596 et
1636 543 1711 597 ait
1739 562 1752 597 :
1786 564 1804 597 ι
1835 545 1902 600 Ut

375 621 608 673 humiliet
636 622 732 674 sub
749 623 969 688 pedibus
995 623 1109 692 ejus
1132 640 1316 681 omnes
1343 630 1546 686 vinctos
1578 642 1754 697 terra},
1778 637 1898 702 quia

373 706 1048 776 declinaveruntjudicium
1078 715 1177 768 viri
1208 716 1258 768 iu
1291 729 1580 786 conspectu
1613 722 1896 790 Altissimi,

375 803 430 845 et
453 797 940 854 condemnaverunt
965 801 1228 857 hominem
1255 806 1302 858 in
1329 805 1687 874 iudicando”.
1722 831 1740 864 ι
1768 812 1899 867 Cor-

370 899 465 949 pus
524 899 652 954 ergo
695 890 896 955 peccati
950 899 1035 944 est
1079 907 1276 961 corpus
1318 905 1596 964 nostrum;
1630 901 1753 968 quia
1804 917 1899 956 nec

365 968 534 1022 Adam
566 971 822 1026 scribitur
861 979 1176 1045 cognovisse
1208 979 1369 1033 Evam
1405 997 1623 1039 uxorem
1671 1002 1817 1041 suam
1845 997 1899 1042 et

367 1059 611 1122 genuisse
654 1061 876 1130 Cain”,
917 1066 1018 1121 nisi
1067 1078 1185 1137 post
1240 1083 1540 1140 peccatum.
1577 1075 1813 1144 Denique
1845 1087 1898 1131 et

366 1150 416 1200 iu
449 1148 562 1217 lege
579 1149 621 1180 ⁹¹
654 1165 751 1218 pro
779 1155 999 1221 parvulo
1034 1157 1122 1224 qui
1162 1169 1318 1214 natus
1365 1162 1521 1217 fuerit
1545 1164 1653 1233 (Η)
1679 1165 1897 1233 jubetur

362 1235 541 1289 oii‘erri
576 1236 771 1306 hostia,
817 1255 914 1308 par
952 1251 1235 1312 turturum,
1267 1259 1357 1302 aut
1388 1251 1493 1305 duo
1521 1252 1645 1320 pulli
1689 1255 1893 1308 colum-

363 1325 472 1378 bini
506 1340 609 1380 :ex
644 1329 835 1394 quibus
861 1345 997 1385 unus
1025 1347 1121 1400 pro
1153 1346 1388 1402 peccato,
1413 1349 1465 1392 et
1498 1339 1634 1394 alius
1669 1342 1719 1394 in
1747 1342 1898 1395 holo-

360 1422 708 1493 ca’ustomate.
753 1417 856 1472 Pro
905 1433 1010 1488 quo
1057 1434 1280 1490 peccato
1327 1426 1547 1482 oﬂ‘ertur
1583 1431 1672 1484 hic
1721 1431 1894 1498 pullus

360 1503 540 1556 unus?
569 1502 814 1573 Nunquid
847 1523 1011 1576 nuper
1041 1512 1216 1568 editus
1248 1517 1499 1582 parvulus
1530 1533 1753 1587 peccare
1779 1519 1891 1586 jam

295 1592 299 1597 '
358 1591 575 1657 potuit?
604 1593 666 1647 Et
699 1604 871 1650 tamen
909 1597 1073 1654 habet
1113 1613 1386 1669 peceatum
1427 1621 1522 1672 pro
1567 1623 1671 1677 quo
1710 1610 1886 1664 hostia

355 1676 572 1744 iubetur
588 1680 770 1736 oﬂ'erri
799 1699 826 1736 a
857 1699 962 1752 quo
988 1691 1218 1744 mundus
1240 1700 1459 1760 negatur
1486 1673 1608 1762 quis
1632 1709 1769 1760 esse,
1793 1713 1890 1752 nec
1920 1673 1960 1725 Β

357 1768 400 1818 si
429 1769 584 1823 unius
632 1773 735 1825 dici
781 1773 942 1829 fuerit
976 1775 1086 1829 vita
1114 1776 1226 1844 ejus
1245 1780 1310 1832 9'.
1341 1780 1415 1834 De
1447 1782 1547 1835 hoc
1574 1798 1701 1853 ergo
1733 1787 1890 1840 etiam

356 1857 524 1911 David
573 1859 770 1916 dixisse
800 1865 1098 1920 credendus
1133 1876 1216 1920 est
1261 1867 1385 1922 illud
1418 1873 1558 1937 quod
1592 1887 1751 1940 supra
1783 1889 1893 1928 me-

357 1945 701 2012 moravimus,
743 1950 864 2015 quia
903 1970 920 2001 ι
953 1951 1004 2004 in
1038 1954 1274 2020 peccatis
1326 1959 1572 2025 concepit
1602 1975 1684 2012 me
1719 1973 1892 2015 mater

355 2048 470 2086 mea
486 2035 594 2094 ³3.»
635 2034 934 2092 Secundum
985 2041 1262 2095 historiam
1292 2044 1431 2097 enim
1469 2046 1664 2101 nullum
1703 2052 1889 2104 matris

353 2121 466 2204 Qus
499 2123 801 2179 declaratur
833 2138 1128 2196 peccatum.
1167 2129 1271 2184 Pro
1321 2134 1421 2188 hoc
1455 2143 1510 2188 et
1555 2136 1787 2191 Ecclesia
1820 2140 1886 2192 ab

353 2211 607 2276 apostolis
639 2214 980 2270 traditionem
1012 2219 1271 2287 suscepit,
1304 2222 1466 2275 etiam
1500 2225 1734 2290 parvulis
1790 2228 1884 2280 ba-

350 2299 600 2365 ptismum
629 2302 775 2356 dare.
803 2302 1057 2359 Sciebant
1089 2308 1229 2362 enim
1270 2310 1340 2364 illi
1377 2313 1569 2381 quibus
1607 2318 1885 2386 mysterio-

353 2403 468 2440 rum
497 2401 706 2443 secreta
732 2393 1016 2447 commissa
1040 2406 1162 2449 sunt
1193 2397 1514 2466 divinorum,
1541 2405 1678 2470 quod
1706 2416 1885 2461 essent

349 2477 402 2528 in
423 2478 667 2532 omnibus
698 2481 939 2547 genuinae
960 2485 1144 2537 sordes
1175 2490 1401 2552 peccati,
1425 2504 1542 2557 qua:
1573 2507 1667 2560 per
1691 2509 1879 2563 aquam

345 2572 399 2617 et
446 2564 702 2633 Spiritum
751 2567 892 2622 ablui
945 2570 1245 2639 deberent;
1277 2587 1495 2644 propter
1543 2594 1677 2647 quas
1714 2585 1878 2636 etiam

346 2667 542 2720 corpus
589 2655 761 2723 ipsum
807 2669 1000 2726 corpus
1043 2660 1246 2726 peccati
1306 2665 1628 2730 nominatur,
1665 2684 1767 2723 non
1801 2671 1879 2740 (ιιι

344 2752 534 2810 putant
571 2745 735 2812 aliqui
766 2761 947 2800 eorum
995 2748 1084 2816 qui
1114 2749 1415 2813 animarum
1461 2759 1879 2826 transmigratio-

345 2846 465 2885 nem
489 2832 540 2886 in
567 2836 708 2889 varia
731 2850 952 2905 corpora
983 2841 1321 2901 introducunt
1345 2847 1457 2919 [15]
1485 2853 1504 2918 )
1529 2867 1625 2919 pro
1654 2853 1735 2906 his
1759 2871 1877 2924 qua:

344 2919 396 2972 in
427 2919 532 2974 alio
552 2935 776 2990 corpore
807 2928 973 2994 posita
1003 2932 1182 2986 anima
1206 2935 1514 3002 deliquerit,
1543 2940 1634 2992 sed
1653 2956 1749 3009 pro
1774 2919 1874 2997 hoc

345 3007 460 3075 ipso
503 3012 642 3078 quod
698 3014 750 3066 in
789 3030 1015 3085 corpore
1062 3025 1262 3089 peccati
1310 3035 1364 3079 et
1405 3041 1628 3096 corpore
1655 3007 1875 3088 Vmortis

344 3105 503 3166 atque
533 3101 846 3162 humilitatis
876 3107 1059 3162 eﬂecta
1089 3111 1260 3174 sit;et
1290 3115 1427 3169 sicut
1455 3116 1544 3171 ille
1566 3119 1718 3182 dixit,
1751 3124 1872 3189 quia

347 3202 365 3232 ι
390 3183 680 3242 humiliasti
709 3191 760 3244 in
794 3193 1012 3260 pulvere
1059 3198 1287 3254 animam
1343 3214 1582 3258 nostram
1606 3207 1671 3260 “.
1701 3228 1719 3260 ι
1752 3209 1875 3266 llaec

345 3272 552 3327 interim
597 3277 661 3329 ad
708 3293 946 3346 praasens
988 3283 1055 3338 de
1083 3298 1309 3355 corpore
1343 3294 1548 3358 peccati
1584 3297 1734 3351 nobis
1780 3315 1872 3353 oc-

340 3375 561 3418 currere
590 3375 900 3432 potuerunt.
937 3371 1066 3436 Quae
1113 3385 1291 3430 autem
1330 3394 1362 3432 e
1407 3380 1611 3438 duabus
1659 3393 1872 3456 exposi-

345 3449 418 3501 tio
445 3450 556 3520 (i6)
583 3456 762 3508 sensui
791 3462 1074 3516 conveniat
1107 3467 1417 3533 apostolico,
1447 3483 1541 3527 aut
1573 3476 1617 3529 si
1659 3449 1868 3548 neutra,

344 3538 531 3634 probet
564 3545 654 3609 qui
683 3544 827 3613 legit.
860 3546 1009 3612 Quod
1037 3561 1213 3608 autem
1247 3557 1298 3609 iu
1324 3559 1442 3614 aliis
1473 3563 1608 3619 dicit
1641 3538 1871 3634 Aposto;

341 3623 489 3679 ius"
527 3635 922 3690 consurrexisse
953 3636 1060 3703 jam
1113 3655 1207 3696 nos
1228 3641 1468 3712 Christo,
1497 3659 1550 3704 et
1586 3623 1742 3709 simul
1781 3673 1870 3712 co-

337 3716 618 3782 excitalos,
668 3721 933 3792 simulque
978 3728 1164 3784 sedere
1228 3733 1278 3786 iu
1331 3736 1657 3808 coelestibus,
1693 3755 1744 3800 et
1784 3747 1868 3803 hic

337 3803 502 3858 dicit:
540 3808 634 3861 «Si
690 3812 829 3865 enim
877 3817 1216 3885 complantati
1266 3837 1450 3880 sumus
1529 3803 1865 3890 similitudini

339 3899 525 3950 mortis
557 3900 692 3968 ejus,
741 3903 899 3956 etiam
936 3910 1343 3967 resurrectionis
1391 3917 1588 3974 erimus
1605 3922 1667 3988 ³⁸,
1697 3942 1716 3974 ι
1767 3925 1867 3981 hoc

335 3997 438 4050 est,
471 3990 609 4055 quod
637 3991 759 4044 alibi
787 3994 897 4059 jam
928 3995 1125 4051 factum
1159 4002 1310 4069 dixit,
1346 4005 1432 4060 hic
1459 4023 1600 4064 nunc
1628 4011 1863 4070 futurum

332 4083 384 4124 et
417 4079 732 4143 sperandum
757 4080 907 4146 dicit,
940 4084 1026 4138 illa
1057 4097 1140 4140 est
1168 4104 1348 4156 causa,
1377 4098 1518 4163 quod
1555 4100 1747 4168 duplex
1781 4105 1862 4158 in-

334 4163 585 4231 teﬂigitur
623 4173 975 4256 resurrectio:
1009 4191 1109 4229 una
1144 4193 1243 4246 qua
1297 4195 1476 4238 mente
1507 4197 1560 4241 et
1592 4163 1863 4259 proposito

333 4267 395 4304 ac
426 4253 532 4309 ﬁdo
570 4270 690 4310 cum
718 4247 932 4316 Christo
975 4278 1002 4315 a
1053 4271 1277 4324 terrenis
1308 4247 1632 4344 resurgimus
1667 4247 1855 4345 utcm-
1894 4275 1937 4329 Β

332 4343 479 4398 lestia
527 4350 818 4416 cogitemus
857 4364 911 4406 et
956 4354 1129 4412 futura
1175 4343 1542 4434 requiramus;
1593 4372 1694 4426 alia
1742 4389 1859 4443 qum

331 4435 591 4499 generalis
637 4440 873 4494 omnium
913 4444 1016 4497 erit
1055 4447 1107 4500 in
1140 4464 1300 4506 carne
1347 4461 1687 4516 resurrectio.
1721 4435 1858 4534 Eigo

331 4536 448 4586 qum
485 4527 770 4578 secundum
822 4539 1048 4585 mentem
1099 4546 1180 4590 est
1231 4554 1295 4593 ex
1351 4542 1452 4598 [ide
1512 4527 1855 4620 resurrectio,

330 4611 432 4676 iam
458 4611 568 4680 (Π)
603 4612 654 4666 in
689 4615 770 4669 his
797 4618 884 4684 qui
923 4637 940 4669 t
965 4634 1024 4673 ea
1052 4639 1168 4689 qua:
1197 4641 1402 4682 sursum
1430 4643 1551 4687 sunt
1576 4654 1593 4686 t
1625 4611 1852 4706 sapiunt,

329 4717 350 4750 ι
378 4700 467 4753 ubi
497 4701 740 4756 Christus
791 4715 873 4760 est
911 4708 960 4759 iu
995 4710 1208 4765 dextera
1258 4717 1344 4769 Dei
1372 4721 1434 4784 ⁸⁷,
1468 4740 1486 4771 ι
1516 4700 1727 4780 videtur
1764 4700 1856 4785 im:-

427 4791 473 4824 θ’
496 4792 809 4876 ’[[ιτριιλιιιε.
823 4798 910 4876 5.4,
941 4801 1027 4853 56.
1086 4870 1107 4876 Δ
1126 4805 1171 4835 ⁸ο
1197 4806 1330 4860 Gen.
1359 4827 1429 4876 tv,
1471 4814 1521 4866 1.

328 4873 475 4922 mu,
507 4861 596 4916 25.
699 4863 745 4898 "
772 4861 963 4932 Ephes.
992 4885 1049 4934 tt,
1077 4870 1128 4924 6.

327 4927 341 5003 ξ
368 4927 497 5003 ibid.
543 4929 594 4982 8.
688 4934 932 5003 '__Coluss.
964 4939 1110 5003 ttt,3,
1139 4942 1192 4996 4.

325 4986 340 5013 ¹
361 4995 563 5048 Coloss.
594 5013 673 5062 ιιι,
710 4999 762 5053 5.
815 4986 856 5033 ‘3
889 4986 928 5055 ll
961 4986 1080 5058 Cor:
1095 4986 1192 5074 '16;
1221 5011 1298 5065 lO.

400 5087 509 5162 Ηξ)
536 5089 695 5162 Etim»
740 5112 758 5144 ι
785 5094 971 5162 iuncti.
1001 5117 1020 5149 ι
1055 5102 1211 5155 male.

526 5158 692 5242 alias,
719 5154 1072 5242 perperam}
1103 5154 1207 5236 pro,
1225 5172 1313 5225 illo
1334 5177 1423 5242 qui
1449 5185 1604 5230 natus
1634 5179 1842 5232 fuerit.»

325 5221 515 5337 “$35).
536 5223 658 5279 Mss.
689 5221 876 5296 nostri,
919 5250 937 5283 ι
959 5221 1049 5301 qui
1082 5221 1839 5302 .heiehébxﬁiiéiﬁﬁ

395 5353 676 5449 Allius,
706 5364 868 5449 inqua":
893 5376 1118 5449 auteme
1141 5372 1342 5449 duabus
1367 5382 1838 5449 expositionibus.»

535 5417 677 5498 iam:
713 5417 867 5485 DEest
895 5417 1344 5498 ιιῐῐῆιέεῖεῖῑίῖἷὲῖ

395 5484 502 5543 ιιει
535 5489 656 5548 Mss.
689 5484 957 5558 aliquotft
983 5484 1340 5565 éaxiiatéﬁiil'.‘

1235 4876 1279 4906 ⁸⁸
1307 4877 1461 4946 Rom.
1490 4898 1562 4946 vr,
1597 4886 1649 4939 5.

1299 4946 1319 4976 ⁸
1350 4945 1391 4998 Π
1418 4945 1646 5017 Cet-(tr,
1679 4957 1763 5012 12.

1625 4821 1665 4891 _”
1693 4818 1863 4881 Levit.
1891 4844 1990 4891 χιι,
2019 4829 2071 4883 8.

1748 4892 1788 4921 ³³⁷
1821 4895 2020 4949 Coloss.
2054 4913 2133 4959 III,
2167 4901 2216 4960 i,
2239 4899 2294 4953 2.
2384 4905 2404 4935 ⁸

1750 4998 1763 5012 .
1855 4963 1874 4996 ⁴
1900 4963 2084 5018 Matth.
2119 4982 2286 5035 xxvu,
2321 4969 2410 5027 50.

2003 457 2068 510 ad
2098 472 2287 512 omnes
2316 458 2573 526 pertinet,
2615 457 2818 511 adhuc
2862 454 3075 507 futura
3119 461 3211 504 est
3240 467 3254 500 :
3285 449 3415 516 quia
3463 449 3567 502 hmc
3596 451 3642 501 in

2003 546 2194 614 primo,
2226 547 2312 600 illa
2347 551 2402 602 in
2435 547 2682 602 secundo
2723 544 2968 599 Domini
2998 538 3397 609 complcbitur
3421 537 3530 608 (18)
3562 538 3643 591 ad-

2001 645 2179 690 ventu.

2069 724 2155 778 i0.
2189 742 2206 776 ι
2233 724 2288 778 Si
2337 736 2516 779 autem
2549 725 2763 780 mortui
2817 738 3034 779 sumus
3069 735 3212 776 cum
3251 720 3504 784 Christo,
3535 735 3644 775 cre-

1999 813 2174 868 dimus
2213 815 2336 882 quia
2385 824 2441 868 et
2486 816 2862 870 convivemus
2900 814 2958 868 ei
2999 812 3160 882 (19),
3219 811 3472 865 scientes
3527 811 3643 877 quia

1997 904 2240 959 Christus
2276 921 2505 975 surgens
2528 922 2557 960 a
2593 913 2844 962 mortuis
2869 907 2999 974 jam
3037 921 3160 958 non
3209 903 3478 963 moritur,
3512 917 3646 955 mors

1997 993 2044 1047 ei
2074 993 2186 1062 jam
2217 995 2357 1049 ultra
2406 1011 2512 1050 non
2546 997 2976 1050 dominabitur.
3010 995 3189 1061 Quod
3223 995 3379 1046 enim
3410 1004 3644 1045 mortuus

1995 1090 2078 1136 est
2101 1092 2340 1150 peccato,
2379 1095 2630 1140 mortuus
2663 1095 2752 1140 est
2789 1087 2978 1140 semel
3019 1107 3032 1140 :
3072 1084 3237 1152 quod
3270 1092 3461 1137 autem
3498 1085 3642 1146 vivit,

1994 1171 2122 1224 vivit
2159 1171 2267 1226 Deo
2287 1173 2352 1226 ³⁸.
2386 1191 2404 1224 ι
2449 1173 2506 1229 In
2547 1175 2819 1229 omnibus
2855 1190 2993 1243 qua:
3028 1189 3214 1242 supra
3251 1174 3396 1227 dixit
3425 1174 3644 1242 Aposto-

1994 1261 2095 1328 lus,
2125 1263 2227 1316 hoc
2249 1264 2533 1318 ostendere
2556 1264 2751 1327 voluit,
2793 1266 2935 1334 quia
2974 1264 3026 1318 si
3065 1263 3348 1317 Christus
3391 1271 3636 1318 mortuus

1999 1361 2082 1405 est
2111 1353 2257 1419 prior
2286 1361 2530 1422 peccato,
2554 1364 2608 1406 et
2633 1368 2736 1408 nos
2767 1353 2992 1407 mortui
3027 1367 3244 1406 sumus
3273 1361 3506 1419 peccato
3532 1368 3643 1405 cum

1991 1441 2123 1508 ipso.
2160 1441 2225 1494 Et
2260 1456 2381 1496 cum
2429 1443 2561 1496 dicit
2593 1461 2606 1496 :
2643 1443 2819 1513 εδδ
2853 1457 2874 1493 ι
2904 1443 2965 1496 lu
3001 1452 3208 1496 morte
3237 1443 3424 1511 ipsius
3473 1442 3644 1510 bapti-

1993 1532 2095 1584 zati
2126 1546 2344 1598 sumus;
2377 1551 2394 1582 ι
2433 1540 2509 1597 et,
2547 1533 2986 1601 «Complantati
3036 1547 3256 1587 sumus
3300 1533 3642 1586 similitudini

1991 1620 2179 1673 mortis
2214 1619 2331 1687 ejus
2354 1621 2423 1687 θ’,
2453 1639 2472 1672 ι
2509 1634 2609 1689 per
2643 1623 2766 1677 haec
2800 1623 3008 1677 omnia
3037 1624 3312 1678 ostendit
3342 1623 3475 1690 quia
3511 1637 3644 1674 mor-

1996 1709 2070 1762 tui
2107 1725 2293 1765 sumus
2319 1725 2441 1765 cum
2483 1713 2708 1768 Christo
2753 1725 3032 1782 peccato,
3073 1731 3149 1770 ex
3200 1730 3278 1770 eo
3314 1718 3466 1784 quod
3495 1716 3642 1770 Chri-

1991 1808 2108 1853 stus
2149 1800 2364 1867 quidem
2406 1815 2504 1869 pro
2548 1804 2801 1870 peccatis
2847 1805 3084 1858 nostris
3147 1815 3420 1858 mortuus
3449 1813 3531 1858 est
3559 1818 3642 1857 se-

1992 1888 2222 1942 cundum
2256 1889 2604 1958 Scripturas;
2638 1899 2694 1945 et
2727 1892 3056 1962 unicuique
3095 1893 3470 1948 credentium
3502 1910 3642 1947 mor-

1991 1986 2096 2030 tem
2130 1979 2334 2046 peccati
2389 1979 2562 2046 ipsius
2611 1987 2885 2046 tanquam
2935 1999 3167 2037 mumts
3204 1985 3497 2052 quoddam
3527 1983 3640 2037 ﬁdei

1989 2079 2050 2117 ex
2085 2080 2176 2119 sua
2205 2074 2378 2120 morte
2412 2066 2664 2130 donavit,
2696 2067 2788 2122 his
2821 2069 3066 2123 scilicet
3111 2073 3214 2139 qui
3275 2087 3406 2126 cum
3443 2073 3560 2140 ipso
3588 2089 3640 2126 se

1990 2165 2230 2210 mortuos
2255 2163 2310 2211 et
2331 2157 2627 2212 cruciﬁxos
2663 2168 2718 2212 et
2750 2160 3152 2229 consepultos
3190 2161 3246 2215 ei
3289 2164 3555 2228 credunt,
3589 2172 3638 2216 et

1987 2260 2082 2312 per
2111 2247 2244 2310 haec,
2278 2254 2557 2315 peccatum
2591 2249 2643 2301 in
2685 2249 2772 2302 eis
2817 2259 3117 2317 tanquam
3155 2252 3215 2306 in
3261 2253 3508 2307 mortuis
3537 2270 3634 2306 tton

1984 2344 2158 2403 potest
2203 2337 2436 2405 operari,
2481 2345 2647 2405 atque
2677 2339 2754 2392 ita
2795 2341 3088 2393 dicuntur
3125 2341 3256 2411 (Q0)
3291 2344 3497 2396 mortui
3526 2357 3637 2396 esse

1983 2434 2221 2493 peccato.
2262 2423 2470 2479 Idcirco
2495 2441 2627 2494 ergo
2661 2431 2937 2495 praesenti
2993 2447 3290 2486 sermone
3342 2431 3636 2500 Apostolus

1983 2513 2380 2568 conclusionem
2433 2514 2563 2568 facit
2614 2519 2872 2572 omnium
2939 2536 3082 2589 qua:
3141 2525 3202 2577 in
3257 2525 3633 2593 superioribus

1980 2610 2304 2666 astruxerat,
2384 2611 2438 2658 ct
2474 2605 2646 2660 dicit:
2685 2625 2702 2658 t
2747 2607 2806 2662 Si
2871 2621 3085 2664 autem
3151 2615 3374 2668 mortui
3445 2631 3624 2670 smnus

1979 2704 2098 2742 cum
2128 2689 2367 2757 Christo,
2399 2711 2418 2743 ι
2447 2708 2541 2762 per
2564 2695 2682 2750 haec
2714 2698 2948 2753 scilicet
2981 2717 3123 2769 qua:
3152 2705 3428 2772 superius
3460 2717 3630 2759 ostcu-

1978 2779 2175 2843 dimus,
2218 2797 2237 2828 ι
2262 2783 2534 2836 credimus
2573 2786 2704 2852 quia
2763 2795 2823 2840 et
2858 2793 3270 2847 convivemus
3314 2794 3366 2848 ei
3391 2796 3431 2848 ⁸.
3457 2814 3477 2847 ι
3522 2795 3627 2850 Non

1976 2869 2592 2935 dixitzetconviximus,
2646 2875 2791 2928 sicut
2822 2878 3003 2943 dixit,
3042 2898 3062 2931 ι
3101 2885 3328 2936 mortui
3363 2900 3578 2947 sumus;
3604 2905 3623 2937 ι

1901 2981 1942 3038 C
1977 2959 2092 3022 sed,
2127 2977 2145 3009 t
2168 2962 2539 3026 convivemus,
2569 2980 2587 3013 ι
2620 2973 2682 3017 ut
2704 2967 2982 3020 ostendat
3011 2971 3161 3038 quia
3219 2988 3384 3027 mors
3426 2975 3480 3028 in
3505 2990 3627 3043 pra:-

1976 3051 2114 3104 senti
2144 3060 2417 3116 operatur,
2450 3052 2559 3105 vita
2593 3063 2781 3110 autem
2844 3057 2906 3110 in
2966 3059 3210 3127 futuro,
3251 3075 3392 3120 tunc
3424 3067 3623 3121 scilicet

1980 3157 1998 3189 ι
2019 3154 2137 3192 cum
2175 3140 2421 3194 Christus
2445 3143 2836 3199 manifestatus
2868 3147 3084 3217 fuerit,
3123 3155 3228 3220 qui
3259 3164 3355 3211 est
3379 3157 3492 3210 vita
3528 3170 3620 3210 no-

1973 3237 2083 3280 stra
2142 3228 2461 3283 abscondita
2518 3230 2573 3282 in
2626 3231 2743 3286 Deo
2765 3235 2809 3287 ¹¹.
2839 3253 2858 3286 ι
2902 3235 3085 3294 Nunc
3126 3261 3147 3293 ι
3181 3259 3351 3313 ergo,
3374 3265 3394 3297 ι
3428 3258 3483 3298 ιιι
3518 3248 3623 3315 ipse

1975 3315 2168 3371 Paulus
2194 3317 2372 3383 docet,
2409 3337 2428 3369 ι
2454 3333 2603 3374 mors
2651 3321 2710 3374 in
2750 3325 2924 3379 nobis
2957 3342 3263 3397 operatur
3288 3336 3338 3388 ³.
3371 3355 3391 3387 ι
3431 3336 3538 3389 Sed
3569 3345 3620 3390 et

1973 3405 2086 3474 ipsa
2119 3421 2262 3461 mors
2283 3422 2404 3476 quae
2433 3418 2700 3476 Operatur
2731 3413 2786 3466 in
2824 3418 3034 3484 nobis,
3073 3423 3320 3478 videtur
3353 3428 3489 3480 mihi
3530 3427 3620 3479 ali-

1971 3509 2102 3562 quas
2147 3495 2346 3550 habere
2393 3497 2755 3555 diﬂ‘erentias.
2818 3502 2998 3562 Sicut
3055 3513 3224 3566 enim
3288 3516 3347 3569 in
3404 3518 3616 3570 Christo

1969 3585 2114 3638 aliud
2156 3584 2254 3638 fuit
2287 3593 2499 3655 tempus
2531 3591 2750 3658 mortis,
2793 3593 2870 3649 de
2907 3613 3034 3664 qua
3067 3601 3299 3658 dicitur
3328 3622 3344 3658 :
3382 3625 3402 3658 t
3433 3607 3500 3661 Et
3527 3624 3616 3662 ex-

1967 3675 2202 3730 clamans
2229 3689 2360 3730 voce
2387 3691 2586 3746 magna
2616 3682 2940 3748 exspiravit
2960 3688 3008 3751 δ,
3048 3708 3072 3742 ι
3117 3703 3181 3746 et
3210 3696 3372 3751 aliud
3393 3709 3479 3751 est
3501 3713 3612 3752 cum

1968 3765 2019 3818 in
2052 3765 2301 3832 sepulcro
2329 3767 2540 3834 positus
2569 3769 2764 3825 clauso
2800 3777 2967 3832 ostio
3007 3781 3209 3848 jacuit
3230 3787 3279 3852 ⁸,
3317 3788 3468 3842 aliud
3493 3804 3614 3842 vero

1967 3866 2086 3905 cum
2138 3853 2436 3921 requisitus
2487 3856 2539 3908 in
2587 3873 2974 3920 monumento
3029 3885 3152 3926 non
3203 3885 3299 3930 est
3337 3878 3608 3940 inventus,

1965 3941 2087 4009 quia
2109 3941 2218 4008 jam
2248 3955 2645 4011 resurrexerat,
2680 3949 2847 4016 cujus
2886 3965 3363 4020 resurrectionis
3403 3968 3607 4021 initium

1963 4029 2174 4082 visibile
2199 4029 2330 4083 nulli
2360 4033 2644 4086 hominum
2677 4035 2822 4103 fuit;
2867 4041 2950 4097 ita
2984 4049 3175 4105 etiam
3221 4054 3280 4108 in
3327 4057 3490 4110 nobis
3521 4056 3605 4125 qui

1962 4120 2231 4174 credimus
2255 4120 2302 4173 ei
2332 4120 2468 4190 (2|),
2509 4124 2707 4193 triplex
2759 4128 2872 4184 ista
2923 4138 3086 4193 ratio
3115 4146 3330 4200 mortis
3364 4120 3605 4202 habenda

1963 4217 2062 4262 est.
2094 4209 2156 4262 Et
2185 4211 2358 4278 primo
2386 4213 2606 4280 quidem
2640 4217 3019 4282 confessione
3075 4235 3241 4290 vocis
3269 4239 3605 4293 ostendenda

1968 4298 2020 4350 in
2048 4299 2202 4352 nobis
2229 4309 2311 4353 est
2339 4315 2486 4356 mors
2509 4302 2740 4371 Christi,
2775 4324 2913 4366 cum
2955 4335 2974 4366 ι
3001 4323 3189 4378 corde
3230 4327 3464 4394 quidem
3492 4343 3606 4384 ere.

1965 4386 2107 4439 ditur
2132 4386 2196 4440 ad
2219 4386 2507 4454 justitiam,
2534 4406 2632 4446 ore
2661 4405 2855 4452 autem
2890 4407 3198 4466 confessio
3249 4386 3318 4469 iit
3358 4418 3428 4471 ad
3462 4419 3602 4470 salu-

1966 4486 2068 4530 tem
2092 4477 2131 4530 ⁸.
2158 4495 2176 4529 ι
2211 4477 2464 4533 Secundo
2494 4496 2652 4549 vero,
2699 4487 2756 4541 iu
2812 4500 3289 4560 mortiﬁcatioue
3329 4508 3602 4562 membro-

1963 4579 2078 4617 rum
2103 4579 2221 4632 quae
2247 4575 2374 4619 sunt
2402 4582 2567 4635 super
2597 4582 2811 4630 terram
2836 4581 2886 4646 ⁷,
2923 4599 3060 4641 cum
3103 4606 3343 4662 semper
3369 4597 3600 4651 mortifi-

1959 4652 2225 4705 cationem
2257 4653 2457 4707 Christi
2492 4657 2545 4709 in
2592 4675 2838 4733 corpore
2896 4685 3107 4731 nostro
3157 4652 3318 4739 nunc
3346 4685 3464 4756 (23)
3493 4686 3600 4738 cir-

1958 4738 2304 4793 cumferimus
2324 4743 2345 4773 ⁸
2370 4761 2384 4808 ;
2412 4754 2467 4798 et
2497 4747 2602 4802 hoc
2627 4762 2716 4806 est
2744 4761 2903 4824 quod
2933 4765 3100 4832 dicit,
3137 4772 3276 4836 quia
3315 4738 3512 4830 t‘mo’rs
3545 4777 3594 4829 in

2176 4831 2359 4921 f'job
2384 4850 2521 4921 ,ξιχι
2557 4840 2614 4904 4ο
2645 4841 2699 4896 5-
2790 4848 2870 4921 _”
2901 4852 3056 4910 Psal.
3088 4831 3246 4918 ιη-Ἶ.
3369 4866 3418 4896 ⁸⁸
3449 4865 3588 4921 Psal.

2384 4905 2430 4992 ξε
2463 4907 2621 4992 “9m.
2648 4927 2726 4977 vr,
2783 4905 3076 4977 8-ID.W'°"
3347 4950 3420 4992 vt.

2513 4976 2534 5007 ⁵
2561 4976 2914 5059 ιυοζχχιιι,
2940 4976 3042 5052 46.
3138 4976 3587 5068 Tivii-dutiuxria:

1991 5122 2525 5226 Jlﬂfgrﬁveﬂlus
2560 5139 2632 5226 ei:
2671 5141 2771 5200 Sic
2794 5165 2962 5226 _mss.
3007 5159 3163 5217 Editi
3213 5180 3360 5226 vero,
3393 5181 3412 5214 t
3433 5165 3587 5217 simul

2217 5211 2344 5313 sum
2390 5216 2496 5272 θθό
2522 5225 2540 5258 ⁸
2576 5211 2676 5277 alo.
2713 5231 2732 5264 ⁸
2759 5218 2940 5277 simul
2975 5211 3162 5288 εῖίῇἰῆ
3203 5211 3440 5291 {illiillic
3467 5248 3589 5286 C'Im

2046 5326 2136 5404 ξιιμ)
2165 5328 2331 5404 Editi,
2359 5356 2379 5389 ‹
2413 5342 2695 5404 dicentur.
2718 5372 2739 5404 ι

2041 5393 2132 5479 ἔρ
2290 5393 2459 5479 Deest
2500 5393 2554 5471 ις.
2587 5393 2778 5479 ἱειιίἱιέ.

2028 5460 2134 5531 [9%)
2172 5466 2303 5527 Mss.
2339 5460 2836 5552 ιιιιὶὶρὲὀῖίὶἰίἱῖιίιι
2879 5517 2900 5553 ι
2924 5518 3147 5564 ιιυιιο.»
