3894 6224
291 312 317 368 Ι
325 311 434 369 (949

1228 322 1575 377 COMMENT.
1614 322 1680 376 IN
1712 321 1923 379 EPIST.
1963 323 2051 377 AD
2083 324 2247 380 ROM.
2285 325 2408 381 LIB.
2449 326 2511 381 V.

3337 333 3473 388 1050

290 426 449 481 nobis
487 436 747 495 operatur
770 431 817 486 ’.
844 450 863 484 ι
908 431 1091 490 Tertio
1119 451 1265 502 vero,
1291 452 1410 492 cum
1445 439 1555 508 jam
1584 440 1820 508 resurgi-
1852 444 1894 499 Α
1923 454 2076 508 quem
2123 442 2214 508 qui
2257 456 2377 496 cum
2421 442 2591 511 possit
2628 442 2680 494 in
2720 455 2904 496 amore
2943 442 3138 497 Christi
3171 458 3462 513 superare:

289 532 412 569 mus
443 532 474 570 a
507 519 756 584 mortuis,
784 530 840 575 et
877 521 928 575 in
965 525 1200 580 novitate
1243 528 1366 581 vita:
1415 528 1745 583 ambulamus
1770 530 1833 580 ιθ.

289 601 355 655 Et
400 610 459 656 ut
493 605 707 660 brevius
752 621 815 662 ac
863 608 1090 666 lucidius
1132 612 1478 680 explicemus,
1515 616 1685 681 prima
1723 617 1838 669 dies

290 694 485 745 mortis
539 702 623 747 est
686 698 1028 754 renuntiasse
1078 702 1304 768 saeculo;
1341 706 1597 770 secunda,
1636 721 1837 759 renun—

290 780 456 835 tiasse
486 783 651 836 etiam
679 784 825 840 vitiis
855 789 1068 854 carnis;
1093 775 1366 858 plenitudo
1406 808 1531 848 vero
1560 794 1837 863 perfectio-

288 871 372 923 nis
419 872 473 925 in
511 873 713 929 lumine
767 877 1063 945 sapientiae,
1121 881 1275 935 tertia
1307 885 1714 939 resurrectionis
1755 895 1835 939 est

288 960 424 1014 dies.
471 962 618 1028 Quas
654 972 829 1019 tamen
874 967 926 1020 in
971 983 1289 1038 unoquoque
1321 973 1652 1026 credentium
1688 973 1835 1028 dilic-

289 1051 513 1117 rentias,
544 1061 600 1105 et
636 1053 969 1121 profectuum
998 1059 1194 1126 gradus
1217 1059 1362 1113 solus
1385 1060 1470 1115 ille
1498 1071 1672 1129 potest
1695 1064 1833 1118 scire

286 1149 340 1191 et
378 1138 712 1204 discernere,
750 1143 835 1196 cui
877 1145 975 1198 soli
1018 1154 1203 1215 patent
1251 1148 1429 1203 cordis
1459 1150 1689 1205 occulta.
1724 1153 1828 1207 Ve-

286 1244 405 1281 rum
442 1237 499 1282 tu
527 1230 653 1284 vide
687 1230 837 1286 Pauli
870 1232 923 1287 in
975 1235 1260 1290 scribendo
1287 1237 1621 1305 sapientiam,
1650 1241 1739 1308 qui
1765 1242 1828 1294 ad

286 1317 634 1373 Timotheum
683 1321 924 1376 scribens
971 1324 1122 1387 dixit,
1151 1327 1275 1394 quia
1314 1328 1393 1380 «si
1431 1329 1828 1394 commnriruur,

284 1414 337 1460 et
366 1407 725 1463 convivemus
745 1410 819 1477 “;
845 1429 863 1462 ι
894 1411 1092 1479 quique
1116 1415 1587 1471 commorientibus
1618 1418 1831 1473 Christo

284 1496 435 1562 quasi
486 1510 827 1565 consequens
865 1508 919 1553 et
952 1504 1310 1556 necessarium
1359 1520 1481 1557 cum
1507 1505 1685 1575 junxit
1717 1507 1828 1579 (25)

281 1583 423 1649 quod
446 1585 742 1641 convivant
764 1589 834 1651 ei,
861 1589 947 1643 hic
967 1589 1185 1656 addidit,
1212 1595 1560 1659 «credimus,»
1584 1606 1636 1649 ut
1655 1607 1830 1652 osten-

282 1675 430 1727 deret
462 1674 592 1742 quia
621 1676 863 1744 quamvis
914 1693 1251 1749 consequens
1282 1693 1335 1737 et
1368 1688 1727 1739 necessarium
1760 1687 1826 1741 sit

282 1766 660 1821 commorienti
708 1769 1012 1835 convivere,
1051 1770 1154 1826 lide
1201 1782 1377 1828 tamen
1429 1777 1529 1830 hoc
1572 1777 1743 1830 media
1774 1787 1826 1833 et
1858 1747 1900 1802 Β

283 1855 613 1909 credulitate
655 1858 951 1927 perﬁcitur,
992 1863 1159 1929 certi,
1212 1865 1404 1933 inquit,
1437 1874 1491 1919 et
1544 1884 1564 1918 ι
1591 1867 1826 1922 scientes

282 1945 405 2009 quia
440 1944 694 2002 Christus
731 1963 957 2019 surgens
993 1967 1022 2005 a
1068 1954 1295 2008 mortuis
1346 1953 1456 2021 jam
1504 1971 1610 2009 non
1660 1957 1824 2011 mori-

289 2041 375 2085 tur
404 2034 505 2087 ".t
539 2033 595 2087 Si
634 2036 776 2089 enim
831 2038 1020 2093 iterum
1079 2051 1398 2107 moreretur,
1446 2044 1585 2098 sicut
1637 2059 1826 2099 conse-

281 2134 449 2187 quens
475 2130 530 2175 et
557 2127 919 2180 necessarium
945 2130 1277 2185 ostendimus
1311 2133 1451 2200 quod
1483 2132 1536 2185 hi
1565 2133 1654 2201 qui
1681 2147 1826 2187 com-

256 2212 584 2269 .moriuntur
610 2214 773 2267 etiam
810 2217 1095 2272 convivent
1123 2220 1194 2283 ei,
1241 2221 1318 2274 ita
1348 2222 1465 2277 sine
1506 2222 1665 2277 dubio
1695 2239 1824 2278 con-

281 2312 513 2366 sequens
552 2302 834 2357 videbatur
870 2304 1008 2373 (24),
1041 2314 1101 2360 ut
1142 2306 1187 2360 si
1222 2318 1342 2376 post
1378 2313 1822 2366 resurrectionem

282 2399 334 2442 et
363 2390 527 2443 vitam
571 2391 769 2445 iterum
793 2403 1114 2461 moreretur,
1150 2394 1312 2449 etiam
1341 2397 1395 2451 hi
1423 2398 1511 2466 qui
1545 2400 1825 2455 convivent

280 2479 350 2539 ei,
379 2478 576 2532 iterum
630 2481 876 2534 morienti
908 2495 1392 2541 commorerentur.
1430 2488 1634 2544 Idcirco
1665 2490 1826 2560 igitur

282 2568 520 2622 absoluta
572 2570 843 2623 sententia
883 2572 1068 2625 deﬁnit
1101 2573 1391 2642 Apostolus
1418 2579 1558 2645 quod
1585 2578 1826 2634 Christus

280 2654 385 2726 iam
407 2671 511 2711 non
537 2659 771 2712 moritur
804 2659 938 2728 (25),
965 2669 1022 2713 ιιι
1053 2671 1107 2715 et
1139 2663 1192 2715 hi
1221 2664 1310 2730 qui
1345 2666 1632 2721 convivent
1654 2669 1723 2731 ei,
1759 2668 1823 2722 de

284 2746 583 2801 aeternitate
628 2748 751 2801 vitm
788 2750 959 2802 securi
992 2749 1122 2803 sint.
1153 2750 1278 2804 Post
1316 2753 1426 2806 haec
1455 2764 1631 2808 autem
1668 2757 1824 2823 (utet

281 2848 377 2903 ego
400 2836 571 2903 ipsius
596 2836 837 2904 Apostoli
872 2836 1049 2891 verbis
1085 2848 1222 2906 utar,
1253 2841 1445 2908 quibus
1468 2842 1580 2896 ait:
1614 2861 1633 2893 ι
1658 2845 1822 2899 lsaias

280 2931 453 2978 autem
481 2924 645 2977 audet
668 2933 722 2977 et
739 2925 867 2978 dicit
886 2924 980 2995 ι³),
1006 2943 1025 2977 ι
1054 2934 1106 2979 et
1122 2942 1220 2996 ego
1237 2928 1387 2981 dico:
1420 2927 1615 2983 Paulus
1645 2942 1821 2986 autem

1941 531 2077 582 unde
2123 545 2223 584 nec
2255 532 2523 597 putandus
2553 540 2636 585 est
2670 531 2871 599 aliquid
2914 533 2981 585 de
3008 546 3072 584 eo
3097 541 3279 586 contra
3305 550 3468 601 quam

1942 619 2055 685 ipso
2080 619 2297 687 dignum
2323 627 2404 673 est
2427 619 2736 688 prolocutus
2754 635 2871 675 esse
2889 620 3096 689 (51).Ει
3118 622 3238 677 ideo
3259 623 3469 692 indage.

1934 724 2053 761 mus
2093 708 2337 763 subtilius
2367 724 2461 777 per
2490 712 2715 778 gratiam
2765 713 2936 765 sancti
2988 712 3218 780 Spiritus
3243 715 3464 768 verbum

1932 799 2210 868 sapientia:
2249 812 2355 866 quo
2388 814 2605 854 sensum
2649 800 2793 855 Pauli
2837 803 3104 870 possimus
3150 803 3458 868 advertere,

1930 888 2036 943 imo
2059 902 2269 943 sensum
2291 888 2489 942 Christi
2507 891 2599 957 qui
2624 890 2673 943 in
2688 904 2751 944 eo
2771 901 2870 956 est,
2887 892 3175 945 secundum
3193 892 3332 960 quod
3350 891 3465 957 ipse

1930 978 2203 1046 profitetur
2221 978 2263 1010 “
2287 997 2301 1032 :
2329 996 2347 1029 ι
2373 977 2480 1031 Nos
2496 986 2670 1032 autem
2693 993 2906 1033 sensum
2928 979 3124 1034 Christi
3151 980 3456 1034 habemus.»

1929 1067 2085 1138 567
2110 1066 2289 1121 Potest
2311 1082 2439 1138 ergo
2465 1068 2576 1141 (52)
2600 1067 2719 1137 quis
2743 1069 3172 1136 compendiosius
3197 1070 3247 1123 in
3271 1070 3355 1123 his
3381 1068 3461 1122 di-

1928 1172 2052 1212 cere
2076 1157 2201 1226 quia
2230 1158 2317 1213 hic
2335 1170 2589 1223 mortem,
2613 1172 2946 1213 communem
2973 1158 3113 1213 hane
3133 1159 3334 1215 dieitet
3354 1173 3465 1213 mc-

1927 1247 2067 1300 diam
2095 1262 2197 1316 qua
2226 1267 2245 1300 ι
2278 1258 2520 1303 mortuus
2544 1259 2645 1313 est,
2668 1266 2686 1300 ι
2721 1250 2859 1303 sicut
2890 1251 3027 1304 idem
3063 1250 3352 1316 Apostolus
3377 1248 3463 1304 di-

1928 1337 2022 1401 cit,
2052 1355 2070 1387 ι
2095 1337 2385 1391 secundum
2437 1338 2742 1408 Scripturas
2767 1340 2829 1403 ",
2853 1358 2871 1390 ι
2921 1347 2978 1393 et
3013 1338 3142 1392 nihil
3173 1337 3462 1393 absurdum

1928 1425 2117 1492 videri,
2143 1426 2186 1479 si
2222 1427 2266 1481 is
2286 1427 2376 1495 qui
2410 1427 2635 1481 formam
2669 1429 2808 1483 servi
2857 1437 3184 1495 susceperat,
3219 1428 3461 1482 domina-

1931 1526 2037 1568 tum
2087 1514 2366 1584 pertulerit
2412 1516 2619 1577 mortis,
2647 1531 2765 1586 quas
2796 1516 2909 1571 sine
2958 1516 3116 1570 dubio
3158 1516 3465 1571 dominatur

1926 1604 2170 1660 ontnihus
2195 1605 2284 1673 qui
2313 1605 2363 1659 in
2389 1620 2554 1660 carne
2597 1606 2754 1674 positi
2795 1607 2895 1661 sub
2927 1606 3105 1661 servili
3132 1605 3305 1660 forma
3330 1620 3457 1660 cen-

1927 1701 2128 1748 sentur.
2161 1694 2264 1748 Sed
2303 1703 2357 1747 et
2388 1694 2519 1749 illud
2552 1696 2839 1751 assertioni
2893 1696 3018 1750 huic
3060 1694 3290 1763 adjaeet,
3320 1692 3462 1762 quod

1924 1792 2201 1850 propterea
2248 1780 2421 1837 forma
2450 1783 2564 1838 hac
2594 1783 2760 1849 servi,
2788 1783 2840 1836 id
2874 1790 2956 1836 est
3003 1785 3116 1850 ipsa
3158 1782 3269 1851 (55)
3296 1781 3458 1835 etiam

1925 1881 2104 1925 nostra
2128 1886 2278 1936 caro,
2307 1871 2602 1925 seminatur
2631 1872 2683 1926 in
2710 1871 3076 1938 corruptione,
3105 1878 3161 1923 ut
3183 1878 3368 1940 surgat
3404 1870 3458 1923 in

1925 1959 2336 2028 incorruptione,
2383 1969 2438 2015 et
2466 1962 2762 2015 seminatur
2804 1962 2858 2015 in
2894 1961 3219 2024 inﬁrmitate,
3252 1971 3310 2013 ut
3338 1975 3460 2014 sur-

1923 2058 2014 2119 gat
2047 2051 2098 2104 in
2129 2051 2346 2117 virtute,
2380 2060 2434 2104 et
2470 2052 2769 2106 seminatur
2801 2051 2854 2105 in
2882 2051 3227 2112 contumelia,
3254 2060 3313 2104 ut
3341 2064 3455 2123 sur-

1924 2145 2014 2205 gat
2044 2138 2097 2190 in
2127 2137 2316 2206 gloria,
2345 2145 2401 2190 et
2437 2137 2738 2191 seminatur
2780 2150 2976 2203 corpus
3007 2133 3254 2199 animale,
3284 2142 3340 2186 ut
3368 2145 3455 2186 re-

1925 2233 2106 2294 surgat
2137 2239 2330 2293 eorpus
2375 2224 2616 2294 spiritale
2646 2224 2711 2290 ιθ,
2741 2225 2858 2278 sine
2892 2225 3053 2277 dubio
3083 2232 3143 2276 ut
3186 2236 3331 2276 mors
3356 2220 3459 2290 ipsi

1923 2315 2063 2368 ultra
2098 2329 2203 2368 non
2231 2315 2554 2379 dominetur,
2591 2329 2710 2382 qua:
2742 2314 3011 2368 dominata
3045 2320 3128 2366 est
3147 2312 3194 2366 ei
3225 2314 3346 2366 dum
3375 2326 3460 2366 es-

1924 2412 2003 2457 set
2033 2402 2085 2457 in
2112 2402 2444 2467 intirmitate,
2475 2410 2526 2456 et
2551 2401 2894 2466 contumelia;
2919 2412 2973 2455 et
3000 2400 3360 2469 corruptione.
3380 2398 3460 2453 De

1925 2492 2012 2545 tali
2035 2492 2176 2545 enim
2211 2505 2373 2546 carne
2392 2506 2511 2559 quae
2533 2492 2707 2546 adhuc
2738 2493 2789 2544 in
2823 2491 2906 2545 his
2934 2500 3017 2546 est
3046 2492 3351 2559 passionum
3379 2487 3462 2542 vi-

1926 2581 2030 2644 tiis,
2057 2580 2167 2648 ipse
2200 2579 2397 2634 Paulus
2448 2581 2621 2635 dicit:
2659 2599 2678 2631 ι
2708 2581 2841 2647 Quia
2866 2595 2992 2635 caro
3021 2589 3075 2634 et
3118 2579 3335 2648 sanguis
3369 2592 3457 2631 re-

1922 2686 2081 2739 gnum
2111 2670 2202 2723 Dei
2240 2670 2512 2738 possidere
2549 2685 2651 2724 non
2687 2681 2930 2739 possunt,
2964 2684 3135 2738 neque
3184 2666 3456 2735 corruptio

1923 2760 2373 2828 incorruptionem
2397 2759 2692 2830 possidebit
2716 2762 2777 2815 “.
2800 2779 2818 2812 ι
2857 2761 2960 2816 Sed
2994 2769 3048 2815 et
3088 2761 3228 2827 quod
3260 2758 3384 2811 alibi
3407 2757 3456 2790 ’°

1923 2851 2060 2904 idem
2097 2850 2381 2918 Apostolus
2423 2865 2613 2921 corpus
2645 2870 2664 2902 ι
2690 2851 2874 2904 mortis
2898 2869 2916 2902 ι
2951 2849 3263 2911 nominavit,
3290 2848 3337 2901 is
3365 2846 3454 2916 qui

1923 2939 2035 2992 haec.
2062 2941 2276 3004 asserit,
2310 2940 2467 3008 hujus
2493 2940 2681 2993 media:
2727 2939 2913 2992 mortis
2945 2938 3346 3006 intelligendum
3374 2935 3459 2988 tli-

282 3013 438 3067 audet
468 3022 522 3066 et
548 3013 686 3067 dicit
712 3029 727 3066 :
757 3030 776 3064 ι
798 3013 942 3068 Mors
979 3015 1025 3069 ei
1046 3015 1196 3068 ultra
1220 3032 1323 3071 non
1343 3017 1809 3074 dominabitur“.r
1845 3058 1887 3116 ε
1920 3028 2015 3091 cit,
2038 3042 2155 3096 qum
2184 3026 2544 3093 hujuscemodi
2571 3027 2783 3096 corpori
2809 3028 3116 3080 dominatur
3138 3024 3308 3077 donec
3334 3022 3454 3076 ani-

282 3100 513 3156 lloccine
555 3115 723 3156 ausus
758 3117 817 3156 es
839 3102 974 3170 (26),
1006 3116 1037 3156 o
1067 3102 1255 3167 Paule,
1280 3103 1459 3158 dicere
1484 3105 1550 3159 de
1578 3104 1819 3172 Christo,

282 3207 302 3241 ι
324 3190 465 3245 Mors
499 3191 550 3245 ei
580 3190 719 3244 ultra
752 3205 854 3243 non
890 3190 1276 3257 dominabitur,
1300 3210 1319 3243 ι
1353 3194 1503 3260 quasi
1538 3193 1821 3262 aliquando

277 3280 549 3335 dominata
583 3281 695 3336 sit?
719 3280 886 3348 Cujus
913 3296 1017 3334 vox
1044 3281 1320 3349 Evangelii
1345 3282 1517 3336 fertur
1544 3299 1640 3352 per
1664 3300 1821 3342 omne

277 3383 470 3439 corpus
488 3370 748 3423 Ecclesiae
775 3369 1121 3439 luceggatj‘gr
1153 3369 1283 3439 (27),
1324 3385 1427 3439 qua
1462 3372 1590 3425 dicit
1618 3390 1631 3427 :
1662 3391 1681 3424 ι
1728 3375 1824 3429 Ne-

278 3476 365 3514 mo
406 3461 545 3516 tollit
587 3475 620 3514 a
666 3474 750 3514 me
782 3463 1014 3514 animam
1056 3475 1228 3515 meam
1251 3462 1386 3531 (28),
1419 3462 1513 3515 sed
1558 3478 1656 3532 ego
1685 3479 1822 3532 pono

278 3565 417 3614 eam,
443 3559 498 3605 et
529 3558 857 3619 potestatem
888 3549 1062 3603 habeo
1081 3550 1310 3616 ponendi
1333 3565 1473 3616 eam,
1505 3561 1560 3605 et
1589 3563 1822 3620 potesta-

279 3647 382 3692 tem
436 3640 612 3694 habeo
667 3638 860 3691 iterum
912 3640 1159 3693 sumendi
1217 3640 1462 3693 eam".t
1523 3640 1654 3696 Huic
1696 3656 1823 3712 ergo

279 3737 504 3781 mortem
544 3727 684 3780 dicis
720 3740 841 3781 esse
881 3726 1244 3792 dominatam,
1293 3729 1381 3798 qui
1427 3731 1661 3782 animam
1716 3745 1822 3783 non

278 3818 446 3873 solum
467 3817 747 3871 voluntate
766 3816 962 3884 posuit,
985 3816 1139 3870 sedet
1156 3825 1416 3885 potestate
1438 3819 1669 3886 suscepit
1689 3819 1824 3890 (29)?

274 3908 363 3975 qui
386 3907 534 3962 solus
560 3906 689 3961 fuitt
718 3907 856 3959 inter
890 3914 1124 3959 mortuos
1146 3906 1283 3960 liber
1307 3908 1395 3973 η’,
1425 3926 1443 3958 ι
1468 3915 1522 3961 et
1550 3922 1706 3975 quem
1733 3924 1822 3963 so-

278 3997 382 4049 lum
414 4013 561 4052 mors
594 4006 777 4050 tenere
802 4010 905 4050 non
937 3996 1145 4062 potuit?
1170 3995 1308 4059 Haec,
1339 4006 1397 4050 ut
1423 3998 1633 4065 opinor,
1664 4009 1715 4053 et
1737 3998 1823 4052 his

278 4089 472 4144 similia
510 4086 805 4142 movebunt
843 4085 1097 4139 adversus
1128 4085 1345 4139 Paulum
1381 4086 1432 4140 hi
1466 4087 1555 4155 qui
1584 4088 1695 4157 (50)
1726 4098 1813 4142 te-

279 4195 409 4237 nero
452 4194 581 4249 erga
621 4177 801 4231 Jesum
850 4184 1097 4230 tenentur
1134 4174 1344 4237 aliectu.
1399 4183 1454 4229 et
1500 4177 1633 4230 nihil
1662 4178 1730 4233 de
1758 4193 1823 4234 eo

280 4270 497 4331 humile,
524 4268 663 4322 nihil
691 4268 962 4334 indignum
990 4263 1266 4330 patiuntur
1288 4264 1492 4319 audire.
1513 4264 1617 4320 Sed
1647 4274 1699 4320 et
1722 4281 1823 4322 nos

1919 3118 2057 3172 male
2090 3127 2171 3173 est
2208 3126 2261 3171 et
2312 3117 2680 3186 corruptibile,
2719 3124 2773 3169 et
2811 3114 3032 3168 necdum
3069 3127 3163 3182 per
3213 3125 3459 3166 resurre-

1918 3207 2113 3262 ctionis
2157 3207 2377 3276 gloriam
2404 3212 2805 3268 commutatum,
2840 3213 2997 3271 atque
3025 3214 3089 3254 ex
3128 3200 3458 3269 corruptibili

1921 3295 2324 3361 incorruptibile
2372 3293 2641 3357 ell‘ectum,
2674 3303 2730 3347 et
2772 3307 2839 3347 ex
2871 3291 3088 3359 ignobili
3137 3290 3450 3360 gloriosum.

1919 3384 2050 3437 illud
2079 3393 2252 3436 autem
2285 3382 2423 3450 quod
2451 3382 2574 3436 huic
2604 3382 2891 3437 assertioni
2926 3381 3037 3450 (54)
3065 3381 3217 3434 valde
3239 3389 3455 3433 contra-

1922 3476 2058 3528 rium
2098 3460 2178 3527 est
2206 3473 2277 3543 (id
2305 3482 2418 3531 est.
2439 3474 2579 3539 quod
2610 3471 2807 3524 mortui
2852 3485 3035 3525 sumus
3068 3485 3188 3525 cum
3215 3470 3453 3535 Christo,

1919 3572 1973 3617 et
2008 3562 2300 3629 consepulti
2332 3576 2516 3616 sumus
2543 3562 2624 3627 ei;
2657 3562 2797 3629 quod
2821 3560 3002 3628 utique
3025 3559 3171 3614 nullo
3202 3560 3359 3614 modo
3385 3559 3452 3612 de

1920 3654 2184 3708 communi
2225 3652 2325 3706 hac
2347 3661 2518 3706 morte
2545 3660 2719 3720 potest
2747 3651 3016 3719 intelligi),
3044 3652 3145 3705 hoc
3178 3651 3334 3705 modo
3357 3664 3456 3703 ex-

1920 3741 2138 3810 planare
2188 3742 2470 3794 conabitur
2501 3740 2632 3809 (55),
2671 3747 2729 3793 ιιι
2769 3738 2907 3792 sicut
2961 3741 3015 3792 in
3064 3739 3454 3808 superioribus,

1921 3846 2039 3884 cum
2067 3831 2131 3883 de
2154 3830 2464 3883 diversitate
2484 3829 2655 3899 legum
2683 3843 3098 3897 exponeremus,
3122 3827 3456 3881 ostendimus

1920 3918 2229 3988 Apostolum
2263 3918 2314 3970 in
2346 3931 2450 3970 uno
2483 3917 2774 3983 eodemque
2805 3916 2922 3970 loco
2971 3916 3136 3983 legem
3175 3928 3315 3967 nunc
3357 3930 3455 3969 na-

1925 4007 2170 4070 turalem,
2203 4021 2345 4060 nunc
2379 4006 2565 4074 Moysi,
2601 4019 2741 4059 nune
2789 4006 2949 4059 etiam
2980 4004 3182 4072 peccati
3213 4002 3454 4055 nomina-

1922 4111 1999 4161 re,
2030 4096 2211 4150 ethoc
2240 4096 2293 4147 in
2325 4109 2424 4146 usu
2460 4108 2577 4149 esse
2621 4093 2912 4162 Scriptura:
2959 4093 3151 4145 divinae
3196 4091 3356 4144 etiam
3389 4104 3453 4143 ex

1923 4185 2040 4239 aliis
2073 4184 2201 4238 locis
2232 4183 2488 4237 adhibitis
2519 4183 2793 4237 docuimus
2826 4181 3166 4243 testimoniis,
3196 4180 3267 4231 ita
3311 4186 3363 4232 et
3401 4179 3453 4231 in

1922 4274 2167 4343 prmsenti
2207 4288 2347 4327 nunc
2396 4283 2619 4326 mortem
2665 4286 3023 4336 communem,
3054 4278 3198 4323 nunc
3230 4266 3453 4336 peccati,

277 4373 398 4411 cum
440 4357 761 4426 respicimus
790 4358 855 4409 ad
888 4352 1129 4416 Paulum,
1164 4368 1269 4407 non
1302 4362 1547 4421 vnlﬂmlts
1572 4368 1687 4409 εδει)
1717 4356 1819 4409 ali-
1850 4355 1895 4410 Ι)
1924 4378 2063 4418 nunc
2089 4363 2249 4416 etiam
2281 4362 2451 4431 ipsum
2476 4370 2747 4416 auctorem
2774 4362 2983 4426 mortis,
3016 4360 3107 4428 qui
3135 4367 3187 4412 et
3224 4355 3452 4412 novissi-

340 4448 363 4479 θ
391 4448 429 4500 11
456 4449 670 4509 Cor.tv,
710 4445 794 4499 12.
903 4444 946 4476 ³⁸
971 4442 1121 4495 Rom.
1154 4457 1223 4504 vt,
1263 4442 1316 4496 4.

277 4517 319 4554 ιδ
347 4515 500 4569 Joan.
542 4530 600 4579 x,
644 4514 727 4567 18.
805 4510 1029 4565 "'Psal.
1078 4523 1313 4575 Lxxxvn,
1340 4510 1393 4562 5.

277 4585 321 4621 ²⁹
351 4583 507 4637 Rom.
541 4598 638 4647 vn,
666 4582 756 4635 21.

345 4669 460 4740 (25)
492 4671 657 4740 Editi,
695 4687 713 4720 ι
734 4677 789 4740 et
816 4666 1181 4740 necessarium
1221 4666 1312 4731 sit,
1348 4664 1645 4732 conjunxit,
1670 4685 1689 4719 ι
1720 4678 1826 4725 etc.

345 4736 458 4807 (24)
489 4738 658 4802 Editi,
697 4754 716 4787 ι
739 4736 1020 4807 videbitur.
1047 4753 1067 4786 ι

344 4801 459 4872 (25)
498 4801 674 4867 Alias,
706 4823 724 4857 ι
750 4806 1035 4868 morietur;
1058 4822 1087 4872 »ί
1116 4801 1211 4864 al.,
1249 4820 1268 4851 ι
1291 4810 1602 4872 moreretur.
1628 4823 1646 4856 ι

346 4870 459 4948 (26)
493 4873 897 4948 Sie_liabanus.
927 4871 1092 4948 _Ed_i_t.i
1141 4883 1290 4948 vero,
1319 4886 1341 4948 ς
1366 4870 1460 4921 llic
1490 4871 1540 4922 in
1565 4886 1629 4925 eu
1659 4887 1821 4927 ausus

278 4935 364 5008 es,
385 4962 406 4996 ι
440 4935 560 4997 'etc.
600 4941 729 4995 Mss.
773 4940 942 4995 nostri
988 4938 1103 5001 alii,
1142 4954 1163 5008 ι
1183 4935 1371 5008 iloc_i_n
1394 4951 1459 4989 eo
1481 4953 1642 4993 ausus
1669 4954 1766 5006 es;
1792 4960 1810 4992 ο

278 5003 370 5071 δι’.
405 5031 423 5062 ι
444 5010 561 5065 Hoc
586 5012 720 5063 adeo
749 5021 910 5062 ausus
938 5019 1032 5069 es;
1065 5022 1084 5055 ι
1118 5004 1212 5063 aL,
1256 5023 1273 5055 ι
1304 5003 1415 5056 lioc
1441 5018 1599 5057 ausus
1621 5022 1697 5061 es.
1728 5027 1747 5059 ι

348 5080 465 5150 (27)
500 5079 595 5133 Sic
624 5088 768 5131 recte
782 5090 900 5150 _ms.
942 5071 1303 5150 nnuslltegius
1334 5086 1485 5150 num.
1517 5074 1815 5150 [6339;030-

280 5138 380 5201 ter'i
407 5138 540 5201 vero
578 5159 733 5208 mss.,
782 5143 1072 5208 Rabanus.
1097 5138 1408 5208 Salodianus
1438 5149 1493 5192 et
1538 5140 1814 5207 Merlinus,

287 5216 483 5281 «cujus
533 5227 639 5266 vox
682 5206 776 5281 per
825 5206 1165 5281 Evangelium
1205 5206 1374 5281 fertur
1419 5210 1562 5281 omni
1597 5206 1819 5281 corpore

287 5231 483 5281 ιευμιε
533 5229 639 5266 νοι
716 5229 776 5265 er
825 5229 1165 5274 ιδνωιεωιυιιι
1205 5229 1373 5260 ICI‘LIII‘
1419 5229 1562 5261 0111111
1597 5229 1816 5276 ειπμοτῦ

283 5282 545 5349 lucidior;
575 5299 594 5331 ι
648 5229 740 5345 ar,
778 5275 1158 5349 «collucidior;
1192 5293 1215 5349 ι
1245 5275 1341 5349 al._,
1370 5276 1767 5349 «perlucidior.
1798 5295 1816 5328 ι

286 5349 459 5403 Editio
488 5340 620 5402 vero
654 5340 1004 5403 Genebrardi,
1039 5356 1057 5389 ι
1079 5343 1217 5393 omni
1257 5341 1366 5394 sole
1397 5340 1640 5396 lucidior.
1669 5362 1688 5394 ι
1726 5344 1822 5397 Ms.

284 5418 480 5475 Regius
509 5430 661 5469 nttm.
698 5413 857 5475 16M,
892 5429 910 5460 ι
935 5409 1078 5461 omni
1117 5422 1336 5461 corusco
1367 5407 1615 5463 lucidior.
1645 5428 1664 5461 ι

351 5433 360 5468 ξ
398 5433 480 5470 1118
509 5433 661 5469 llum.
698 5433 857 5475 101M,
892 5433 910 5460 ι
935 5433 1078 5461 υιιιιιι
1117 5433 1336 5461 uuruacu
1367 5433 1615 5463 mutuor.
1645 5433 1664 5461 1

351 5433 461 5554 (ξὸ)
496 5484 552 5537 lu
577 5482 737 5536 editis
783 5479 1102 5533 omittuntur
1147 5493 1165 5525 ι
1191 5489 1384 5539 meam,
1424 5478 1517 5531 sed
1547 5492 1646 5543 ego
1677 5490 1814 5543 pono

284 5568 464 5685 θθὲἒέιῖ
491 5618 580 5675 Sic
616 5625 762 5675 recte
788 5629 889 5669 ms.
931 5620 1069 5665 unus
1092 5607 1283 5673 Regius
1324 5625 1474 5669 num.
1517 5611 1670 5669 1659.
1704 5612 1815 5668 Cm-

1418 4442 1457 4473 11
1489 4442 1528 4473 II
1554 4443 1612 4473 'l':

1489 4441 1529 4493 ll
1554 4443 1690 4497 Tim.
1715 4460 1775 4508 ιι,
1806 4448 1822 4499 1

1468 4509 1543 4562 “l
1596 4510 1719 4567 Cor.
1752 4529 1811 4580 ιι,

1996 4452 2035 4483 ¹²
2063 4452 2216 4505 Rom.
2238 4465 2312 4511 vt,
2342 4450 2395 4503 9.
2493 4450 2534 4481 ¹³
2564 4450 2715 4501 Rom.
2759 4465 2813 4507 x.
2847 4448 2937 4502 21).
3014 4449 3056 4480 ³⁸
3101 4448 3253 4500 Rom.
3306 4462 3375 4510 vt,
3406 4446 3459 4501 9.

1927 4554 1937 4571 .
2015 4520 2054 4550 ³⁷
2080 4520 2101 4573 1
2123 4520 2245 4574 Cor.
2278 4534 2366 4583 xv,
2387 4519 2439 4573 5.
2517 4517 2599 4570 ⁸⁸1
2625 4519 2746 4572 Cor.
2771 4534 2861 4583 xv,
2887 4517 3068 4617 42-414.
3145 4517 3187 4549 ¹⁰
3214 4516 3339 4571 ibid.
3370 4515 3459 4570 50.

1996 4452 2035 4483 ¹²
2063 4452 2216 4505 Rom.
2238 4465 2312 4511 vt,
2342 4450 2395 4503 9.
2493 4450 2534 4481 ¹³
2564 4450 2715 4501 Rom.
2759 4465 2813 4507 x.
2847 4448 2937 4502 21).
3014 4449 3056 4480 ³⁸
3101 4448 3253 4500 Rom.
3306 4462 3375 4510 vt,
3406 4446 3459 4501 9.

1938 4671 2034 4724 teri
2057 4684 2184 4725 vero
2221 4685 2373 4735 mss.,
2402 4670 2654 4723 Rabanus
2677 4677 2731 4722 et
2754 4668 2903 4733 editi,
2942 4687 2960 4719 ι
2986 4670 3075 4737 qui
3099 4683 3215 4722 eam
3240 4682 3340 4721 non
3371 4681 3459 4721 su»

1933 4739 2040 4793 lum
2066 4738 2353 4801 voluntate,
2381 4740 2472 4791 sed
2499 4750 2552 4791 et
2591 4747 2851 4803 potestate
2877 4737 3145 4804 suscepit?
3170 4754 3187 4784 ι

2003 4806 2112 4872 (50)
2142 4807 2301 4868 Editi,
2340 4824 2358 4857 ι
2388 4820 2480 4858 eos
2511 4805 2622 4872 qui,
2643 4823 2660 4854 ι
2696 4805 2854 4872 male.

2001 4869 2110 4944 (51)
2144 4873 2245 4944 his.
2279 4889 2427 4944 unus
2444 4869 2657 4944 Regius,
2685 4885 2786 4924 ms.
2822 4869 3184 4944 Vallis-Clarae
3210 4877 3262 4922 et
3288 4870 3455 4944 editio

1929 4937 2133 4998 Veneta
2160 4940 2452 5000 Salodiani.
2489 4937 2676 4992 (unde
2709 4952 2805 4991 nec
2827 4939 3117 5005 putandum
3149 4946 3229 4989 est
3256 4937 3453 5003 aliquid

1930 5012 1995 5065 de
2019 5026 2083 5064 eo
2106 5020 2294 5063 contra
2342 5010 2464 5075 quia
2494 5015 2551 5059 nt
2591 5008 2704 5073 ipso
2754 5006 2970 5075 dignum
3014 5016 3091 5075 est
3147 5005 3453 5075 prolocutus

1923 5089 2026 5134 est.
2056 5097 2074 5130 ι
2108 5077 2180 5130 lta
2205 5071 2372 5129 etiam
2391 5071 2645 5128 Merlinus
2665 5087 2727 5126 ac
2750 5071 3145 5133 Genehrardus.
3177 5073 3275 5125 nisi
3305 5073 3445 5140 quod

1924 5149 1975 5200 in
2018 5150 2120 5199 line
2142 5146 2400 5205 habeant,
2433 5160 2450 5191 ι
2478 5150 2662 5195 contra
2690 5154 2848 5206 quam
2878 5150 2931 5192 et
2960 5141 3073 5208 ipso
3102 5141 3319 5208 dignum
3351 5148 3451 5201 est,

1924 5215 2271 5283 prolocutum
2292 5223 2448 5262 esse:
2480 5211 2541 5262 Et.
2564 5208 2694 5283 ideo
2743 5207 3126 5283 indagabimus.
3155 5224 3174 5256 ι
3210 5207 3318 5261 Sed
3363 5221 3454 5262 re-

1927 5276 2062 5336 ctius
2095 5278 2273 5331 caeteri
2315 5292 2444 5329 mss.
2475 5286 2532 5329 ut
2562 5276 2613 5327 in
2644 5282 2825 5328 nostro
2861 5285 3028 5327 textu.

2017 5348 2106 5416 52)
2144 5345 2303 5416 Ergo.
2319 5343 2681 5416 Pesideratur
2701 5344 2753 5395 in
2779 5352 2942 5416 antea
2975 5342 3155 5416 editis.

2015 5409 2102 5484 55)
2137 5409 2284 5484 {nam
2316 5410 2585 5484 Nusquam
2615 5411 2886 5484 reperitur
2921 5409 2973 5484 in
3002 5410 3181 5484 editis.

2017 5477 2106 5546 51)
2146 5479 2307 5545 Editi,
2343 5493 2361 5528 ι
2385 5477 2528 5546 quod
2562 5477 2762 5532 addidit
2787 5478 3090 5543 assertioni,
3117 5494 3136 5529 ι
3167 5486 3274 5533 etc.

2017 5484 2083 5536 54
2146 5484 2307 5545 Editi,
2343 5493 2361 5528 ι
2385 5484 2528 5546 quod
2562 5484 2734 5530 addidi

1991 5484 2106 5623 (55)
2136 5549 2344 5622 Αιίξιεηι
2362 5547 2689 5603 conabimur.
2715 5562 2734 5597 ι
