3894 6224
367 309 502 360 “ibi

369 503 540 555 locum
570 493 782 558 inferni,
807 493 858 545 in
892 504 998 557 quo
1027 486 1214 541 mortis
1239 486 1437 538 habere
1466 481 1746 551 imperium
1785 479 1903 533 dia-

377 590 528 643 bolus
554 584 765 644 dicitur,
807 579 1087 633 confirmet
1133 575 1200 628 ab
1235 572 1487 640 Apostolo
1523 570 1803 625 nominari.
1841 567 1905 621 Et

370 631 612 744 hic-“evrg'o
643 631 926 742 (36),,qiu‘od
952 667 1028 720 ait
1061 683 1074 719 :
1108 684 1126 716 ι
1153 631 1295 718 Mors
1320 663 1367 717 ei
1404 661 1540 714 ultra
1587 675 1688 712 non
1733 656 1906 710 domi-
2003 645 2164 700 etiam
2193 643 2244 695 in
2284 640 2504 693 domum
2535 631 2683 699 eius.
2734 631 2793 680 l“
2836 631 3097 722 σ⁰¹ξ³¹³¹ξ¹
3163 631 3413 709 "mf"?
3447 631 3503 657 "'
3538 631 3648 718 ""cj

2221 742 2227 744 Α
2276 732 2288 744 .
2354 731 2365 744 .
2515 738 2556 744 _-
2589 720 2709 744 Α-.-
2739 714 2991 744 Aha-“ur
3057 705 3118 744 ul
3160 711 3264 744 pet
3286 709 3521 744 animas
3568 707 3648 744 ou.

2009 751 2158 800 num,
2180 742 2235 788 et
2276 731 2401 785 inde
2434 738 2564 778 vasa
2585 720 2712 788 ejus
2737 710 3019 781 diripuit,
3057 705 3119 760 id
3160 711 3264 800 est
3286 703 3521 764 animas
3568 703 3693 792 quas

2007 781 2222 883 tenebat
2247 817 2538 875 abstraxit.
2571 814 2636 866 Et
2685 811 2800 863 hoc
2841 810 2982 859 erat
3022 795 3198 866 quod
3245 791 3382 883 ipse
3429 801 3550 883 p‘erA
3576 781 3694 835 :rni-

2210 909 2530 979 loquebatur
2555 904 2610 956 in
2641 895 2970 965 Evangelio
2996 891 3227 944 dicens
3246 882 3356 983 ἐίς
3390 897 3412 930 ι
3446 877 3583 983 Quis
3609 889 3697 940 po-

2012 969 2112 1060 :est
2139 969 2368 1057 introire
2391 998 2446 1050 in
2476 997 2708 1047 domum
2742 987 2946 1045 fortis,
2984 990 3051 1036 et
3083 992 3236 1032 vasa
3275 973 3410 1043 ejus
3438 969 3696 1036 diripere,

2011 1093 2111 1146 nisi
2137 1089 2301 1160 568
2322 1086 2472 1154 prius
2497 1076 2823 1150 alligaverit
2850 1067 3134 1126 fortem?
3162 1084 3184 1116 ι
3224 1063 3410 1160 Prius
3426 1070 3563 1124 ergo
3584 1066 3698 1156 eum

2012 1153 2326 1251 alligavitin
2358 1188 2547 1237 cruce,
2569 1179 2627 1225 et
2662 1168 2749 1222 sic
2783 1166 3120 1234 ingressus
3158 1162 3260 1251 est
3554 1234 3566 1246 .
3592 1153 3702 1251 eju's

2240 1231 2324 1322 est
2341 1231 2638 1323 infernum,
2661 1267 2718 1312 et
2752 1231 2894 1309 inde
2927 1269 2949 1302 ι
2988 1246 3354 1341 ascendens
3396 1237 3522 1341 (ius)
3554 1234 3608 1341 in
3636 1231 3705 1331 al:

2172 1352 2612 1425 captivamduxit
2635 1344 3054 1415 captivitatem
3086 1336 3169 1399 ”,
3198 1353 3219 1385 ι
3247 1345 3356 1387 eos
3375 1328 3598 1384 scilicet
3623 1328 3704 1421 qui

2016 1465 2139 1503 cum
2164 1448 2285 1516 ipso
2316 1447 2711 1500 surrexerunt,
2750 1445 2811 1488 et
2839 1427 3123 1500 ingressi
3165 1431 3314 1480 sunt
3351 1427 3608 1516 sanctam
3640 1429 3707 1464 ct-

2017 1508 2240 1592 vitatein
2261 1531 2572 1588 Jerusalem
2599 1527 2914 1583 caelestem
2940 1522 3021 1572 ³ο.
3074 1518 3262 1572 Unde
3299 1519 3466 1567 recte
3494 1508 3709 1576 Aposto-

373 764 662 825 nabitur“,
689 779 707 811 ι
739 761 803 813 de
829 759 928 812 ista
976 762 1147 808 morte
1184 754 1383 807 dictum
1415 745 1774 808 conﬁrmabit,
1801 758 1907 812 qua

371 852 722 908 communiter
745 855 988 902 mortuus
1010 845 1246 899 creditur
1268 841 1539 895 Christus.
1564 839 1693 904 Quae
1726 845 1904 888 tamen

371 942 595 997 assertio
614 954 774 1009 quam
799 937 871 990 sit
888 935 1087 998 valida,
1108 934 1294 1003 probet
1318 931 1408 998 qui
1429 929 1578 998 legit.
1603 928 1755 980 Alius
1779 939 1905 976 vero

371 1031 461 1099 qui
513 1027 909 1098 profundiorem
951 1028 1004 1080 in
1055 1024 1140 1077 his
1172 1022 1322 1075 Pauli
1366 1034 1580 1074 sensum
1635 1018 1686 1069 in
1715 1015 1912 1068 virtute

374 1117 605 1185 Spiritus
635 1125 934 1178 contuetur,
957 1115 1096 1167 dicet
1120 1113 1244 1181 quia
1273 1124 1420 1164 mors
1449 1107 1534 1161 hic
1558 1105 1690 1172 (57),
1713 1105 1776 1158 de
1806 1117 1909 1170 qua

370 1208 566 1262 dicitur
614 1209 754 1276 quod
804 1207 945 1261 ultra
987 1219 1092 1259 non
1142 1201 1505 1258 dominabitur
1551 1197 1787 1261 Christo,
1824 1195 1912 1248 ille

371 1295 484 1362 ipse
517 1295 887 1363 intelligendus
925 1301 1008 1346 est
1039 1291 1364 1346 novissimus
1399 1286 1680 1349 inimicus,
1720 1284 1810 1352 qui
1845 1285 1909 1336 ti-

372 1399 558 1450 guram
601 1384 786 1438 habuit
829 1383 939 1452 (58)
990 1382 1091 1437 ceti
1125 1381 1266 1434 illius
1300 1379 1390 1447 qui
1434 1377 1789 1430 absorbuerat
1817 1373 1913 1428 Jo-

377 1489 523 1537 nam,
559 1473 623 1527 de
649 1488 754 1541 quo
785 1473 837 1525 in
865 1472 964 1526 .lob
994 1473 1253 1538 scriptum
1285 1477 1368 1522 est
1394 1485 1423 1522 ιη
1448 1485 1466 1515 ι
1497 1466 1599 1519 Sed
1629 1464 1915 1517 maledicat

378 1562 519 1614 illaut
549 1563 636 1630 qui
658 1563 928 1616 maledixit
948 1562 1090 1615 illam
1117 1561 1278 1621 diem,
1308 1559 1394 1612 ille
1414 1557 1502 1625 qui
1527 1571 1774 1625 magnum
1800 1554 1912 1622 (39)

375 1662 551 1706 cetum
597 1662 966 1719 perempturus
997 1650 1160 1705 est".
1201 1669 1218 1699 ι
1248 1647 1302 1700 1η
1339 1663 1495 1717 quam
1532 1656 1755 1698 mortem
1798 1655 1914 1697 tan-

379 1758 534 1812 quam
557 1743 720 1796 Jonas
752 1743 859 1812 (40)
895 1743 944 1794 iu
977 1749 1216 1795 ventrem
1246 1739 1350 1794 ceti
1421 1738 1670 1792 Christus
1709 1735 1916 1802 ingrcs-

381 1846 471 1885 sus
501 1843 602 1896 est,
640 1833 690 1885 in
731 1847 851 1886 cum
879 1831 1086 1885 scilicet
1116 1830 1287 1884 locum
1319 1843 1475 1897 quem
1514 1827 1756 1880 Salvator
1806 1825 1918 1892 ipse

381 1935 476 1976 cor
507 1931 661 1975 terrae
683 1907 974 1973 nominavit
999 1919 1062 1980 “,
1096 1919 1147 1971 in
1173 1933 1282 1986 quo
1307 1926 1416 1970 tres
1444 1919 1553 1970 dies
1579 1924 1634 1968 et
1663 1925 1770 1966 tres
1795 1928 1890 1966 no-

386 2019 500 2062 ctes
523 2007 764 2075 exemplo
789 2005 936 2060 Jonae
960 2005 1219 2059 facturum
1243 2004 1353 2072 (4t)
1383 2017 1500 2056 esse
1526 2002 1713 2054 Filium
1744 1999 1920 2053 homi-

383 2098 466 2149 nis
522 2096 671 2158 dicit,
707 2103 764 2147 ut
817 2109 912 2148 eos
968 2095 1058 2163 qui
1114 2093 1243 2146 inihi
1289 2108 1318 2145 a
1357 2100 1526 2146 morte
1551 2090 1924 2144 detinebantur

383 2187 665 2237 eximeret.
700 2181 985 2248 Propterea
1030 2181 1172 2234 enim
1214 2181 1439 2234 lormam
1476 2177 1614 2232 servi
1669 2189 1923 2242 suscepe-

386 2283 492 2336 rat,
519 2281 574 2324 ut
607 2274 672 2324 ad
698 2275 868 2340 ipsum
897 2270 1092 2330 locum,
1123 2270 1209 2323 ubi
1251 2284 1397 2324 mors
1433 2281 1654 2337 regnum
1689 2266 1922 2328 tenebat,

383 2371 560 2429 posset
589 2363 814 2424 intrare,
846 2362 1137 2415 secundum
1162 2361 1303 2428 quod
1331 2367 1384 2412 et
1412 2358 1676 2425 Propheta
1709 2372 1771 2408 ex
1808 2369 1928 2422 pero

387 2463 515 2501 sona
543 2449 713 2517 ipsius
749 2450 877 2503 dicit
902 2467 916 2502 :
960 2469 978 2500 ι
1008 2449 1074 2502 Et
1103 2449 1382 2517 deputatus
1425 2461 1542 2500 sum
1575 2460 1692 2499 cum
1722 2444 1807 2496 his
1834 2443 1923 2508 qui

387 2535 718 2590 descendunt
749 2537 798 2590 in
837 2537 1008 2590 lacum
1038 2537 1119 2599 '5;
1149 2554 1166 2586 ι
1206 2545 1260 2588 et
1296 2536 1486 2588 iterum
1519 2550 1534 2587 :
1572 2553 1588 2583 ι
1623 2532 1751 2597 Quae
1785 2532 1928 2583 utili-

391 2633 473 2676 tas
503 2625 554 2676 in
600 2625 860 2692 sanguine
911 2639 1053 2688 meo,
1085 2625 1206 2678 dum
1241 2623 1504 2676 descendo
1549 2622 1600 2674 in
1629 2621 1926 2688 corruptiu-

392 2723 515 2762 nem
538 2710 619 2762 "i
646 2728 664 2760 ι
695 2711 843 2776 Quod
868 2719 924 2763 ut
959 2712 1131 2768 adhuc
1161 2710 1366 2779 planius
1404 2710 1569 2777 possit
1588 2711 1813 2773 adverti,
1839 2712 1927 2762 tali

394 2795 590 2848 iterum
643 2799 994 2853 similitudine
1029 2806 1260 2852 utemur.
1311 2799 1504 2867 Regem
1551 2813 1812 2866 ponamus
1839 2799 1928 2864 jn-

399 2897 540 2940 stum
569 2896 624 2940 ct
654 2887 906 2951 nobilem,
947 2888 1226 2942 adversum
1277 2888 1527 2956 iujustum
1575 2887 1804 2956 aliquem
1850 2899 1930 2957 ty-

3553 219 3687 270 1052

2613 374 2738 421 um,
2779 354 2841 410 id
2883 358 2996 405 est
3021 336 3467 404 diabolum,’ut
3493 334 3688 387 libera-

1811 271 1966 326 ORIG
1977 267 2125 322 ENIS

367 430 489 472 rans
537 405 888 467 destruendus
939 399 1138 455 dicitur
1174 396 1424 451 inimicus
1445 396 1511 460 “,
1563 406 1704 446 nunc
1743 391 1905 444 etiam

369 503 540 537 Lm...“
571 493 778 537 inferni,
807 493 858 537 in
892 504 998 537 ano
1027 486 1214 537 mortis
1239 486 1437 537 habere
1466 481 1746 537 imperium
1785 479 1903 533 dia-

2127 388 2165 433 ιι
2192 375 2379 431 mortis
2403 363 2738 438 imperium,
2779 363 2841 410 id
2883 363 2996 405 εει
3021 363 3370 404 αιδυοιυιιι,
3407 363 3687 436 υι.ιιυςιῗ-ν

2130 466 2219 536 46)
2251 477 2346 516 eos
2375 457 2468 527 qui
2505 450 2873 508 tenebantur
2901 455 2937 492 a
2977 442 3215 534 morte.
3249 422 3687 537 ilicetum-alt:

2003 568 2126 626 gato
2175 553 2337 613 forte,
2368 557 2424 601 et
2480 545 2537 597 in
2588 547 2767 592 cruce
2833 542 2948 584 sua

3007 519 3420 586 triumphato,
3457 510 3688 582 perrexit

2734 627 2793 680 in
2836 622 3097 675 domum
3163 607 3413 669 mortis,
3444 603 3503 657 in
3538 600 3690 654 infer-

2019 1630 2099 1680 lus
2149 1627 2204 1679 in
2261 1623 2516 1692 praesenti
2558 1619 2686 1672 loco
2719 1614 2868 1668 dicit
2899 1612 2980 1674 ",
3014 1607 3172 1677 quia
3217 1623 3240 1655 ι
3282 1615 3448 1657 mors
3483 1599 3534 1652 ei
3580 1594 3709 1692 ultra

1948 1707 1988 1760 Β
2021 1732 2122 1769 non
2157 1683 2552 1768 dominabitur.
2581 1725 2600 1757 ι
2638 1705 2763 1759 Non
2805 1702 2979 1757 enim
3023 1697 3209 1751 dabit
3247 1693 3414 1748 ultra
3460 1683 3710 1753 semetip-

2021 1818 2140 1859 Sum
2172 1803 2224 1854 in
2256 1797 2692 1854 dominationem
2729 1788 3002 1862 tyranni,
3035 1797 3253 1853 neque
3285 1784 3504 1835 iterum
3538 1775 3710 1830 exina-

2024 1895 2134 1947 uiet
2163 1905 2222 1944 se
2256 1899 2318 1942 ut
2351 1889 2590 1941 formam
2641 1881 2795 1936 servi
2854 1878 3164 1945 accipiat,
3209 1882 3275 1927 et
3326 1871 3434 1923 tiat
3464 1865 3712 1922 obediens

2023 1996 2195 2051 usque
2221 1981 2288 2033 ad
2318 1985 2592 2039 mortem;
2634 1987 2708 2026 ne
2739 1970 2866 2040 (49)
2900 1983 3166 2021 rursum
3213 1967 3278 2018 in
3337 1961 3528 2016 forma
3560 1955 3712 2017 servi,

2023 2048 2278 2143 quamvis
2312 2068 2600 2123 voluntate
2638 2075 2697 2118 et
2737 2078 2852 2115 non
2901 2058 3310 2114 necessitate
3350 2052 3594 2122 positus,
3625 2048 3713 2100 do-

2027 2140 2375 2216 minationem
2449 2165 2638 2208 tamen
2717 2147 2966 2220 tyranni
3043 2149 3403 2212 mortisque
3464 2140 3713 2210 patiatur.

2031 2255 2182 2310 Unde
2219 2252 2387 2304 miror
2420 2245 2690 2316 quosdam
2735 2250 2958 2297 (outra
3016 2241 3193 2295 hanc
3231 2233 3715 2293 evidentissimam

2034 2342 2178 2396 Pauli
2216 2338 2542 2394 sententiam
2565 2334 2710 2388 velle
2731 2346 3048 2394 asserere,
3078 2331 3256 2398 quod
3289 2330 3350 2382 in
3389 2326 3600 2380 futuris
3629 2325 3716 2375 ite-

2032 2449 2150 2485 rum
2184 2428 2395 2485 sazculis
2431 2425 2514 2478 vel
2549 2423 2744 2476 eadem
2778 2419 2873 2474 vel
2937 2418 3181 2472 similia
3227 2418 3354 2487 pati
3397 2426 3626 2468 necesse
3655 2411 3716 2463 sit

2032 2523 2328 2583 Christum,
2358 2525 2415 2570 ut
2441 2513 2671 2570 liberari
2701 2510 2938 2578 possint
2971 2510 3176 2560 etiam
3211 2508 3274 2560 hi
3314 2522 3469 2576 quos
3503 2505 3557 2556 in
3592 2517 3715 2570 pra:-

2037 2611 2173 2666 senti
2205 2609 2314 2661 vita
2347 2601 2786 2674 dispensationis
2823 2599 2961 2665 ejus
3018 2597 3349 2652 medicina
3384 2609 3588 2649 sanare
3622 2606 3714 2642 non

2035 2701 2230 2770 potuit.
2279 2697 2446 2750 Aiunt
2501 2693 2696 2747 enim:
2758 2706 2779 2740 ι
2814 2686 3127 2756 Nunquid
3197 2696 3408 2756 potest
3470 2682 3715 2739 saeculum

2032 2806 2152 2845 esse
2183 2786 2395 2854 aliquod
2421 2784 2474 2836 in
2508 2781 2695 2835 futuro
2720 2781 2816 2833 ubi
2849 2793 3062 2848 neque
3092 2780 3246 2832 boni
3281 2775 3715 2845 aliquid,neqne

2037 2879 2158 2932 mali
2192 2889 2402 2945 agatur,
2430 2873 2526 2926 sed
2556 2877 2827 2939 stupeant
2853 2884 2981 2936 res,
3011 2879 3082 2922 et
3119 2877 3422 2922 maneant
3457 2860 3713 2936 profunda

394 2990 618 3030 rannum
652 2975 724 3028 ita
772 2974 966 3028 bellum
1019 2989 1205 3042 gerere
1231 2951 1344 3043 (th
1381 2951 1765 3039 volentetn,-ne
1815 2951 1930 3029 vio-
1957 3013 1998 3068 c
2034 2967 2333 3023 silentia?»
2373 2963 2689 3016 Absurdum
2755 2961 2870 3013 hoc
2913 2959 3127 3013 videri
3193 2966 3509 3013 asserunt.
3572 2951 3717 3005 Dabi-

395 3064 539 3118 lento
589 3065 832 3117 videatur
890 3073 1215 3131 cruentoque
1263 3062 1457 3117 vicisse
1498 3062 1770 3126 conﬂictu,
1803 3065 1927 3132 quia

395 3155 689 3208 militantes
719 3155 816 3208 sub
848 3164 1072 3223 tyranno
1105 3153 1184 3206 sui
1222 3163 1396 3215 erant,
1427 3168 1563 3222 quos
1611 3169 1714 3207 non
1746 3154 1938 3222 perde-

397 3260 478 3307 re,
509 3245 602 3298 sed
657 3244 886 3301 liberare
930 3244 1198 3312 cupiebat.
1238 3242 1472 3297 Consilio
1523 3243 1685 3312 igitur
1719 3244 1938 3298 meliore

400 3334 637 3388 habitum
663 3333 824 3386 sumit
850 3345 1032 3386 eorum
1057 3333 1165 3400 (45)
1187 3332 1277 3399 qui
1303 3331 1442 3398 apud
1464 3341 1742 3400 tyrannum
1761 3341 1935 3397 erant,

398 3431 454 3476 et
482 3423 658 3487 specie
681 3437 773 3490 per
795 3423 972 3476 omnia
993 3422 1048 3474 lit
1071 3420 1258 3474 similis
1281 3420 1552 3481 eis,douec
1581 3421 1679 3473 sub
1695 3422 1904 3473 domina
1921 3450 1939 3460 -

403 3514 544 3566 tione
563 3513 763 3580 positus
787 3512 993 3579 tyranni
1015 3526 1107 3565 eos
1127 3512 1342 3579 quidem
1366 3510 1474 3579 (44)
1497 3511 1586 3577 qui
1610 3511 1657 3562 ei
1676 3511 1939 3578 parebant

403 3603 652 3656 suaderet
677 3601 986 3665 abscedere,
1018 3611 1071 3654 et
1095 3600 1160 3653 ad
1193 3613 1412 3668 regnum
1463 3599 1753 3664 legitimum
1786 3614 1941 3666 repe-

337 3759 342 3764 ν
401 3692 555 3751 dare.
585 3693 754 3760 ipsum
802 3706 926 3744 vero
962 3689 1152 3744 fortem
1198 3700 1439 3759 tempore
1485 3699 1787 3757 opportuno
1822 3689 1939 3740 alli-

404 3793 556 3850 garet
586 3782 720 3850 (45),
751 3790 804 3834 et
837 3787 1130 3848 potestates
1151 3779 1266 3844 ejus
1306 3793 1367 3833 ac
1411 3778 1744 3846 principatus
1775 3791 1942 3830 exue.

405 3881 506 3938 ret,
531 3881 585 3926 et
619 3872 857 3925 avulsam
907 3870 1270 3938 captivitatem
1299 3883 1416 3936 quae
1445 3869 1511 3921 ab
1537 3882 1600 3920 eo
1641 3867 1941 3929 tenebatur,

404 3962 762 4015 abstraheret.
791 3959 900 4013 lloc
938 3973 1064 4028 ergo
1095 3959 1251 4011 modo
1284 3957 1447 4010 etiam
1487 3954 1730 4008 Christus
1761 3955 1946 4008 volun-

407 4061 515 4105 tate
571 4050 782 4118 quidem
840 4068 858 4100 ι
897 4048 1193 4101 exinanivit
1241 4065 1258 4097 ι
1307 4057 1428 4098 tunc
1478 4062 1496 4094 ι
1531 4045 1939 4111 semetipsum,»

407 4153 462 4197 et
501 4160 521 4193 ι
555 4143 780 4194 formam
819 4140 957 4193 servi
986 4159 1004 4189 ι
1046 4136 1271 4203 accepit,
1326 4147 1622 4202 passusque
1668 4131 1949 4186 est-domi-

407 4242 591 4286 natum
647 4232 880 4299 tyranni,
918 4247 935 4279 ι
967 4230 1136 4281 factus
1191 4225 1447 4280 obediens
1497 4238 1665 4290 usque
1709 4224 1774 4275 ad
1809 4237 1948 4276 mor-

2037 3075 2156 3113 mus
2191 3069 2319 3125 ergo
2376 3053 2462 3121 agi
2511 3052 2744 3119 aliquid.
2786 3069 2806 3101 ι
2836 3050 2912 3104 Et
2948 3051 3061 3104 ubi
3104 3061 3334 3126 agatur
3365 3048 3603 3118 aliquid,
3632 3060 3713 3098 ue-

2038 3162 2188 3202 cesse
2220 3154 2323 3211 est,
2353 3144 2525 3205 aiunt,
2562 3150 2624 3195 ιιι
2651 3141 2871 3208 aliquid
2901 3153 3108 3206 recte,
3144 3142 3388 3210 aliquid
3431 3141 3600 3194 etiam
3625 3136 3715 3189 mi-

2039 3250 2142 3291 nus
2185 3242 2331 3288 recte
2364 3241 2584 3300 agatur,
2617 3239 2673 3282 et
2709 3228 2768 3281 in
2809 3229 2946 3296 ipso
2991 3239 3142 3283 actu
3182 3231 3291 3284 alii
3329 3228 3650 3298 proﬁciant,
3673 3234 3719 3277 et

2039 3325 2291 3379 meliores
2319 3321 2472 3386 (iam,
2506 3319 2600 3373 alii
2631 3319 2991 3373 deteriores.
3039 3319 3348 3376 Libertas
3397 3321 3552 3374 enim
3580 3316 3712 3368 arbi-

2041 3416 2127 3469 trii
2151 3426 2367 3479 semper
2391 3420 2601 3463 naturae
2635 3409 2991 3464 rationabili
3026 3413 3470 3481 permanebit,
3508 3419 3563 3463 et
3593 3409 3716 3461 sicut

2040 3503 2292 3575 possibile
2323 3501 2424 3552 fuit
2455 3500 2622 3552 etiam
2664 3501 2824 3553 illum
2877 3505 2986 3570 qui
3029 3518 3146 3572 pro
3185 3503 3516 3572 splendore
3549 3497 3714 3568 gloria:

2043 3592 2256 3667 Lucifer
2285 3600 2403 3643 erat
2427 3589 2646 3658 (50),et
2695 3600 2948 3657 propter
3001 3591 3225 3647 lumen
3266 3593 3535 3648 scientia:
3579 3601 3717 3643 mane

2043 3685 2321 3738 oriebatur
2351 3681 2420 3743 ³¹,
2463 3681 2799 3732 commutari
2842 3681 2921 3734 de
2958 3681 3167 3749 gloria
3213 3700 3357 3747 sua,
3397 3693 3457 3736 et
3488 3681 3620 3736 eﬂ‘tci
3652 3689 3716 3730 te-

2046 3773 2244 3826 nebras
2268 3779 2492 3840 pmpter
2515 3768 2788 3822 malitiam
2816 3785 3008 3836 quam
3051 3774 3295 3842 recepit
3319 3791 3336 3839 ;
3372 3784 3434 3828 et
3462 3761 3609 3827 illum
3637 3767 3715 3838 qui

2049 3862 2149 3914 fuit
2176 3848 2563 3913 itnm‘aculatus
2597 3875 2626 3911 a
2665 3860 2984 3917 nativitate
3021 3879 3169 3931 sua,
3203 3875 3267 3919 et
3303 3863 3586 3919 habitavit
3609 3874 3716 3914 cum

2047 3951 2350 4012 cherubim,
2377 3958 2433 4002 et
2465 3948 2516 4001 in
2546 3949 2732 4001 medio
2758 3948 3034 4018 lapidum
3072 3929 3405 4024 igneorum
3441 3965 3719 4009 conversa-
3754 3929 3756 3931 l

2051 4051 2134 4093 llIS
2161 4049 2267 4102 εει.
2299 4047 2354 4092 et
2375 4037 2601 4090 indutus
2626 4048 2714 4090 est
2743 4053 2927 4094 omne
2959 4056 3416 4099 ornamentum
3443 4045 3716 4100 virtutum,

2050 4144 2150 4183 nec
2177 4127 2406 4182 fuitulla
2441 4129 2492 4180 in
2529 4128 2799 4195 paradiso
2837 4128 2944 4184 Dei
2977 4135 3176 4188 arbor
3217 4136 3512 4190 virtutum
3544 4149 3656 4202 quae
3678 4130 3718 4184 ei

2051 4219 2355 4286 comparari
2381 4229 2586 4286 posset,
2614 4227 2745 4287 post
2774 4220 2902 4274 haec
2932 4222 3211 4279 inventa:
3237 4237 3387 4281 sunt
3417 4226 3722 4294 iniquitates

411 4333 518 4375 tem
541 4323 619 4374 ’τε
661 4340 679 4372 ι
713 4337 807 4389 per
842 4334 998 4387 quam
1035 4325 1257 4372 mortem
1281 4315 1547 4370 destruxit
1575 4328 1693 4368 eum
1723 4313 1814 4382 qui
1850 4315 1944 4366 ha-
1978 4327 2021 4379 ι)
2054 4313 2105 4366 in
2142 4326 2226 4373 eo,
2259 4319 2314 4363 et
2353 4309 2420 4361 de
2461 4307 2603 4362 caelo
2655 4309 2711 4361 in
2769 4318 3000 4365 terram
3065 4315 3386 4384 proiectus
3429 4327 3519 4372 est
3549 4315 3594 4346 ³³
3617 4333 3630 4368 :
3657 4313 3720 4364 ita

515 4456 557 4486 ²¹
589 4455 609 4506 l
640 4455 760 4508 Cor.
793 4468 879 4517 xv,
919 4452 1006 4506 26.

413 4525 498 4578 10.
571 4526 613 4556 ³⁷
645 4516 982 4588 Philip.n,7.
1055 4519 1100 4550 ⁸⁸
1130 4517 1315 4588 Matth.
1347 4533 1442 4588 gn,
1466 4516 1553 4570 29.

413 4608 522 4656 xw,
558 4593 637 4645 19..
711 4592 754 4622 ³³
777 4585 971 4643 Ezech.
996 4601 1183 4647 xxvnt,
1220 4585 1401 4640 14-17.

455 4681 594 4763 [(55)
634 4679 796 4744 Εάῖιῖ,
833 4695 850 4729 ι
874 4688 926 4732 ει
967 4680 1078 4731 hate
1107 4689 1256 4744 ergo.
1285 4692 1303 4726 ι
1351 4674 1569 4740 Deinde,
1616 4691 1635 4726 ι
1660 4675 1944 4728 confirma-

415 4751 804 4888 1“1(l.;)"‘7.)’Alias,
837 4815 1140 4888 (continet,
1176 4813 1303 4868 dicit
1335 4812 1652 4888 quia___mors
1700 4812 1834 4888 ha_:c,
1884 4811 1948 4864 de

413 4881 541 4966 qua,
572 4881 590 4937 ἰ
625 4897 764 4966 etc.;
791 4881 908 4951 aL,
946 4901 965 4935 ι
991 4892 1295 4948 contuetur,
1340 4881 1588 4950 intelligit
1633 4881 1773 4948 quod
1807 4893 1949 4933 mors

419 4959 525 5019 hic,
551 4973 570 5006 ι
603 4965 708 5008 etc.

488 5022 596 5156 ἷξε)
638 5022 796 5104 Ιξύξιξ,
833 5039 850 5072 ι
883 5021 1204 5101 habuerat.)

511 5090 598 5156 o9)
638 5091 795 5153 bdttt,
828 5107 846 5139 ι
876 5091 966 5142 sed
996 5090 1204 5142 maledn

510 5083 598 5157 '59)
638 5083 795 5153 Editi,
828 5107 846 5139 ι
876 5091 966 5142 sed
996 5089 1318 5142 maledicam
1339 5087 1483 5141 illam
1510 5084 1596 5155 qui
1628 5083 1951 5138 maledicunt

423 5158 527 5210 diei
559 5159 632 5211 illi
660 5160 749 5224 qui
779 5172 1048 5222 ttiagnum,
1071 5175 1089 5208 ι
1121 5166 1227 5211 etc.

642 5220 829 5278 Jonas.
861 5220 1015 5278 Deest
1046 5227 1098 5278 in
1128 5223 1448 5277 editi‘onibus
1471 5220 1678 5276 Merlini
1702 5229 1753 5274 et
1780 5220 1952 5274 Gene-

644 5359 734 5412 Sic
775 5374 961 5414 omnes
991 5375 1122 5414 mss.
1173 5360 1361 5416 nostri.
1397 5359 1534 5414 Editi
1582 5372 1728 5421 vero,
1757 5372 1776 5406 ι
1809 5353 1950 5407 futu-

433 5438 580 5482 rum;
607 5445 626 5476 ι
663 5426 934 5489 ltabanus,
965 5446 984 5478 ι
1007 5443 1328 5481 mansurum.
1353 5448 1370 5478 ι

503 5489 610 5562 (έὲ)
651 5493 808 5562 Edi‘ti,
844 5513 862 5543 ι
886 5495 1077 5546 bellutn
1109 5506 1398 5562 gerentem.
1423 5513 1441 5545 ι

505 5555 615 5634 (ιβ)
651 5559 810 5622 Editi,
844 5578 863 5610 ι
884 5563 1066 5634 habito
1089 5555 1252 5634 βῖιιιιὶι
1280 5577 1390 5615 eos.
1424 5581 1442 5634 ξ
1474 5563 1667 5615 Deinde
1691 5576 1790 5614 ms.
1820 5573 1956 5634 unus

439 5621 639 5687 Regius
683 5640 827 5678 num.
878 5628 1030 5687 “:40.
1087 5631 1265 5687 habet,
1317 5631 1443 5686 tnui
1486 5647 1513 5682 a
1549 5639 1698 5685 parte
1744 5627 1959 5682 tvranni

1111 4451 1154 4480 ”
1184 4449 1333 4505 Rom.
1366 4464 1440 4510 Vt,
1470 4447 1521 4501 9.
1599 4449 1643 4479 ⁸³
1666 4449 1765 4502 Joh
1821 4466 1898 4510 III,
1930 4451 1982 4502 8.

1630 4518 1673 4546 ¹⁹
1705 4518 1894 4587 Ephes.
1927 4532 1999 4581 tv,
2028 4517 2082 4574 8.

2059 4446 2102 4478 ³⁸
2130 4444 2316 4498 Matth.
2342 4459 2441 4507 xu,
2472 4442 2565 4495 40.
2645 4443 2696 4513 ξ’
2725 4444 2882 4500 Psal.
2922 4463 3127 4513 xxv",
3163 4453 3226 4509 i.

2665 4453 2882 4523 Livii"
2922 4463 3127 4523 δὲνξιο
3163 4453 3226 4509 ί.
3319 4453 3373 4485 ³⁸
3403 4453 3556 4508 Psal.
3586 4467 3719 4512 uix,

2160 4514 2204 4544 ³⁰
2230 4513 2416 4566 Matth.
2447 4527 2620 4578 xxvn,
2647 4512 2740 4579 52,
2771 4514 2868 4568 55.

2959 4519 3011 4550 ³⁸
3055 4522 3240 4574 ltutu.
3274 4538 3358 4588 Vt,
3395 4523 3454 4578 9.
3533 4524 3576 4554 ³³
3611 4523 3719 4576 Issi.

2046 4678 2220 4721 erant.
2259 4685 2278 4718 ι

2078 4734 2442 4820 ..μῆ-ῥῆξις.
2469 4751 2496 4820 ,ι
2529 4735 2725 4820 donec
2744 4738 2855 4790 sub
2888 4741 3324 4820 dominatione
3360 4751 3593 4820 tyranni
3633 4764 3717 4817 p0-

2050 4805 2204 4882 δξῑυεο
2235 4805 2314 4855 eis
2340 4805 2638 4883 flumcm.’
2675 4815 2827 4883 BNL;
2870 4809 2982 4872 al.,
3024 4833 3045 4864 ς
3076 4816 3282 4872 donec
3332 4805 3448 4873 sub
3504 4805 3720 4872 domnu-

2055 4876 2202 4950 tione
2237 4876 2740 4950 positos_tyranni,
2776 4891 2882 4929 eos
2914 4883 3240 4947 quidem,»
3289 4898 3413 4942 etc,
3455 4889 3719 4950 ﬂabant“,

2061 4958 2077 4988 ι
2106 4944 2278 5018 donec
2307 4941 2407 4992 sub
2444 4940 2837 4999 dominatione
2873 4940 3058 5015 pta-siti
3085 4940 3230 5022 ejus
3268 4940 3721 5025 tyritnhiieteus

2055 5011 2292 5076 quidem,
2323 5025 2341 5057 ι
2377 5020 2483 5060 etc.

2151 5024 2292 5070 tlelﬂ,
2323 5025 2341 5057 )
2377 5024 2483 5060 etc.

2127 5075 2238 5149 (45)
2277 5076 2444 5149 ξιιίιὶ,
2485 5095 2504 5128 ι
2535 5078 2791 5149 alligare.
2817 5101 2838 5134 ι

2275 5145 2402 5226 htss.
2437 5144 2664 5226 quidam
2700 5161 2759 5204 et
2791 5154 2968 5226 editi,
3003 5175 3022 5207 ι
3049 5169 3109 5212 et
3143 5158 3464 5226 liberavit,
3495 5181 3517 5215 ι
3556 5175 3658 5217 etc.

2283 5213 2423 5301 mss;
2444 5204 2705 5301 plerique
2737 5204 2974 5301 et'ediit‘i
3395 5204 3719 5301 eiusfinis.

2057 5297 2218 5403 :lnns,
2258 5301 2276 5333 ι
2308 5292 2363 5336 et
2383 5285 2466 5335 sic
2479 5285 2799 5353 ingressus
2825 5294 3055 5350 domuit
3079 5285 3676 5367 infernum,'etiindc,
3698 5318 3716 5350 I

2115 5367 2163 5404 c.

2134 5419 2246 5490 (48)
2291 5421 2459 5490 Ειιὶιὶ,
2501 5441 2521 5473 t
2560 5430 2846 5485 ascendit.
2886 5449 2908 5482 ι

2067 5573 2086 5607 1
2119 5487 2386 5622 diuisae
2435 5507 2570 5547 mss.
2605 5494 2873 5569 plerique
2912 5511 2970 5554 et
3018 5501 3332 5566 Rabanus.
3368 5509 3529 5608 Editi
3575 5523 3716 5570 vero.
3757 5487 3764 5498 ν

2137 5626 2250 5686 {50)
2301 5627 2459 5683 Erat.
2499 5631 2558 5689 in
2586 5633 2757 5692 editis
2788 5639 3096 5696 omittitur.
