3894 6274
253 275 393 333 M53

1191 278 1531 336 COMMENT.
1571 279 1640 332 IN
1673 277 1882 334 EPIST.
1922 279 2011 333 AD
2048 280 2208 336 ROM.
2247 281 2374 337 LIB.
2411 281 2476 337 V.

3279 278 3413 334 1054

251 398 433 458 potest
472 387 589 442 ﬁeri
631 395 689 441 ut
736 388 789 443 in
833 403 1149 459 quocunque
1170 400 1310 445 statu
1339 391 1497 449 fuerit
1519 394 1713 456 anima,
1742 400 1794 446 et
1821 397 1865 453 Α
1894 394 2014 464 quia
2039 411 2209 464 neque
2240 397 2369 464 vita,
2406 409 2578 464 neque
2605 407 2766 458 mors,
2800 405 2970 461 neque
2990 391 3291 459 praesentia,
3315 408 3411 447 ne-

251 478 306 532 tn
330 492 660 546 quacunque
688 476 1017 545 perfectione
1035 478 1318 544 virtutttm,
1349 482 1598 549 quoniam
1626 482 1793 536 virtus

250 566 535 620 mutabilis
561 574 664 631 est,
698 565 902 633 lapsum
932 567 1103 634 possit
1150 567 1446 632 incurrere,
1493 577 1552 622 ut
1589 570 1730 623 sicut
1760 583 1791 623 a

249 656 402 710 vitiis
448 655 516 708 ad
557 656 830 718 virtutem,
862 656 936 709 ita
973 665 1027 710 et
1048 671 1077 709 a
1099 656 1383 711 virtutibus
1411 658 1696 725 inclinetur
1724 658 1791 712 ad

251 742 415 797 vitia.
447 742 601 809 Quod
635 744 680 797 si
714 755 820 808 est,
850 759 1184 815 consequens
1226 746 1493 800 videbitur
1522 747 1794 815 requirere

246 832 526 885 medicum
554 833 645 886 ubi
678 832 896 903 languor
917 842 1017 899 est,
1048 836 1203 903 quia,
1221 837 1509 891 secundum
1549 836 1790 890 Salvato-

249 919 322 973 ris
353 919 535 987 ipsius
566 934 775 986 vocem,
806 936 972 992 «opus
998 932 1077 976 est
1099 924 1300 978 medico
1327 924 1408 977 his
1433 924 1672 992 quimale
1699 924 1792 978 ba-

250 1009 530 1063 cbeut'm
577 1006 701 1063 Haec
756 1024 884 1081 ergo
921 1019 977 1064 et
1033 1012 1118 1065 bis
1170 1012 1365 1065 similia
1415 1022 1789 1081 pr0ponentes,

245 1096 468 1149 easdem
495 1096 660 1150 etiam
703 1098 756 1150 in
804 1097 999 1153 futuris
1044 1101 1259 1155 saeculis
1295 1100 1717 1167 dispensationes
1760 1116 1791 1157 a

245 1180 472 1235 Christo
526 1185 848 1251 repetendas
892 1199 1009 1239 esse
1053 1186 1400 1239 arbitrantur.
1434 1186 1536 1241 Sed
1569 1188 1633 1241 ad
1678 1187 1792 1243 haec

246 1280 347 1322 nos
387 1268 634 1323 breviter
663 1280 822 1340 prout
861 1287 1142 1340 possumus
1177 1274 1642 1342 respondebimus.
1677 1274 1790 1328 Ma-

246 1370 384 1412 nere
418 1358 636 1426 quidem
660 1368 863 1414 naturae
893 1362 1195 1416 rationabili
1222 1377 1431 1431 semper
1452 1363 1676 1418 liberum
1700 1378 1790 1418 ar—

245 1445 481 1499 bitrium
514 1461 617 1500 non
651 1461 938 1516 negamus;
974 1450 1067 1503 sed
1106 1459 1303 1502 tantam
1333 1465 1451 1505 esse
1483 1452 1588 1505 vim
1618 1453 1793 1508 crucis

245 1531 479 1599 Christi,
512 1543 566 1587 et
593 1535 784 1588 mortis
820 1536 997 1603 huius,
1031 1552 1189 1604 quam
1235 1538 1287 1590 in
1327 1539 1639 1592 saeculorum
1688 1540 1792 1595 fine

247 1623 521 1690 suscepit,
544 1622 859 1686 asserimus,
879 1638 995 1691 qua:
1020 1626 1084 1678 ad
1108 1625 1388 1679 sanitatem
1416 1616 1469 1680 et
1500 1629 1789 1687 remedium

247 1725 357 1764 non
388 1712 567 1764 solum
596 1710 873 1777 praesentis
904 1718 959 1763 et
999 1710 1186 1776 futuri,
1232 1713 1323 1766 sed
1360 1715 1518 1767 etiam
1551 1716 1789 1783 prieteri-

248 1800 435 1852 torum
464 1798 805 1862 saeculorum,
839 1808 892 1851 et
923 1814 1025 1851 non
1071 1799 1240 1852 solum
1282 1802 1513 1855 lmmano
1547 1803 1667 1857 huic
1694 1818 1792 1857 no-

246 1900 370 1944 stro
401 1890 606 1955 ordini,
640 1891 733 1944 sed
770 1891 930 1944 etiam
954 1889 1260 1944 caelestibus
1286 1892 1571 1946 virtutibus
1590 1894 1792 1947 ordini-

245 1985 468 2047 busque
523 1978 772 2033 sufﬁciat.
831 1976 1135 2032 Secundum
1189 1980 1508 2033 sententiam
1567 1995 1796 2050 namque

245 2069 427 2139 ipsius
459 2065 609 2120 Pauli
643 2064 1144 2134 apostoli.Christus
1170 2066 1466 2133 pacibcavit
1503 2086 1529 2117 «ε
1554 2082 1650 2134 per
1678 2083 1796 2122 san-

245 2155 475 2225 guinem
496 2153 680 2207 crucis
700 2167 810 2207 suae
830 2170 849 2203 ι
878 2167 981 2206 non
1007 2152 1177 2206 solum
1205 2171 1223 2202 ι
1247 2167 1363 2220 quae
1387 2153 1439 2207 in
1456 2162 1594 2207 terra
1614 2164 1791 2216 sunt,»

244 2245 347 2301 sed
383 2252 442 2297 et
475 2261 496 2296 ι
524 2258 646 2312 quae
668 2243 720 2296 in
763 2241 918 2297 cmlis
941 2241 1007 2295 ³⁸.
1034 2261 1052 2293 ι
1092 2241 1226 2306 Quid
1264 2250 1438 2296 autem
1475 2244 1544 2297 sit
1572 2245 1713 2312 quod
1742 2245 1796 2297 in

245 2332 458 2388 futuris
508 2331 721 2386 saeculis
770 2340 947 2384 teneat
994 2330 1201 2383 arbitrii
1237 2330 1558 2396 libertatem,
1585 2347 1649 2384 ne
1686 2332 1796 2402 (5|)

245 2437 477 2479 rursum
512 2428 731 2475 corruat
788 2419 841 2472 iu
890 2429 1190 2484 peccatum,
1236 2418 1378 2471 brevi
1419 2433 1515 2473 nos
1550 2434 1799 2473 sermone

242 2508 549 2581 Apostolus
597 2508 773 2572 docet,
803 2507 1027 2560 dicens:
1065 2505 1361 2559 «Charitas
1410 2521 1680 2574 nunquam
1710 2522 1801 2561 ca-

244 2600 329 2654 dit
357 2599 430 2652 ³⁶.
459 2616 479 2651 ι
511 2596 719 2652 Idcirco
761 2595 905 2650 enim
930 2607 986 2650 et
1018 2595 1121 2649 fide
1152 2602 1206 2648 et
1241 2610 1334 2663 spe
1374 2595 1543 2662 maior
1569 2597 1802 2651 charitas

246 2688 464 2743 dicitur
495 2686 563 2750 ⁸⁷,
580 2686 707 2753 quia
727 2684 841 2739 sola
868 2686 969 2738 erit
997 2698 1091 2752 per
1111 2699 1265 2751 quam
1290 2684 1519 2752 delinqui
1546 2685 1679 2738 ultra
1699 2700 1800 2738 non

170 2835 175 2840 ,
245 2777 480 2847 poterit.
517 2776 576 2829 Si
617 2774 759 2828 enim
802 2775 855 2827 in
895 2774 946 2827 id
977 2773 1155 2826 anima
1184 2773 1523 2841 perfectionis
1554 2776 1805 2828 ascende—

247 2869 348 2930 rit,
382 2874 445 2920 ut
474 2880 542 2919 ex
578 2872 691 2918 toto
726 2862 890 2917 corde
927 2876 1044 2925 suo,
1078 2870 1129 2915 et
1154 2877 1219 2915 ex
1259 2870 1367 2915 tota
1395 2862 1572 2915 anima
1607 2877 1723 2927 sua,
1754 2871 1806 2915 ct

1889 500 1995 554 que
2016 485 2212 549 futura,
2238 500 2408 554 neque
2427 484 2626 553 angeli,
2642 497 2812 552 neque
2836 483 3079 544 virtutes,
3096 494 3266 549 neque
3288 482 3426 535 alti--

1892 571 2040 633 tudo,
2069 584 2238 638 neque
2259 570 2598 639 profundum,
2627 584 2798 637 neque
2819 575 3065 622 creatura
3089 566 3192 619 alia
3216 569 3414 634 poterit

1892 673 1988 712 nos
2034 671 2283 723 separare
2329 671 2361 715 a
2406 656 2667 710 charitate
2695 656 2809 718 Dei,
2841 669 2958 723 Qtue
2987 663 3068 708 est
3113 655 3165 707 in
3196 653 3414 709 Christo

1888 746 2023 802 Jesu
2058 747 2284 801 Domino
2323 756 2506 802 nostro
2528 746 2593 801 ⁸³.
2617 766 2636 799 ι
2677 747 2754 801 Ex
2784 746 2975 815 quibus
3022 744 3270 799 omnibus
3298 745 3413 798 evi-

1889 835 2078 889 denter
2123 834 2441 898 ostenditur,
2495 833 2616 902 quia
2673 833 2716 887 si
2761 833 2875 886 htee
2909 832 3085 886 omnia
3125 846 3244 900 qua:
3287 846 3415 885 enu-

1889 923 2114 975 meravit
2165 922 2470 990 Apostolus,
2518 935 2768 986 separare
2825 934 2922 974 nos
2973 935 3077 973 non
3127 926 3348 987 possunt
3385 932 3415 970 a

1899 1012 2175 1066 charitate.
2219 1012 2336 1075 Dei,
2373 1010 2587 1065 cuntin
2644 1010 2771 1063 illud
2824 1010 2943 1078 quis
2995 1008 3204 1064 culmen
3242 1006 3417 1076 perfe-

1894 1101 2103 1162 ctionis.
2168 1101 2510 1164 ascenderit,
2568 1099 2731 1153 multo
2795 1099 3216 1167 magislibertas
3275 1095 3420 1149 arbi-

1891 1189 1978 1243 trii
2039 1204 2135 1243 nos
2186 1189 2253 1243 ab
2307 1187 2420 1256 ejus
2481 1187 2744 1243 charitate
2794 1201 3046 1256 separare
3088 1201 3191 1240 non
3252 1184 3415 1254 569

1888 1278 2101 1348 poterit.
2155 1276 2408 1343 Quamvis
2458 1277 2597 1332 enim
2647 1276 2717 1331 sit
2763 1274 2918 1329 etiam
2974 1271 3075 1326 ista
3126 1271 3257 1341 (Μ’)
3312 1271 3420 1321 vir-

1888 1372 2012 1429 tus,
2044 1371 2098 1417 et
2121 1370 2332 1417 maneat
2371 1360 2423 1414 in
2470 1369 2688 1424 natura,
2737 1368 2911 1412 tamen
2949 1365 3093 1410 tanta
3140 1355 3418 1409 charitatis

1892 1452 1969 1504 vis
1997 1460 2110 1515 est,
2144 1459 2201 1503 ut
2235 1451 2300 1502 ad
2340 1463 2397 1503 se
2424 1448 2603 1502 omnia
2651 1447 2856 1511 trahat,
2883 1458 3169 1512 omnesque
3208 1444 3306 1498 sibi
3334 1457 3421 1496 so-

1887 1542 1992 1596 ciet
2019 1541 2354 1608 vindicetque
2378 1539 2634 1602 virtutes,
2686 1535 2915 1588 maxime
2967 1549 3086 1587 cum
3141 1532 3420 1587 charitatis

1891 1646 2078 1686 causas
2106 1631 2253 1699 prior
2289 1629 2443 1682 nobis
2477 1627 2681 1681 dederit
2706 1625 2867 1689 Deus,
2913 1640 2932 1673 ι
2968 1623 3056 1690 qui
3089 1622 3241 1673 unico
3283 1620 3421 1674 F.lio

1890 1737 1988 1777 suo
2018 1735 2122 1775 non
2148 1719 2399 1789 pepercit,
2426 1718 2517 1770 sed
2545 1731 2639 1784 pro
2662 1714 2811 1767 nobis
2837 1711 3084 1765 omnibus
3112 1711 3327 1763 tradidit
3357 1710 3420 1761 il-

1889 1812 1996 1865 lum
2017 1817 2110 1872 t,et
2128 1826 2148 1859 ι
2168 1806 2391 1861 cumillo
2407 1805 2557 1860 nobis
2578 1803 2753 1858 omnia
2770 1804 2985 1857 donavit
3011 1799 3075 1853 “.
3110 1818 3128 1851 ι
3167 1799 3314 1851 Unde
3337 1797 3421 1850 vel

1890 1902 1976 1956 ille
2005 1900 2093 1969 qui
2125 1898 2335 1951 Lucifer
2358 1896 2477 1958 fuit,
2501 1904 2555 1947 et
2580 1895 2630 1946 in
2660 1893 2795 1947 caelo
2824 1892 3092 1945 oriebatur
3114 1888 3222 1958 (55)
3246 1888 3312 1951 ⁸⁸,
3339 1886 3421 1940 vel

1891 1991 1979 2058 ille
2001 1990 2088 2059 qui
2123 1986 2488 2042 immaculatus
2509 1992 2625 2037 erat
2655 1997 2683 2037 a
2712 1982 2984 2046 nativitate
3005 1992 3099 2033 sua
3128 1977 3192 2041 “,
3224 1985 3276 2030 et
3300 1988 3420 2029 cum

1893 2078 2165 2135 cherubim
2198 2075 2408 2141 positus
2436 2072 2543 2125 labi
2573 2071 2746 2137 potuit
2783 2077 3066 2134 antequam
3106 2079 3231 2131 erga
3267 2065 3427 2117 bene-

1895 2162 2012 2216 ficia
2043 2161 2169 2215 Filii
2196 2161 2287 2234 Dei
2316 2160 2593 2214 charitatis
2640 2156 2866 2209 vinculis
2917 2154 3299 2220 stringeretur,
3327 2164 3424 2217 po-

1896 2261 2008 2306 stea
2037 2266 2161 2306 vero
2188 2266 2344 2320 quam
2376 2250 2609 2309 charitas
2659 2248 2747 2300 Dei
2802 2242 3020 2298 diffundi
3074 2242 3128 2295 in
3175 2239 3426 2294 cordibus

1895 2349 2130 2403 omnium
2154 2344 2375 2413 coeperit
2420 2356 2515 2410 per
2558 2339 2812 2407 Spiritum
2852 2344 3093 2391 sanctum
3116 2333 3180 2398 ‘7,
3217 2341 3422 2387 certum

1896 2439 1996 2492 erit
2018 2433 2141 2489 illud
2162 2431 2304 2500 quod
2333 2426 2698 2499 pronuntiavit
2736 2423 3051 2491 Apostolus,
3083 2419 3206 2488 quia
3239 2436 3257 2469 ι
3300 2419 3427 2470 cha-

1900 2526 2030 2579 ritas
2101 2534 2366 2589 nunquam
2423 2516 2576 2574 cadet
2605 2516 2669 2566 ⁸⁸.
2722 2533 2741 2565 ι
2788 2513 2907 2566 llaec
2949 2518 3104 2580 prout
3158 2507 3429 2576 potuimus

1899 2614 1963 2668 ad
1990 2627 2051 2667 ea
2086 2624 2203 2679 qua:
2228 2610 2327 2662 hoc
2354 2607 2467 2659 loco
2498 2612 2761 2659 commota
2792 2600 2902 2669 (56)
2936 2606 3057 2652 sunt
3085 2595 3333 2656 diximus,
3370 2600 3431 2645 ut

1900 2704 2235 2760 manifestius
2288 2700 2609 2754 claresceret
2652 2694 2913 2763 quomodo
2959 2688 3124 2744 semel
3185 2685 3428 2741 Christus

1901 2805 2137 2849 mortuus
2163 2800 2243 2846 est
2271 2798 2506 2859 peccato,
2540 2796 2597 2841 et
2625 2786 2758 2839 ultra
2779 2784 2887 2849 jam
2927 2795 3030 2834 non
3074 2778 3330 2839 moritur;
3374 2782 3431 2827 et

1904 2884 2027 2951 quia
2075 2882 2214 2948 quod
2246 2878 2414 2939 vivit,
2443 2876 2577 2928 vivit
2604 2875 2731 2928 Deo.
2769 2872 2957 2924 Vivere
3004 2877 3179 2920 autem
3224 2866 3332 2917 Deo
3354 2864 3429 2915 ita

245 2970 316 3010 ex
363 2954 501 3008 totis
540 2953 751 3007 viribus
800 2950 914 3005 suis
968 2951 1153 3019 diligat
1182 2950 1369 3014 Deum,
1412 2961 1466 3004 ct
1501 2953 1797 3020 proximum

1906 2950 2305 3038 intelligendum
2333 2975 2448 3029 est,
2489 2963 2640 3032 quasi
2693 2961 2904 3027 expleto
2944 2971 3008 3011 eo
3039 2955 3151 3023 (57)
3189 2951 3328 3020 quod
3375 2952 3433 3002 in

246 3057 419 3096 suum
451 3049 707 3108 tanquam
738 3039 974 3105 seipsam
1003 3038 1072 3102 ³⁸,
1098 3039 1186 3092 ubi
1229 3040 1333 3091 erit
1372 3041 1574 3106 peccati
1620 3041 1801 3094 locus?

245 3136 473 3192 Idcirco
503 3133 741 3200 denique
771 3140 830 3186 et
861 3131 915 3183 in
942 3130 1061 3199 lege
1082 3131 1183 3183 hoe
1206 3131 1398 3185 dicitur
1425 3130 1652 3199 primum
1685 3146 1802 3187 esse

246 3225 603 3290 mandatum,
632 3231 688 3275 et
733 3220 787 3274 in
844 3218 1147 3288 Evangeliis
1197 3234 1356 3288 supra
1386 3231 1575 3277 cmtera
1624 3223 1801 3275 omnia

247 3312 617 3368 decharitatc
647 3309 961 3373 mandatur;
994 3317 1046 3361 et
1072 3308 1229 3362 Petro
1255 3326 1371 3363 cum
1397 3324 1603 3363 summa
1630 3325 1802 3363 rerum

248 3402 323 3456 de
356 3400 650 3469 pascendis
674 3397 866 3451 ovibus
890 3398 1205 3461 traderetur,
1233 3408 1287 3449 ct
1327 3399 1669 3466 superipsum
1698 3398 1806 3449 vel-

251 3499 322 3544 ut
375 3503 543 3556 super
571 3498 771 3541 terram
814 3486 1126 3539 fundaretur
1160 3487 1416 3552 Ecclesia,
1452 3487 1645 3540 nullius
1672 3486 1803 3538 alte-

250 3580 383 3636 rius
426 3578 497 3631 ab
540 3591 607 3630 eo
644 3575 862 3628 virtutis
909 3572 1200 3636 confessio,
1246 3573 1345 3627 nisi
1393 3574 1804 3645 charitatis(52)

249 3674 503 3742 exigitur
522 3670 607 3735 ⁸⁹;
640 3679 696 3723 et
718 3667 954 3722 Joannes
976 3682 1096 3721 cum
1121 3667 1282 3721 multa
1310 3669 1376 3722 de
1396 3669 1678 3735 charitate,
1698 3680 1805 3724 tum

251 3763 430 3815 etiam
465 3760 570 3813 hoc
600 3757 751 3822 dicit,
778 3756 901 3824 quia
942 3772 962 3806 ι
999 3757 1087 3824 qui
1133 3765 1313 3825 manet
1349 3757 1400 3809 in
1443 3746 1806 3822 charitatefiu

253 3849 377 3901 Deo
427 3853 614 3898 manet
629 3842 737 3896 ⁸⁸.»
790 3841 856 3895 Et
894 3841 1011 3896 ideo
1051 3843 1241 3896 merito
1271 3843 1504 3899 eharitas
1547 3861 1667 3914 quae
1695 3848 1808 3901 sola

251 3938 511 3992 omnium
545 3933 717 4002 major
735 3941 841 3998 est,
880 3944 1093 3987 omnem
1123 3942 1425 3987 creaturam
1465 3937 1756 3990 continebit
1781 3953 1809 3990 a

255 4028 445 4096 lapsu.
477 4025 633 4079 Tunc
679 4023 786 4076 erit
821 4022 962 4076 Deus
1014 4019 1126 4090 (53)
1155 4024 1331 4076 omnia
1376 4023 1429 4077 in
1479 4026 1724 4080 omnibus
1746 4026 1809 4079 “.

251 4117 347 4173 Ad
379 4120 527 4169 hunc
574 4126 807 4181 namque
855 4111 1201 4180 perfectionis
1243 4113 1464 4182 gradum
1497 4117 1813 4169 ascenderat

254 4207 555 4277 apostolus
581 4202 800 4268 Paulus,
831 4210 885 4255 et
927 4202 978 4255 in
1009 4201 1111 4255 hoc
1159 4209 1304 4256 stans
1337 4203 1669 4258 conﬁdenter
1701 4205 1813 4276 (54)

256 4298 491 4352 dicebat
517 4312 532 4347 :
573 4309 594 4342 ι
625 4290 754 4356 Quis
778 4290 919 4343 enim
951 4303 1049 4345 nos
1071 4291 1339 4357 separabit
1364 4306 1395 4344 a
1426 4292 1687 4349 charitate
1723 4298 1814 4350 Dei
1848 4277 1890 4330 ι)

254 4401 389 4453 quae
410 4394 499 4436 est
530 4383 585 4435 in
619 4379 836 4434 Christo
868 4376 1027 4432 ,ἰοειιῖ
1073 4377 1409 4434 Tribulatio?
1440 4397 1506 4437 an
1535 4385 1816 4451 angustia?

258 4489 341 4527 nn
379 4468 732 4541 persecutio?
763 4483 829 4520 an
860 4467 1074 4520 fames?
1117 4482 1185 4521 an
1236 4470 1488 4524 nuditas?
1512 4486 1578 4524 an
1611 4474 1818 4539 pericu-

262 4563 426 4617 ιαων
458 4576 528 4614 an
555 4558 766 4626 gladius
786 4555 865 4609 “il
886 4575 906 4606 ι
935 4556 1201 4609 etiterum
1231 4574 1244 4610 :
1280 4575 1299 4608 ι
1329 4555 1517 4613 Certus
1538 4574 1652 4611 smn
1677 4563 1821 4616 enim

1902 3064 2067 3116 forma
2092 3059 2182 3112 Dei
2206 3056 2405 3124 positus
2425 3051 2715 3108 exiuanivit
2739 3048 3102 3115 semetipsum,
3127 3051 3181 3095 et
3204 3042 3429 3093 lormant

1901 3150 2038 3203 servi
2071 3144 2299 3212 accepit,
2335 3152 2390 3195 et
2413 3142 2582 3193 factus
2609 3147 2690 3191 est
2717 3136 2966 3190 obediens
3000 3144 3165 3195 usque
3188 3127 3253 3180 ad
3283 3140 3429 3178 mor-

1903 3248 2007 3290 tem
2040 3236 2115 3292 δ’,
2162 3244 2372 3286 rursum
2418 3233 2724 3296 permaneat
2772 3224 2822 3275 in
2877 3221 3046 3277 forma
3101 3217 3231 3277 Dei,
3276 3224 3433 3279 atque

1901 3321 2120 3390 :rqualis
2169 3318 2333 3370 Patri.
2386 3314 2534 3369 Unde
2563 3320 2616 3364 et
2659 3309 2848 3362 merito
2890 3307 2941 3360 in
2988 3300 3435 3370 consequentibus

1904 3413 2052 3481 ponit
2099 3409 2206 3479 (58)
2251 3425 2267 3460 :
2321 3424 2339 3455 ι
2368 3404 2445 3456 lta
2474 3411 2531 3455 et
2565 3415 2658 3453 vos
2706 3397 3011 3451 existimate
3062 3408 3154 3445 vos
3198 3399 3435 3443 mortuos

1904 3478 2258 3571 quidemesso
2286 3501 2524 3563 peccato,
2548 3490 2787 3543 viventes
2806 3493 2987 3541 autem
3016 3484 3122 3535 Deo
3149 3480 3201 3533 in
3221 3478 3437 3532 Christo

1904 3565 2026 3645 Jesu
2072 3586 2291 3641 Domino
2315 3591 2497 3636 nostro
2520 3577 2669 3641 “"’;
2704 3595 2724 3628 ι
2766 3589 2873 3642 quo
2915 3571 3119 3627 scilicet
3141 3565 3437 3620 imitatione

1904 3675 2101 3733 Christi
2132 3681 2348 3742 peccato
2383 3669 2673 3723 moriamur
2723 3661 2880 3716 alieni
2923 3660 2991 3714 ab
3035 3672 3100 3712 eo
3145 3656 3438 3716 ell'ecti,el

1908 3769 2014 3821 Deo
2041 3760 2583 3826 vivamusjungentes
2624 3769 2721 3809 nos
2748 3752 2829 3813 ei,
2883 3757 2935 3805 et
2983 3762 3118 3801 unus
3146 3760 3266 3799 cum
3320 3744 3440 3810 ipso

1907 3857 2130 3926 spiritus
2151 3853 2274 3906 facti
2301 3850 2433 3916 (59).
2463 3846 2575 3901 Non
2596 3846 2714 3898 sine
2740 3854 2899 3895 causa
2920 3846 3097 3893 autem
3123 3834 3232 3887 hoc
3259 3831 3391 3885 dixit

1915 3918 2278 3998 c-Existitnate
2309 3953 2398 3992 vos
2448 3944 2685 3991 mortuos
2742 3944 2863 3986 esse
2917 3935 3170 3996 peccato;
3227 3940 3248 3972 ι
3300 3918 3441 3986 quod

1911 4039 2102 4093 melius
2130 4034 2340 4102 quidem
2380 4031 2430 4083 in
2474 4026 2658 4097 Cnseo
2701 4020 2926 4079 habetur
2965 4030 2980 4067 :
3029 4033 3048 4065 ι
3080 4012 3322 4080 Cogitate
3349 4020 3442 4058 vos

1913 4136 2152 4183 mortuos
2207 4135 2324 4176 esse
2357 4124 2595 4186 peccato.
2634 4130 2653 4162 ι
2682 4110 2794 4164 Res
2849 4109 2993 4162 enim
3023 4104 3217 4168 dequo
3266 4110 3443 4151 sermo

1916 4227 2019 4281 est,
2054 4216 2106 4268 iu
2134 4183 2450 4281 cogitatione
2478 4202 2663 4269 magis,
2696 4208 2751 4253 et
2779 4196 2985 4253 ratione
3013 4190 3282 4251 subsistit,
3317 4183 3443 4253 quia

1921 4276 2227 4375 huiusmodi
2260 4312 2403 4352 mors
2433 4309 2535 4347 non
2568 4293 2620 4345 in
2644 4288 2857 4352 eﬂeetu,
2898 4285 2992 4339 sed
3020 4283 3074 4335 in
3120 4276 3448 4375 cogitatione

1920 4361 2159 4450 habenda
2180 4398 2278 4443 est.
2316 4385 2414 4451 Qui
2446 4383 2593 4437 enim
2624 4378 2825 4445 cegitat
2866 4372 2950 4428 vel
2993 4361 3263 4426 existimat
3308 4361 3448 4451 apud

1924 4478 2264 4546 semetipsum
2294 4480 2560 4526 mortuum
2608 4480 2666 4520 se
2706 4477 2856 4528 esse,
2907 4475 3012 4514 non
3045 4463 3247 4526 peccat.
3288 4447 3447 4505 Verbi

1921 4570 2135 4641 gratia:
2166 4567 2209 4621 si
2238 4579 2321 4618 me
2364 4557 2797 4626 concupiscentia
2845 4549 3083 4607 mulieris
3139 4545 3352 4604 trahat;
3400 4538 3446 4591 si

350 4696 399 4728 “
426 4691 616 4748 Matth.
646 4707 723 4754 Ix,
753 4688 958 4760 12.3!
986 4686 1188 4760 Coloss.
1216 4703 1250 4748 ι,
1286 4689 1382 4760 20.
1406 4756 1423 4760 Δ
1449 4689 1493 4722 ³⁸
1515 4688 1671 4760 lCor.
1699 4711 1793 4752 χιιι

1968 4697 2162 4749 "ibid.
2194 4695 2277 4748 15.
2352 4692 2396 4723 ⁸⁸
2420 4688 2605 4760 Matth.
2630 4702 2765 4749 χιιι,
2800 4682 2977 4760 57:59.
3039 4675 3317 4760 l:’__bfa.ltl,t;
3336 4686 3445 4760 1:11.

263 4764 382 4823 «ες
998 4738 1250 4828 “Mean:
1271 4738 1447 4828 1:516.

1924 4767 2018 4828 l5;
2037 4738 2318 4826 ἰ’ὃότὶἱζγ,
2342 4738 2721 4828 εεῗῗῑῖἰξυῖἧζ
2744 4738 2858 4814 im,
2876 4750 2962 4828 ξε.
3028 4745 3081 4828 ξς
3099 4741 3345 4828 ειεξιτ-δᾳ,
3357 4738 3445 4828 53.

259 4803 947 4899 a"ai..'.r."'s§:"§'lss.
983 4803 1246 4888 ςινῖῆῖ·
1273 4803 1549 4878 usos...
1590 4803 1802 4899 aut:

1901 4803 2061 4889 κινεῖ
2342 4803 2433 4883 ’
2465 4827 2511 4863 ⁸³
2531 4826 2549 4879 ι
2573 4803 2928 4888 ὗῦιέξίιιιῖιέε.
3026 4813 3070 4844 δ’
3099 4810 3290 4875 Philip.
3310 4821 3370 4866 ην
3390 4803 3449 4855 ⁷ο

259 4901 397 4935 η”ί
421 4901 584 4952 Rom.
613 4911 687 4959 v1,
719 4895 805 4947 Η.

354 5006 473 5077 (51)
516 5002 1067 5077 Legendumvidetur
1095 5014 1263 5064 «nec;
1289 5019 1309 5052 ι
1358 5006 1590 5053 attamen
1638 5014 1830 5058 omnes

266 5070 418 5136 mss.
452 5070 629 5128 nostri
653 5081 706 5126 et
726 5071 855 5125 editi
885 5070 1103 5133 habent,
1138 5086 1156 5118 ι
1176 5085 1257 5123 ne.
1280 5086 1299 5117 ι

380 5145 474 5204 52)
514 5139 679 5204 Editl,
706 5155 726 5189 ι
751 5138 1008 5192 charitas.
1035 5156 1054 5186 ι

380 5148 452 5200 52
514 5148 679 5204 Editt,
706 5155 726 5189 ι
751 5148 1008 5192 charttas.
1035 5156 1054 5186 ι

380 5148 474 5279 δδζ
514 5206 679 5273 Editi,
715 5224 734 5257 ι
765 5206 992 5258 maxima
1018 5213 1162 5256 est...
1189 5211 1311 5253 tunc
1336 5213 1453 5279 cum
1474 5200 1593 5279 .erit
1616 5203 1784 5267 Deus,
1809 5223 1827 5255 ι

268 5267 393 5339 etc.
426 5267 532 5333 Hs.
569 5267 731 5337 unus,
772 5289 793 5324 ι
824 5283 992 5326 mater
1018 5280 1163 5324 est...
1194 5282 1311 5339 cum
1342 5267 1441 5321 erit
1472 5267 1629 5339 Deus,
1658 5290 1678 5321 ι
1713 5281 1831 5327 etc.

361 5334 476 5417 (54)
500 5343 668 5417 Editi,
703 5334 728 5392 ἑ
749 5339 1070 5417 ascendebat
1083 5335 1383 5417 .Apostolus,
1404 5334 1535 5417 eti-nr
1552 5336 1649 5417 hoc
1670 5350 1833 5417 stans

269 5404 593 5477 conlidens,
623 5409 750 5481 [ms.
778 5420 938 5471 unus,
964 5422 982 5455 ι
1005 5405 1135 5461 etin
1157 5406 1255 5457 hoc
1279 5413 1427 5456 stans
1447 5410 1500 5454 et
1516 5404 1832 5476 conlidens]

274 5484 525 5541 dicebat.
552 5499 572 5531 ι

365 5550 503 5613 (54⁸)
537 5547 672 5603 Ista.
708 5543 1041 5598 Desideratur
1069 5541 1119 5595 in
1145 5539 1287 5593 libris
1311 5545 1455 5590 antea
1494 5538 1665 5588 etlili‘s.

2004 5003 2114 5073 (55)
2144 4977 2301 5063 Editi,
2335 5016 2355 5050 ι
2387 4994 2724 5066 operabatur.
2769 5006 2789 5040 ι
2826 4985 3029 5039 Deinde
3072 4999 3097 5033 ι
3137 4979 3454 5034 immacula-

1938 5073 2364 5210 ωῗέἓνίξιῖίιεμ
2409 5125 3067 5210 ερωιηεωοτειεευξξξηει.

2097 5178 2114 5276 ί
2348 5178 2557 5266 ξιξ)ἶέιᾶ
2589 5178 2685 5246 eo.
2723 5190 2843 5243 Haec
2884 5187 3073 5237 desunt
3117 5179 3171 5232 in
3220 5178 3463 5237 editione

1935 5271 2277 5330 Genebrardi.
2807 5323 2819 5333 ,
2852 5323 2864 5333 _
2994 5331 3017 5333 Α
3037 5330 3050 5333 _
3067 5314 3113 5333 ἡ,

2007 5322 2314 5412 (animi?)
2343 5354 2361 5385 ι
2402 5334 2453 5386 ιη
2480 5323 2830 5412 committi
2852 5323 2964 5412 ἔξὲε
2991 5322 3209 5412 P.°!‘.‘.‘:..’.

2143 5380 2933 5480 ⁸ιῆἰὲἓῖἱῖιιιεΐιιινἶῖιξιῖειιιιτιιπιιιιι
2957 5423 2973 5450 ,
2994 5380 3033 5434 ἰ
3067 5391 3125 5434 ιιι
3145 5380 3307 5435 unius
3336 5390 3472 5437 cum

1941 5469 2056 5548 ipso
2077 5469 2292 5547 spiritus
2319 5469 2462 5525 facti.
2504 5488 2522 5520 ι
