3894 6234
380 350 513 410 1053

378 457 613 529 argenti,
644 451 685 506 si
712 447 857 511 auri,
893 445 934 497 si
962 438 1143 511 prmdii
1169 433 1432 504 cupiditas
1478 429 1684 500 pulset,
1720 434 1773 478 et
1811 439 1905 491 po-
1936 431 1977 480 Α

382 565 500 604 nam
531 546 580 598 in
615 539 775 595 corde
805 548 922 589 meo
950 530 1089 600 quod
1115 535 1355 582 mortuus
1387 523 1491 577 sim
1526 533 1644 574 cum
1670 514 1905 577 Christo,

383 648 436 692 et
465 637 528 688 de
566 637 733 684 morte
782 625 1044 693 cogitem,
1091 614 1445 683 exstinguitur
1483 608 1734 664 continuo
1778 616 1909 655 con-

385 668 436 692 cs
465 668 528 688 uc
568 668 733 684 ιυνιυν
782 668 1044 693 ννοηηη,
1098 668 1177 683 ,τη
1268 668 1298 683 υ

385 719 707 793 cupiscentia
733 724 784 769 ct
813 711 1073 779 eﬂ‘ugatur
1101 712 1398 776 peccatum.
1429 700 1536 753 Aut
1586 696 1629 751 si
1674 692 1795 747 odio
1832 685 1917 741 vel
2010 683 2180 743 stitia,
2212 679 2263 731 in
2304 668 2755 730 sanctiﬁcatione

1320 790 1329 793 Α
1465 788 1478 793 -
1523 786 1536 793 -
1598 785 1610 793 -
1651 782 1662 793 ·
1780 780 1791 792 ο
1878 775 1915 793 -2
2016 773 2067 793 I._
2100 769 2183 793 ιε-
2221 779 2346 793 mu.“
2380 763 2565 793 uiuam:
2600 757 2720 793 “an

1872 775 1918 829 si
2016 773 2072 826 In
2100 769 2187 824 his
2219 779 2346 834 ergo
2380 763 2566 815 vivere
2600 757 2747 815 Deo,
2788 751 2909 804 hoc
2935 751 3036 800 est
3072 742 3133 794 in
3164 736 3407 792 Christo
3434 729 3562 784 Jesu
3593 725 3668 781 vi-

2016 875 2142 916 vere
2194 858 2324 911 Deo.
2375 848 2532 918 Quod
2597 846 2647 900 si
2700 843 2831 897 sine
2878 832 3174 906 iustitia,
3206 827 3337 881 sine
3367 833 3535 891 pace,
3565 815 3672 869 sine

385 816 461 870 ira
488 808 843 864 inflammatus
868 802 932 854 ad
964 810 1145 850 necem
1181 790 1423 847 conciter
1465 782 1665 841 inimici
1692 780 1832 842 mei;

386 912 470 951 me
507 895 806 949 existimem
843 895 1107 942 mortuum
1139 895 1257 936 esse
1298 891 1418 932 cum
1447 874 1691 930 Christo.
1741 875 1795 922 et
1830 878 1920 918 co—

386 985 667 1055 gitationes
699 980 883 1033 mortis
922 987 1111 1045 ponam
1143 971 1197 1024 in
1229 968 1407 1022 animo
1449 976 1599 1026 meo,
1629 952 1925 1021 cxstingui-
2020 946 2190 1003 sancti

2020 1041 2164 1104 Deo,
2199 1043 2408 1090 eertum
2455 1036 2542 1084 est
2580 1023 2735 1094 quod
2794 1028 2976 1073 nemo
3043 1007 3216 1065 vivat
3267 1002 3426 1065 Deo,
3470 996 3576 1052 nisi
3627 996 3676 1047 in

1159 1108 1214 1202 et
1237 1108 1346 1199 hoc
1377 1108 1532 1195 modo
1560 1108 1778 1206 peccato
1803 1129 1922 1198 quis
2017 1127 2231 1185 Christo
2253 1123 2401 1178 Jesu.
2430 1119 2599 1171 Amen
2630 1108 2779 1181 (60).

390 1086 475 1128 tur
497 1073 609 1125 sine
632 1069 793 1124 dubio
823 1066 991 1126 furor,
1019 1067 1193 1115 cessat
1228 1057 1433 1119 odium,
1457 1045 1790 1119 conquiescit
1815 1041 1920 1104 ira,

390 1168 608 1231 peccato
635 1172 738 1211 non
769 1156 928 1210 datur
958 1152 1126 1215 locus,

393 1248 524 1302 mori
553 1244 839 1307 invenitur,
866 1250 918 1295 et
944 1239 1120 1292 vivere
1147 1236 1274 1289 Deo.
1318 1230 1420 1285 Sed
1447 1237 1501 1284 et
1530 1227 1630 1280 hoc
1656 1219 1796 1292 quod
1824 1217 1921 1272 ad-

1794 305 2105 367 ORIGENIS

2007 416 2170 477 didit,

2007 505 2137 560 mihi
2169 501 2399 556 otiosum
2426 495 2667 550 videtur.
2712 481 2934 541 Simile
2959 476 3133 532 enim
3168 481 3312 540 puto
3336 479 3486 528 esse,
3512 459 3658 530 quasi

2006 595 2234 649 dixisset
2265 605 2280 642 :
2316 586 2574 641 Viventes
2602 579 2725 633 Deo
2760 574 2821 627 in
2854 561 3199 637 sapientia,
3227 559 3286 610 in
3319 565 3484 623 pace,
3514 553 3568 604 in
3585 548 3665 618 ju-

3528 264 3653 316 1050

2235 428 2253 460 ε
2309 408 2556 463 Viventes
2635 401 2760 453 Deo
2816 394 2877 448 in
2969 383 3225 441 Christo
3275 376 3432 438 Jesu,
3478 393 3497 426 ι
3549 388 3647 426 non

2777 702 2795 729 ,
2830 673 2969 729 qua:
3016 652 3226 708 omnia
3274 645 3534 701 Christus
3570 648 3662 693 est.

2200 943 2448 999 ticatione
2497 933 2840 1001 eaeterisque
2880 904 3254 978 vvirtutibus
3317 921 3485 965 nemo
3554 904 3675 958 vivit

405 1346 3646 1446 _____________________________——

1516 1601 1867 1691 LIBER
1937 1582 2430 1683 SEXTUS.

486 2016 536 2070 l.
573 2033 591 2066 ι
643 2011 759 2067 Non
805 2021 932 2076 ergo
986 2008 1170 2071 regnet
1203 2001 1483 2066 peccatum
1522 1989 1574 2041 in
1603 1991 1780 2038 vestro
1813 1991 1950 2032 mor-
1982 1982 2023 2035 Β

326 2103 352 2132 ⁸
408 2067 783 2173 talicorpore,
830 2067 895 2152 ad
925 2067 1276 2149 obedientium
1324 2078 1603 2137 desideriis
1647 2073 1758 2139 ejus
1809 2067 1945 2137 (6!),

412 2208 586 2263 neque
626 2186 923 2246 exhibeatis
957 2180 1195 2235 membra
1228 2182 1401 2226 vestra
1443 2179 1594 2221 arma
1648 2156 1948 2226 iniquitatis

410 2292 631 2354 peccato
657 2296 671 2334 :
701 2278 793 2334 sed
818 2273 1064 2330 exhibete
1094 2281 1187 2321 vos
1234 2264 1342 2319 Deo
1361 2298 1377 2323 ,
1408 2266 1661 2321 tanquam
1707 2265 1773 2303 ex
1802 2260 1948 2301 mor-

413 2373 522 2426 tuis
547 2370 789 2424 viventcs
821 2379 836 2417 :
867 2371 917 2417 et
942 2358 1176 2413 membra
1199 2360 1379 2407 vestra
1405 2359 1554 2399 arma
1575 2338 1796 2410 iustitiae
1818 2335 1945 2387 Deo.

415 2462 695 2516 Peccatum
727 2454 867 2509 enim
898 2449 1049 2504 vobis
1077 2459 1184 2498 non
1223 2434 1583 2496 dominabitur
1617 2447 1631 2481 :
1666 2440 1770 2481 non
1804 2424 1945 2477 enim

417 2551 515 2603 sub
547 2548 661 2614 lege
689 2543 839 2604 estis,
871 2538 961 2593 sed
1000 2536 1098 2590 sub
1130 2533 1301 2602 gratia
1331 2528 1399 2580 ⁸³.
1439 2544 1457 2577 ι
1497 2525 1553 2577 In
1590 2516 1957 2588 superioribus

418 2640 494 2693 ait
549 2652 564 2687 :
620 2651 637 2684 ι
677 2632 827 2686 Sicut
881 2627 1125 2694 regnavit
1164 2625 1441 2691 peceatum
1502 2616 1554 2666 in
1597 2616 1768 2665 morte
1815 2606 1881 2656 “.
1930 2620 1949 2655 ι

421 2726 573 2779 Nunc
598 2731 774 2774 autem
816 2732 921 2770 non
951 2714 1087 2767 dixit
1112 2727 1127 2761 :
1161 2709 1274 2763 Non
1301 2720 1429 2774 ergo
1460 2707 1646 2769 regnet
1675 2701 1954 2766 peccatum

422 2817 475 2869 in
506 2820 710 2874 morte;
751 2807 843 2862 sed
869 2806 943 2858 ait
972 2819 985 2854 :
1019 2819 1038 2852 ο
1071 2800 1186 2853 Νοη
1220 2810 1346 2865 ergo
1384 2800 1567 2861 regnet
1592 2793 1868 2856 peccatum
1902 2783 1954 2834 in

423 2911 602 2958 vestro
632 2894 841 2952 mortali
883 2904 1140 2960 corpore,
1179 2886 1245 2939 ad
1276 2878 1629 2938 obediendum
1679 2869 1955 2928 desideriis

422 2992 573 3057 eius;
614 3008 633 3042 ι
669 2989 864 3041 docens
886 2998 983 3052 per
1007 2982 1107 3035 hoc
1136 2978 1313 3031 sedem
1344 2968 1625 3039 quamdam
1656 2972 1710 3017 et
1735 2972 1954 3028 regnum

425 3047 697 3151 peccatum
724 3047 920 3131 habere
935 3071 1045 3141 (62)
1069 3068 1227 3139 57o
1242 3065 1293 3117 in
1316 3071 1557 3127 corpore.
1578 3053 1687 3108 Hoc
1706 3058 1789 3105 est
1816 3047 1956 3117 quod

429 3138 481 3222 2a
502 3166 625 3221 alibi
651 3165 786 3219 dixit
804 3163 849 3195 σε
871 3179 884 3215 ε
909 3179 928 3211 ι
945 3138 1228 3213 f’rudentia
1251 3149 1428 3206 carnis
1449 3144 1661 3200 inimica
1678 3148 1758 3193 est
1774 3138 1881 3191 Deo
1901 3150 1916 3199 ;
1940 3153 1958 3184 ι

428 3263 485 3309 et
522 3254 714 3307 iterum
746 3269 759 3304 :
797 3268 814 3300 ι
850 3244 1141 3302 Prudentia
1191 3239 1368 3295 carnis
1416 3248 1560 3289 mors
1601 3239 1680 3286 est
1702 3227 1769 3281 ⁸⁸.
1809 3244 1827 3277 ›
1860 3225 1966 3278 Sed

430 3353 485 3399 et
512 3343 691 3398 omnia
726 3347 942 3409 peccata
970 3332 1249 3404 Apostolus
1275 3341 1436 3397 opera
1467 3323 1645 3378 carnis
1683 3332 1800 3374 esse
1839 3328 1961 3385 pro-

432 3432 642 3487 nuntiat
668 3431 735 3495 ",
761 3441 879 3497 qum
906 3403 1035 3479 dicit
1057 3435 1178 3478 esse
1211 3416 1616 3472 fornicationem
1634 3451 1650 3477 ,
1683 3403 1965 3462 immundi-

435 3522 587 3584 tiam,
604 3518 916 3587 passionem
938 3551 955 3578 ,
979 3506 1458 3579 concupiscentiam
1495 3501 1713 3562 malam,
1740 3491 1969 3562 impudi-

438 3586 657 3671 citiam,
695 3602 1051 3677 idololatriam
1072 3639 1087 3664 ,
1116 3592 1396 3658 maleficia,
1431 3586 1760 3649 inimicitias,
1791 3589 1968 3635 certa-

439 3697 581 3750 mina
599 3732 614 3757 ,
643 3694 813 3747 zelum
834 3731 850 3756 ,
884 3674 1137 3754 furorem,
1164 3680 1557 3741 contentiones,
1587 3674 1966 3732 dissenslones,

438 3787 690 3849 haereses,
718 3782 994 3843 invidiam,
1018 3776 1329 3837 ebrietates,
1355 3765 1795 3825 comessationes,
1813 3768 1865 3814 et
1889 3759 1974 3813 bis

439 3874 654 3929 similia.
698 3871 804 3927 Sed
833 3870 878 3925 si
924 3867 1167 3937 requiras
1208 3861 1472 3932 quomodo
1519 3856 1682 3911 etiam
1738 3852 1974 3905 haereses

441 3967 584 4021 inter
628 3962 805 4018 carnis
849 3974 1009 4028 opera
1059 3961 1437 4013 numerentur,
1485 3942 1727 4001 invenies
1769 3951 1862 3992 eas
1909 3936 1976 3988 de

444 4072 601 4111 sensu
634 4053 813 4109 carnis
861 4052 1172 4121 procedere.
1209 4047 1301 4102 Sic
1345 4042 1487 4098 enim
1522 4036 1652 4091 dicit
1691 4029 1978 4100 Apostolus

440 4146 507 4200 de
533 4145 759 4214 quodam
789 4159 803 4194 :
834 4115 1133 4202 c—Frustra,
1156 4134 1353 4203 inquit,
1379 4128 1592 4183 inflatus
1611 4139 1642 4176 a
1665 4135 1823 4176 sensu
1865 4115 1976 4186 (63)

441 4236 619 4289 carnis
656 4247 796 4296 suae,
841 4238 895 4284 et
925 4244 1033 4283 non
1063 4236 1247 4280 tenens
1278 4216 1520 4288 caput“.
1571 4232 1589 4265 ι
1636 4209 1759 4264 Haec
1798 4216 1977 4261 autem

445 4321 678 4374 diximus
712 4294 1138 4370 utimanifestior
1178 4310 1328 4363 ﬁeret
1358 4302 1677 4363 intellectus,
1713 4294 1981 4363 quomodo

444 4416 722 4477 peceatum
750 4411 932 4472 regnet
969 4403 1022 4456 in
1073 4410 1318 4468 corpore.
1376 4390 1564 4446 Omnia
1612 4398 1846 4454 namque
1891 4381 1976 4435 illa

446 4439 722 4477 PCDbaqul
752 4439 932 4472 ιῡδιιιη
970 4439 1022 4456 η-
1073 4439 1318 4468 ...ν-γυ...-
1384 4439 1563 4446 ---η---ή
1614 4439 1640 4441 -
1758 4439 1773 4454 ,

446 4512 562 4566 quae
590 4494 835 4564 superius
860 4506 1017 4559 opera
1044 4490 1219 4544 carnis
1243 4499 1362 4540 esse
1394 4477 1842 4538 enumeravimus,
1868 4471 1979 4525 vel-

448 4597 506 4641 ut
554 4585 821 4639 exercitus
845 4582 1059 4651 quidam
1090 4585 1327 4631 armatus
1347 4583 1429 4628 est
1456 4568 1570 4638 (64)
1598 4566 1695 4622 sub
1723 4566 1826 4620 boc
1859 4574 1982 4628 rege

451 4674 653 4744 peccati
683 4672 935 4733 militans,
963 4678 1016 4723 et
1049 4666 1147 4735 legi
1193 4664 1308 4731 ejus
1340 4674 1532 4731 parcns
1554 4696 1570 4722 ,
1593 4670 1709 4724 qu.c
1736 4653 1789 4705 in
1818 4663 1984 4703 mem-

452 4765 566 4820 bris
591 4761 770 4817 carnis
797 4758 1052 4825 inscripta
1087 4765 1190 4810 est.
1215 4754 1430 4808 Certum
1466 4758 1550 4803 est
1585 4746 1748 4808 enim,
1774 4743 1896 4811 quia
1923 4754 1987 4791 ex

452 4869 517 4907 eo
548 4851 691 4920 quod
726 4847 1006 4903 desideriis
1048 4845 1256 4914 peccati
1299 4854 1428 4897 caro
1468 4832 1821 4893 obedientiam
1850 4841 1988 4896 pra!—

548 4988 594 5020 ”
616 4986 764 5039 Rom.
800 4999 874 5046 vr,
900 4980 1078 5037 l2-H.
1182 4979 1228 5012 “
1257 4978 1485 5046 Rom.v,
1529 4970 1617 5022 2|.

1726 4964 1769 4995 ⁵⁵
1798 4959 1953 5013 Rom.
1982 4970 2098 5018 vni,
2144 4953 2196 5005 7.

2054 1971 2162 2035 bet,
2193 1962 2545 2031 concupiscat
2578 1957 2698 2027 (65)
2733 1971 2754 2005 ι
2798 1963 2954 2006 caro
3005 1948 3307 2002 adversus
3337 1942 3623 2010 spiritum,
3648 1945 3696 1990 et

2052 2058 2274 2127 spiritus
2313 2053 2574 2106 adversus
2596 2058 2864 2106 carnem,
2892 2050 2957 2096 et
2983 2041 3118 2093 haec
3144 2036 3260 2091 sibi
3293 2034 3535 2087 invicem
3567 2045 3584 2078 ι
3612 2027 3693 2079 ad-

2049 2119 2335 2202 versentur
2360 2142 2430 2194 ”.
2458 2138 2604 2192 Illud
2661 2144 2866 2188 tamen
2898 2131 3160 2185 adverte
3179 2165 3200 2192 ,
3243 2123 3401 2192 quod
3426 2119 3695 2174 ostendens

2051 2237 2105 2289 in
2134 2241 2317 2287 nostra
2346 2234 2616 2299 potestate
2638 2222 2897 2292 positum
2936 2228 3004 2272 ut
3039 2231 3163 2270 non
3203 2220 3410 2282 regnet
3442 2211 3496 2262 in
3530 2217 3696 2261 nostro

2054 2320 2265 2376 mortali
2319 2291 2552 2383 corpore
2607 2291 2922 2380 peccatum
2983 2301 3164 2373 (66),
3224 2304 3567 2368 praeceptum
3620 2291 3695 2343 dat

2054 2407 2359 2479 Apostolus,
2405 2379 2650 2456 dicens;
2692 2416 2712 2449 ι
2752 2395 2883 2449 Non
2906 2407 3061 2461 ergo
3098 2398 3311 2460 regnet
3349 2394 3627 2456 peccatum
3652 2379 3697 2431 in

2056 2507 2235 2552 vestro
2268 2493 2486 2549 mortali
2524 2503 2799 2558 corpore,
2850 2486 2927 2539 ad
2984 2481 3403 2539 obediendum
3440 2470 3697 2530 desideriis

2055 2586 2267 2656 eius“.
2316 2602 2335 2636 ι
2373 2581 2483 2635 Nisi
2516 2581 2666 2636 enim
2721 2584 2880 2632 esset
2937 2575 3000 2629 in
3058 2581 3278 2628 nostra
3340 2573 3609 2637 potestate
3651 2568 3701 2611 ut

2055 2692 2162 2731 non
2196 2680 2453 2740 regnaret
2484 2671 2537 2723 in
2567 2668 2730 2722 nobis
2757 2674 3113 2736 peccatum,
3154 2667 3509 2732 praeceptum
3539 2654 3699 2720 utique

2051 2781 2155 2820 non
2200 2763 2456 2817 dedisset.
2507 2756 2798 2824 Quomodo
2847 2769 2997 2824 ergo
3041 2751 3342 2822 possibile
3372 2757 3462 2802 est
3500 2755 3556 2798 ut
3594 2756 3701 2811 pec-

2059 2865 2235 2910 catum
2266 2853 2316 2905 in
2345 2863 2513 2906 carne
2541 2856 2733 2902 nostra
2791 2860 2909 2899 non
2945 2843 3217 2913 regnet?
3254 2840 3317 2896 Si
3353 2838 3611 2893 faciamus
3636 2831 3689 2886 il-

2064 2942 2154 2995 lud
2176 2941 2317 3009 quod
2340 2939 2480 2992 idem
2497 2934 2798 3004 Apostolus
2823 2932 2974 2987 dicit
2993 2948 3011 2984 :
3049 2949 3072 2983 ι
3106 2930 3462 2985 Mortificate
3482 2922 3699 2979 membra

2069 3039 2251 3085 vestra
2280 3041 2398 3093 quas
2424 3032 2552 3080 sunt
2580 3037 2749 3091 supra
2790 3031 3022 3074 terram
3062 3020 3151 3086 ⁸⁸,
3200 3039 3223 3071 ι
3281 3029 3342 3073 et
3374 3016 3421 3071 si
3468 3033 3489 3067 ι
3519 3024 3703 3079 semper

1995 3117 2037 3172 (Ξ
2072 3128 2296 3173 mortem
2339 3114 2543 3170 Christi
2598 3113 2658 3166 in
2716 3123 2976 3179 corpore
3023 3124 3251 3164 nostro
3290 3127 3314 3161 ι
3376 3103 3704 3161 circumfera-

2073 3224 2194 3263 mus
2224 3208 2291 3262 θ’.
2323 3205 2544 3260 Certum
2576 3213 2824 3269 namque
2854 3208 2978 3264 est,
3022 3201 3180 3269 quia
3219 3198 3324 3253 ubi
3355 3211 3505 3251 mors
3531 3188 3701 3249 Christi

2075 3295 2478 3359 circumfertur,
2530 3305 2638 3346 non
2690 3297 2883 3358 potest
2937 3305 3227 3359 regnare
3281 3295 3587 3358 peccatum.
3628 3279 3704 3332 Est

2074 3386 2217 3441 enim
2253 3391 2403 3437 tanta
2452 3381 2537 3436 vis
2580 3379 2769 3434 crucis
2812 3378 3108 3443 Christi,
3171 3389 3242 3434 ut
3289 3380 3338 3433 si
3394 3386 3522 3431 ante
3551 3369 3704 3427 oculos

2075 3483 2328 3544 ponatur,
2361 3481 2416 3527 et
2446 3471 2503 3524 in
2527 3478 2713 3524 mente
2751 3468 3021 3523 fideliter
3053 3470 3435 3532 retineatur,
3465 3467 3538 3521 ita
3580 3472 3632 3517 ut
3660 3461 3701 3512 in

2078 3567 2247 3633 ipsam
2275 3570 2502 3642 mortem
2533 3560 2740 3614 Christi
2770 3560 3049 3614 intentus
3099 3560 3328 3615 oculus
3362 3560 3561 3613 mentis
3586 3550 3703 3620 aspi-

2078 3655 2206 3720 ciat,
2235 3650 2380 3711 nulla
2408 3648 2866 3718 concupiscentia
2887 3684 2908 3712 ,
2952 3648 3132 3703 nulla
3188 3649 3408 3713 libido,
3441 3646 3607 3701 nullus
3640 3642 3705 3692 fu-

2082 3758 2194 3810 ror,
2222 3742 2371 3796 nulla
2402 3753 2668 3808 superare
2692 3740 2879 3807 possit
2924 3739 3172 3796 invidia
3198 3759 3217 3807 ;
3256 3741 3359 3797 sed
3387 3737 3629 3794 continuo
3651 3731 3704 3783 ad

2080 3835 2194 3904 ejus
2223 3828 2574 3901 praesentiam
2610 3837 2761 3883 totus
2788 3828 2888 3882 ille
2915 3844 3116 3898 quem
3156 3846 3342 3901 supra
3394 3822 3705 3884 enumeravi-

2084 3937 2204 3977 mus
2254 3921 2464 3991 peccati
2514 3929 2571 3974 et
2620 3917 2810 3972 carnis
2869 3919 3133 3989 fugatur
3187 3921 3485 3976 exercitus
3516 3932 3531 3969 :
3560 3916 3703 3985 ipsum

2082 4028 2210 4067 vero
2237 4020 2521 4113 peccatum
2552 4024 2654 4064 nec
2700 4008 2998 4075 subsistit,
3035 4015 3271 4084 quippe
3303 4029 3434 4070 cum
3475 4026 3570 4065 nec
3608 4006 3708 4061 sub-

2086 4101 2283 4158 stantia
2311 4100 2429 4169 ejus
2465 4114 2698 4167 usquam
2738 4099 2814 4153 sit
2849 4102 2971 4156 nisi
3007 4105 3073 4158 in
3106 4121 3298 4176 opere
3340 4114 3400 4161 et
3437 4101 3610 4175 gestis.
3637 4096 3710 4150 Es!

2084 4208 2211 4262 ergo
2244 4191 2299 4245 in
2338 4189 2498 4245 nobis
2526 4197 2583 4242 et
2627 4190 3135 4259 concupiscentia
3203 4194 3469 4265 peccati,
3502 4203 3613 4261 qua
3642 4200 3708 4240 re-

2097 4294 2257 4349 gnum
2291 4280 2453 4334 habet
2483 4278 2538 4330 in
2574 4292 2752 4332 carne
2790 4296 2809 4345 ;
2847 4289 2943 4334 est
2974 4291 3041 4337 et
3089 4283 3560 4357 concupiscentia
3587 4274 3711 4346 spiri-

2086 4379 2192 4433 tus,
2218 4383 2336 4436 qua:
2363 4380 2588 4436 regnum
2619 4365 2798 4422 habet
2829 4368 2890 4422 in
2920 4380 3163 4437 mente,
3186 4374 3500 4430 secundum
3529 4370 3578 4423 id
3598 4362 3712 4436 quod

2080 4472 2238 4560 supra
2278 4456 2536 4556 diximus,
2582 4454 2720 4522 quia
2785 4474 2807 4508 ι
2870 4472 3021 4513 caro
3072 4464 3444 4533 concupiscit
3497 4463 3712 4516 adversus

2080 4548 2348 4617 spiritum,
2376 4545 2607 4614 spiritus
2633 4555 2831 4602 autem
2863 4552 3165 4609 adversus
3191 4571 3428 4613 carnem
3458 4555 3525 4610 “.
3555 4573 3572 4606 ι
3604 4550 3711 4606 Cum

2095 4652 2222 4706 ergo
2248 4635 2694 4704 concupiscimus
2729 4640 2891 4706 quod
2928 4657 3052 4698 non
3093 4645 3239 4702 licet
3268 4688 3286 4713 ,
3324 4649 3418 4705 vel
3448 4645 3585 4714 quod
3625 4655 3708 4696 non

2098 4728 2271 4791 decel’
2304 4725 2386 4780 vel
2418 4724 2562 4794 q‘md
2598 4742 2714 4783 ¹¹⁰¹¹
2749 4733 3018 4802 “Ded”,
3058 4738 3534 4808 concupiscentia
3565 4730 3715 4791 carnis

2097 4828 2202 4873 est.
2243 4817 2377 4871 Cum
2422 4830 2555 4870 vero
2590 4822 2964 4892 concupiscit
2995 4837 3059 4882 et
3104 4828 3312 4885 deficit
3353 4829 3536 4884 anima
3566 4831 3713 4879 nostra

2308 4953 2354 4984 ⁸⁸
2384 4954 2514 5008 ibid.
2550 4954 2611 5007 6.

2692 4960 2741 4991 ⁸⁷
2774 4960 2968 5035 Galat.
2999 4981 3060 5030 v,
3093 4968 3187 5030 l9,
3220 4983 3356 5035 seq.
3470 4968 3517 5001 ⁵⁸
3538 4964 3712 5024 Coloss.

456 5075 515 5123 ιι,
537 5022 764 5117 18:75."
808 5022 1138 5111 venit»,
1164 5022 1542 5102 17."?3'itbi~n.
1566 5053 1640 5102 Vl,
1678 5032 1763 5086 η.
1837 5028 1878 5059 ιιι
1907 5027 1964 5079 Ο(

2147 5022 2302 5087 ιιι,5.
2378 5023 2424 5055 σε
2455 5022 2498 5076 ιι
2521 5023 2657 5080 Cor.
2689 5032 2901 5099 mlo.
2984 5022 3434 5105 “Catat.v,'t7.

474 5261 485 5272 ,
518 5190 628 5272 (692
668 5188 814 5272 halt.
849 5185 1182 5272 Amemll-xc
1210 5186 1402 5265 desunt
1424 5183 1474 5272 ip
1506 5177 1659 5272 libris
1697 5179 1851 5226 antea
1879 5166 1987 5221 edi-

452 5249 539 5310 tis.
588 5249 709 5311 Mss.
744 5267 918 5309 tamen
944 5255 1184 5322 plerique
1210 5255 1463 5306 omittunt
1499 5266 1523 5322 ι⁸
1559 5249 1746 5322 Amen.
1787 5258 1805 5290 ι

491 5324 763 5403 _(61)A_S.ic
791 5314 1279 5403 maximni-vero,
1314 5338 1332 5371 ι
1377 5328 1435 5371 ut
1476 5314 1741 5370 obediatis
1787 5317 1986 5361 concu-

456 5394 731 5457 piscentiis
764 5394 899 5456 ejus.
935 5409 954 5442 ι
1051 5402 1065 5414 ⁸

528 5449 841 5536 (θῖὶ,ξέᾱῖῐί,
879 5474 897 5507 ι
936 5472 1030 5524 per
1057 5459 1169 5514 haec
1212 5455 1392 5511 sedem
1440 5449 1723 5520 quamdam
1771 5452 1992 5512 regnum

463 5524 668 5589 peccati
688 5524 911 5589 habere,
946 5543 964 5575 ι
1005 5538 1110 5580 etc.

537 5588 650 5655 (65)
684 5588 844 5657 Editi,
874 5587 904 5643 ι’
923 5592 1118 5650 frustra
1149 5593 1287 5668 quod
1317 5589 1523 5644 amatus
1546 5587 1609 5643 de
1635 5597 1816 5641 sensu.
1848 5598 1867 5631 ι

2087 5162 2271 5294 ea“?!
2306 5165 2509 5288 ἓξὲξ,
2569 5188 2591 5219 ι
2649 5172 2976 5236 damnatus
3024 5193 3145 5249 est;
3202 5203 3220 5235 ι
3277 5183 3354 5236 al.
3412 5200 3434 5233 ι
3488 5180 3713 5235 clamat"!

2094 5300 2495 5425 νθεῖξῖιιῗῗῖῃῖ
2530 5323 2552 5357 ί
2602 5321 3010 5391 εοηωνῖδοιιν
3044 5340 3066 5375 ³
3100 5332 3157 5379 ei
3187 5321 3348 5393 Ρ³¹¹¹⁰
3377 5302 3539 5391 Po“;
3584 5332 3602 5366 ⁸
3630 5310 3709 5366 ad.

2099 5435 3101 5589 .aa1"magnesiae
