  <div class='ocr_page' id='page_1' title='image "/cluster/home/n/w/nwhite01/storage/ocr_20150623/14 (Origen; pt. 4)/nyp.33433081862280/540.png"; bbox 0 0 3894 6224; ppageno 0'>
   <div class='ocr_carea' id='block_1_1' title="bbox 326 310 472 365">
    <p class='ocr_par' dir='ltr' id='par_1_1' title="bbox 326 310 472 365">
     <span class='ocr_line' id='line_1_1' title="bbox 326 310 472 365; baseline -0.014 -1"><span class='ocrx_word' id='word_1_1' title='bbox 326 312 350 364; x_wconf 74' lang='grc'>1</span> <span class='ocrx_word' id='word_1_2' title='bbox 361 310 472 365; x_wconf 81' lang='lat'><strong>057</strong></span> 
     </span>
    </p>
   </div>
   <div class='ocr_carea' id='block_1_2' title="bbox 1271 311 2595 367">
    <p class='ocr_par' dir='ltr' id='par_1_2' title="bbox 1271 311 2595 367">
     <span class='ocr_line' id='line_1_2' title="bbox 1271 311 2595 367; baseline -0.001 -1"><span class='ocrx_word' id='word_1_3' title='bbox 1271 311 1617 367; x_wconf 77' lang='lat' dir='ltr'><strong>COMMENT.</strong></span> <span class='ocrx_word' id='word_1_4' title='bbox 1660 312 1725 366; x_wconf 83' lang='lat' dir='ltr'><strong>IN</strong></span> <span class='ocrx_word' id='word_1_5' title='bbox 1765 312 1977 366; x_wconf 58' lang='lat' dir='ltr'><strong>El‘lS&#39;l.</strong></span> <span class='ocrx_word' id='word_1_6' title='bbox 2020 314 2108 362; x_wconf 79' lang='lat' dir='ltr'><strong>AD</strong></span> <span class='ocrx_word' id='word_1_7' title='bbox 2135 314 2294 364; x_wconf 71' lang='lat' dir='ltr'><strong>liUM.</strong></span> <span class='ocrx_word' id='word_1_8' title='bbox 2338 317 2460 365; x_wconf 65' lang='grc' dir='ltr'><strong>[ΑΒ.</strong></span> <span class='ocrx_word' id='word_1_9' title='bbox 2510 318 2595 367; x_wconf 76' lang='grc' dir='ltr'><strong>γι.</strong></span> 
     </span>
    </p>
   </div>
   <div class='ocr_carea' id='block_1_3' title="bbox 3371 325 3503 374">
    <p class='ocr_par' dir='ltr' id='par_1_3' title="bbox 3371 325 3503 374">
     <span class='ocr_line' id='line_1_3' title="bbox 3371 325 3503 374; baseline 0.023 -3"><span class='ocrx_word' id='word_1_10' title='bbox 3371 325 3503 374; x_wconf 74' lang='grc'><strong>1058</strong></span> 
     </span>
    </p>
   </div>
   <div class='ocr_carea' id='block_1_4' title="bbox 319 420 3504 494">
    <p class='ocr_par' dir='ltr' id='par_1_4' title="bbox 319 420 3504 494">
     <span class='ocr_line' id='line_1_4' title="bbox 319 420 3504 494; baseline 0.002 -19"><span class='ocrx_word' id='word_1_11' title='bbox 319 423 553 492; x_wconf 79' lang='lat' dir='ltr'><strong>quando</strong></span> <span class='ocrx_word' id='word_1_12' title='bbox 599 422 776 477; x_wconf 90' lang='lat' dir='ltr'><strong>videat</strong></span> <span class='ocrx_word' id='word_1_13' title='bbox 808 423 918 494; x_wconf 83' lang='lat'><strong>(67)</strong></span> <span class='ocrx_word' id='word_1_14' title='bbox 963 424 1189 479; x_wconf 83' lang='lat' dir='ltr'><strong>salutare</strong></span> <span class='ocrx_word' id='word_1_15' title='bbox 1241 425 1329 478; x_wconf 88' lang='lat' dir='ltr'><strong>Dei</strong></span> <span class='ocrx_word' id='word_1_16' title='bbox 1367 425 1430 487; x_wconf 73' lang='lat'><strong>“,</strong></span> <span class='ocrx_word' id='word_1_17' title='bbox 1470 426 1572 478; x_wconf 87' lang='lat' dir='ltr'><strong>ista</strong></span> <span class='ocrx_word' id='word_1_18' title='bbox 1621 423 1876 491; x_wconf 87' lang='lat' dir='ltr'><strong>concupi-</strong></span> <span class='ocrx_word' id='word_1_19' title='bbox 1909 427 1949 480; x_wconf 84' lang='lat' dir='ltr'><strong>A</strong></span> <span class='ocrx_word' id='word_1_20' title='bbox 1981 420 2046 472; x_wconf 89' lang='lat' dir='ltr'><strong>tis</strong></span> <span class='ocrx_word' id='word_1_21' title='bbox 2075 430 2325 487; x_wconf 89' lang='lat' dir='ltr'><strong>peccato;</strong></span> <span class='ocrx_word' id='word_1_22' title='bbox 2362 423 2454 476; x_wconf 90' lang='lat' dir='ltr'><strong>sed</strong></span> <span class='ocrx_word' id='word_1_23' title='bbox 2477 422 2722 476; x_wconf 81' lang='lat' dir='ltr'><strong>exhibete</strong></span> <span class='ocrx_word' id='word_1_24' title='bbox 2742 436 2836 477; x_wconf 87' lang='lat' dir='ltr'><strong>vos</strong></span> <span class='ocrx_word' id='word_1_25' title='bbox 2869 423 2974 479; x_wconf 91' lang='lat' dir='ltr'><strong>Deo</strong></span> <span class='ocrx_word' id='word_1_26' title='bbox 2997 429 3246 492; x_wconf 77' lang='lat' dir='ltr'><strong>tanquam</strong></span> <span class='ocrx_word' id='word_1_27' title='bbox 3269 440 3330 480; x_wconf 85' lang='lat' dir='ltr'><strong>ex</strong></span> <span class='ocrx_word' id='word_1_28' title='bbox 3363 445 3504 482; x_wconf 89' lang='lat' dir='ltr'><strong>mor-</strong></span> 
     </span>
    </p>
   </div>
   <div class='ocr_carea' id='block_1_5' title="bbox 317 513 1874 581">
    <p class='ocr_par' dir='ltr' id='par_1_5' title="bbox 317 513 1874 581">
     <span class='ocr_line' id='line_1_5' title="bbox 317 513 1874 581; baseline -0.002 -14"><span class='ocrx_word' id='word_1_29' title='bbox 317 513 536 567; x_wconf 76' lang='lat' dir='ltr'><strong>seentia</strong></span> <span class='ocrx_word' id='word_1_30' title='bbox 568 513 789 581; x_wconf 72' lang='lat' dir='ltr'><strong>spiritus</strong></span> <span class='ocrx_word' id='word_1_31' title='bbox 819 522 922 566; x_wconf 89' lang='lat' dir='ltr'><strong>est.</strong></span> <span class='ocrx_word' id='word_1_32' title='bbox 957 513 1103 568; x_wconf 85' lang='lat' dir='ltr'><strong>Unde</strong></span> <span class='ocrx_word' id='word_1_33' title='bbox 1129 521 1347 581; x_wconf 90' lang='lat' dir='ltr'><strong>apparet</strong></span> <span class='ocrx_word' id='word_1_34' title='bbox 1365 513 1593 566; x_wconf 89' lang='lat' dir='ltr'><strong>mediam</strong></span> <span class='ocrx_word' id='word_1_35' title='bbox 1619 513 1874 580; x_wconf 87' lang='lat' dir='ltr'><strong>quodam-</strong></span> 
     </span>
    </p>
   </div>
   <div class='ocr_carea' id='block_1_6' title="bbox 318 599 1878 671">
    <p class='ocr_par' dir='ltr' id='par_1_6' title="bbox 318 599 1878 671">
     <span class='ocr_line' id='line_1_6' title="bbox 318 599 1878 671; baseline 0.002 -19"><span class='ocrx_word' id='word_1_36' title='bbox 318 599 494 655; x_wconf 91' lang='lat' dir='ltr'><strong>modo</strong></span> <span class='ocrx_word' id='word_1_37' title='bbox 535 616 658 656; x_wconf 88' lang='lat' dir='ltr'><strong>esse</strong></span> <span class='ocrx_word' id='word_1_38' title='bbox 689 602 920 655; x_wconf 86' lang='lat' dir='ltr'><strong>animam</strong></span> <span class='ocrx_word' id='word_1_39' title='bbox 972 603 1112 656; x_wconf 89' lang='lat' dir='ltr'><strong>inter</strong></span> <span class='ocrx_word' id='word_1_40' title='bbox 1153 617 1368 656; x_wconf 83' lang='lat' dir='ltr'><strong>carnem</strong></span> <span class='ocrx_word' id='word_1_41' title='bbox 1414 610 1470 655; x_wconf 92' lang='lat' dir='ltr'><strong>et</strong></span> <span class='ocrx_word' id='word_1_42' title='bbox 1515 603 1796 671; x_wconf 78' lang='lat' dir='ltr'><strong>spiritum;</strong></span> <span class='ocrx_word' id='word_1_43' title='bbox 1825 610 1878 655; x_wconf 90' lang='lat' dir='ltr'><strong>et</strong></span> 
     </span>
    </p>
   </div>
   <div class='ocr_carea' id='block_1_7' title="bbox 317 690 1870 760">
    <p class='ocr_par' dir='ltr' id='par_1_7' title="bbox 317 690 1870 760">
     <span class='ocr_line' id='line_1_7' title="bbox 317 690 1870 760; baseline 0.001 -18"><span class='ocrx_word' id='word_1_44' title='bbox 317 690 365 743; x_wconf 92' lang='lat' dir='ltr'><strong>si</strong></span> <span class='ocrx_word' id='word_1_45' title='bbox 411 692 639 758; x_wconf 82' lang='lat' dir='ltr'><strong>quidem</strong></span> <span class='ocrx_word' id='word_1_46' title='bbox 669 691 911 760; x_wconf 88' lang='lat' dir='ltr'><strong>junxerit</strong></span> <span class='ocrx_word' id='word_1_47' title='bbox 942 706 998 745; x_wconf 90' lang='lat' dir='ltr'><strong>se</strong></span> <span class='ocrx_word' id='word_1_48' title='bbox 1040 691 1150 760; x_wconf 81' lang='lat'><strong>(68)</strong></span> <span class='ocrx_word' id='word_1_49' title='bbox 1199 691 1347 745; x_wconf 89' lang='lat' dir='ltr'><strong>carni</strong></span> <span class='ocrx_word' id='word_1_50' title='bbox 1397 691 1464 744; x_wconf 90' lang='lat' dir='ltr'><strong>ad</strong></span> <span class='ocrx_word' id='word_1_51' title='bbox 1521 692 1870 746; x_wconf 88' lang='lat' dir='ltr'><strong>obediendum</strong></span> 
     </span>
    </p>
   </div>
   <div class='ocr_carea' id='block_1_8' title="bbox 317 777 1870 848">
    <p class='ocr_par' dir='ltr' id='par_1_8' title="bbox 317 777 1870 848">
     <span class='ocr_line' id='line_1_8' title="bbox 317 777 1870 848; baseline 0.001 -17"><span class='ocrx_word' id='word_1_52' title='bbox 317 777 620 834; x_wconf 84' lang='lat' dir='ltr'><strong>desideriis</strong></span> <span class='ocrx_word' id='word_1_53' title='bbox 668 781 872 848; x_wconf 83' lang='lat' dir='ltr'><strong>peccati</strong></span> <span class='ocrx_word' id='word_1_54' title='bbox 892 817 908 845; x_wconf 93' lang='lat'><strong>,</strong></span> <span class='ocrx_word' id='word_1_55' title='bbox 942 779 1167 834; x_wconf 89' lang='lat' dir='ltr'><strong>efficitur</strong></span> <span class='ocrx_word' id='word_1_56' title='bbox 1195 797 1312 836; x_wconf 91' lang='lat' dir='ltr'><strong>cum</strong></span> <span class='ocrx_word' id='word_1_57' title='bbox 1359 796 1420 834; x_wconf 87' lang='lat' dir='ltr'><strong>ea</strong></span> <span class='ocrx_word' id='word_1_58' title='bbox 1451 796 1611 834; x_wconf 90' lang='lat' dir='ltr'><strong>unum</strong></span> <span class='ocrx_word' id='word_1_59' title='bbox 1640 795 1870 848; x_wconf 92' lang='lat' dir='ltr'><strong>corpus;</strong></span> 
     </span>
    </p>
   </div>
   <div class='ocr_carea' id='block_1_9' title="bbox 316 868 1874 937">
    <p class='ocr_par' dir='ltr' id='par_1_9' title="bbox 316 868 1874 937">
     <span class='ocr_line' id='line_1_9' title="bbox 316 868 1874 937; baseline 0 -15"><span class='ocrx_word' id='word_1_60' title='bbox 316 868 363 922; x_wconf 89' lang='lat' dir='ltr'><strong>si</strong></span> <span class='ocrx_word' id='word_1_61' title='bbox 395 884 538 924; x_wconf 81' lang='lat' dir='ltr'><strong>vero</strong></span> <span class='ocrx_word' id='word_1_62' title='bbox 569 869 811 937; x_wconf 77' lang='lat' dir='ltr'><strong>iunxerit</strong></span> <span class='ocrx_word' id='word_1_63' title='bbox 839 883 896 923; x_wconf 92' lang='lat' dir='ltr'><strong>se</strong></span> <span class='ocrx_word' id='word_1_64' title='bbox 924 869 1050 934; x_wconf 89' lang='lat' dir='ltr'><strong>Deo,</strong></span> <span class='ocrx_word' id='word_1_65' title='bbox 1088 869 1315 924; x_wconf 85' lang='lat' dir='ltr'><strong>etﬁcitur</strong></span> <span class='ocrx_word' id='word_1_66' title='bbox 1343 885 1464 923; x_wconf 93' lang='lat' dir='ltr'><strong>eum</strong></span> <span class='ocrx_word' id='word_1_67' title='bbox 1503 884 1569 923; x_wconf 87' lang='lat' dir='ltr'><strong>eo</strong></span> <span class='ocrx_word' id='word_1_68' title='bbox 1594 884 1730 923; x_wconf 88' lang='lat' dir='ltr'><strong>unus</strong></span> <span class='ocrx_word' id='word_1_69' title='bbox 1765 871 1874 937; x_wconf 80' lang='lat' dir='ltr'><strong>spi-</strong></span> 
     </span>
    </p>
   </div>
   <div class='ocr_carea' id='block_1_10' title="bbox 316 958 1869 1029">
    <p class='ocr_par' dir='ltr' id='par_1_10' title="bbox 316 958 1869 1029">
     <span class='ocr_line' id='line_1_10' title="bbox 316 958 1869 1029; baseline 0.003 -20"><span class='ocrx_word' id='word_1_70' title='bbox 316 958 490 1023; x_wconf 84' lang='lat' dir='ltr'><strong>ritus,</strong></span> <span class='ocrx_word' id='word_1_71' title='bbox 543 961 836 1012; x_wconf 90' lang='lat' dir='ltr'><strong>secundum</strong></span> <span class='ocrx_word' id='word_1_72' title='bbox 886 960 1014 1014; x_wconf 88' lang='lat' dir='ltr'><strong>illttd</strong></span> <span class='ocrx_word' id='word_1_73' title='bbox 1068 962 1206 1029; x_wconf 89' lang='lat' dir='ltr'><strong>quod</strong></span> <span class='ocrx_word' id='word_1_74' title='bbox 1274 961 1471 1014; x_wconf 91' lang='lat' dir='ltr'><strong>dictum</strong></span> <span class='ocrx_word' id='word_1_75' title='bbox 1527 969 1654 1014; x_wconf 90' lang='lat' dir='ltr'><strong>est:</strong></span> <span class='ocrx_word' id='word_1_76' title='bbox 1709 978 1727 1011; x_wconf 73' lang='grc' dir='ltr'>ι</span> <span class='ocrx_word' id='word_1_77' title='bbox 1771 961 1869 1026; x_wconf 82' lang='lat' dir='ltr'><strong>Qui</strong></span> 
     </span>
    </p>
   </div>
   <div class='ocr_carea' id='block_1_11' title="bbox 315 1048 1867 1118">
    <p class='ocr_par' dir='ltr' id='par_1_11' title="bbox 315 1048 1867 1118">
     <span class='ocr_line' id='line_1_11' title="bbox 315 1048 1867 1118; baseline 0.004 -20"><span class='ocrx_word' id='word_1_78' title='bbox 315 1048 471 1099; x_wconf 87' lang='lat' dir='ltr'><strong>enim</strong></span> <span class='ocrx_word' id='word_1_79' title='bbox 497 1048 682 1116; x_wconf 84' lang='lat' dir='ltr'><strong>jungit</strong></span> <span class='ocrx_word' id='word_1_80' title='bbox 719 1062 778 1101; x_wconf 89' lang='lat' dir='ltr'><strong>se</strong></span> <span class='ocrx_word' id='word_1_81' title='bbox 822 1049 1124 1117; x_wconf 86' lang='lat' dir='ltr'><strong>meretrici,</strong></span> <span class='ocrx_word' id='word_1_82' title='bbox 1161 1065 1323 1103; x_wconf 90' lang='lat' dir='ltr'><strong>unum</strong></span> <span class='ocrx_word' id='word_1_83' title='bbox 1377 1065 1569 1118; x_wconf 90' lang='lat' dir='ltr'><strong>corpus</strong></span> <span class='ocrx_word' id='word_1_84' title='bbox 1609 1059 1720 1114; x_wconf 90' lang='lat' dir='ltr'><strong>est;</strong></span> <span class='ocrx_word' id='word_1_85' title='bbox 1779 1051 1867 1118; x_wconf 87' lang='lat' dir='ltr'><strong>qui</strong></span> 
     </span>
    </p>
   </div>
   <div class='ocr_carea' id='block_1_12' title="bbox 315 1137 1864 1206">
    <p class='ocr_par' dir='ltr' id='par_1_12' title="bbox 315 1137 1864 1206">
     <span class='ocr_line' id='line_1_12' title="bbox 315 1137 1864 1206; baseline 0.001 -18"><span class='ocrx_word' id='word_1_86' title='bbox 315 1147 514 1190; x_wconf 88' lang='lat' dir='ltr'><strong>autem</strong></span> <span class='ocrx_word' id='word_1_87' title='bbox 559 1137 736 1204; x_wconf 81' lang='lat' dir='ltr'><strong>jungit</strong></span> <span class='ocrx_word' id='word_1_88' title='bbox 781 1152 839 1190; x_wconf 91' lang='lat' dir='ltr'><strong>se</strong></span> <span class='ocrx_word' id='word_1_89' title='bbox 883 1137 1139 1201; x_wconf 90' lang='lat' dir='ltr'><strong>Domino,</strong></span> <span class='ocrx_word' id='word_1_90' title='bbox 1188 1153 1324 1192; x_wconf 92' lang='lat' dir='ltr'><strong>unus</strong></span> <span class='ocrx_word' id='word_1_91' title='bbox 1362 1139 1578 1206; x_wconf 86' lang='lat' dir='ltr'><strong>spiritus</strong></span> <span class='ocrx_word' id='word_1_92' title='bbox 1621 1147 1700 1192; x_wconf 87' lang='lat' dir='ltr'><strong>est</strong></span> <span class='ocrx_word' id='word_1_93' title='bbox 1742 1139 1807 1191; x_wconf 75' lang='grc'><strong>⁸⁵.</strong></span> <span class='ocrx_word' id='word_1_94' title='bbox 1846 1157 1864 1188; x_wconf 75' lang='grc' dir='ltr'>ι</span> 
     </span>
    </p>
   </div>
   <div class='ocr_carea' id='block_1_13' title="bbox 313 1223 1870 1296">
    <p class='ocr_par' dir='ltr' id='par_1_13' title="bbox 313 1223 1870 1296">
     <span class='ocr_line' id='line_1_13' title="bbox 313 1223 1870 1296; baseline 0.003 -19"><span class='ocrx_word' id='word_1_95' title='bbox 313 1223 434 1279; x_wconf 84' lang='lat' dir='ltr'><strong>Nec</strong></span> <span class='ocrx_word' id='word_1_96' title='bbox 471 1226 689 1280; x_wconf 89' lang='lat' dir='ltr'><strong>mireris</strong></span> <span class='ocrx_word' id='word_1_97' title='bbox 733 1226 780 1279; x_wconf 88' lang='lat' dir='ltr'><strong>si</strong></span> <span class='ocrx_word' id='word_1_98' title='bbox 813 1241 1023 1279; x_wconf 90' lang='lat' dir='ltr'><strong>carnem</strong></span> <span class='ocrx_word' id='word_1_99' title='bbox 1054 1228 1388 1282; x_wconf 85' lang='lat' dir='ltr'><strong>meretricem</strong></span> <span class='ocrx_word' id='word_1_100' title='bbox 1415 1236 1597 1293; x_wconf 89' lang='lat' dir='ltr'><strong>vocet,</strong></span> <span class='ocrx_word' id='word_1_101' title='bbox 1629 1243 1740 1296; x_wconf 78' lang='lat' dir='ltr'><strong>qua:</strong></span> <span class='ocrx_word' id='word_1_102' title='bbox 1769 1228 1870 1282; x_wconf 90' lang='lat' dir='ltr'><strong>illis</strong></span> 
     </span>
    </p>
   </div>
   <div class='ocr_carea' id='block_1_14' title="bbox 310 1315 1868 1385">
    <p class='ocr_par' dir='ltr' id='par_1_14' title="bbox 310 1315 1868 1385">
     <span class='ocr_line' id='line_1_14' title="bbox 310 1315 1868 1385; baseline 0.002 -18"><span class='ocrx_word' id='word_1_103' title='bbox 310 1315 580 1369; x_wconf 86' lang='lat' dir='ltr'><strong>omnibus</strong></span> <span class='ocrx_word' id='word_1_104' title='bbox 612 1330 730 1383; x_wconf 78' lang='lat' dir='ltr'><strong>quae</strong></span> <span class='ocrx_word' id='word_1_105' title='bbox 755 1330 916 1383; x_wconf 83' lang='lat' dir='ltr'><strong>supra</strong></span> <span class='ocrx_word' id='word_1_106' title='bbox 945 1316 1372 1370; x_wconf 87' lang='lat' dir='ltr'><strong>enumeravimus</strong></span> <span class='ocrx_word' id='word_1_107' title='bbox 1400 1317 1542 1370; x_wconf 83' lang='lat' dir='ltr'><strong>vitiis</strong></span> <span class='ocrx_word' id='word_1_108' title='bbox 1565 1327 1723 1385; x_wconf 90' lang='lat' dir='ltr'><strong>atque</strong></span> <span class='ocrx_word' id='word_1_109' title='bbox 1747 1331 1868 1384; x_wconf 82' lang='lat' dir='ltr'><strong>pec-</strong></span> 
     </span>
    </p>
   </div>
   <div class='ocr_carea' id='block_1_15' title="bbox 301 1398 1864 1475">
    <p class='ocr_par' dir='ltr' id='par_1_15' title="bbox 301 1398 1864 1475">
     <span class='ocr_line' id='line_1_15' title="bbox 301 1398 1864 1475; baseline 0 -18"><span class='ocrx_word' id='word_1_110' title='bbox 301 1398 501 1470; x_wconf 58' lang='lat' dir='ltr'><strong>catis,</strong></span> <span class='ocrx_word' id='word_1_111' title='bbox 554 1415 808 1474; x_wconf 85' lang='lat' dir='ltr'><strong>tanquam</strong></span> <span class='ocrx_word' id='word_1_112' title='bbox 861 1407 1180 1473; x_wconf 88' lang='lat' dir='ltr'><strong>turpissimis</strong></span> <span class='ocrx_word' id='word_1_113' title='bbox 1223 1406 1558 1461; x_wconf 83' lang='lat' dir='ltr'><strong>amatoribus</strong></span> <span class='ocrx_word' id='word_1_114' title='bbox 1606 1407 1864 1475; x_wconf 84' lang='lat' dir='ltr'><strong>subjacet.</strong></span> 
     </span>
    </p>
   </div>
   <div class='ocr_carea' id='block_1_16' title="bbox 311 1492 1866 1564">
    <p class='ocr_par' dir='ltr' id='par_1_16' title="bbox 311 1492 1866 1564">
     <span class='ocr_line' id='line_1_16' title="bbox 311 1492 1866 1564; baseline 0.001 -17"><span class='ocrx_word' id='word_1_115' title='bbox 311 1492 574 1561; x_wconf 82' lang='lat' dir='ltr'><strong>Requiro</strong></span> <span class='ocrx_word' id='word_1_116' title='bbox 598 1506 775 1549; x_wconf 86' lang='lat' dir='ltr'><strong>autem</strong></span> <span class='ocrx_word' id='word_1_117' title='bbox 811 1512 906 1549; x_wconf 93' lang='lat' dir='ltr'><strong>cur</strong></span> <span class='ocrx_word' id='word_1_118' title='bbox 934 1497 1233 1557; x_wconf 85' lang='lat' dir='ltr'><strong>addiderit,</strong></span> <span class='ocrx_word' id='word_1_119' title='bbox 1264 1513 1283 1546; x_wconf 81' lang='lat' dir='ltr'><strong>t</strong></span> <span class='ocrx_word' id='word_1_120' title='bbox 1325 1496 1377 1548; x_wconf 90' lang='lat' dir='ltr'><strong>in</strong></span> <span class='ocrx_word' id='word_1_121' title='bbox 1414 1510 1640 1564; x_wconf 87' lang='lat' dir='ltr'><strong>corpore</strong></span> <span class='ocrx_word' id='word_1_122' title='bbox 1683 1505 1866 1548; x_wconf 87' lang='lat' dir='ltr'><strong>vestro</strong></span> 
     </span>
    </p>
   </div>
   <div class='ocr_carea' id='block_1_17' title="bbox 311 1583 1865 1654">
    <p class='ocr_par' dir='ltr' id='par_1_17' title="bbox 311 1583 1865 1654">
     <span class='ocr_line' id='line_1_17' title="bbox 311 1583 1865 1654; baseline -0.001 -16"><span class='ocrx_word' id='word_1_123' title='bbox 311 1586 586 1650; x_wconf 83' lang='lat' dir='ltr'><strong>mortali,</strong></span> <span class='ocrx_word' id='word_1_124' title='bbox 631 1604 650 1637; x_wconf 70' lang='grc' dir='ltr'><strong><em>ι</em></strong></span> <span class='ocrx_word' id='word_1_125' title='bbox 701 1601 821 1640; x_wconf 90' lang='lat' dir='ltr'><strong>cum</strong></span> <span class='ocrx_word' id='word_1_126' title='bbox 859 1588 1039 1654; x_wconf 84' lang='lat' dir='ltr'><strong>utique</strong></span> <span class='ocrx_word' id='word_1_127' title='bbox 1091 1583 1388 1639; x_wconf 67' lang='lat' dir='ltr'><strong>suffecisset</strong></span> <span class='ocrx_word' id='word_1_128' title='bbox 1437 1585 1657 1638; x_wconf 87' lang='lat' dir='ltr'><strong>dicere:</strong></span> <span class='ocrx_word' id='word_1_129' title='bbox 1699 1603 1717 1635; x_wconf 71' lang='grc' dir='ltr'>ι</span> <span class='ocrx_word' id='word_1_130' title='bbox 1754 1584 1865 1637; x_wconf 84' lang='lat' dir='ltr'><strong>Non</strong></span> 
     </span>
    </p>
   </div>
   <div class='ocr_carea' id='block_1_18' title="bbox 311 1675 1866 1744">
    <p class='ocr_par' dir='ltr' id='par_1_18' title="bbox 311 1675 1866 1744">
     <span class='ocr_line' id='line_1_18' title="bbox 311 1675 1866 1744; baseline 0.001 -17"><span class='ocrx_word' id='word_1_131' title='bbox 311 1687 457 1741; x_wconf 84' lang='lat' dir='ltr'><strong>ergo</strong></span> <span class='ocrx_word' id='word_1_132' title='bbox 509 1685 700 1744; x_wconf 87' lang='lat' dir='ltr'><strong>regnet</strong></span> <span class='ocrx_word' id='word_1_133' title='bbox 759 1685 1036 1744; x_wconf 89' lang='lat' dir='ltr'><strong>peccatum</strong></span> <span class='ocrx_word' id='word_1_134' title='bbox 1087 1677 1139 1728; x_wconf 91' lang='lat' dir='ltr'><strong>in</strong></span> <span class='ocrx_word' id='word_1_135' title='bbox 1186 1685 1364 1729; x_wconf 79' lang='lat' dir='ltr'><strong>veStro</strong></span> <span class='ocrx_word' id='word_1_136' title='bbox 1418 1688 1660 1742; x_wconf 90' lang='lat' dir='ltr'><strong>corpore.</strong></span> <span class='ocrx_word' id='word_1_137' title='bbox 1699 1693 1717 1724; x_wconf 73' lang='grc' dir='ltr'><strong><em>ι</em></strong></span> <span class='ocrx_word' id='word_1_138' title='bbox 1776 1675 1866 1731; x_wconf 86' lang='lat' dir='ltr'><strong>Ut-</strong></span> 
     </span>
    </p>
   </div>
   <div class='ocr_carea' id='block_1_19' title="bbox 1979 505 3506 581">
    <p class='ocr_par' dir='ltr' id='par_1_19' title="bbox 1979 505 3506 581">
     <span class='ocr_line' id='line_1_19' title="bbox 1979 505 3506 581; baseline 0.009 -25"><span class='ocrx_word' id='word_1_139' title='bbox 1979 505 2080 557; x_wconf 92' lang='lat' dir='ltr'><strong>tuis</strong></span> <span class='ocrx_word' id='word_1_140' title='bbox 2103 506 2358 569; x_wconf 87' lang='lat' dir='ltr'><strong>viventes,</strong></span> <span class='ocrx_word' id='word_1_141' title='bbox 2387 516 2439 560; x_wconf 88' lang='lat' dir='ltr'><strong>et</strong></span> <span class='ocrx_word' id='word_1_142' title='bbox 2473 509 2703 562; x_wconf 88' lang='lat' dir='ltr'><strong>membra</strong></span> <span class='ocrx_word' id='word_1_143' title='bbox 2744 519 2917 564; x_wconf 86' lang='lat' dir='ltr'><strong>vestra</strong></span> <span class='ocrx_word' id='word_1_144' title='bbox 2973 513 3140 580; x_wconf 84' lang='lat' dir='ltr'><strong>magis</strong></span> <span class='ocrx_word' id='word_1_145' title='bbox 3172 527 3316 567; x_wconf 89' lang='lat' dir='ltr'><strong>arma</strong></span> <span class='ocrx_word' id='word_1_146' title='bbox 3344 513 3506 581; x_wconf 84' lang='lat' dir='ltr'><strong>justi-</strong></span> 
     </span>
    </p>
   </div>
   <div class='ocr_carea' id='block_1_20' title="bbox 1979 593 3502 668">
    <p class='ocr_par' dir='ltr' id='par_1_20' title="bbox 1979 593 3502 668">
     <span class='ocr_line' id='line_1_20' title="bbox 1979 593 3502 668; baseline 0.007 -24"><span class='ocrx_word' id='word_1_147' title='bbox 1979 593 2058 647; x_wconf 74' lang='lat' dir='ltr'><strong>tize</strong></span> <span class='ocrx_word' id='word_1_148' title='bbox 2086 593 2210 647; x_wconf 91' lang='lat' dir='ltr'><strong>Deo.</strong></span> <span class='ocrx_word' id='word_1_149' title='bbox 2242 613 2260 646; x_wconf 77' lang='grc' dir='ltr'><strong><em>ι</em></strong></span> <span class='ocrx_word' id='word_1_150' title='bbox 2317 596 2524 650; x_wconf 86' lang='lat' dir='ltr'><strong>Intuere</strong></span> <span class='ocrx_word' id='word_1_151' title='bbox 2573 611 2670 664; x_wconf 86' lang='lat' dir='ltr'><strong>per</strong></span> <span class='ocrx_word' id='word_1_152' title='bbox 2711 598 2916 667; x_wconf 84' lang='lat' dir='ltr'><strong>singula</strong></span> <span class='ocrx_word' id='word_1_153' title='bbox 2955 599 3268 668; x_wconf 86' lang='lat' dir='ltr'><strong>sapientiam</strong></span> <span class='ocrx_word' id='word_1_154' title='bbox 3305 601 3450 655; x_wconf 86' lang='lat' dir='ltr'><strong>Pauli</strong></span> <span class='ocrx_word' id='word_1_155' title='bbox 3485 642 3502 667; x_wconf 89' lang='lat'><strong>,</strong></span> 
     </span>
    </p>
   </div>
   <div class='ocr_carea' id='block_1_21' title="bbox 1974 682 3501 753">
    <p class='ocr_par' dir='ltr' id='par_1_21' title="bbox 1974 682 3501 753">
     <span class='ocr_line' id='line_1_21' title="bbox 1974 682 3501 753; baseline 0.009 -21"><span class='ocrx_word' id='word_1_156' title='bbox 1974 683 2093 751; x_wconf 89' lang='lat' dir='ltr'><strong>quia</strong></span> <span class='ocrx_word' id='word_1_157' title='bbox 2129 682 2238 753; x_wconf 85' lang='lat'><strong>(76)</strong></span> <span class='ocrx_word' id='word_1_158' title='bbox 2279 683 2594 738; x_wconf 77' lang='lat' dir='ltr'><strong>necessariis</strong></span> <span class='ocrx_word' id='word_1_159' title='bbox 2649 685 3130 753; x_wconf 90' lang='lat' dir='ltr'><strong>discrepationibus</strong></span> <span class='ocrx_word' id='word_1_160' title='bbox 3158 689 3345 743; x_wconf 86' lang='lat' dir='ltr'><strong>utitur.</strong></span> <span class='ocrx_word' id='word_1_161' title='bbox 3399 690 3501 746; x_wconf 88' lang='lat' dir='ltr'><strong>Ubi</strong></span> 
     </span>
    </p>
   </div>
   <div class='ocr_carea' id='block_1_22' title="bbox 1973 770 3502 847">
    <p class='ocr_par' dir='ltr' id='par_1_22' title="bbox 1973 770 3502 847">
     <span class='ocr_line' id='line_1_22' title="bbox 1973 770 3502 847; baseline 0.008 -25"><span class='ocrx_word' id='word_1_162' title='bbox 1973 770 2102 824; x_wconf 87' lang='lat' dir='ltr'><strong>dicit</strong></span> <span class='ocrx_word' id='word_1_163' title='bbox 2137 786 2285 824; x_wconf 90' lang='lat' dir='ltr'><strong>arma</strong></span> <span class='ocrx_word' id='word_1_164' title='bbox 2330 787 2431 824; x_wconf 90' lang='lat' dir='ltr'><strong>non</strong></span> <span class='ocrx_word' id='word_1_165' title='bbox 2463 781 2578 825; x_wconf 87' lang='lat' dir='ltr'><strong>esse</strong></span> <span class='ocrx_word' id='word_1_166' title='bbox 2607 774 2884 839; x_wconf 69' lang='lat' dir='ltr'><strong>prmbenda</strong></span> <span class='ocrx_word' id='word_1_167' title='bbox 2941 787 3158 843; x_wconf 90' lang='lat' dir='ltr'><strong>peccato</strong></span> <span class='ocrx_word' id='word_1_168' title='bbox 3191 777 3272 831; x_wconf 87' lang='lat' dir='ltr'><strong>vel</strong></span> <span class='ocrx_word' id='word_1_169' title='bbox 3309 779 3502 847; x_wconf 85' lang='lat' dir='ltr'><strong>iniqui-</strong></span> 
     </span>
    </p>
   </div>
   <div class='ocr_carea' id='block_1_23' title="bbox 1977 860 3501 933">
    <p class='ocr_par' dir='ltr' id='par_1_23' title="bbox 1977 860 3501 933">
     <span class='ocr_line' id='line_1_23' title="bbox 1977 860 3501 933; baseline 0.009 -22"><span class='ocrx_word' id='word_1_170' title='bbox 1977 861 2090 922; x_wconf 92' lang='lat' dir='ltr'><strong>tati,</strong></span> <span class='ocrx_word' id='word_1_171' title='bbox 2124 875 2226 914; x_wconf 91' lang='lat' dir='ltr'><strong>non</strong></span> <span class='ocrx_word' id='word_1_172' title='bbox 2257 875 2372 924; x_wconf 89' lang='lat' dir='ltr'><strong>nos,</strong></span> <span class='ocrx_word' id='word_1_173' title='bbox 2410 860 2500 914; x_wconf 92' lang='lat' dir='ltr'><strong>sed</strong></span> <span class='ocrx_word' id='word_1_174' title='bbox 2533 863 2765 915; x_wconf 87' lang='lat' dir='ltr'><strong>membra</strong></span> <span class='ocrx_word' id='word_1_175' title='bbox 2799 874 2976 918; x_wconf 89' lang='lat' dir='ltr'><strong>nostra</strong></span> <span class='ocrx_word' id='word_1_176' title='bbox 3009 866 3152 933; x_wconf 90' lang='lat' dir='ltr'><strong>ponit</strong></span> <span class='ocrx_word' id='word_1_177' title='bbox 3191 885 3205 919; x_wconf 92' lang='lat'><strong>:</strong></span> <span class='ocrx_word' id='word_1_178' title='bbox 3238 868 3324 920; x_wconf 87' lang='lat' dir='ltr'><strong>ubi</strong></span> <span class='ocrx_word' id='word_1_179' title='bbox 3374 884 3501 926; x_wconf 88' lang='lat' dir='ltr'><strong>vero</strong></span> 
     </span>
    </p>
   </div>
   <div class='ocr_carea' id='block_1_24' title="bbox 1971 949 3500 1016">
    <p class='ocr_par' dir='ltr' id='par_1_24' title="bbox 1971 949 3500 1016">
     <span class='ocr_line' id='line_1_24' title="bbox 1971 949 3500 1016; baseline 0.007 -15"><span class='ocrx_word' id='word_1_180' title='bbox 1971 949 2153 1002; x_wconf 84' lang='lat' dir='ltr'><strong>suadet</strong></span> <span class='ocrx_word' id='word_1_181' title='bbox 2209 958 2266 1000; x_wconf 90' lang='lat' dir='ltr'><strong>ut</strong></span> <span class='ocrx_word' id='word_1_182' title='bbox 2296 949 2399 1002; x_wconf 88' lang='lat' dir='ltr'><strong>Deo</strong></span> <span class='ocrx_word' id='word_1_183' title='bbox 2447 964 2543 1003; x_wconf 92' lang='lat' dir='ltr'><strong>nos</strong></span> <span class='ocrx_word' id='word_1_184' title='bbox 2586 950 2965 1016; x_wconf 80' lang='lat' dir='ltr'><strong>exhibeamus,</strong></span> <span class='ocrx_word' id='word_1_185' title='bbox 3023 968 3125 1008; x_wconf 89' lang='lat' dir='ltr'><strong>non</strong></span> <span class='ocrx_word' id='word_1_186' title='bbox 3158 965 3280 1010; x_wconf 88' lang='lat' dir='ltr'><strong>ante</strong></span> <span class='ocrx_word' id='word_1_187' title='bbox 3328 971 3500 1012; x_wconf 81' lang='lat' dir='ltr'><strong>mem—</strong></span> 
     </span>
    </p>
   </div>
   <div class='ocr_carea' id='block_1_25' title="bbox 1970 1037 3501 1111">
    <p class='ocr_par' dir='ltr' id='par_1_25' title="bbox 1970 1037 3501 1111">
     <span class='ocr_line' id='line_1_25' title="bbox 1970 1037 3501 1111; baseline 0.007 -21"><span class='ocrx_word' id='word_1_188' title='bbox 1970 1037 2065 1090; x_wconf 86' lang='lat' dir='ltr'><strong>bra</strong></span> <span class='ocrx_word' id='word_1_189' title='bbox 2093 1038 2223 1106; x_wconf 88' lang='lat'><strong>(77),</strong></span> <span class='ocrx_word' id='word_1_190' title='bbox 2251 1054 2408 1106; x_wconf 86' lang='lat' dir='ltr'><strong>quam</strong></span> <span class='ocrx_word' id='word_1_191' title='bbox 2455 1053 2550 1092; x_wconf 93' lang='lat' dir='ltr'><strong>nos</strong></span> <span class='ocrx_word' id='word_1_192' title='bbox 2602 1039 2743 1106; x_wconf 89' lang='lat' dir='ltr'><strong>ipsos</strong></span> <span class='ocrx_word' id='word_1_193' title='bbox 2784 1043 3021 1096; x_wconf 80' lang='lat' dir='ltr'><strong>exhiberi</strong></span> <span class='ocrx_word' id='word_1_194' title='bbox 3053 1045 3159 1098; x_wconf 85' lang='lat' dir='ltr'><strong>vult</strong></span> <span class='ocrx_word' id='word_1_195' title='bbox 3192 1047 3298 1100; x_wconf 89' lang='lat' dir='ltr'><strong>Deo</strong></span> <span class='ocrx_word' id='word_1_196' title='bbox 3329 1087 3344 1111; x_wconf 93' lang='lat'><strong>,</strong></span> <span class='ocrx_word' id='word_1_197' title='bbox 3399 1049 3501 1102; x_wconf 88' lang='lat' dir='ltr'><strong>hoc</strong></span> 
     </span>
    </p>
   </div>
   <div class='ocr_carea' id='block_1_26' title="bbox 1969 1128 3501 1203">
    <p class='ocr_par' dir='ltr' id='par_1_26' title="bbox 1969 1128 3501 1203">
     <span class='ocr_line' id='line_1_26' title="bbox 1969 1128 3501 1203; baseline 0.008 -25"><span class='ocrx_word' id='word_1_198' title='bbox 1969 1135 2049 1179; x_wconf 89' lang='lat' dir='ltr'><strong>est</strong></span> <span class='ocrx_word' id='word_1_199' title='bbox 2101 1129 2348 1190; x_wconf 86' lang='lat' dir='ltr'><strong>animam,</strong></span> <span class='ocrx_word' id='word_1_200' title='bbox 2384 1128 2464 1180; x_wconf 91' lang='lat' dir='ltr'><strong>vel</strong></span> <span class='ocrx_word' id='word_1_201' title='bbox 2495 1129 2820 1196; x_wconf 87' lang='lat' dir='ltr'><strong>propositqu</strong></span> <span class='ocrx_word' id='word_1_202' title='bbox 2848 1141 3081 1186; x_wconf 91' lang='lat' dir='ltr'><strong>nostrum</strong></span> <span class='ocrx_word' id='word_1_203' title='bbox 3108 1173 3122 1197; x_wconf 96' lang='lat'><strong>,</strong></span> <span class='ocrx_word' id='word_1_204' title='bbox 3153 1143 3208 1187; x_wconf 92' lang='lat' dir='ltr'><strong>ut</strong></span> <span class='ocrx_word' id='word_1_205' title='bbox 3233 1150 3350 1188; x_wconf 91' lang='lat' dir='ltr'><strong>cum</strong></span> <span class='ocrx_word' id='word_1_206' title='bbox 3388 1137 3501 1203; x_wconf 90' lang='lat' dir='ltr'><strong>pios</strong></span> 
     </span>
    </p>
   </div>
   <div class='ocr_carea' id='block_1_27' title="bbox 1970 1216 3498 1288">
    <p class='ocr_par' dir='ltr' id='par_1_27' title="bbox 1970 1216 3498 1288">
     <span class='ocr_line' id='line_1_27' title="bbox 1970 1216 3498 1288; baseline 0.007 -20"><span class='ocrx_word' id='word_1_207' title='bbox 1970 1230 2066 1268; x_wconf 93' lang='lat' dir='ltr'><strong>nos</strong></span> <span class='ocrx_word' id='word_1_208' title='bbox 2097 1216 2236 1282; x_wconf 90' lang='lat' dir='ltr'><strong>ipsos</strong></span> <span class='ocrx_word' id='word_1_209' title='bbox 2259 1218 2654 1272; x_wconf 79' lang='lat' dir='ltr'><strong>exltibuerimus</strong></span> <span class='ocrx_word' id='word_1_210' title='bbox 2681 1221 2807 1284; x_wconf 90' lang='lat' dir='ltr'><strong>Deo,</strong></span> <span class='ocrx_word' id='word_1_211' title='bbox 2845 1228 2896 1273; x_wconf 88' lang='lat' dir='ltr'><strong>et</strong></span> <span class='ocrx_word' id='word_1_212' title='bbox 2924 1221 3305 1277; x_wconf 69' lang='lat' dir='ltr'><strong>adbxeserimus</strong></span> <span class='ocrx_word' id='word_1_213' title='bbox 3333 1225 3404 1288; x_wconf 92' lang='lat' dir='ltr'><strong>ei,</strong></span> <span class='ocrx_word' id='word_1_214' title='bbox 3426 1226 3498 1278; x_wconf 86' lang='lat' dir='ltr'><strong>ita</strong></span> 
     </span>
    </p>
   </div>
   <div class='ocr_carea' id='block_1_28' title="bbox 1968 1303 3499 1380">
    <p class='ocr_par' dir='ltr' id='par_1_28' title="bbox 1968 1303 3499 1380">
     <span class='ocr_line' id='line_1_28' title="bbox 1968 1303 3499 1380; baseline 0.008 -26"><span class='ocrx_word' id='word_1_215' title='bbox 1968 1303 2177 1356; x_wconf 89' lang='lat' dir='ltr'><strong>demum</strong></span> <span class='ocrx_word' id='word_1_216' title='bbox 2208 1306 2366 1358; x_wconf 88' lang='lat' dir='ltr'><strong>etiam</strong></span> <span class='ocrx_word' id='word_1_217' title='bbox 2418 1308 2654 1361; x_wconf 87' lang='lat' dir='ltr'><strong>membra</strong></span> <span class='ocrx_word' id='word_1_218' title='bbox 2696 1317 2874 1361; x_wconf 83' lang='lat' dir='ltr'><strong>nostra</strong></span> <span class='ocrx_word' id='word_1_219' title='bbox 2917 1307 3205 1364; x_wconf 91' lang='lat' dir='ltr'><strong>efﬁciamus</strong></span> <span class='ocrx_word' id='word_1_220' title='bbox 3237 1327 3382 1366; x_wconf 82' lang='lat' dir='ltr'><strong>arma</strong></span> <span class='ocrx_word' id='word_1_221' title='bbox 3411 1312 3499 1380; x_wconf 86' lang='lat' dir='ltr'><strong>ju-</strong></span> 
     </span>
    </p>
   </div>
   <div class='ocr_carea' id='block_1_29' title="bbox 1967 1393 3499 1471">
    <p class='ocr_par' dir='ltr' id='par_1_29' title="bbox 1967 1393 3499 1471">
     <span class='ocr_line' id='line_1_29' title="bbox 1967 1393 3499 1471; baseline 0.007 -25"><span class='ocrx_word' id='word_1_222' title='bbox 1967 1395 2122 1448; x_wconf 81' lang='lat' dir='ltr'><strong>stitiae</strong></span> <span class='ocrx_word' id='word_1_223' title='bbox 2156 1393 2282 1448; x_wconf 88' lang='lat' dir='ltr'><strong>Deo.</strong></span> <span class='ocrx_word' id='word_1_224' title='bbox 2318 1394 2466 1450; x_wconf 91' lang='lat' dir='ltr'><strong>Sicut</strong></span> <span class='ocrx_word' id='word_1_225' title='bbox 2496 1397 2638 1450; x_wconf 90' lang='lat' dir='ltr'><strong>enim</strong></span> <span class='ocrx_word' id='word_1_226' title='bbox 2662 1412 2848 1452; x_wconf 89' lang='lat' dir='ltr'><strong>manus</strong></span> <span class='ocrx_word' id='word_1_227' title='bbox 2878 1409 3073 1454; x_wconf 73' lang='lat' dir='ltr'><strong>sancta:</strong></span> <span class='ocrx_word' id='word_1_228' title='bbox 3097 1401 3499 1471; x_wconf 82' lang='lat' dir='ltr'><strong>dicuntur,quae</strong></span> 
     </span>
    </p>
   </div>
   <div class='ocr_carea' id='block_1_30' title="bbox 1967 1483 3492 1557">
    <p class='ocr_par' dir='ltr' id='par_1_30' title="bbox 1967 1483 3492 1557">
     <span class='ocr_line' id='line_1_30' title="bbox 1967 1483 3492 1557; baseline 0.008 -21"><span class='ocrx_word' id='word_1_229' title='bbox 1967 1483 2168 1536; x_wconf 86' lang='lat' dir='ltr'><strong>sanctis</strong></span> <span class='ocrx_word' id='word_1_230' title='bbox 2195 1485 2449 1550; x_wconf 88' lang='lat' dir='ltr'><strong>operibus</strong></span> <span class='ocrx_word' id='word_1_231' title='bbox 2475 1487 2910 1552; x_wconf 83' lang='lat' dir='ltr'><strong>ministraveriut,</strong></span> <span class='ocrx_word' id='word_1_232' title='bbox 2939 1501 2996 1541; x_wconf 93' lang='lat' dir='ltr'><strong>ut</strong></span> <span class='ocrx_word' id='word_1_233' title='bbox 3023 1489 3303 1557; x_wconf 88' lang='lat' dir='ltr'><strong>Apostolus</strong></span> <span class='ocrx_word' id='word_1_234' title='bbox 3337 1494 3492 1548; x_wconf 88' lang='lat' dir='ltr'><strong>dicit:</strong></span> 
     </span>
    </p>
   </div>
   <div class='ocr_carea' id='block_1_31' title="bbox 1972 1569 3495 1650">
    <p class='ocr_par' dir='ltr' id='par_1_31' title="bbox 1972 1569 3495 1650">
     <span class='ocr_line' id='line_1_31' title="bbox 1972 1569 3495 1650; baseline 0.011 -30"><span class='ocrx_word' id='word_1_235' title='bbox 1972 1589 1988 1620; x_wconf 80' lang='grc' dir='ltr'>ι</span> <span class='ocrx_word' id='word_1_236' title='bbox 2024 1569 2282 1627; x_wconf 89' lang='lat' dir='ltr'><strong>Levanles</strong></span> <span class='ocrx_word' id='word_1_237' title='bbox 2333 1589 2492 1640; x_wconf 88' lang='lat' dir='ltr'><strong>puras</strong></span> <span class='ocrx_word' id='word_1_238' title='bbox 2538 1590 2725 1629; x_wconf 90' lang='lat' dir='ltr'><strong>manus</strong></span> <span class='ocrx_word' id='word_1_239' title='bbox 2775 1577 2890 1631; x_wconf 87' lang='lat' dir='ltr'><strong>sine</strong></span> <span class='ocrx_word' id='word_1_240' title='bbox 2933 1579 3009 1630; x_wconf 89' lang='lat' dir='ltr'><strong>ira</strong></span> <span class='ocrx_word' id='word_1_241' title='bbox 3063 1590 3116 1632; x_wconf 92' lang='lat' dir='ltr'><strong>et</strong></span> <span class='ocrx_word' id='word_1_242' title='bbox 3150 1581 3495 1650; x_wconf 88' lang='lat' dir='ltr'><strong>disceptatio-</strong></span> 
     </span>
    </p>
   </div>
   <div class='ocr_carea' id='block_1_32' title="bbox 1967 1659 3494 1738">
    <p class='ocr_par' dir='ltr' id='par_1_32' title="bbox 1967 1659 3494 1738">
     <span class='ocr_line' id='line_1_32' title="bbox 1967 1659 3494 1738; baseline 0.009 -30"><span class='ocrx_word' id='word_1_243' title='bbox 1967 1672 2033 1709; x_wconf 89' lang='lat' dir='ltr'><strong>ne</strong></span> <span class='ocrx_word' id='word_1_244' title='bbox 2052 1659 2096 1688; x_wconf 83' lang='grc'><strong>⁷⁰</strong></span> <span class='ocrx_word' id='word_1_245' title='bbox 2128 1674 2143 1722; x_wconf 91' lang='lat'><strong>;</strong></span> <span class='ocrx_word' id='word_1_246' title='bbox 2184 1678 2202 1709; x_wconf 75' lang='grc' dir='ltr'><strong><em>ι</em></strong></span> <span class='ocrx_word' id='word_1_247' title='bbox 2232 1670 2285 1714; x_wconf 88' lang='grc' dir='ltr'>ει</span> <span class='ocrx_word' id='word_1_248' title='bbox 2307 1676 2515 1715; x_wconf 90' lang='lat' dir='ltr'><strong>rursum</strong></span> <span class='ocrx_word' id='word_1_249' title='bbox 2541 1678 2726 1718; x_wconf 89' lang='lat' dir='ltr'><strong>manus</strong></span> <span class='ocrx_word' id='word_1_250' title='bbox 2760 1664 3004 1717; x_wconf 89' lang='lat' dir='ltr'><strong>dicuntur</strong></span> <span class='ocrx_word' id='word_1_251' title='bbox 3027 1665 3193 1734; x_wconf 65' lang='lat' dir='ltr'><strong>plenae</strong></span> <span class='ocrx_word' id='word_1_252' title='bbox 3215 1670 3494 1738; x_wconf 89' lang='lat' dir='ltr'><strong>sanguine,</strong></span> 
     </span>
    </p>
   </div>
   <div class='ocr_carea' id='block_1_33' title="bbox 308 1739 3492 1832">
    <p class='ocr_par' dir='ltr' id='par_1_33' title="bbox 308 1739 3492 1832">
     <span class='ocr_line' id='line_1_33' title="bbox 308 1739 3492 1832; baseline 0.003 -16"><span class='ocrx_word' id='word_1_253' title='bbox 308 1739 451 1832; x_wconf 77' lang='lat' dir='ltr'><strong>quid</strong></span> <span class='ocrx_word' id='word_1_254' title='bbox 489 1739 706 1818; x_wconf 79' lang='lat' dir='ltr'><strong>additur</strong></span> <span class='ocrx_word' id='word_1_255' title='bbox 730 1739 782 1818; x_wconf 74' lang='lat' dir='ltr'><strong>et</strong></span> <span class='ocrx_word' id='word_1_256' title='bbox 815 1783 834 1815; x_wconf 72' lang='grc' dir='ltr'>ι</span> <span class='ocrx_word' id='word_1_257' title='bbox 868 1764 1072 1818; x_wconf 75' lang='lat' dir='ltr'><strong>mortali</strong></span> <span class='ocrx_word' id='word_1_258' title='bbox 1100 1763 1228 1831; x_wconf 87' lang='lat'><strong>(69),</strong></span> <span class='ocrx_word' id='word_1_259' title='bbox 1256 1781 1273 1814; x_wconf 77' lang='grc' dir='ltr'><strong><em>ι</em></strong></span> <span class='ocrx_word' id='word_1_260' title='bbox 1300 1762 1449 1831; x_wconf 88' lang='lat' dir='ltr'><strong>quasi</strong></span> <span class='ocrx_word' id='word_1_261' title='bbox 1474 1739 1735 1816; x_wconf 82' lang='lat' dir='ltr'><strong>dubitaret</strong></span> <span class='ocrx_word' id='word_1_262' title='bbox 1765 1764 1864 1817; x_wconf 85' lang='lat' dir='ltr'><strong>ali-</strong></span> <span class='ocrx_word' id='word_1_263' title='bbox 1898 1739 1940 1796; x_wconf 82' lang='grc' dir='ltr'>Β</span> <span class='ocrx_word' id='word_1_264' title='bbox 1967 1759 2083 1832; x_wconf 57' lang='grc' dir='ltr'><strong>ηυδε</strong></span> <span class='ocrx_word' id='word_1_265' title='bbox 2101 1746 2550 1803; x_wconf 71' lang='grc' dir='ltr'><strong>ειίιυίΐυηιιοηιιιιιη</strong></span> <span class='ocrx_word' id='word_1_266' title='bbox 2570 1753 2877 1819; x_wconf 73' lang='lat' dir='ltr'><strong>sanguinem</strong></span> <span class='ocrx_word' id='word_1_267' title='bbox 2905 1754 3325 1808; x_wconf 68' lang='lat' dir='ltr'><strong>ministraverim</strong></span> <span class='ocrx_word' id='word_1_268' title='bbox 3351 1755 3492 1828; x_wconf 76' lang='lat'><strong>(78):</strong></span> 
     </span>
    </p>
   </div>
   <div class='ocr_carea' id='block_1_34' title="bbox 307 1849 1863 1920">
    <p class='ocr_par' dir='ltr' id='par_1_34' title="bbox 307 1849 1863 1920">
     <span class='ocr_line' id='line_1_34' title="bbox 307 1849 1863 1920; baseline 0 -16"><span class='ocrx_word' id='word_1_269' title='bbox 307 1851 444 1918; x_wconf 90' lang='lat' dir='ltr'><strong>quis</strong></span> <span class='ocrx_word' id='word_1_270' title='bbox 481 1866 680 1920; x_wconf 91' lang='lat' dir='ltr'><strong>corpus</strong></span> <span class='ocrx_word' id='word_1_271' title='bbox 726 1867 847 1906; x_wconf 88' lang='lat' dir='ltr'><strong>esse</strong></span> <span class='ocrx_word' id='word_1_272' title='bbox 878 1851 1136 1905; x_wconf 86' lang='lat' dir='ltr'><strong>mortale?</strong></span> <span class='ocrx_word' id='word_1_273' title='bbox 1171 1851 1273 1904; x_wconf 88' lang='lat' dir='ltr'><strong>Sed</strong></span> <span class='ocrx_word' id='word_1_274' title='bbox 1325 1851 1451 1903; x_wconf 88' lang='lat' dir='ltr'><strong>mihi</strong></span> <span class='ocrx_word' id='word_1_275' title='bbox 1486 1849 1693 1905; x_wconf 88' lang='lat' dir='ltr'><strong>videtur</strong></span> <span class='ocrx_word' id='word_1_276' title='bbox 1723 1851 1863 1916; x_wconf 83' lang='lat' dir='ltr'><strong>quod</strong></span> 
     </span>
    </p>
   </div>
   <div class='ocr_carea' id='block_1_35' title="bbox 305 1940 1861 1996">
    <p class='ocr_par' dir='ltr' id='par_1_35' title="bbox 305 1940 1861 1996">
     <span class='ocr_line' id='line_1_35' title="bbox 305 1940 1861 1996; baseline -0.001 -1"><span class='ocrx_word' id='word_1_277' title='bbox 305 1955 426 1995; x_wconf 84' lang='lat' dir='ltr'><strong>non</strong></span> <span class='ocrx_word' id='word_1_278' title='bbox 457 1941 579 1994; x_wconf 87' lang='lat' dir='ltr'><strong>sine</strong></span> <span class='ocrx_word' id='word_1_279' title='bbox 599 1956 760 1996; x_wconf 85' lang='lat' dir='ltr'><strong>causa</strong></span> <span class='ocrx_word' id='word_1_280' title='bbox 786 1943 944 1996; x_wconf 89' lang='lat' dir='ltr'><strong>etiam</strong></span> <span class='ocrx_word' id='word_1_281' title='bbox 970 1944 1067 1996; x_wconf 87' lang='lat' dir='ltr'><strong>hoc</strong></span> <span class='ocrx_word' id='word_1_282' title='bbox 1097 1941 1380 1994; x_wconf 84' lang='lat' dir='ltr'><strong>addiderit.</strong></span> <span class='ocrx_word' id='word_1_283' title='bbox 1408 1940 1697 1996; x_wconf 86' lang='lat' dir='ltr'><strong>Admonuit</strong></span> <span class='ocrx_word' id='word_1_284' title='bbox 1720 1942 1861 1994; x_wconf 91' lang='lat' dir='ltr'><strong>enim</strong></span> 
     </span>
    </p>
   </div>
   <div class='ocr_carea' id='block_1_36' title="bbox 306 2027 1866 2098">
    <p class='ocr_par' dir='ltr' id='par_1_36' title="bbox 306 2027 1866 2098">
     <span class='ocr_line' id='line_1_36' title="bbox 306 2027 1866 2098; baseline 0.001 -16"><span class='ocrx_word' id='word_1_285' title='bbox 306 2042 418 2098; x_wconf 86' lang='lat' dir='ltr'><strong>per</strong></span> <span class='ocrx_word' id='word_1_286' title='bbox 445 2027 550 2083; x_wconf 85' lang='lat' dir='ltr'><strong>hoc</strong></span> <span class='ocrx_word' id='word_1_287' title='bbox 582 2029 848 2097; x_wconf 90' lang='lat' dir='ltr'><strong>quomodo</strong></span> <span class='ocrx_word' id='word_1_288' title='bbox 894 2029 1006 2098; x_wconf 86' lang='lat'><strong>(70)</strong></span> <span class='ocrx_word' id='word_1_289' title='bbox 1041 2029 1206 2096; x_wconf 87' lang='lat' dir='ltr'><strong>possit</strong></span> <span class='ocrx_word' id='word_1_290' title='bbox 1252 2028 1302 2080; x_wconf 94' lang='lat' dir='ltr'><strong>in</strong></span> <span class='ocrx_word' id='word_1_291' title='bbox 1353 2043 1575 2096; x_wconf 91' lang='lat' dir='ltr'><strong>corpore</strong></span> <span class='ocrx_word' id='word_1_292' title='bbox 1625 2043 1728 2081; x_wconf 91' lang='lat' dir='ltr'><strong>non</strong></span> <span class='ocrx_word' id='word_1_293' title='bbox 1781 2042 1866 2084; x_wconf 87' lang='lat' dir='ltr'><strong>re-</strong></span> 
     </span>
    </p>
   </div>
   <div class='ocr_carea' id='block_1_37' title="bbox 306 2117 1868 2186">
    <p class='ocr_par' dir='ltr' id='par_1_37' title="bbox 306 2117 1868 2186">
     <span class='ocr_line' id='line_1_37' title="bbox 306 2117 1868 2186; baseline 0 -16"><span class='ocrx_word' id='word_1_294' title='bbox 306 2133 490 2186; x_wconf 83' lang='lat' dir='ltr'><strong>gnare</strong></span> <span class='ocrx_word' id='word_1_295' title='bbox 522 2128 820 2185; x_wconf 91' lang='lat' dir='ltr'><strong>peccatum,</strong></span> <span class='ocrx_word' id='word_1_296' title='bbox 852 2118 1145 2172; x_wconf 86' lang='lat' dir='ltr'><strong>secundum</strong></span> <span class='ocrx_word' id='word_1_297' title='bbox 1183 2117 1320 2184; x_wconf 89' lang='lat' dir='ltr'><strong>quod</strong></span> <span class='ocrx_word' id='word_1_298' title='bbox 1350 2125 1403 2170; x_wconf 92' lang='lat' dir='ltr'><strong>et</strong></span> <span class='ocrx_word' id='word_1_299' title='bbox 1426 2117 1549 2171; x_wconf 88' lang='lat' dir='ltr'><strong>alibi</strong></span> <span class='ocrx_word' id='word_1_300' title='bbox 1577 2118 1687 2184; x_wconf 90' lang='lat' dir='ltr'><strong>ipse</strong></span> <span class='ocrx_word' id='word_1_301' title='bbox 1714 2117 1868 2170; x_wconf 86' lang='lat' dir='ltr'><strong>dixe-</strong></span> 
     </span>
    </p>
   </div>
   <div class='ocr_carea' id='block_1_38' title="bbox 310 2206 1863 2274">
    <p class='ocr_par' dir='ltr' id='par_1_38' title="bbox 310 2206 1863 2274">
     <span class='ocr_line' id='line_1_38' title="bbox 310 2206 1863 2274; baseline -0.001 -14"><span class='ocrx_word' id='word_1_302' title='bbox 310 2216 408 2260; x_wconf 84' lang='lat' dir='ltr'><strong>rat</strong></span> <span class='ocrx_word' id='word_1_303' title='bbox 445 2222 460 2258; x_wconf 90' lang='lat'><strong>:</strong></span> <span class='ocrx_word' id='word_1_304' title='bbox 503 2225 522 2257; x_wconf 76' lang='grc' dir='ltr'>σ</span> <span class='ocrx_word' id='word_1_305' title='bbox 555 2206 764 2274; x_wconf 85' lang='lat' dir='ltr'><strong>Corpus</strong></span> <span class='ocrx_word' id='word_1_306' title='bbox 792 2207 1008 2274; x_wconf 89' lang='lat' dir='ltr'><strong>quidem</strong></span> <span class='ocrx_word' id='word_1_307' title='bbox 1041 2214 1306 2258; x_wconf 92' lang='lat' dir='ltr'><strong>mortuum</strong></span> <span class='ocrx_word' id='word_1_308' title='bbox 1353 2212 1437 2258; x_wconf 89' lang='lat' dir='ltr'><strong>est</strong></span> <span class='ocrx_word' id='word_1_309' title='bbox 1483 2213 1695 2272; x_wconf 90' lang='lat' dir='ltr'><strong>propter</strong></span> <span class='ocrx_word' id='word_1_310' title='bbox 1739 2219 1863 2271; x_wconf 89' lang='lat' dir='ltr'><strong>pec-</strong></span> 
     </span>
    </p>
   </div>
   <div class='ocr_carea' id='block_1_39' title="bbox 300 2293 1863 2364">
    <p class='ocr_par' dir='ltr' id='par_1_39' title="bbox 300 2293 1863 2364">
     <span class='ocr_line' id='line_1_39' title="bbox 300 2293 1863 2364; baseline -0.002 -15"><span class='ocrx_word' id='word_1_311' title='bbox 300 2305 545 2359; x_wconf 83' lang='lat' dir='ltr'><strong>catum,</strong></span> <span class='ocrx_word' id='word_1_312' title='bbox 599 2296 820 2364; x_wconf 89' lang='lat' dir='ltr'><strong>spiritus</strong></span> <span class='ocrx_word' id='word_1_313' title='bbox 871 2309 1000 2348; x_wconf 90' lang='lat' dir='ltr'><strong>vero</strong></span> <span class='ocrx_word' id='word_1_314' title='bbox 1048 2295 1153 2346; x_wconf 88' lang='lat' dir='ltr'><strong>vita</strong></span> <span class='ocrx_word' id='word_1_315' title='bbox 1204 2302 1293 2347; x_wconf 87' lang='lat' dir='ltr'><strong>est—</strong></span> <span class='ocrx_word' id='word_1_316' title='bbox 1323 2293 1433 2362; x_wconf 80' lang='lat' dir='ltr'><strong>(7f)</strong></span> <span class='ocrx_word' id='word_1_317' title='bbox 1464 2303 1676 2361; x_wconf 90' lang='lat' dir='ltr'><strong>propter</strong></span> <span class='ocrx_word' id='word_1_318' title='bbox 1703 2293 1863 2362; x_wconf 83' lang='lat' dir='ltr'><strong>justi-</strong></span> 
     </span>
    </p>
   </div>
   <div class='ocr_carea' id='block_1_40' title="bbox 303 2383 1859 2452">
    <p class='ocr_par' dir='ltr' id='par_1_40' title="bbox 303 2383 1859 2452">
     <span class='ocr_line' id='line_1_40' title="bbox 303 2383 1859 2452; baseline -0.004 -13"><span class='ocrx_word' id='word_1_319' title='bbox 303 2386 450 2439; x_wconf 82' lang='lat' dir='ltr'><strong>tiam</strong></span> <span class='ocrx_word' id='word_1_320' title='bbox 478 2386 548 2437; x_wconf 72' lang='grc' dir='ltr'><strong>⁵ο.</strong></span> <span class='ocrx_word' id='word_1_321' title='bbox 589 2402 608 2434; x_wconf 78' lang='grc' dir='ltr'><strong><em>ι</em></strong></span> <span class='ocrx_word' id='word_1_322' title='bbox 643 2383 699 2437; x_wconf 88' lang='lat' dir='ltr'><strong>Si</strong></span> <span class='ocrx_word' id='word_1_323' title='bbox 747 2398 874 2452; x_wconf 82' lang='lat' dir='ltr'><strong>ergo</strong></span> <span class='ocrx_word' id='word_1_324' title='bbox 925 2384 1158 2437; x_wconf 90' lang='lat' dir='ltr'><strong>sciamus</strong></span> <span class='ocrx_word' id='word_1_325' title='bbox 1205 2384 1329 2450; x_wconf 87' lang='lat' dir='ltr'><strong>quia</strong></span> <span class='ocrx_word' id='word_1_326' title='bbox 1378 2396 1568 2450; x_wconf 89' lang='lat' dir='ltr'><strong>corpus</strong></span> <span class='ocrx_word' id='word_1_327' title='bbox 1619 2393 1859 2436; x_wconf 89' lang='lat' dir='ltr'><strong>nostrum</strong></span> 
     </span>
    </p>
   </div>
   <div class='ocr_carea' id='block_1_41' title="bbox 301 2474 1865 2540">
    <p class='ocr_par' dir='ltr' id='par_1_41' title="bbox 301 2474 1865 2540">
     <span class='ocr_line' id='line_1_41' title="bbox 301 2474 1865 2540; baseline -0.004 -12"><span class='ocrx_word' id='word_1_328' title='bbox 301 2474 641 2529; x_wconf 82' lang='lat' dir='ltr'><strong>mortiﬁcari</strong></span> <span class='ocrx_word' id='word_1_329' title='bbox 683 2482 890 2540; x_wconf 88' lang='lat' dir='ltr'><strong>potest,</strong></span> <span class='ocrx_word' id='word_1_330' title='bbox 930 2481 984 2526; x_wconf 92' lang='lat' dir='ltr'><strong>et</strong></span> <span class='ocrx_word' id='word_1_331' title='bbox 1014 2481 1279 2525; x_wconf 89' lang='lat' dir='ltr'><strong>mortuum</strong></span> <span class='ocrx_word' id='word_1_332' title='bbox 1312 2484 1433 2524; x_wconf 90' lang='lat' dir='ltr'><strong>esse</strong></span> <span class='ocrx_word' id='word_1_333' title='bbox 1476 2479 1728 2538; x_wconf 90' lang='lat' dir='ltr'><strong>peccato,</strong></span> <span class='ocrx_word' id='word_1_334' title='bbox 1774 2484 1865 2537; x_wconf 89' lang='lat' dir='ltr'><strong>po-</strong></span> 
     </span>
    </p>
   </div>
   <div class='ocr_carea' id='block_1_42' title="bbox 302 2560 1859 2630">
    <p class='ocr_par' dir='ltr' id='par_1_42' title="bbox 302 2560 1859 2630">
     <span class='ocr_line' id='line_1_42' title="bbox 302 2560 1859 2630; baseline -0.004 -14"><span class='ocrx_word' id='word_1_335' title='bbox 302 2573 421 2618; x_wconf 84' lang='lat' dir='ltr'><strong>test</strong></span> <span class='ocrx_word' id='word_1_336' title='bbox 453 2564 572 2616; x_wconf 88' lang='lat' dir='ltr'><strong>fieri</strong></span> <span class='ocrx_word' id='word_1_337' title='bbox 607 2573 664 2616; x_wconf 93' lang='lat' dir='ltr'><strong>ut</strong></span> <span class='ocrx_word' id='word_1_338' title='bbox 693 2577 795 2614; x_wconf 91' lang='lat' dir='ltr'><strong>non</strong></span> <span class='ocrx_word' id='word_1_339' title='bbox 836 2571 1020 2630; x_wconf 81' lang='lat' dir='ltr'><strong>regnet</strong></span> <span class='ocrx_word' id='word_1_340' title='bbox 1049 2563 1101 2614; x_wconf 92' lang='lat' dir='ltr'><strong>in</strong></span> <span class='ocrx_word' id='word_1_341' title='bbox 1133 2575 1196 2615; x_wconf 85' lang='lat' dir='ltr'><strong>eo</strong></span> <span class='ocrx_word' id='word_1_342' title='bbox 1223 2569 1524 2628; x_wconf 83' lang='lat' dir='ltr'><strong>peccatum.</strong></span> <span class='ocrx_word' id='word_1_343' title='bbox 1554 2560 1859 2614; x_wconf 90' lang='lat' dir='ltr'><strong>Secundum</strong></span> 
     </span>
    </p>
   </div>
   <div class='ocr_carea' id='block_1_43' title="bbox 299 2648 1864 2720">
    <p class='ocr_par' dir='ltr' id='par_1_43' title="bbox 299 2648 1864 2720">
     <span class='ocr_line' id='line_1_43' title="bbox 299 2648 1864 2720; baseline -0.004 -13"><span class='ocrx_word' id='word_1_344' title='bbox 299 2654 416 2707; x_wconf 81' lang='lat' dir='ltr'><strong>hoc</strong></span> <span class='ocrx_word' id='word_1_345' title='bbox 451 2666 686 2720; x_wconf 86' lang='lat' dir='ltr'><strong>namque</strong></span> <span class='ocrx_word' id='word_1_346' title='bbox 717 2651 855 2718; x_wconf 91' lang='lat' dir='ltr'><strong>quod</strong></span> <span class='ocrx_word' id='word_1_347' title='bbox 891 2661 1153 2704; x_wconf 89' lang='lat' dir='ltr'><strong>mortuum</strong></span> <span class='ocrx_word' id='word_1_348' title='bbox 1187 2659 1297 2712; x_wconf 87' lang='lat' dir='ltr'><strong>est,</strong></span> <span class='ocrx_word' id='word_1_349' title='bbox 1328 2649 1676 2717; x_wconf 87' lang='lat' dir='ltr'><strong>justificatum</strong></span> <span class='ocrx_word' id='word_1_350' title='bbox 1729 2648 1864 2702; x_wconf 90' lang='lat' dir='ltr'><strong>dici-</strong></span> 
     </span>
    </p>
   </div>
   <div class='ocr_carea' id='block_1_44' title="bbox 301 2739 1862 2810">
    <p class='ocr_par' dir='ltr' id='par_1_44' title="bbox 301 2739 1862 2810">
     <span class='ocr_line' id='line_1_44' title="bbox 301 2739 1862 2810; baseline -0.004 -14"><span class='ocrx_word' id='word_1_351' title='bbox 301 2753 400 2796; x_wconf 87' lang='lat' dir='ltr'><strong>tur</strong></span> <span class='ocrx_word' id='word_1_352' title='bbox 433 2743 554 2810; x_wconf 67' lang='lat'><strong>(79)</strong></span> <span class='ocrx_word' id='word_1_353' title='bbox 588 2757 616 2792; x_wconf 89' lang='lat' dir='ltr'><strong>a</strong></span> <span class='ocrx_word' id='word_1_354' title='bbox 647 2752 866 2809; x_wconf 88' lang='lat' dir='ltr'><strong>peccato</strong></span> <span class='ocrx_word' id='word_1_355' title='bbox 893 2740 956 2793; x_wconf 80' lang='lat'><strong>°&quot;.</strong></span> <span class='ocrx_word' id='word_1_356' title='bbox 1018 2739 1202 2807; x_wconf 85' lang='lat' dir='ltr'><strong>Neque</strong></span> <span class='ocrx_word' id='word_1_357' title='bbox 1238 2739 1378 2792; x_wconf 87' lang='lat' dir='ltr'><strong>enim</strong></span> <span class='ocrx_word' id='word_1_358' title='bbox 1433 2747 1676 2792; x_wconf 91' lang='lat' dir='ltr'><strong>mortuus</strong></span> <span class='ocrx_word' id='word_1_359' title='bbox 1731 2752 1862 2791; x_wconf 86' lang='lat' dir='ltr'><strong>con-</strong></span> 
     </span>
    </p>
   </div>
   <div class='ocr_carea' id='block_1_45' title="bbox 299 2826 1863 2901">
    <p class='ocr_par' dir='ltr' id='par_1_45' title="bbox 299 2826 1863 2901">
     <span class='ocr_line' id='line_1_45' title="bbox 299 2826 1863 2901; baseline -0.004 -15"><span class='ocrx_word' id='word_1_360' title='bbox 299 2831 552 2901; x_wconf 86' lang='lat' dir='ltr'><strong>cupiscit</strong></span> <span class='ocrx_word' id='word_1_361' title='bbox 580 2839 672 2882; x_wconf 90' lang='lat' dir='ltr'><strong>aut</strong></span> <span class='ocrx_word' id='word_1_362' title='bbox 701 2830 988 2891; x_wconf 85' lang='lat' dir='ltr'><strong>irascitur,</strong></span> <span class='ocrx_word' id='word_1_363' title='bbox 1040 2838 1129 2881; x_wconf 91' lang='lat' dir='ltr'><strong>aut</strong></span> <span class='ocrx_word' id='word_1_364' title='bbox 1184 2827 1313 2880; x_wconf 82' lang='lat' dir='ltr'><strong>furit</strong></span> <span class='ocrx_word' id='word_1_365' title='bbox 1366 2827 1500 2897; x_wconf 78' lang='lat'><strong>(73),</strong></span> <span class='ocrx_word' id='word_1_366' title='bbox 1543 2835 1633 2880; x_wconf 88' lang='lat' dir='ltr'><strong>aut</strong></span> <span class='ocrx_word' id='word_1_367' title='bbox 1679 2826 1863 2894; x_wconf 85' lang='lat' dir='ltr'><strong>diripit</strong></span> 
     </span>
    </p>
   </div>
   <div class='ocr_carea' id='block_1_46' title="bbox 301 2915 1864 2986">
    <p class='ocr_par' dir='ltr' id='par_1_46' title="bbox 301 2915 1864 2986">
     <span class='ocr_line' id='line_1_46' title="bbox 301 2915 1864 2986; baseline -0.004 -12"><span class='ocrx_word' id='word_1_368' title='bbox 301 2919 515 2974; x_wconf 85' lang='lat' dir='ltr'><strong>aliena.</strong></span> <span class='ocrx_word' id='word_1_369' title='bbox 577 2917 636 2972; x_wconf 92' lang='lat' dir='ltr'><strong>Si</strong></span> <span class='ocrx_word' id='word_1_370' title='bbox 687 2932 814 2986; x_wconf 81' lang='lat' dir='ltr'><strong>ergo</strong></span> <span class='ocrx_word' id='word_1_371' title='bbox 866 2918 932 2971; x_wconf 89' lang='lat' dir='ltr'><strong>ab</strong></span> <span class='ocrx_word' id='word_1_372' title='bbox 983 2916 1066 2970; x_wconf 88' lang='lat' dir='ltr'><strong>bis</strong></span> <span class='ocrx_word' id='word_1_373' title='bbox 1107 2917 1354 2970; x_wconf 90' lang='lat' dir='ltr'><strong>omnibus</strong></span> <span class='ocrx_word' id='word_1_374' title='bbox 1417 2915 1864 2982; x_wconf 79' lang='lat' dir='ltr'><strong>concupiscentiis</strong></span> 
     </span>
    </p>
   </div>
   <div class='ocr_carea' id='block_1_47' title="bbox 299 3092 1860 3167">
    <p class='ocr_par' dir='ltr' id='par_1_47' title="bbox 299 3092 1860 3167">
     <span class='ocr_line' id='line_1_47' title="bbox 299 3092 1860 3167; baseline -0.004 -15"><span class='ocrx_word' id='word_1_375' title='bbox 299 3111 542 3167; x_wconf 85' lang='lat' dir='ltr'><strong>corpus.</strong></span> <span class='ocrx_word' id='word_1_376' title='bbox 584 3097 650 3150; x_wconf 89' lang='lat' dir='ltr'><strong>Et</strong></span> <span class='ocrx_word' id='word_1_377' title='bbox 677 3095 776 3150; x_wconf 86' lang='lat' dir='ltr'><strong>hoc</strong></span> <span class='ocrx_word' id='word_1_378' title='bbox 801 3103 882 3150; x_wconf 90' lang='lat' dir='ltr'><strong>est</strong></span> <span class='ocrx_word' id='word_1_379' title='bbox 906 3095 1043 3161; x_wconf 91' lang='lat' dir='ltr'><strong>quod</strong></span> <span class='ocrx_word' id='word_1_380' title='bbox 1075 3094 1126 3146; x_wconf 92' lang='lat' dir='ltr'><strong>in</strong></span> <span class='ocrx_word' id='word_1_381' title='bbox 1159 3093 1409 3161; x_wconf 59' lang='lat' dir='ltr'><strong>prieseuti</strong></span> <span class='ocrx_word' id='word_1_382' title='bbox 1443 3092 1557 3146; x_wconf 89' lang='lat' dir='ltr'><strong>loco</strong></span> <span class='ocrx_word' id='word_1_383' title='bbox 1587 3093 1686 3146; x_wconf 87' lang='lat' dir='ltr'><strong>ista</strong></span> <span class='ocrx_word' id='word_1_384' title='bbox 1714 3092 1860 3160; x_wconf 81' lang='lat' dir='ltr'><strong>Apo-</strong></span> 
     </span>
    </p>
   </div>
   <div class='ocr_carea' id='block_1_48' title="bbox 300 3181 1858 3250">
    <p class='ocr_par' dir='ltr' id='par_1_48' title="bbox 300 3181 1858 3250">
     <span class='ocr_line' id='line_1_48' title="bbox 300 3181 1858 3250; baseline -0.007 -8"><span class='ocrx_word' id='word_1_385' title='bbox 300 3189 435 3243; x_wconf 85' lang='lat' dir='ltr'><strong>stoli</strong></span> <span class='ocrx_word' id='word_1_386' title='bbox 496 3199 840 3241; x_wconf 90' lang='lat' dir='ltr'><strong>commonere</strong></span> <span class='ocrx_word' id='word_1_387' title='bbox 886 3185 1093 3237; x_wconf 89' lang='lat' dir='ltr'><strong>videtur</strong></span> <span class='ocrx_word' id='word_1_388' title='bbox 1138 3181 1363 3248; x_wconf 89' lang='lat' dir='ltr'><strong>adjectio</strong></span> <span class='ocrx_word' id='word_1_389' title='bbox 1433 3181 1658 3235; x_wconf 85' lang='lat' dir='ltr'><strong>dicentis</strong></span> <span class='ocrx_word' id='word_1_390' title='bbox 1723 3181 1858 3250; x_wconf 70' lang='lat'><strong>(74),</strong></span> 
     </span>
    </p>
   </div>
   <div class='ocr_carea' id='block_1_49' title="bbox 306 3269 1856 3344">
    <p class='ocr_par' dir='ltr' id='par_1_49' title="bbox 306 3269 1856 3344">
     <span class='ocr_line' id='line_1_49' title="bbox 306 3269 1856 3344; baseline -0.005 -14"><span class='ocrx_word' id='word_1_391' title='bbox 306 3296 328 3330; x_wconf 78' lang='grc' dir='ltr'>ι</span> <span class='ocrx_word' id='word_1_392' title='bbox 370 3279 433 3332; x_wconf 89' lang='lat' dir='ltr'><strong>in</strong></span> <span class='ocrx_word' id='word_1_393' title='bbox 471 3289 702 3344; x_wconf 86' lang='lat' dir='ltr'><strong>corpore</strong></span> <span class='ocrx_word' id='word_1_394' title='bbox 731 3283 911 3329; x_wconf 84' lang='lat' dir='ltr'><strong>vestro</strong></span> <span class='ocrx_word' id='word_1_395' title='bbox 938 3272 1168 3325; x_wconf 87' lang='lat' dir='ltr'><strong>mortali.</strong></span> <span class='ocrx_word' id='word_1_396' title='bbox 1213 3290 1232 3323; x_wconf 72' lang='grc' dir='ltr'><strong>ι</strong></span> <span class='ocrx_word' id='word_1_397' title='bbox 1267 3270 1417 3323; x_wconf 89' lang='lat' dir='ltr'><strong>Alius</strong></span> <span class='ocrx_word' id='word_1_398' title='bbox 1449 3269 1674 3324; x_wconf 83' lang='lat' dir='ltr'><strong>fortasse</strong></span> <span class='ocrx_word' id='word_1_399' title='bbox 1697 3269 1856 3335; x_wconf 89' lang='lat' dir='ltr'><strong>dicet,</strong></span> 
     </span>
    </p>
   </div>
   <div class='ocr_carea' id='block_1_50' title="bbox 294 3359 1858 3436">
    <p class='ocr_par' dir='ltr' id='par_1_50' title="bbox 294 3359 1858 3436">
     <span class='ocr_line' id='line_1_50' title="bbox 294 3359 1858 3436; baseline -0.005 -17"><span class='ocrx_word' id='word_1_400' title='bbox 294 3368 438 3436; x_wconf 88' lang='lat' dir='ltr'><strong>quia</strong></span> <span class='ocrx_word' id='word_1_401' title='bbox 485 3366 555 3419; x_wconf 88' lang='lat' dir='ltr'><strong>ad</strong></span> <span class='ocrx_word' id='word_1_402' title='bbox 594 3364 994 3419; x_wconf 86' lang='lat' dir='ltr'><strong>distinctionem</strong></span> <span class='ocrx_word' id='word_1_403' title='bbox 1026 3361 1250 3415; x_wconf 90' lang='lat' dir='ltr'><strong>alterius</strong></span> <span class='ocrx_word' id='word_1_404' title='bbox 1292 3360 1532 3428; x_wconf 89' lang='lat' dir='ltr'><strong>corporis</strong></span> <span class='ocrx_word' id='word_1_405' title='bbox 1561 3359 1702 3426; x_wconf 85' lang='lat' dir='ltr'><strong>quod</strong></span> <span class='ocrx_word' id='word_1_406' title='bbox 1758 3359 1858 3412; x_wconf 83' lang='lat' dir='ltr'><strong>im-</strong></span> 
     </span>
    </p>
   </div>
   <div class='ocr_carea' id='block_1_51' title="bbox 296 3452 1852 3520">
    <p class='ocr_par' dir='ltr' id='par_1_51' title="bbox 296 3452 1852 3520">
     <span class='ocr_line' id='line_1_51' title="bbox 296 3452 1852 3520; baseline -0.006 -9"><span class='ocrx_word' id='word_1_407' title='bbox 296 3455 549 3511; x_wconf 88' lang='lat' dir='ltr'><strong>mortale</strong></span> <span class='ocrx_word' id='word_1_408' title='bbox 579 3463 685 3517; x_wconf 91' lang='lat' dir='ltr'><strong>est,</strong></span> <span class='ocrx_word' id='word_1_409' title='bbox 713 3453 818 3508; x_wconf 92' lang='lat' dir='ltr'><strong>hoc</strong></span> <span class='ocrx_word' id='word_1_410' title='bbox 851 3467 1046 3520; x_wconf 91' lang='lat' dir='ltr'><strong>corpus</strong></span> <span class='ocrx_word' id='word_1_411' title='bbox 1078 3452 1129 3506; x_wconf 93' lang='lat' dir='ltr'><strong>in</strong></span> <span class='ocrx_word' id='word_1_412' title='bbox 1162 3465 1267 3519; x_wconf 91' lang='lat' dir='ltr'><strong>quo</strong></span> <span class='ocrx_word' id='word_1_413' title='bbox 1295 3465 1438 3505; x_wconf 88' lang='lat' dir='ltr'><strong>nunc</strong></span> <span class='ocrx_word' id='word_1_414' title='bbox 1470 3465 1676 3513; x_wconf 89' lang='lat' dir='ltr'><strong>sumus,</strong></span> <span class='ocrx_word' id='word_1_415' title='bbox 1706 3464 1852 3503; x_wconf 88' lang='lat' dir='ltr'><strong>mor-</strong></span> 
     </span>
    </p>
   </div>
   <div class='ocr_carea' id='block_1_52' title="bbox 296 3537 1857 3605">
    <p class='ocr_par' dir='ltr' id='par_1_52' title="bbox 296 3537 1857 3605">
     <span class='ocr_line' id='line_1_52' title="bbox 296 3537 1857 3605; baseline -0.005 -8"><span class='ocrx_word' id='word_1_416' title='bbox 296 3545 416 3597; x_wconf 90' lang='lat' dir='ltr'><strong>tale</strong></span> <span class='ocrx_word' id='word_1_417' title='bbox 472 3540 798 3594; x_wconf 88' lang='lat' dir='ltr'><strong>nominavit.</strong></span> <span class='ocrx_word' id='word_1_418' title='bbox 846 3539 981 3605; x_wconf 83' lang='lat' dir='ltr'><strong>Quid</strong></span> <span class='ocrx_word' id='word_1_419' title='bbox 1021 3538 1090 3592; x_wconf 91' lang='lat' dir='ltr'><strong>sit</strong></span> <span class='ocrx_word' id='word_1_420' title='bbox 1144 3547 1321 3592; x_wconf 89' lang='lat' dir='ltr'><strong>autem</strong></span> <span class='ocrx_word' id='word_1_421' title='bbox 1369 3551 1563 3603; x_wconf 88' lang='lat' dir='ltr'><strong>corpus</strong></span> <span class='ocrx_word' id='word_1_422' title='bbox 1639 3537 1857 3591; x_wconf 87' lang='lat' dir='ltr'><strong>immor-</strong></span> 
     </span>
    </p>
   </div>
   <div class='ocr_carea' id='block_1_53' title="bbox 297 3626 1855 3698">
    <p class='ocr_par' dir='ltr' id='par_1_53' title="bbox 297 3626 1855 3698">
     <span class='ocr_line' id='line_1_53' title="bbox 297 3626 1855 3698; baseline -0.003 -13"><span class='ocrx_word' id='word_1_423' title='bbox 297 3632 457 3696; x_wconf 85' lang='lat' dir='ltr'><strong>tale,</strong></span> <span class='ocrx_word' id='word_1_424' title='bbox 494 3631 637 3683; x_wconf 90' lang='lat' dir='ltr'><strong>idem</strong></span> <span class='ocrx_word' id='word_1_425' title='bbox 674 3628 958 3698; x_wconf 83' lang='lat' dir='ltr'><strong>Apostolus</strong></span> <span class='ocrx_word' id='word_1_426' title='bbox 1012 3628 1166 3682; x_wconf 90' lang='lat' dir='ltr'><strong>docet</strong></span> <span class='ocrx_word' id='word_1_427' title='bbox 1213 3628 1267 3681; x_wconf 91' lang='lat' dir='ltr'><strong>in</strong></span> <span class='ocrx_word' id='word_1_428' title='bbox 1319 3627 1439 3680; x_wconf 88' lang='lat' dir='ltr'><strong>aliis</strong></span> <span class='ocrx_word' id='word_1_429' title='bbox 1484 3627 1554 3691; x_wconf 75' lang='grc'><strong>⁸⁸,</strong></span> <span class='ocrx_word' id='word_1_430' title='bbox 1590 3627 1676 3680; x_wconf 90' lang='lat' dir='ltr'><strong>ubi</strong></span> <span class='ocrx_word' id='word_1_431' title='bbox 1733 3626 1855 3680; x_wconf 88' lang='lat' dir='ltr'><strong>ait:</strong></span> 
     </span>
    </p>
   </div>
   <div class='ocr_carea' id='block_1_54' title="bbox 300 3716 1858 3782">
    <p class='ocr_par' dir='ltr' id='par_1_54' title="bbox 300 3716 1858 3782">
     <span class='ocr_line' id='line_1_54' title="bbox 300 3716 1858 3782; baseline -0.005 -6"><span class='ocrx_word' id='word_1_432' title='bbox 300 3743 322 3776; x_wconf 72' lang='grc' dir='ltr'>ι</span> <span class='ocrx_word' id='word_1_433' title='bbox 372 3723 619 3776; x_wconf 86' lang='lat' dir='ltr'><strong>Necesse</strong></span> <span class='ocrx_word' id='word_1_434' title='bbox 668 3728 752 3774; x_wconf 89' lang='lat' dir='ltr'><strong>est</strong></span> <span class='ocrx_word' id='word_1_435' title='bbox 798 3719 941 3773; x_wconf 90' lang='lat' dir='ltr'><strong>enim</strong></span> <span class='ocrx_word' id='word_1_436' title='bbox 1006 3726 1066 3771; x_wconf 90' lang='lat' dir='ltr'><strong>ut</strong></span> <span class='ocrx_word' id='word_1_437' title='bbox 1120 3716 1462 3782; x_wconf 90' lang='lat' dir='ltr'><strong>corruptibile</strong></span> <span class='ocrx_word' id='word_1_438' title='bbox 1500 3717 1599 3770; x_wconf 78' lang='lat' dir='ltr'><strong>lioc</strong></span> <span class='ocrx_word' id='word_1_439' title='bbox 1670 3716 1858 3769; x_wconf 85' lang='lat' dir='ltr'><strong>induat</strong></span> 
     </span>
    </p>
   </div>
   <div class='ocr_carea' id='block_1_55' title="bbox 295 3804 1855 3885">
    <p class='ocr_par' dir='ltr' id='par_1_55' title="bbox 295 3804 1855 3885">
     <span class='ocr_line' id='line_1_55' title="bbox 295 3804 1855 3885; baseline -0.007 -18"><span class='ocrx_word' id='word_1_440' title='bbox 295 3815 469 3885; x_wconf 79' lang='lat'><strong>5&#39;71</strong></span> <span class='ocrx_word' id='word_1_441' title='bbox 507 3811 992 3880; x_wconf 88' lang='lat' dir='ltr'><strong>incorruptionem,</strong></span> <span class='ocrx_word' id='word_1_442' title='bbox 1023 3815 1076 3860; x_wconf 90' lang='lat' dir='ltr'><strong>et</strong></span> <span class='ocrx_word' id='word_1_443' title='bbox 1102 3805 1325 3859; x_wconf 87' lang='lat' dir='ltr'><strong>mortale</strong></span> <span class='ocrx_word' id='word_1_444' title='bbox 1380 3807 1480 3859; x_wconf 86' lang='lat' dir='ltr'><strong>hoc</strong></span> <span class='ocrx_word' id='word_1_445' title='bbox 1527 3805 1709 3858; x_wconf 90' lang='lat' dir='ltr'><strong>induat</strong></span> <span class='ocrx_word' id='word_1_446' title='bbox 1756 3804 1855 3857; x_wconf 88' lang='lat' dir='ltr'><strong>im-</strong></span> 
     </span>
    </p>
   </div>
   <div class='ocr_carea' id='block_1_56' title="bbox 295 3892 1851 3961">
    <p class='ocr_par' dir='ltr' id='par_1_56' title="bbox 295 3892 1851 3961">
     <span class='ocr_line' id='line_1_56' title="bbox 295 3892 1851 3961; baseline -0.008 -3"><span class='ocrx_word' id='word_1_447' title='bbox 295 3901 733 3961; x_wconf 85' lang='lat' dir='ltr'><strong>mortalitatem;</strong></span> <span class='ocrx_word' id='word_1_448' title='bbox 786 3916 805 3948; x_wconf 78' lang='grc' dir='ltr'><strong><em>ι</em></strong></span> <span class='ocrx_word' id='word_1_449' title='bbox 843 3905 898 3950; x_wconf 89' lang='lat' dir='ltr'><strong>et</strong></span> <span class='ocrx_word' id='word_1_450' title='bbox 950 3896 1167 3950; x_wconf 91' lang='lat' dir='ltr'><strong>dubium</strong></span> <span class='ocrx_word' id='word_1_451' title='bbox 1206 3909 1309 3949; x_wconf 89' lang='lat' dir='ltr'><strong>non</strong></span> <span class='ocrx_word' id='word_1_452' title='bbox 1362 3904 1447 3948; x_wconf 88' lang='lat' dir='ltr'><strong>est</strong></span> <span class='ocrx_word' id='word_1_453' title='bbox 1479 3892 1606 3960; x_wconf 89' lang='lat' dir='ltr'><strong>quin</strong></span> <span class='ocrx_word' id='word_1_454' title='bbox 1641 3895 1851 3960; x_wconf 89' lang='lat' dir='ltr'><strong>dempta</strong></span> 
     </span>
    </p>
   </div>
   <div class='ocr_carea' id='block_1_57' title="bbox 296 3983 1854 4056">
    <p class='ocr_par' dir='ltr' id='par_1_57' title="bbox 296 3983 1854 4056">
     <span class='ocr_line' id='line_1_57' title="bbox 296 3983 1854 4056; baseline -0.008 -10"><span class='ocrx_word' id='word_1_455' title='bbox 296 3988 646 4046; x_wconf 88' lang='lat' dir='ltr'><strong>mortalitate</strong></span> <span class='ocrx_word' id='word_1_456' title='bbox 675 3987 787 4056; x_wconf 87' lang='lat'><strong>(75)</strong></span> <span class='ocrx_word' id='word_1_457' title='bbox 820 3986 921 4040; x_wconf 91' lang='lat' dir='ltr'><strong>hoc</strong></span> <span class='ocrx_word' id='word_1_458' title='bbox 953 3986 1120 4054; x_wconf 89' lang='lat' dir='ltr'><strong>ipsum</strong></span> <span class='ocrx_word' id='word_1_459' title='bbox 1155 3983 1296 4052; x_wconf 90' lang='lat' dir='ltr'><strong>quod</strong></span> <span class='ocrx_word' id='word_1_460' title='bbox 1329 3997 1469 4037; x_wconf 91' lang='lat' dir='ltr'><strong>nunc</strong></span> <span class='ocrx_word' id='word_1_461' title='bbox 1498 3983 1723 4036; x_wconf 91' lang='lat' dir='ltr'><strong>mortale</strong></span> <span class='ocrx_word' id='word_1_462' title='bbox 1751 3989 1854 4044; x_wconf 90' lang='lat' dir='ltr'><strong>est,</strong></span> 
     </span>
    </p>
   </div>
   <div class='ocr_carea' id='block_1_58' title="bbox 297 4071 1855 4142">
    <p class='ocr_par' dir='ltr' id='par_1_58' title="bbox 297 4071 1855 4142">
     <span class='ocr_line' id='line_1_58' title="bbox 297 4071 1855 4142; baseline -0.008 -7"><span class='ocrx_word' id='word_1_463' title='bbox 297 4077 619 4136; x_wconf 87' lang='lat' dir='ltr'><strong>immortale</strong></span> <span class='ocrx_word' id='word_1_464' title='bbox 671 4075 930 4129; x_wconf 89' lang='lat' dir='ltr'><strong>efﬁciatur</strong></span> <span class='ocrx_word' id='word_1_465' title='bbox 948 4089 1160 4142; x_wconf 91' lang='lat' dir='ltr'><strong>corpus.</strong></span> <span class='ocrx_word' id='word_1_466' title='bbox 1189 4074 1314 4127; x_wconf 88' lang='lat' dir='ltr'><strong>Post</strong></span> <span class='ocrx_word' id='word_1_467' title='bbox 1364 4073 1479 4127; x_wconf 65' lang='lat' dir='ltr'><strong>haec</strong></span> <span class='ocrx_word' id='word_1_468' title='bbox 1510 4072 1748 4141; x_wconf 86' lang='lat' dir='ltr'><strong>sequitur</strong></span> <span class='ocrx_word' id='word_1_469' title='bbox 1769 4071 1811 4102; x_wconf 72' lang='grc' dir='ltr'><strong>θ’</strong></span> <span class='ocrx_word' id='word_1_470' title='bbox 1841 4087 1855 4123; x_wconf 92' lang='lat'><strong>:</strong></span> 
     </span>
    </p>
   </div>
   <div class='ocr_carea' id='block_1_59' title="bbox 302 4160 1856 4237">
    <p class='ocr_par' dir='ltr' id='par_1_59' title="bbox 302 4160 1856 4237">
     <span class='ocr_line' id='line_1_59' title="bbox 302 4160 1856 4237; baseline -0.01 -11"><span class='ocrx_word' id='word_1_471' title='bbox 302 4191 324 4226; x_wconf 69' lang='grc' dir='ltr'><strong>ε</strong></span> <span class='ocrx_word' id='word_1_472' title='bbox 371 4172 569 4237; x_wconf 83' lang='lat' dir='ltr'><strong>Neque</strong></span> <span class='ocrx_word' id='word_1_473' title='bbox 600 4165 902 4220; x_wconf 84' lang='lat' dir='ltr'><strong>exhibeatis</strong></span> <span class='ocrx_word' id='word_1_474' title='bbox 955 4166 1195 4218; x_wconf 89' lang='lat' dir='ltr'><strong>membra</strong></span> <span class='ocrx_word' id='word_1_475' title='bbox 1221 4172 1396 4219; x_wconf 88' lang='lat' dir='ltr'><strong>vestra</strong></span> <span class='ocrx_word' id='word_1_476' title='bbox 1424 4177 1570 4216; x_wconf 89' lang='lat' dir='ltr'><strong>arma</strong></span> <span class='ocrx_word' id='word_1_477' title='bbox 1602 4160 1856 4228; x_wconf 90' lang='lat' dir='ltr'><strong>iniquita-</strong></span> 
     </span>
    </p>
   </div>
   <div class='ocr_carea' id='block_1_60' title="bbox 1966 1831 3496 1910">
    <p class='ocr_par' dir='ltr' id='par_1_60' title="bbox 1966 1831 3496 1910">
     <span class='ocr_line' id='line_1_60' title="bbox 1966 1831 3496 1910; baseline 0.011 -27"><span class='ocrx_word' id='word_1_478' title='bbox 1966 1831 2035 1884; x_wconf 87' lang='lat' dir='ltr'><strong>ita</strong></span> <span class='ocrx_word' id='word_1_479' title='bbox 2067 1843 2122 1886; x_wconf 91' lang='lat' dir='ltr'><strong>et</strong></span> <span class='ocrx_word' id='word_1_480' title='bbox 2155 1837 2204 1887; x_wconf 92' lang='lat' dir='ltr'><strong>in</strong></span> <span class='ocrx_word' id='word_1_481' title='bbox 2234 1838 2479 1902; x_wconf 71' lang='lat' dir='ltr'><strong>prazsenti</strong></span> <span class='ocrx_word' id='word_1_482' title='bbox 2509 1838 2625 1893; x_wconf 92' lang='lat' dir='ltr'><strong>loco</strong></span> <span class='ocrx_word' id='word_1_483' title='bbox 2654 1841 2888 1894; x_wconf 88' lang='lat' dir='ltr'><strong>membra</strong></span> <span class='ocrx_word' id='word_1_484' title='bbox 2927 1857 3044 1909; x_wconf 68' lang='lat' dir='ltr'><strong>quae</strong></span> <span class='ocrx_word' id='word_1_485' title='bbox 3068 1854 3282 1910; x_wconf 88' lang='lat' dir='ltr'><strong>peccato</strong></span> <span class='ocrx_word' id='word_1_486' title='bbox 3313 1847 3496 1900; x_wconf 85' lang='lat' dir='ltr'><strong>deser-</strong></span> 
     </span>
    </p>
   </div>
   <div class='ocr_carea' id='block_1_61' title="bbox 1966 1919 3496 1997">
    <p class='ocr_par' dir='ltr' id='par_1_61' title="bbox 1966 1919 3496 1997">
     <span class='ocr_line' id='line_1_61' title="bbox 1966 1919 3496 1997; baseline 0.012 -27"><span class='ocrx_word' id='word_1_487' title='bbox 1966 1919 2115 1971; x_wconf 90' lang='lat' dir='ltr'><strong>viunt</strong></span> <span class='ocrx_word' id='word_1_488' title='bbox 2140 1930 2192 1974; x_wconf 90' lang='lat' dir='ltr'><strong>et</strong></span> <span class='ocrx_word' id='word_1_489' title='bbox 2223 1922 2512 1989; x_wconf 89' lang='lat' dir='ltr'><strong>iniquitati,</strong></span> <span class='ocrx_word' id='word_1_490' title='bbox 2545 1940 2691 1978; x_wconf 89' lang='lat' dir='ltr'><strong>arma</strong></span> <span class='ocrx_word' id='word_1_491' title='bbox 2724 1925 3015 1994; x_wconf 86' lang='lat' dir='ltr'><strong>iniquitatis</strong></span> <span class='ocrx_word' id='word_1_492' title='bbox 3041 1931 3406 1997; x_wconf 85' lang='lat' dir='ltr'><strong>appellantur:</strong></span> <span class='ocrx_word' id='word_1_493' title='bbox 3441 1943 3496 1988; x_wconf 93' lang='lat' dir='ltr'><strong>et</strong></span> 
     </span>
    </p>
   </div>
   <div class='ocr_carea' id='block_1_62' title="bbox 1966 2013 3492 2082">
    <p class='ocr_par' dir='ltr' id='par_1_62' title="bbox 1966 2013 3492 2082">
     <span class='ocr_line' id='line_1_62' title="bbox 1966 2013 3492 2082; baseline 0.008 -20"><span class='ocrx_word' id='word_1_494' title='bbox 1966 2023 2177 2063; x_wconf 87' lang='lat' dir='ltr'><strong>rursum</strong></span> <span class='ocrx_word' id='word_1_495' title='bbox 2212 2013 2255 2064; x_wconf 88' lang='lat' dir='ltr'><strong>si</strong></span> <span class='ocrx_word' id='word_1_496' title='bbox 2298 2013 2500 2078; x_wconf 83' lang='lat' dir='ltr'><strong>peccati</strong></span> <span class='ocrx_word' id='word_1_497' title='bbox 2523 2015 3004 2082; x_wconf 90' lang='lat' dir='ltr'><strong>concupiscentiam</strong></span> <span class='ocrx_word' id='word_1_498' title='bbox 3032 2019 3410 2074; x_wconf 91' lang='lat' dir='ltr'><strong>mortificemus</strong></span> <span class='ocrx_word' id='word_1_499' title='bbox 3442 2023 3492 2074; x_wconf 90' lang='lat' dir='ltr'><strong>in</strong></span> 
     </span>
    </p>
   </div>
   <div class='ocr_carea' id='block_1_63' title="bbox 1965 2102 3497 2173">
    <p class='ocr_par' dir='ltr' id='par_1_63' title="bbox 1965 2102 3497 2173">
     <span class='ocr_line' id='line_1_63' title="bbox 1965 2102 3497 2173; baseline 0.008 -22"><span class='ocrx_word' id='word_1_500' title='bbox 1965 2112 2192 2166; x_wconf 90' lang='lat' dir='ltr'><strong>corpore</strong></span> <span class='ocrx_word' id='word_1_501' title='bbox 2219 2109 2402 2155; x_wconf 90' lang='lat' dir='ltr'><strong>nostro</strong></span> <span class='ocrx_word' id='word_1_502' title='bbox 2444 2102 2679 2167; x_wconf 90' lang='lat' dir='ltr'><strong>mortali,</strong></span> <span class='ocrx_word' id='word_1_503' title='bbox 2707 2113 2758 2156; x_wconf 91' lang='lat' dir='ltr'><strong>et</strong></span> <span class='ocrx_word' id='word_1_504' title='bbox 2789 2104 2839 2157; x_wconf 91' lang='lat' dir='ltr'><strong>in</strong></span> <span class='ocrx_word' id='word_1_505' title='bbox 2869 2118 3027 2171; x_wconf 86' lang='lat' dir='ltr'><strong>opere</strong></span> <span class='ocrx_word' id='word_1_506' title='bbox 3050 2106 3271 2173; x_wconf 76' lang='lat' dir='ltr'><strong>justitiae</strong></span> <span class='ocrx_word' id='word_1_507' title='bbox 3295 2109 3497 2163; x_wconf 84' lang='lat' dir='ltr'><strong>labore-</strong></span> 
     </span>
    </p>
   </div>
   <div class='ocr_carea' id='block_1_64' title="bbox 1965 2190 3494 2264">
    <p class='ocr_par' dir='ltr' id='par_1_64' title="bbox 1965 2190 3494 2264">
     <span class='ocr_line' id='line_1_64' title="bbox 1965 2190 3494 2264; baseline 0.007 -24"><span class='ocrx_word' id='word_1_508' title='bbox 1965 2202 2106 2251; x_wconf 91' lang='lat' dir='ltr'><strong>mus,</strong></span> <span class='ocrx_word' id='word_1_509' title='bbox 2134 2197 2294 2256; x_wconf 90' lang='lat' dir='ltr'><strong>atque</strong></span> <span class='ocrx_word' id='word_1_510' title='bbox 2343 2190 2587 2244; x_wconf 88' lang='lat' dir='ltr'><strong>omnibus</strong></span> <span class='ocrx_word' id='word_1_511' title='bbox 2629 2193 2882 2247; x_wconf 88' lang='lat' dir='ltr'><strong>membris</strong></span> <span class='ocrx_word' id='word_1_512' title='bbox 2921 2195 3116 2247; x_wconf 91' lang='lat' dir='ltr'><strong>nostris</strong></span> <span class='ocrx_word' id='word_1_513' title='bbox 3140 2196 3250 2264; x_wconf 91' lang='lat'><strong>(79)</strong></span> <span class='ocrx_word' id='word_1_514' title='bbox 3273 2196 3494 2262; x_wconf 82' lang='lat' dir='ltr'><strong>justitiae</strong></span> 
     </span>
    </p>
   </div>
   <div class='ocr_carea' id='block_1_65' title="bbox 1967 2276 3493 2347">
    <p class='ocr_par' dir='ltr' id='par_1_65' title="bbox 1967 2276 3493 2347">
     <span class='ocr_line' id='line_1_65' title="bbox 1967 2276 3493 2347; baseline 0.008 -20"><span class='ocrx_word' id='word_1_515' title='bbox 1967 2276 2350 2340; x_wconf 90' lang='lat' dir='ltr'><strong>ministremus,</strong></span> <span class='ocrx_word' id='word_1_516' title='bbox 2385 2277 2645 2331; x_wconf 87' lang='lat' dir='ltr'><strong>efﬁcimur</strong></span> <span class='ocrx_word' id='word_1_517' title='bbox 2699 2287 2948 2347; x_wconf 90' lang='lat' dir='ltr'><strong>tanquam</strong></span> <span class='ocrx_word' id='word_1_518' title='bbox 2975 2296 3038 2334; x_wconf 84' lang='lat' dir='ltr'><strong>ex</strong></span> <span class='ocrx_word' id='word_1_519' title='bbox 3064 2285 3288 2338; x_wconf 90' lang='lat' dir='ltr'><strong>mortuis</strong></span> <span class='ocrx_word' id='word_1_520' title='bbox 3309 2285 3493 2338; x_wconf 84' lang='lat' dir='ltr'><strong>viven-</strong></span> 
     </span>
    </p>
   </div>
   <div class='ocr_carea' id='block_1_66' title="bbox 1966 2365 3495 2436">
    <p class='ocr_par' dir='ltr' id='par_1_66' title="bbox 1966 2365 3495 2436">
     <span class='ocr_line' id='line_1_66' title="bbox 1966 2365 3495 2436; baseline 0.005 -21"><span class='ocrx_word' id='word_1_521' title='bbox 1966 2371 2066 2426; x_wconf 90' lang='lat' dir='ltr'><strong>tes,</strong></span> <span class='ocrx_word' id='word_1_522' title='bbox 2097 2373 2317 2430; x_wconf 89' lang='lat' dir='ltr'><strong>peccato</strong></span> <span class='ocrx_word' id='word_1_523' title='bbox 2338 2365 2541 2419; x_wconf 87' lang='lat' dir='ltr'><strong>scilicet</strong></span> <span class='ocrx_word' id='word_1_524' title='bbox 2580 2367 2775 2419; x_wconf 85' lang='lat' dir='ltr'><strong>mortui</strong></span> <span class='ocrx_word' id='word_1_525' title='bbox 2830 2377 2882 2420; x_wconf 88' lang='lat' dir='ltr'><strong>et</strong></span> <span class='ocrx_word' id='word_1_526' title='bbox 2901 2367 3116 2434; x_wconf 76' lang='lat' dir='ltr'><strong>iustitia:</strong></span> <span class='ocrx_word' id='word_1_527' title='bbox 3149 2369 3380 2424; x_wconf 79' lang='lat' dir='ltr'><strong>viventes</strong></span> <span class='ocrx_word' id='word_1_528' title='bbox 3402 2388 3418 2436; x_wconf 90' lang='lat'><strong>;</strong></span> <span class='ocrx_word' id='word_1_529' title='bbox 3442 2378 3495 2424; x_wconf 87' lang='lat' dir='ltr'><strong>et</strong></span> 
     </span>
    </p>
   </div>
   <div class='ocr_carea' id='block_1_67' title="bbox 1965 2453 3492 2528">
    <p class='ocr_par' dir='ltr' id='par_1_67' title="bbox 1965 2453 3492 2528">
     <span class='ocr_line' id='line_1_67' title="bbox 1965 2453 3492 2528; baseline 0.005 -23"><span class='ocrx_word' id='word_1_530' title='bbox 1965 2461 2354 2518; x_wconf 88' lang='lat' dir='ltr'><strong>consequenter</strong></span> <span class='ocrx_word' id='word_1_531' title='bbox 2375 2453 2538 2506; x_wconf 86' lang='lat' dir='ltr'><strong>etiam</strong></span> <span class='ocrx_word' id='word_1_532' title='bbox 2571 2454 2807 2508; x_wconf 88' lang='lat' dir='ltr'><strong>membra</strong></span> <span class='ocrx_word' id='word_1_533' title='bbox 2838 2467 3018 2510; x_wconf 90' lang='lat' dir='ltr'><strong>nostra</strong></span> <span class='ocrx_word' id='word_1_534' title='bbox 3052 2456 3187 2510; x_wconf 88' lang='lat' dir='ltr'><strong>fiunt</strong></span> <span class='ocrx_word' id='word_1_535' title='bbox 3227 2473 3373 2512; x_wconf 87' lang='lat' dir='ltr'><strong>arma</strong></span> <span class='ocrx_word' id='word_1_536' title='bbox 3401 2460 3492 2528; x_wconf 83' lang='lat' dir='ltr'><strong>ju-</strong></span> 
     </span>
    </p>
   </div>
   <div class='ocr_carea' id='block_1_68' title="bbox 1964 2541 3494 2616">
    <p class='ocr_par' dir='ltr' id='par_1_68' title="bbox 1964 2541 3494 2616">
     <span class='ocr_line' id='line_1_68' title="bbox 1964 2541 3494 2616; baseline 0.005 -22"><span class='ocrx_word' id='word_1_537' title='bbox 1964 2541 2127 2594; x_wconf 78' lang='lat' dir='ltr'><strong>stitia:</strong></span> <span class='ocrx_word' id='word_1_538' title='bbox 2151 2543 2277 2594; x_wconf 91' lang='lat' dir='ltr'><strong>Deo.</strong></span> <span class='ocrx_word' id='word_1_539' title='bbox 2305 2541 2445 2596; x_wconf 88' lang='lat' dir='ltr'><strong>Bene</strong></span> <span class='ocrx_word' id='word_1_540' title='bbox 2472 2552 2650 2598; x_wconf 90' lang='lat' dir='ltr'><strong>autem</strong></span> <span class='ocrx_word' id='word_1_541' title='bbox 2701 2546 3062 2610; x_wconf 89' lang='lat' dir='ltr'><strong>metaphoram</strong></span> <span class='ocrx_word' id='word_1_542' title='bbox 3098 2547 3344 2611; x_wconf 89' lang='lat' dir='ltr'><strong>superius</strong></span> <span class='ocrx_word' id='word_1_543' title='bbox 3369 2563 3494 2616; x_wconf 35' lang='lat' dir='ltr'><strong>pros</strong></span> 
     </span>
    </p>
   </div>
   <div class='ocr_carea' id='block_1_69' title="bbox 1964 2629 3494 2703">
    <p class='ocr_par' dir='ltr' id='par_1_69' title="bbox 1964 2629 3494 2703">
     <span class='ocr_line' id='line_1_69' title="bbox 1964 2629 3494 2703; baseline 0.005 -22"><span class='ocrx_word' id='word_1_544' title='bbox 1964 2629 2186 2696; x_wconf 88' lang='lat' dir='ltr'><strong>positam</strong></span> <span class='ocrx_word' id='word_1_545' title='bbox 2215 2631 2527 2696; x_wconf 90' lang='lat' dir='ltr'><strong>custodivit,</strong></span> <span class='ocrx_word' id='word_1_546' title='bbox 2559 2640 2615 2684; x_wconf 90' lang='lat' dir='ltr'><strong>ut</strong></span> <span class='ocrx_word' id='word_1_547' title='bbox 2641 2631 2762 2700; x_wconf 87' lang='lat' dir='ltr'><strong>quia</strong></span> <span class='ocrx_word' id='word_1_548' title='bbox 2792 2645 3017 2700; x_wconf 87' lang='lat' dir='ltr'><strong>regnare</strong></span> <span class='ocrx_word' id='word_1_549' title='bbox 3045 2634 3253 2687; x_wconf 81' lang='lat' dir='ltr'><strong>dixerat</strong></span> <span class='ocrx_word' id='word_1_550' title='bbox 3305 2650 3494 2703; x_wconf 81' lang='lat' dir='ltr'><strong>pecca-</strong></span> 
     </span>
    </p>
   </div>
   <div class='ocr_carea' id='block_1_70' title="bbox 1965 2718 3491 2785">
    <p class='ocr_par' dir='ltr' id='par_1_70' title="bbox 1965 2718 3491 2785">
     <span class='ocr_line' id='line_1_70' title="bbox 1965 2718 3491 2785; baseline 0.005 -18"><span class='ocrx_word' id='word_1_551' title='bbox 1965 2725 2099 2781; x_wconf 90' lang='lat' dir='ltr'><strong>tum,</strong></span> <span class='ocrx_word' id='word_1_552' title='bbox 2123 2731 2267 2770; x_wconf 89' lang='lat' dir='ltr'><strong>arma</strong></span> <span class='ocrx_word' id='word_1_553' title='bbox 2305 2719 2504 2785; x_wconf 87' lang='lat' dir='ltr'><strong>peccati</strong></span> <span class='ocrx_word' id='word_1_554' title='bbox 2553 2718 2786 2771; x_wconf 83' lang='lat' dir='ltr'><strong>membra</strong></span> <span class='ocrx_word' id='word_1_555' title='bbox 2837 2722 3168 2785; x_wconf 88' lang='lat' dir='ltr'><strong>nominaret,</strong></span> <span class='ocrx_word' id='word_1_556' title='bbox 3199 2731 3252 2776; x_wconf 88' lang='lat' dir='ltr'><strong>et</strong></span> <span class='ocrx_word' id='word_1_557' title='bbox 3283 2737 3491 2776; x_wconf 90' lang='lat' dir='ltr'><strong>rursum</strong></span> 
     </span>
    </p>
   </div>
   <div class='ocr_carea' id='block_1_71' title="bbox 1965 2806 3487 2882">
    <p class='ocr_par' dir='ltr' id='par_1_71' title="bbox 1965 2806 3487 2882">
     <span class='ocr_line' id='line_1_71' title="bbox 1965 2806 3487 2882; baseline 0.004 -24"><span class='ocrx_word' id='word_1_558' title='bbox 1965 2806 2071 2860; x_wconf 87' lang='lat' dir='ltr'><strong>Deo</strong></span> <span class='ocrx_word' id='word_1_559' title='bbox 2107 2808 2212 2875; x_wconf 85' lang='lat' dir='ltr'><strong>regi</strong></span> <span class='ocrx_word' id='word_1_560' title='bbox 2244 2823 2390 2860; x_wconf 89' lang='lat' dir='ltr'><strong>arma</strong></span> <span class='ocrx_word' id='word_1_561' title='bbox 2414 2808 2632 2870; x_wconf 77' lang='lat' dir='ltr'><strong>iustitiae</strong></span> <span class='ocrx_word' id='word_1_562' title='bbox 2663 2807 2855 2861; x_wconf 81' lang='lat' dir='ltr'><strong>fierent</strong></span> <span class='ocrx_word' id='word_1_563' title='bbox 2882 2813 3118 2864; x_wconf 88' lang='lat' dir='ltr'><strong>membra</strong></span> <span class='ocrx_word' id='word_1_564' title='bbox 3145 2821 3326 2864; x_wconf 90' lang='lat' dir='ltr'><strong>nostra</strong></span> <span class='ocrx_word' id='word_1_565' title='bbox 3355 2811 3487 2882; x_wconf 73' lang='grc' dir='ltr'>(ΒΟ).</span> 
     </span>
    </p>
   </div>
   <div class='ocr_carea' id='block_1_72' title="bbox 1963 2897 3494 2965">
    <p class='ocr_par' dir='ltr' id='par_1_72' title="bbox 1963 2897 3494 2965">
     <span class='ocr_line' id='line_1_72' title="bbox 1963 2897 3494 2965; baseline 0.003 -14"><span class='ocrx_word' id='word_1_566' title='bbox 1963 2897 2217 2964; x_wconf 85' lang='lat' dir='ltr'><strong>Sequitur</strong></span> <span class='ocrx_word' id='word_1_567' title='bbox 2241 2908 2361 2965; x_wconf 90' lang='lat' dir='ltr'><strong>post</strong></span> <span class='ocrx_word' id='word_1_568' title='bbox 2383 2898 2494 2952; x_wconf 60' lang='lat' dir='ltr'><strong>haec</strong></span> <span class='ocrx_word' id='word_1_569' title='bbox 2519 2917 2532 2952; x_wconf 94' lang='lat'><strong>:</strong></span> <span class='ocrx_word' id='word_1_570' title='bbox 2567 2915 2586 2948; x_wconf 83' lang='lat' dir='ltr'><strong>t</strong></span> <span class='ocrx_word' id='word_1_571' title='bbox 2625 2899 2904 2954; x_wconf 89' lang='lat' dir='ltr'><strong>Peccatum</strong></span> <span class='ocrx_word' id='word_1_572' title='bbox 2931 2901 3071 2954; x_wconf 90' lang='lat' dir='ltr'><strong>enim</strong></span> <span class='ocrx_word' id='word_1_573' title='bbox 3096 2903 3243 2956; x_wconf 88' lang='lat' dir='ltr'><strong>vobis</strong></span> <span class='ocrx_word' id='word_1_574' title='bbox 3269 2916 3371 2956; x_wconf 77' lang='lat' dir='ltr'><strong>non</strong></span> <span class='ocrx_word' id='word_1_575' title='bbox 3399 2903 3494 2956; x_wconf 77' lang='lat' dir='ltr'><strong>do-</strong></span> 
     </span>
    </p>
   </div>
   <div class='ocr_carea' id='block_1_73' title="bbox 301 2986 1862 3097">
    <p class='ocr_par' dir='ltr' id='par_1_73' title="bbox 301 3004 1862 3076">
     <span class='ocr_line' id='line_1_73' title="bbox 301 3004 1862 3076; baseline -0.004 -13"><span class='ocrx_word' id='word_1_576' title='bbox 301 3022 518 3076; x_wconf 88' lang='lat' dir='ltr'><strong>corpus</strong></span> <span class='ocrx_word' id='word_1_577' title='bbox 548 3007 934 3075; x_wconf 88' lang='lat' dir='ltr'><strong>reprimamus,</strong></span> <span class='ocrx_word' id='word_1_578' title='bbox 972 3013 1233 3059; x_wconf 89' lang='lat' dir='ltr'><strong>mortuum</strong></span> <span class='ocrx_word' id='word_1_579' title='bbox 1269 3012 1489 3071; x_wconf 89' lang='lat' dir='ltr'><strong>peccato</strong></span> <span class='ocrx_word' id='word_1_580' title='bbox 1514 3004 1709 3057; x_wconf 88' lang='lat' dir='ltr'><strong>dicitur</strong></span> <span class='ocrx_word' id='word_1_581' title='bbox 1746 3018 1862 3057; x_wconf 83' lang='lat' dir='ltr'><strong>esse</strong></span> 
     </span>
    </p>
   </div>
   <div class='ocr_carea' id='block_1_74' title="bbox 1970 2986 3488 3097">
    <p class='ocr_par' dir='ltr' id='par_1_74' title="bbox 1970 2987 3488 3059">
     <span class='ocr_line' id='line_1_74' title="bbox 1970 2987 3488 3059; baseline 0.004 -20"><span class='ocrx_word' id='word_1_582' title='bbox 1970 2987 2275 3041; x_wconf 90' lang='lat' dir='ltr'><strong>minabitur.</strong></span> <span class='ocrx_word' id='word_1_583' title='bbox 2307 2987 2419 3040; x_wconf 87' lang='lat' dir='ltr'><strong>Non</strong></span> <span class='ocrx_word' id='word_1_584' title='bbox 2448 2989 2591 3042; x_wconf 91' lang='lat' dir='ltr'><strong>enim</strong></span> <span class='ocrx_word' id='word_1_585' title='bbox 2638 2989 2736 3042; x_wconf 92' lang='lat' dir='ltr'><strong>sub</strong></span> <span class='ocrx_word' id='word_1_586' title='bbox 2785 2988 2899 3058; x_wconf 86' lang='lat' dir='ltr'><strong>lege</strong></span> <span class='ocrx_word' id='word_1_587' title='bbox 2931 2991 3087 3052; x_wconf 88' lang='lat' dir='ltr'><strong>estis,</strong></span> <span class='ocrx_word' id='word_1_588' title='bbox 3117 2991 3208 3044; x_wconf 88' lang='lat' dir='ltr'><strong>sed</strong></span> <span class='ocrx_word' id='word_1_589' title='bbox 3236 2992 3333 3045; x_wconf 93' lang='lat' dir='ltr'><strong>sub</strong></span> <span class='ocrx_word' id='word_1_590' title='bbox 3365 3007 3488 3059; x_wconf 82' lang='lat' dir='ltr'><strong>gra-</strong></span> 
     </span>
    </p>
   </div>
   <div class='ocr_carea' id='block_1_75' title="bbox 1965 3077 3494 3146">
    <p class='ocr_par' dir='ltr' id='par_1_75' title="bbox 1965 3077 3494 3146">
     <span class='ocr_line' id='line_1_75' title="bbox 1965 3077 3494 3146; baseline 0.004 -17"><span class='ocrx_word' id='word_1_591' title='bbox 1965 3077 2036 3130; x_wconf 89' lang='lat' dir='ltr'><strong>tia</strong></span> <span class='ocrx_word' id='word_1_592' title='bbox 2066 3078 2132 3129; x_wconf 83' lang='lat'><strong>&quot;.</strong></span> <span class='ocrx_word' id='word_1_593' title='bbox 2166 3095 2185 3128; x_wconf 75' lang='grc' dir='ltr'><strong><em>ι</em></strong></span> <span class='ocrx_word' id='word_1_594' title='bbox 2223 3077 2395 3130; x_wconf 87' lang='lat' dir='ltr'><strong>Etiam</strong></span> <span class='ocrx_word' id='word_1_595' title='bbox 2441 3078 2527 3131; x_wconf 90' lang='lat' dir='ltr'><strong>hic</strong></span> <span class='ocrx_word' id='word_1_596' title='bbox 2564 3078 2769 3133; x_wconf 87' lang='lat' dir='ltr'><strong>intuere</strong></span> <span class='ocrx_word' id='word_1_597' title='bbox 2801 3081 2989 3132; x_wconf 82' lang='lat' dir='ltr'><strong>miram</strong></span> <span class='ocrx_word' id='word_1_598' title='bbox 3029 3079 3078 3131; x_wconf 90' lang='lat' dir='ltr'><strong>in</strong></span> <span class='ocrx_word' id='word_1_599' title='bbox 3111 3079 3348 3146; x_wconf 88' lang='lat' dir='ltr'><strong>Apostoli</strong></span> <span class='ocrx_word' id='word_1_600' title='bbox 3377 3095 3494 3135; x_wconf 88' lang='lat' dir='ltr'><strong>ser-</strong></span> 
     </span>
    </p>
   </div>
   <div class='ocr_carea' id='block_1_76' title="bbox 1962 3166 3488 3240">
    <p class='ocr_par' dir='ltr' id='par_1_76' title="bbox 1962 3166 3488 3240">
     <span class='ocr_line' id='line_1_76' title="bbox 1962 3166 3488 3240; baseline 0.005 -24"><span class='ocrx_word' id='word_1_601' title='bbox 1962 3181 2118 3219; x_wconf 87' lang='lat' dir='ltr'><strong>mone</strong></span> <span class='ocrx_word' id='word_1_602' title='bbox 2147 3167 2425 3220; x_wconf 88' lang='lat' dir='ltr'><strong>cautelam.</strong></span> <span class='ocrx_word' id='word_1_603' title='bbox 2457 3166 2584 3218; x_wconf 88' lang='lat' dir='ltr'><strong>Cum</strong></span> <span class='ocrx_word' id='word_1_604' title='bbox 2611 3169 2674 3220; x_wconf 88' lang='lat' dir='ltr'><strong>de</strong></span> <span class='ocrx_word' id='word_1_605' title='bbox 2704 3170 2854 3222; x_wconf 90' lang='lat' dir='ltr'><strong>nobis</strong></span> <span class='ocrx_word' id='word_1_606' title='bbox 2892 3168 3148 3236; x_wconf 91' lang='lat' dir='ltr'><strong>loquitur,</strong></span> <span class='ocrx_word' id='word_1_607' title='bbox 3178 3169 3306 3221; x_wconf 88' lang='lat' dir='ltr'><strong>dicit</strong></span> <span class='ocrx_word' id='word_1_608' title='bbox 3333 3168 3441 3240; x_wconf 82' lang='grc'>(81)</span> <span class='ocrx_word' id='word_1_609' title='bbox 3470 3185 3488 3223; x_wconf 86' lang='lat'><strong>:</strong></span> 
     </span>
    </p>
   </div>
   <div class='ocr_carea' id='block_1_77' title="bbox 1964 3255 3494 3312">
    <p class='ocr_par' dir='ltr' id='par_1_77' title="bbox 1964 3255 3494 3312">
     <span class='ocr_line' id='line_1_77' title="bbox 1964 3255 3494 3312; baseline 0.003 -6"><span class='ocrx_word' id='word_1_610' title='bbox 1964 3273 1983 3305; x_wconf 74' lang='grc' dir='ltr'>ι</span> <span class='ocrx_word' id='word_1_611' title='bbox 2012 3255 2295 3308; x_wconf 91' lang='lat' dir='ltr'><strong>Peccatum</strong></span> <span class='ocrx_word' id='word_1_612' title='bbox 2321 3256 2468 3310; x_wconf 89' lang='lat' dir='ltr'><strong>vobis</strong></span> <span class='ocrx_word' id='word_1_613' title='bbox 2502 3270 2603 3309; x_wconf 90' lang='lat' dir='ltr'><strong>non</strong></span> <span class='ocrx_word' id='word_1_614' title='bbox 2634 3256 2994 3309; x_wconf 87' lang='lat' dir='ltr'><strong>dominabitur</strong></span> <span class='ocrx_word' id='word_1_615' title='bbox 3021 3274 3034 3308; x_wconf 89' lang='lat'><strong>:</strong></span> <span class='ocrx_word' id='word_1_616' title='bbox 3075 3275 3093 3306; x_wconf 71' lang='grc' dir='ltr'><strong><em>ι</em></strong></span> <span class='ocrx_word' id='word_1_617' title='bbox 3135 3271 3254 3309; x_wconf 92' lang='lat' dir='ltr'><strong>cum</strong></span> <span class='ocrx_word' id='word_1_618' title='bbox 3281 3257 3345 3310; x_wconf 92' lang='lat' dir='ltr'><strong>de</strong></span> <span class='ocrx_word' id='word_1_619' title='bbox 3376 3257 3494 3312; x_wconf 87' lang='lat' dir='ltr'><strong>Sal-</strong></span> 
     </span>
    </p>
   </div>
   <div class='ocr_carea' id='block_1_78' title="bbox 1957 3342 3492 3411">
    <p class='ocr_par' dir='ltr' id='par_1_78' title="bbox 1957 3342 3492 3411">
     <span class='ocr_line' id='line_1_78' title="bbox 1957 3342 3492 3411; baseline 0.001 -15"><span class='ocrx_word' id='word_1_620' title='bbox 1957 3353 2139 3397; x_wconf 89' lang='lat' dir='ltr'><strong>vatore</strong></span> <span class='ocrx_word' id='word_1_621' title='bbox 2165 3343 2494 3411; x_wconf 86' lang='lat' dir='ltr'><strong>loqueretur,</strong></span> <span class='ocrx_word' id='word_1_622' title='bbox 2518 3360 2620 3399; x_wconf 91' lang='lat' dir='ltr'><strong>non</strong></span> <span class='ocrx_word' id='word_1_623' title='bbox 2651 3345 2787 3398; x_wconf 78' lang='lat' dir='ltr'><strong>dixit</strong></span> <span class='ocrx_word' id='word_1_624' title='bbox 2816 3361 2828 3396; x_wconf 91' lang='lat'><strong>:</strong></span> <span class='ocrx_word' id='word_1_625' title='bbox 2872 3342 3152 3397; x_wconf 86' lang='lat' dir='ltr'><strong>Peccatum</strong></span> <span class='ocrx_word' id='word_1_626' title='bbox 3183 3358 3286 3396; x_wconf 89' lang='lat' dir='ltr'><strong>non</strong></span> <span class='ocrx_word' id='word_1_627' title='bbox 3320 3343 3492 3398; x_wconf 86' lang='lat' dir='ltr'><strong>domi-</strong></span> 
     </span>
    </p>
   </div>
   <div class='ocr_carea' id='block_1_79' title="bbox 1957 3433 3492 3502">
    <p class='ocr_par' dir='ltr' id='par_1_79' title="bbox 1957 3433 3492 3502">
     <span class='ocr_line' id='line_1_79' title="bbox 1957 3433 3492 3502; baseline 0.001 -16"><span class='ocrx_word' id='word_1_628' title='bbox 1957 3435 2172 3487; x_wconf 87' lang='lat' dir='ltr'><strong>nabitur</strong></span> <span class='ocrx_word' id='word_1_629' title='bbox 2195 3435 2402 3502; x_wconf 90' lang='lat' dir='ltr'><strong>(neque</strong></span> <span class='ocrx_word' id='word_1_630' title='bbox 2431 3435 2574 3488; x_wconf 90' lang='lat' dir='ltr'><strong>enim</strong></span> <span class='ocrx_word' id='word_1_631' title='bbox 2616 3434 2685 3487; x_wconf 93' lang='lat' dir='ltr'><strong>ita</strong></span> <span class='ocrx_word' id='word_1_632' title='bbox 2717 3434 2783 3488; x_wconf 90' lang='lat' dir='ltr'><strong>de</strong></span> <span class='ocrx_word' id='word_1_633' title='bbox 2810 3447 2874 3487; x_wconf 91' lang='lat' dir='ltr'><strong>eo</strong></span> <span class='ocrx_word' id='word_1_634' title='bbox 2928 3433 3031 3486; x_wconf 88' lang='lat' dir='ltr'><strong>dici</strong></span> <span class='ocrx_word' id='word_1_635' title='bbox 3061 3433 3279 3487; x_wconf 86' lang='lat' dir='ltr'><strong>decebat</strong></span> <span class='ocrx_word' id='word_1_636' title='bbox 3303 3433 3320 3501; x_wconf 96' lang='lat'><strong>)</strong></span> <span class='ocrx_word' id='word_1_637' title='bbox 3344 3472 3360 3497; x_wconf 96' lang='lat'><strong>,</strong></span> <span class='ocrx_word' id='word_1_638' title='bbox 3401 3436 3492 3488; x_wconf 89' lang='lat' dir='ltr'><strong>sed</strong></span> 
     </span>
    </p>
   </div>
   <div class='ocr_carea' id='block_1_80' title="bbox 1961 3521 3490 3578">
    <p class='ocr_par' dir='ltr' id='par_1_80' title="bbox 1961 3521 3490 3578">
     <span class='ocr_line' id='line_1_80' title="bbox 1961 3521 3490 3578; baseline 0.001 -3"><span class='ocrx_word' id='word_1_639' title='bbox 1961 3523 2070 3576; x_wconf 86' lang='lat' dir='ltr'><strong>ait:</strong></span> <span class='ocrx_word' id='word_1_640' title='bbox 2115 3539 2134 3573; x_wconf 74' lang='grc' dir='ltr'>ι</span> <span class='ocrx_word' id='word_1_641' title='bbox 2167 3521 2306 3578; x_wconf 87' lang='lat' dir='ltr'><strong>Mors</strong></span> <span class='ocrx_word' id='word_1_642' title='bbox 2334 3523 2382 3576; x_wconf 89' lang='lat' dir='ltr'><strong>ei</strong></span> <span class='ocrx_word' id='word_1_643' title='bbox 2411 3523 2547 3576; x_wconf 90' lang='lat' dir='ltr'><strong>ultra</strong></span> <span class='ocrx_word' id='word_1_644' title='bbox 2591 3539 2696 3577; x_wconf 87' lang='lat' dir='ltr'><strong>non</strong></span> <span class='ocrx_word' id='word_1_645' title='bbox 2731 3522 3095 3576; x_wconf 87' lang='lat' dir='ltr'><strong>dominabitur</strong></span> <span class='ocrx_word' id='word_1_646' title='bbox 3137 3522 3204 3575; x_wconf 77' lang='grc' dir='ltr'><strong>τ’.</strong></span> <span class='ocrx_word' id='word_1_647' title='bbox 3243 3539 3262 3572; x_wconf 72' lang='grc' dir='ltr'><strong><em>ι</em></strong></span> <span class='ocrx_word' id='word_1_648' title='bbox 3303 3522 3490 3577; x_wconf 84' lang='lat' dir='ltr'><strong>Mortis</strong></span> 
     </span>
    </p>
   </div>
   <div class='ocr_carea' id='block_1_81' title="bbox 1959 3610 3490 3679">
    <p class='ocr_par' dir='ltr' id='par_1_81' title="bbox 1959 3610 3490 3679">
     <span class='ocr_line' id='line_1_81' title="bbox 1959 3610 3490 3679; baseline -0.001 -13"><span class='ocrx_word' id='word_1_649' title='bbox 1959 3612 2098 3666; x_wconf 91' lang='lat' dir='ltr'><strong>enim</strong></span> <span class='ocrx_word' id='word_1_650' title='bbox 2121 3612 2173 3665; x_wconf 89' lang='lat' dir='ltr'><strong>in</strong></span> <span class='ocrx_word' id='word_1_651' title='bbox 2203 3627 2268 3666; x_wconf 92' lang='lat' dir='ltr'><strong>eo</strong></span> <span class='ocrx_word' id='word_1_652' title='bbox 2297 3611 2397 3665; x_wconf 87' lang='lat' dir='ltr'><strong>fuit</strong></span> <span class='ocrx_word' id='word_1_653' title='bbox 2424 3612 2592 3675; x_wconf 90' lang='lat' dir='ltr'><strong>locus,</strong></span> <span class='ocrx_word' id='word_1_654' title='bbox 2623 3611 2824 3679; x_wconf 90' lang='lat' dir='ltr'><strong>peccati</strong></span> <span class='ocrx_word' id='word_1_655' title='bbox 2870 3611 3062 3664; x_wconf 91' lang='lat' dir='ltr'><strong>nullus.</strong></span> <span class='ocrx_word' id='word_1_656' title='bbox 3090 3610 3160 3663; x_wconf 87' lang='lat' dir='ltr'><strong>At</strong></span> <span class='ocrx_word' id='word_1_657' title='bbox 3213 3619 3400 3664; x_wconf 90' lang='lat' dir='ltr'><strong>contra</strong></span> <span class='ocrx_word' id='word_1_658' title='bbox 3427 3612 3490 3664; x_wconf 89' lang='lat' dir='ltr'><strong>de</strong></span> 
     </span>
    </p>
   </div>
   <div class='ocr_carea' id='block_1_82' title="bbox 1959 3694 3488 3756">
    <p class='ocr_par' dir='ltr' id='par_1_82' title="bbox 1959 3694 3488 3756">
     <span class='ocr_line' id='line_1_82' title="bbox 1959 3694 3488 3756; baseline 0 -2"><span class='ocrx_word' id='word_1_659' title='bbox 1959 3701 2112 3756; x_wconf 91' lang='lat' dir='ltr'><strong>nobis</strong></span> <span class='ocrx_word' id='word_1_660' title='bbox 2143 3715 2240 3755; x_wconf 91' lang='lat' dir='ltr'><strong>nec</strong></span> <span class='ocrx_word' id='word_1_661' title='bbox 2272 3701 2622 3754; x_wconf 89' lang='lat' dir='ltr'><strong>conveniebat</strong></span> <span class='ocrx_word' id='word_1_662' title='bbox 2668 3700 2772 3754; x_wconf 91' lang='lat' dir='ltr'><strong>dici</strong></span> <span class='ocrx_word' id='word_1_663' title='bbox 2808 3717 2821 3750; x_wconf 90' lang='lat'><strong>:</strong></span> <span class='ocrx_word' id='word_1_664' title='bbox 2877 3694 3020 3753; x_wconf 82' lang='lat' dir='ltr'><strong>lllors</strong></span> <span class='ocrx_word' id='word_1_665' title='bbox 3047 3698 3201 3752; x_wconf 86' lang='lat' dir='ltr'><strong>vobis</strong></span> <span class='ocrx_word' id='word_1_666' title='bbox 3255 3713 3357 3752; x_wconf 91' lang='lat' dir='ltr'><strong>non</strong></span> <span class='ocrx_word' id='word_1_667' title='bbox 3394 3700 3488 3754; x_wconf 87' lang='lat' dir='ltr'><strong>do-</strong></span> 
     </span>
    </p>
   </div>
   <div class='ocr_carea' id='block_1_83' title="bbox 1957 3787 3488 3857">
    <p class='ocr_par' dir='ltr' id='par_1_83' title="bbox 1957 3787 3488 3857">
     <span class='ocr_line' id='line_1_83' title="bbox 1957 3787 3488 3857; baseline -0.006 -10"><span class='ocrx_word' id='word_1_668' title='bbox 1957 3793 2278 3857; x_wconf 87' lang='lat' dir='ltr'><strong>minabitur;</strong></span> <span class='ocrx_word' id='word_1_669' title='bbox 2303 3791 2404 3844; x_wconf 89' lang='lat' dir='ltr'><strong>boc</strong></span> <span class='ocrx_word' id='word_1_670' title='bbox 2433 3790 2574 3843; x_wconf 90' lang='lat' dir='ltr'><strong>enim</strong></span> <span class='ocrx_word' id='word_1_671' title='bbox 2622 3802 2814 3843; x_wconf 87' lang='lat' dir='ltr'><strong>cavere</strong></span> <span class='ocrx_word' id='word_1_672' title='bbox 2864 3803 2967 3840; x_wconf 93' lang='lat' dir='ltr'><strong>non</strong></span> <span class='ocrx_word' id='word_1_673' title='bbox 3007 3801 3323 3855; x_wconf 89' lang='lat' dir='ltr'><strong>possumus;</strong></span> <span class='ocrx_word' id='word_1_674' title='bbox 3356 3787 3447 3840; x_wconf 82' lang='lat' dir='ltr'><strong>sed</strong></span> <span class='ocrx_word' id='word_1_675' title='bbox 3473 3826 3488 3848; x_wconf 88' lang='lat'><strong>,</strong></span> 
     </span>
    </p>
   </div>
   <div class='ocr_carea' id='block_1_84' title="bbox 1963 3876 3487 3944">
    <p class='ocr_par' dir='ltr' id='par_1_84' title="bbox 1963 3876 3487 3944">
     <span class='ocr_line' id='line_1_84' title="bbox 1963 3876 3487 3944; baseline -0.005 -10"><span class='ocrx_word' id='word_1_676' title='bbox 1963 3900 1982 3934; x_wconf 75' lang='grc' dir='ltr'>ι</span> <span class='ocrx_word' id='word_1_677' title='bbox 2007 3883 2284 3936; x_wconf 90' lang='lat' dir='ltr'><strong>Peccatum</strong></span> <span class='ocrx_word' id='word_1_678' title='bbox 2311 3880 2460 3934; x_wconf 89' lang='lat' dir='ltr'><strong>vobis</strong></span> <span class='ocrx_word' id='word_1_679' title='bbox 2484 3893 2587 3933; x_wconf 92' lang='lat' dir='ltr'><strong>non</strong></span> <span class='ocrx_word' id='word_1_680' title='bbox 2610 3877 3004 3940; x_wconf 85' lang='lat' dir='ltr'><strong>dominabitur;</strong></span> <span class='ocrx_word' id='word_1_681' title='bbox 3038 3895 3057 3927; x_wconf 76' lang='grc' dir='ltr'><strong><em>ι</em></strong></span> <span class='ocrx_word' id='word_1_682' title='bbox 3077 3877 3224 3944; x_wconf 90' lang='lat' dir='ltr'><strong>quod</strong></span> <span class='ocrx_word' id='word_1_683' title='bbox 3249 3876 3362 3928; x_wconf 92' lang='lat' dir='ltr'><strong>sine</strong></span> <span class='ocrx_word' id='word_1_684' title='bbox 3389 3876 3487 3928; x_wconf 90' lang='lat' dir='ltr'><strong>du-</strong></span> 
     </span>
    </p>
   </div>
   <div class='ocr_carea' id='block_1_85' title="bbox 1959 3963 3487 4038">
    <p class='ocr_par' dir='ltr' id='par_1_85' title="bbox 1959 3963 3487 4038">
     <span class='ocr_line' id='line_1_85' title="bbox 1959 3963 3487 4038; baseline -0.007 -13"><span class='ocrx_word' id='word_1_685' title='bbox 1959 3972 2049 4025; x_wconf 86' lang='lat' dir='ltr'><strong>bio</strong></span> <span class='ocrx_word' id='word_1_686' title='bbox 2077 3970 2238 4024; x_wconf 90' lang='lat' dir='ltr'><strong>sciret</strong></span> <span class='ocrx_word' id='word_1_687' title='bbox 2272 3970 2442 4022; x_wconf 90' lang='lat' dir='ltr'><strong>vitare</strong></span> <span class='ocrx_word' id='word_1_688' title='bbox 2469 3981 2566 4020; x_wconf 91' lang='lat' dir='ltr'><strong>nos</strong></span> <span class='ocrx_word' id='word_1_689' title='bbox 2609 3978 2765 4038; x_wconf 87' lang='lat' dir='ltr'><strong>posse</strong></span> <span class='ocrx_word' id='word_1_690' title='bbox 2803 3965 2932 4034; x_wconf 75' lang='grc' dir='ltr'><strong>(εει),</strong></span> <span class='ocrx_word' id='word_1_691' title='bbox 2961 3963 3250 4018; x_wconf 89' lang='lat' dir='ltr'><strong>secundum</strong></span> <span class='ocrx_word' id='word_1_692' title='bbox 3289 3977 3349 4016; x_wconf 90' lang='lat' dir='ltr'><strong>ea</strong></span> <span class='ocrx_word' id='word_1_693' title='bbox 3375 3975 3487 4028; x_wconf 65' lang='lat' dir='ltr'><strong>qua</strong></span> 
     </span>
    </p>
   </div>
   <div class='ocr_carea' id='block_1_86' title="bbox 1957 4050 3490 4127">
    <p class='ocr_par' dir='ltr' id='par_1_86' title="bbox 1957 4050 3490 4127">
     <span class='ocr_line' id='line_1_86' title="bbox 1957 4050 3490 4127; baseline -0.007 -13"><span class='ocrx_word' id='word_1_694' title='bbox 1957 4059 2203 4127; x_wconf 89' lang='lat' dir='ltr'><strong>superius</strong></span> <span class='ocrx_word' id='word_1_695' title='bbox 2233 4057 2488 4120; x_wconf 80' lang='lat' dir='ltr'><strong>diximus,</strong></span> <span class='ocrx_word' id='word_1_696' title='bbox 2520 4055 2565 4108; x_wconf 91' lang='lat' dir='ltr'><strong>si</strong></span> <span class='ocrx_word' id='word_1_697' title='bbox 2609 4053 2986 4108; x_wconf 83' lang='lat' dir='ltr'><strong>mortiﬁcemus</strong></span> <span class='ocrx_word' id='word_1_698' title='bbox 3035 4050 3490 4127; x_wconf 84' lang='lat' dir='ltr'><strong>concupiscentias</strong></span> 
     </span>
    </p>
   </div>
   <div class='ocr_carea' id='block_1_87' title="bbox 1962 4139 3488 4214">
    <p class='ocr_par' dir='ltr' id='par_1_87' title="bbox 1962 4139 3488 4214">
     <span class='ocr_line' id='line_1_87' title="bbox 1962 4139 3488 4214; baseline -0.01 -8"><span class='ocrx_word' id='word_1_699' title='bbox 1962 4151 2160 4214; x_wconf 84' lang='lat' dir='ltr'><strong>carnis,</strong></span> <span class='ocrx_word' id='word_1_700' title='bbox 2188 4147 2238 4201; x_wconf 91' lang='lat' dir='ltr'><strong>in</strong></span> <span class='ocrx_word' id='word_1_701' title='bbox 2261 4145 2452 4201; x_wconf 84' lang='lat' dir='ltr'><strong>auibus</strong></span> <span class='ocrx_word' id='word_1_702' title='bbox 2482 4153 2758 4212; x_wconf 88' lang='lat' dir='ltr'><strong>peccatum</strong></span> <span class='ocrx_word' id='word_1_703' title='bbox 2788 4150 2997 4212; x_wconf 86' lang='lat' dir='ltr'><strong>poterat</strong></span> <span class='ocrx_word' id='word_1_704' title='bbox 3038 4140 3324 4196; x_wconf 88' lang='lat' dir='ltr'><strong>dominari.</strong></span> <span class='ocrx_word' id='word_1_705' title='bbox 3360 4139 3488 4191; x_wconf 86' lang='lat' dir='ltr'><strong>Pro-</strong></span> 
     </span>
    </p>
   </div>
   <div class='ocr_carea' id='block_1_88' title="bbox 386 4277 3488 4368">
    <p class='ocr_par' dir='ltr' id='par_1_88' title="bbox 386 4277 3488 4368">
     <span class='ocr_line' id='line_1_88' title="bbox 386 4277 3488 4368; baseline -0.011 -3"><span class='ocrx_word' id='word_1_706' title='bbox 386 4313 434 4345; x_wconf 80' lang='lat'><strong>“</strong></span> <span class='ocrx_word' id='word_1_707' title='bbox 469 4309 614 4364; x_wconf 88' lang='lat' dir='ltr'><strong>Psal.</strong></span> <span class='ocrx_word' id='word_1_708' title='bbox 647 4320 875 4368; x_wconf 74' lang='lat' dir='ltr'><strong>Lxxxttt,</strong></span> <span class='ocrx_word' id='word_1_709' title='bbox 904 4305 955 4358; x_wconf 79' lang='grc'><strong>5.</strong></span> <span class='ocrx_word' id='word_1_710' title='bbox 1033 4301 1116 4352; x_wconf 79' lang='grc'><strong>⁸⁸1</strong></span> <span class='ocrx_word' id='word_1_711' title='bbox 1151 4301 1272 4354; x_wconf 85' lang='lat' dir='ltr'><strong>Cor.</strong></span> <span class='ocrx_word' id='word_1_712' title='bbox 1300 4315 1373 4361; x_wconf 83' lang='lat' dir='ltr'><strong>vt,</strong></span> <span class='ocrx_word' id='word_1_713' title='bbox 1399 4299 1620 4368; x_wconf 24' lang='lat'><strong>46,173</strong></span> <span class='ocrx_word' id='word_1_714' title='bbox 1659 4295 1895 4368; x_wconf 3' lang='lat' dir='ltr'><strong>i‘p‘fRorn.</strong></span> <span class='ocrx_word' id='word_1_715' title='bbox 1924 4307 2042 4357; x_wconf 87' lang='lat' dir='ltr'><strong>vm,</strong></span> <span class='ocrx_word' id='word_1_716' title='bbox 2075 4290 2161 4342; x_wconf 77' lang='grc'><strong>10.</strong></span> <span class='ocrx_word' id='word_1_717' title='bbox 2234 4287 2276 4320; x_wconf 80' lang='grc'><strong>⁸⁷</strong></span> <span class='ocrx_word' id='word_1_718' title='bbox 2307 4285 2460 4338; x_wconf 78' lang='lat' dir='ltr'><strong>Rom.</strong></span> <span class='ocrx_word' id='word_1_719' title='bbox 2485 4300 2556 4348; x_wconf 84' lang='lat' dir='ltr'><strong>vt,</strong></span> <span class='ocrx_word' id='word_1_720' title='bbox 2579 4286 2629 4336; x_wconf 87' lang='lat'><strong>7.</strong></span> <span class='ocrx_word' id='word_1_721' title='bbox 2707 4283 2750 4314; x_wconf 65' lang='grc'>⁸⁸</span> <span class='ocrx_word' id='word_1_722' title='bbox 2780 4283 2798 4335; x_wconf 88' lang='lat' dir='ltr'><strong>l</strong></span> <span class='ocrx_word' id='word_1_723' title='bbox 2827 4282 2948 4336; x_wconf 88' lang='lat' dir='ltr'><strong>Cor.</strong></span> <span class='ocrx_word' id='word_1_724' title='bbox 2985 4295 3072 4345; x_wconf 81' lang='lat' dir='ltr'><strong>xv,</strong></span> <span class='ocrx_word' id='word_1_725' title='bbox 3103 4279 3189 4333; x_wconf 80' lang='lat'><strong>5&#39;5.</strong></span> <span class='ocrx_word' id='word_1_726' title='bbox 3261 4279 3306 4309; x_wconf 72' lang='grc' dir='ltr'><strong>δ’</strong></span> <span class='ocrx_word' id='word_1_727' title='bbox 3335 4277 3488 4332; x_wconf 82' lang='lat' dir='ltr'><strong>Rom.</strong></span> 
     </span>
    </p>
   </div>
   <div class='ocr_carea' id='block_1_89' title="bbox 293 4371 1001 4448">
    <p class='ocr_par' dir='ltr' id='par_1_89' title="bbox 293 4371 1001 4448">
     <span class='ocr_line' id='line_1_89' title="bbox 293 4371 1001 4448; baseline -0.023 -10"><span class='ocrx_word' id='word_1_728' title='bbox 293 4383 499 4448; x_wconf 74' lang='lat' dir='ltr'><strong>v1.15.</strong></span> <span class='ocrx_word' id='word_1_729' title='bbox 577 4378 623 4408; x_wconf 77' lang='grc' dir='ltr'><strong>⁷ο</strong></span> <span class='ocrx_word' id='word_1_730' title='bbox 647 4376 662 4427; x_wconf 90' lang='grc' dir='ltr'><strong>Ι</strong></span> <span class='ocrx_word' id='word_1_731' title='bbox 686 4375 820 4427; x_wconf 87' lang='lat' dir='ltr'><strong>Tim.</strong></span> <span class='ocrx_word' id='word_1_732' title='bbox 864 4389 922 4434; x_wconf 90' lang='lat' dir='ltr'><strong>ll,</strong></span> <span class='ocrx_word' id='word_1_733' title='bbox 949 4371 1001 4424; x_wconf 90' lang='lat'><strong>8.</strong></span> 
     </span>
    </p>
   </div>
   <div class='ocr_carea' id='block_1_90' title="bbox 297 4567 931 4634">
    <p class='ocr_par' dir='ltr' id='par_1_90' title="bbox 297 4567 931 4634">
     <span class='ocr_line' id='line_1_90' title="bbox 297 4567 931 4634; baseline 0 0"><span class='ocrx_word' id='word_1_734' title='bbox 297 4567 486 4634; x_wconf 49' lang='lat' dir='ltr'><strong>deri}:</strong></span> <span class='ocrx_word' id='word_1_735' title='bbox 510 4578 580 4634; x_wconf 80' lang='lat'><strong>’..</strong></span> <span class='ocrx_word' id='word_1_736' title='bbox 603 4625 636 4634; x_wconf 93' lang='lat'><strong>..</strong></span> <span class='ocrx_word' id='word_1_737' title='bbox 667 4625 679 4634; x_wconf 93' lang='lat'><strong>.</strong></span> <span class='ocrx_word' id='word_1_738' title='bbox 787 4621 801 4633; x_wconf 90' lang='lat'><strong>.</strong></span> <span class='ocrx_word' id='word_1_739' title='bbox 919 4621 931 4634; x_wconf 93' lang='lat'><strong>.</strong></span> 
     </span>
    </p>
   </div>
   <div class='ocr_carea' id='block_1_91' title="bbox 398 4625 1601 4692">
    <p class='ocr_par' dir='ltr' id='par_1_91' title="bbox 398 4625 1601 4692">
     <span class='ocr_line' id='line_1_91' title="bbox 398 4625 1601 4692; baseline -0.007 -14"><span class='ocrx_word' id='word_1_740' title='bbox 398 4631 497 4692; x_wconf 85' lang='lat'><strong>68)</strong></span> <span class='ocrx_word' id='word_1_741' title='bbox 542 4625 702 4689; x_wconf 84' lang='lat' dir='ltr'><strong>Editi,</strong></span> <span class='ocrx_word' id='word_1_742' title='bbox 736 4641 753 4672; x_wconf 84' lang='lat' dir='ltr'><strong>t</strong></span> <span class='ocrx_word' id='word_1_743' title='bbox 781 4625 960 4692; x_wconf 81' lang='lat' dir='ltr'><strong>junxit</strong></span> <span class='ocrx_word' id='word_1_744' title='bbox 987 4633 1063 4692; x_wconf 85' lang='lat' dir='ltr'><strong>se.</strong></span> <span class='ocrx_word' id='word_1_745' title='bbox 1095 4638 1113 4670; x_wconf 76' lang='grc' dir='ltr'><strong><em>ι</em></strong></span> <span class='ocrx_word' id='word_1_746' title='bbox 1197 4685 1210 4692; x_wconf 19' lang='grc' dir='ltr'><strong>ᾳ</strong></span> <span class='ocrx_word' id='word_1_747' title='bbox 1235 4685 1264 4692; x_wconf 84' lang='lat'><strong>__</strong></span> <span class='ocrx_word' id='word_1_748' title='bbox 1521 4690 1527 4692; x_wconf 20' lang='grc' dir='ltr'><em>Α</em></span> <span class='ocrx_word' id='word_1_749' title='bbox 1568 4681 1601 4692; x_wconf 51' lang='grc' dir='ltr'><strong><em>η</em></strong></span> 
     </span>
    </p>
   </div>
   <div class='ocr_carea' id='block_1_92' title="bbox 374 4636 1854 4771">
    <p class='ocr_par' dir='ltr' id='par_1_92' title="bbox 374 4636 1854 4771">
     <span class='ocr_line' id='line_1_92' title="bbox 398 4636 1601 4692; baseline -0.02 -7"><span class='ocrx_word' id='word_1_750' title='bbox 398 4636 497 4692; x_wconf 81' lang='lat'><strong>68)</strong></span> <span class='ocrx_word' id='word_1_751' title='bbox 543 4636 702 4689; x_wconf 69' lang='lat' dir='ltr'><strong>Imm,</strong></span> <span class='ocrx_word' id='word_1_752' title='bbox 736 4641 753 4672; x_wconf 85' lang='lat' dir='ltr'><strong>t</strong></span> <span class='ocrx_word' id='word_1_753' title='bbox 781 4636 960 4688; x_wconf 66' lang='lat' dir='ltr'><strong>Junxn</strong></span> <span class='ocrx_word' id='word_1_754' title='bbox 987 4636 1063 4672; x_wconf 88' lang='lat' dir='ltr'><strong>se.</strong></span> <span class='ocrx_word' id='word_1_755' title='bbox 1095 4638 1113 4670; x_wconf 77' lang='grc' dir='ltr'><strong><em>ι</em></strong></span> <span class='ocrx_word' id='word_1_756' title='bbox 1589 4681 1601 4692; x_wconf 35' lang='grc' dir='ltr'>θ</span> 
     </span>
     <span class='ocr_line' id='line_1_93' title="bbox 374 4636 1854 4771; baseline -0.01 -23"><span class='ocrx_word' id='word_1_757' title='bbox 374 4636 499 4771; x_wconf 49' lang='grc'>(69)</span> <span class='ocrx_word' id='word_1_758' title='bbox 538 4695 676 4746; x_wconf 88' lang='lat' dir='ltr'><strong>Editi</strong></span> <span class='ocrx_word' id='word_1_759' title='bbox 701 4728 724 4771; x_wconf 47' lang='grc' dir='ltr'><strong>ε</strong></span> <span class='ocrx_word' id='word_1_760' title='bbox 749 4709 767 4741; x_wconf 79' lang='grc' dir='ltr'>ι</span> <span class='ocrx_word' id='word_1_761' title='bbox 806 4692 911 4771; x_wconf 78' lang='lat' dir='ltr'><strong>Cur</strong></span> <span class='ocrx_word' id='word_1_762' title='bbox 943 4689 1107 4771; x_wconf 75' lang='lat' dir='ltr'><strong>igitur</strong></span> <span class='ocrx_word' id='word_1_763' title='bbox 1147 4685 1359 4739; x_wconf 88' lang='lat' dir='ltr'><strong>additur</strong></span> <span class='ocrx_word' id='word_1_764' title='bbox 1398 4681 1638 4745; x_wconf 79' lang='lat' dir='ltr'><strong>mortali,</strong></span> <span class='ocrx_word' id='word_1_765' title='bbox 1677 4700 1694 4730; x_wconf 79' lang='grc' dir='ltr'><strong><em>ι</em></strong></span> <span class='ocrx_word' id='word_1_766' title='bbox 1748 4691 1854 4736; x_wconf 91' lang='lat' dir='ltr'><strong>etc.</strong></span> 
     </span>
    </p>
   </div>
   <div class='ocr_carea' id='block_1_93' title="bbox 302 4760 1164 4822">
    <p class='ocr_par' dir='ltr' id='par_1_93' title="bbox 302 4760 1164 4822">
     <span class='ocr_line' id='line_1_94' title="bbox 302 4760 1164 4822; baseline -0.021 1"><span class='ocrx_word' id='word_1_767' title='bbox 302 4760 414 4822; x_wconf 75' lang='lat' dir='ltr'><strong>Sed</strong></span> <span class='ocrx_word' id='word_1_768' title='bbox 457 4760 593 4816; x_wconf 82' lang='lat' dir='ltr'><strong>mss.</strong></span> <span class='ocrx_word' id='word_1_769' title='bbox 627 4770 684 4812; x_wconf 89' lang='lat' dir='ltr'><strong>ut</strong></span> <span class='ocrx_word' id='word_1_770' title='bbox 712 4760 762 4811; x_wconf 91' lang='lat' dir='ltr'><strong>in</strong></span> <span class='ocrx_word' id='word_1_771' title='bbox 789 4766 968 4810; x_wconf 88' lang='lat' dir='ltr'><strong>nostro</strong></span> <span class='ocrx_word' id='word_1_772' title='bbox 999 4764 1164 4809; x_wconf 84' lang='lat' dir='ltr'><strong>textu.</strong></span> 
     </span>
    </p>
   </div>
   <div class='ocr_carea' id='block_1_94' title="bbox 376 4826 1030 4904">
    <p class='ocr_par' dir='ltr' id='par_1_94' title="bbox 376 4826 1030 4904">
     <span class='ocr_line' id='line_1_95' title="bbox 376 4826 1030 4904; baseline -0.021 -16"><span class='ocrx_word' id='word_1_773' title='bbox 376 4833 495 4904; x_wconf 84' lang='grc' dir='ltr'>(Ἱο)</span> <span class='ocrx_word' id='word_1_774' title='bbox 541 4829 678 4904; x_wconf 61' lang='lat' dir='ltr'><strong>Editi</strong></span> <span class='ocrx_word' id='word_1_775' title='bbox 703 4867 717 4891; x_wconf 94' lang='lat'><strong>,</strong></span> <span class='ocrx_word' id='word_1_776' title='bbox 757 4845 774 4876; x_wconf 78' lang='grc' dir='ltr'>ι</span> <span class='ocrx_word' id='word_1_777' title='bbox 810 4826 978 4904; x_wconf 42' lang='lat' dir='ltr'><strong>quod:</strong></span> <span class='ocrx_word' id='word_1_778' title='bbox 1011 4842 1030 4874; x_wconf 74' lang='grc' dir='ltr'><strong><em>ι</em></strong></span> 
     </span>
    </p>
   </div>
   <div class='ocr_carea' id='block_1_95' title="bbox 377 4889 1814 4966">
    <p class='ocr_par' dir='ltr' id='par_1_95' title="bbox 377 4889 1814 4966">
     <span class='ocr_line' id='line_1_96' title="bbox 377 4889 1814 4966; baseline -0.006 -17"><span class='ocrx_word' id='word_1_779' title='bbox 377 4889 497 4965; x_wconf 65' lang='grc'>(71)</span> <span class='ocrx_word' id='word_1_780' title='bbox 555 4897 673 4966; x_wconf 73' lang='lat' dir='ltr'><strong>Vite</strong></span> <span class='ocrx_word' id='word_1_781' title='bbox 704 4889 1001 4966; x_wconf 55' lang='lat' dir='ltr'><strong>manu,</strong></span> <span class='ocrx_word' id='word_1_782' title='bbox 1050 4889 1304 4966; x_wconf 64' lang='lat' dir='ltr'><strong>tvivit.t</strong></span> <span class='ocrx_word' id='word_1_783' title='bbox 1375 4951 1386 4964; x_wconf 46' lang='grc'><strong>⁸</strong></span> <span class='ocrx_word' id='word_1_784' title='bbox 1462 4953 1530 4966; x_wconf 58' lang='lat' dir='ltr'><strong>M</strong></span> <span class='ocrx_word' id='word_1_785' title='bbox 1604 4961 1614 4966; x_wconf 29' lang='grc' dir='ltr'><strong><em>Δ</em></strong></span> 
     </span>
    </p>
   </div>
   <div class='ocr_carea' id='block_1_96' title="bbox 377 4953 1849 5042">
    <p class='ocr_par' dir='ltr' id='par_1_96' title="bbox 377 4953 1849 5042">
     <span class='ocr_line' id='line_1_97' title="bbox 377 4953 1849 5042; baseline -0.018 26"><span class='ocrx_word' id='word_1_786' title='bbox 377 4953 696 5042; x_wconf 55' lang='grc' dir='ltr'><strong>(ηδ-βαίην</strong></span> <span class='ocrx_word' id='word_1_787' title='bbox 734 4962 945 5042; x_wconf 51' lang='lat' dir='ltr'><strong>unum»</strong></span> <span class='ocrx_word' id='word_1_788' title='bbox 967 4953 1686 5042; x_wconf 42' lang='lat' dir='ltr'><strong>summairritatis</strong></span> <span class='ocrx_word' id='word_1_789' title='bbox 1705 4953 1849 5042; x_wconf 57' lang='lat' dir='ltr'><strong>5110i:</strong></span> 
     </span>
    </p>
   </div>
   <div class='ocr_carea' id='block_1_97' title="bbox 303 5023 1844 5098">
    <p class='ocr_par' dir='ltr' id='par_1_97' title="bbox 303 5023 1844 5098">
     <span class='ocr_line' id='line_1_98' title="bbox 303 5023 1844 5098; baseline -0.015 -3"><span class='ocrx_word' id='word_1_790' title='bbox 303 5023 422 5095; x_wconf 56' lang='grc' dir='ltr'>ιιιιδξ</span> <span class='ocrx_word' id='word_1_791' title='bbox 450 5023 629 5089; x_wconf 71' lang='grc' dir='ltr'><strong>ι’Μεε.</strong></span> <span class='ocrx_word' id='word_1_792' title='bbox 658 5023 871 5098; x_wconf 74' lang='lat' dir='ltr'><strong>quidam</strong></span> <span class='ocrx_word' id='word_1_793' title='bbox 901 5039 952 5080; x_wconf 90' lang='lat' dir='ltr'><strong>et</strong></span> <span class='ocrx_word' id='word_1_794' title='bbox 980 5027 1246 5098; x_wconf 71' lang='lat' dir='ltr'><strong>Ilabauus,</strong></span> <span class='ocrx_word' id='word_1_795' title='bbox 1283 5041 1299 5072; x_wconf 76' lang='grc' dir='ltr'>ι</span> <span class='ocrx_word' id='word_1_796' title='bbox 1323 5023 1410 5089; x_wconf 85' lang='lat' dir='ltr'><strong>qui</strong></span> <span class='ocrx_word' id='word_1_797' title='bbox 1441 5033 1677 5073; x_wconf 85' lang='lat' dir='ltr'><strong>mortuus</strong></span> <span class='ocrx_word' id='word_1_798' title='bbox 1700 5031 1800 5084; x_wconf 85' lang='lat' dir='ltr'><strong>est,</strong></span> <span class='ocrx_word' id='word_1_799' title='bbox 1825 5041 1844 5072; x_wconf 73' lang='grc' dir='ltr'><strong><em>ι</em></strong></span> 
     </span>
    </p>
   </div>
   <div class='ocr_carea' id='block_1_98' title="bbox 297 5095 1672 5166">
    <p class='ocr_par' dir='ltr' id='par_1_98' title="bbox 297 5095 1672 5166">
     <span class='ocr_line' id='line_1_99' title="bbox 297 5095 1672 5166; baseline -0.017 -1"><span class='ocrx_word' id='word_1_800' title='bbox 297 5121 414 5166; x_wconf 88' lang='lat' dir='ltr'><strong>etc.</strong></span> <span class='ocrx_word' id='word_1_801' title='bbox 459 5104 569 5159; x_wconf 87' lang='lat' dir='ltr'><strong>Sed</strong></span> <span class='ocrx_word' id='word_1_802' title='bbox 606 5095 803 5153; x_wconf 79' lang='lat' dir='ltr'><strong>rectius</strong></span> <span class='ocrx_word' id='word_1_803' title='bbox 833 5111 939 5166; x_wconf 55' lang='lat' dir='ltr'><strong>ms.</strong></span> <span class='ocrx_word' id='word_1_804' title='bbox 964 5110 1097 5147; x_wconf 91' lang='lat' dir='ltr'><strong>unus</strong></span> <span class='ocrx_word' id='word_1_805' title='bbox 1126 5102 1178 5145; x_wconf 92' lang='lat' dir='ltr'><strong>ut</strong></span> <span class='ocrx_word' id='word_1_806' title='bbox 1216 5095 1266 5145; x_wconf 89' lang='lat' dir='ltr'><strong>in</strong></span> <span class='ocrx_word' id='word_1_807' title='bbox 1298 5099 1478 5143; x_wconf 84' lang='lat' dir='ltr'><strong>nostro</strong></span> <span class='ocrx_word' id='word_1_808' title='bbox 1509 5099 1672 5142; x_wconf 80' lang='lat' dir='ltr'><strong>textu.</strong></span> 
     </span>
    </p>
   </div>
   <div class='ocr_carea' id='block_1_99' title="bbox 377 5163 1404 5244">
    <p class='ocr_par' dir='ltr' id='par_1_99' title="bbox 377 5163 1404 5244">
     <span class='ocr_line' id='line_1_100' title="bbox 377 5163 1404 5244; baseline -0.008 -26"><span class='ocrx_word' id='word_1_809' title='bbox 377 5174 498 5244; x_wconf 75' lang='grc'>(75)</span> <span class='ocrx_word' id='word_1_810' title='bbox 540 5168 707 5244; x_wconf 46' lang='lat' dir='ltr'><strong>Alias,</strong></span> <span class='ocrx_word' id='word_1_811' title='bbox 752 5183 770 5216; x_wconf 72' lang='grc' dir='ltr'>ι</span> <span class='ocrx_word' id='word_1_812' title='bbox 805 5173 896 5218; x_wconf 84' lang='lat' dir='ltr'><strong>aut</strong></span> <span class='ocrx_word' id='word_1_813' title='bbox 919 5163 1243 5244; x_wconf 39' lang='lat' dir='ltr'><strong>furaturqd</strong></span> <span class='ocrx_word' id='word_1_814' title='bbox 1298 5181 1404 5244; x_wconf 40' lang='lat' dir='ltr'><strong>in!</strong></span> 
     </span>
    </p>
   </div>
   <div class='ocr_carea' id='block_1_100' title="bbox 376 5174 1851 5314">
    <p class='ocr_par' dir='ltr' id='par_1_100' title="bbox 376 5174 1851 5314">
     <span class='ocr_line' id='line_1_101' title="bbox 377 5174 1404 5244; baseline -0.033 -13"><span class='ocrx_word' id='word_1_815' title='bbox 377 5176 476 5244; x_wconf 79' lang='grc'>(75</span> <span class='ocrx_word' id='word_1_816' title='bbox 540 5174 707 5230; x_wconf 86' lang='lat' dir='ltr'><strong>Alias,</strong></span> <span class='ocrx_word' id='word_1_817' title='bbox 752 5183 770 5216; x_wconf 73' lang='grc' dir='ltr'>ι</span> <span class='ocrx_word' id='word_1_818' title='bbox 805 5174 896 5218; x_wconf 83' lang='lat' dir='ltr'><strong>aut</strong></span> <span class='ocrx_word' id='word_1_819' title='bbox 919 5174 1142 5241; x_wconf 69' lang='lat' dir='ltr'><strong>iuratur.</strong></span> <span class='ocrx_word' id='word_1_820' title='bbox 1180 5179 1198 5210; x_wconf 71' lang='grc' dir='ltr'><strong><em>ι</em></strong></span> <span class='ocrx_word' id='word_1_821' title='bbox 1232 5227 1243 5238; x_wconf 48' lang='lat'><em>.</em></span> <span class='ocrx_word' id='word_1_822' title='bbox 1298 5181 1306 5210; x_wconf 68' lang='grc' dir='ltr'><em>ε</em></span> <span class='ocrx_word' id='word_1_823' title='bbox 1393 5225 1404 5237; x_wconf 46' lang='grc'><strong><em>⁸</em></strong></span> 
     </span>
     <span class='ocr_line' id='line_1_102' title="bbox 376 5174 1851 5314; baseline -0.017 -18"><span class='ocrx_word' id='word_1_824' title='bbox 376 5174 498 5314; x_wconf 53' lang='lat'><strong>(74;</strong></span> <span class='ocrx_word' id='word_1_825' title='bbox 543 5235 640 5288; x_wconf 88' lang='lat' dir='ltr'><strong>Ms.</strong></span> <span class='ocrx_word' id='word_1_826' title='bbox 672 5247 975 5314; x_wconf 15' lang='lat' dir='ltr'><strong>nauarent</strong></span> <span class='ocrx_word' id='word_1_827' title='bbox 1001 5233 1245 5314; x_wconf 32' lang='lat' dir='ltr'><strong>pgrzesen‘u</strong></span> <span class='ocrx_word' id='word_1_828' title='bbox 1293 5225 1851 5314; x_wconf 41' lang='lat' dir='ltr'><strong>capitulonéppstoligts</strong></span> 
     </span>
    </p>
   </div>
   <div class='ocr_carea' id='block_1_101' title="bbox 301 5293 1849 5371">
    <p class='ocr_par' dir='ltr' id='par_1_101' title="bbox 301 5293 1849 5371">
     <span class='ocr_line' id='line_1_103' title="bbox 301 5293 1849 5371; baseline -0.023 -1"><span class='ocrx_word' id='word_1_829' title='bbox 301 5293 663 5370; x_wconf 66' lang='lat' dir='ltr'><strong>coinnionere</strong></span> <span class='ocrx_word' id='word_1_830' title='bbox 716 5302 924 5371; x_wconf 83' lang='lat' dir='ltr'><strong>videtur</strong></span> <span class='ocrx_word' id='word_1_831' title='bbox 963 5297 1266 5371; x_wconf 66' lang='lat' dir='ltr'><strong>adﬁciens,</strong></span> <span class='ocrx_word' id='word_1_832' title='bbox 1314 5312 1332 5344; x_wconf 77' lang='grc' dir='ltr'><strong>ι</strong></span> <span class='ocrx_word' id='word_1_833' title='bbox 1384 5301 1486 5345; x_wconf 91' lang='lat' dir='ltr'><strong>etc.</strong></span> <span class='ocrx_word' id='word_1_834' title='bbox 1533 5293 1690 5354; x_wconf 79' lang='lat' dir='ltr'><strong>Edtti,</strong></span> <span class='ocrx_word' id='word_1_835' title='bbox 1729 5310 1745 5340; x_wconf 75' lang='grc' dir='ltr'>ι</span> <span class='ocrx_word' id='word_1_836' title='bbox 1792 5293 1849 5371; x_wconf 40' lang='grc' dir='ltr'>ἐ...</span> 
     </span>
    </p>
   </div>
   <div class='ocr_carea' id='block_1_102' title="bbox 301 5361 1853 5451">
    <p class='ocr_par' dir='ltr' id='par_1_102' title="bbox 301 5361 1853 5451">
     <span class='ocr_line' id='line_1_104' title="bbox 301 5361 1853 5451; baseline -0.001 1"><span class='ocrx_word' id='word_1_837' title='bbox 301 5361 714 5451; x_wconf 67' lang='grc' dir='ltr'><strong>ῐίέἑέεειιιί.¹οοο</strong></span> <span class='ocrx_word' id='word_1_838' title='bbox 739 5370 812 5420; x_wconf 55' lang='lat' dir='ltr'><strong>ita</strong></span> <span class='ocrx_word' id='word_1_839' title='bbox 837 5361 1118 5451; x_wconf 64' lang='grc' dir='ltr'><strong>Αροξξίέειξξ</strong></span> <span class='ocrx_word' id='word_1_840' title='bbox 1143 5363 1371 5451; x_wconf 49' lang='lat' dir='ltr'><strong>dies:</strong></span> <span class='ocrx_word' id='word_1_841' title='bbox 1397 5361 1853 5451; x_wconf 54' lang='grc' dir='ltr'><strong>εοὶιειιξξθηξειῖᾼ¹ὲ</strong></span> 
     </span>
    </p>
   </div>
   <div class='ocr_carea' id='block_1_103' title="bbox 303 5427 1854 5503">
    <p class='ocr_par' dir='ltr' id='par_1_103' title="bbox 303 5427 1854 5503">
     <span class='ocr_line' id='line_1_105' title="bbox 303 5427 1854 5503; baseline -0.01 -8"><span class='ocrx_word' id='word_1_842' title='bbox 303 5427 521 5503; x_wconf 40' lang='lat' dir='ltr'><strong>agris“:</strong></span> <span class='ocrx_word' id='word_1_843' title='bbox 577 5441 633 5492; x_wconf 82' lang='lat' dir='ltr'><strong>In</strong></span> <span class='ocrx_word' id='word_1_844' title='bbox 677 5427 920 5503; x_wconf 66' lang='lat' dir='ltr'><strong>corpore</strong></span> <span class='ocrx_word' id='word_1_845' title='bbox 945 5440 1123 5503; x_wconf 80' lang='lat' dir='ltr'><strong>vestro</strong></span> <span class='ocrx_word' id='word_1_846' title='bbox 1164 5439 1394 5482; x_wconf 89' lang='lat' dir='ltr'><strong>mortuo.</strong></span> <span class='ocrx_word' id='word_1_847' title='bbox 1441 5427 1588 5479; x_wconf 87' lang='lat' dir='ltr'><strong>Alius</strong></span> <span class='ocrx_word' id='word_1_848' title='bbox 1611 5428 1854 5503; x_wconf 62' lang='lat' dir='ltr'><strong>fortasse</strong></span> 
     </span>
    </p>
   </div>
   <div class='ocr_carea' id='block_1_104' title="bbox 303 5495 1848 5576">
    <p class='ocr_par' dir='ltr' id='par_1_104' title="bbox 303 5495 1848 5576">
     <span class='ocr_line' id='line_1_106' title="bbox 303 5495 1848 5576; baseline -0.017 -6"><span class='ocrx_word' id='word_1_849' title='bbox 303 5495 522 5569; x_wconf 42' lang='lat' dir='ltr'><strong>dic—cret</strong></span> <span class='ocrx_word' id='word_1_850' title='bbox 558 5507 717 5576; x_wconf 89' lang='lat' dir='ltr'><strong>quod.</strong></span> <span class='ocrx_word' id='word_1_851' title='bbox 765 5495 788 5551; x_wconf 79' lang='grc' dir='ltr'><strong><em>ἱ</em></strong></span> <span class='ocrx_word' id='word_1_852' title='bbox 833 5498 1068 5576; x_wconf 79' lang='lat' dir='ltr'><strong>Deinde,</strong></span> <span class='ocrx_word' id='word_1_853' title='bbox 1121 5515 1138 5576; x_wconf 57' lang='grc' dir='ltr'><strong>ς</strong></span> <span class='ocrx_word' id='word_1_854' title='bbox 1183 5505 1443 5576; x_wconf 79' lang='lat' dir='ltr'><strong>mortuum</strong></span> <span class='ocrx_word' id='word_1_855' title='bbox 1484 5495 1796 5548; x_wconf 86' lang='lat' dir='ltr'><strong>nominavit.</strong></span> <span class='ocrx_word' id='word_1_856' title='bbox 1829 5511 1848 5544; x_wconf 76' lang='grc' dir='ltr'><strong><em>ι</em></strong></span> 
     </span>
    </p>
   </div>
   <div class='ocr_carea' id='block_1_105' title="bbox 305 5564 1397 5647">
    <p class='ocr_par' dir='ltr' id='par_1_105' title="bbox 305 5564 1397 5647">
     <span class='ocr_line' id='line_1_107' title="bbox 305 5564 1397 5647; baseline -0.005 -28"><span class='ocrx_word' id='word_1_857' title='bbox 305 5564 423 5637; x_wconf 53' lang='lat' dir='ltr'><strong>g9]</strong></span> <span class='ocrx_word' id='word_1_858' title='bbox 439 5564 686 5647; x_wconf 74' lang='lat' dir='ltr'><strong>potiores</strong></span> <span class='ocrx_word' id='word_1_859' title='bbox 709 5575 921 5636; x_wconf 86' lang='lat' dir='ltr'><strong>mss._ut</strong></span> <span class='ocrx_word' id='word_1_860' title='bbox 942 5564 994 5615; x_wconf 91' lang='lat' dir='ltr'><strong>in</strong></span> <span class='ocrx_word' id='word_1_861' title='bbox 1025 5573 1206 5616; x_wconf 89' lang='lat' dir='ltr'><strong>nostro</strong></span> <span class='ocrx_word' id='word_1_862' title='bbox 1233 5570 1397 5617; x_wconf 79' lang='lat' dir='ltr'><strong>textu.</strong></span> 
     </span>
    </p>
   </div>
   <div class='ocr_carea' id='block_1_106' title="bbox 1076 4364 1868 4431">
    <p class='ocr_par' dir='ltr' id='par_1_106' title="bbox 1076 4364 1868 4431">
     <span class='ocr_line' id='line_1_108' title="bbox 1076 4364 1868 4431; baseline -0.009 -8"><span class='ocrx_word' id='word_1_863' title='bbox 1076 4371 1121 4401; x_wconf 81' lang='lat'>”</span> <span class='ocrx_word' id='word_1_864' title='bbox 1153 4371 1301 4423; x_wconf 81' lang='lat' dir='ltr'><strong>Rom.</strong></span> <span class='ocrx_word' id='word_1_865' title='bbox 1325 4385 1402 4431; x_wconf 83' lang='lat' dir='ltr'><strong>Vl,</strong></span> <span class='ocrx_word' id='word_1_866' title='bbox 1427 4370 1510 4421; x_wconf 73' lang='lat' dir='ltr'><strong>M.</strong></span> <span class='ocrx_word' id='word_1_867' title='bbox 1586 4367 1630 4398; x_wconf 85' lang='lat'><strong>&quot;</strong></span> <span class='ocrx_word' id='word_1_868' title='bbox 1657 4367 1784 4420; x_wconf 87' lang='lat' dir='ltr'><strong>ibid.</strong></span> <span class='ocrx_word' id='word_1_869' title='bbox 1814 4364 1868 4416; x_wconf 87' lang='lat'><strong>9.</strong></span> 
     </span>
    </p>
   </div>
   <div class='ocr_carea' id='block_1_107' title="bbox 371 4478 1930 4567">
    <p class='ocr_par' dir='ltr' id='par_1_107' title="bbox 371 4478 1930 4567">
     <span class='ocr_line' id='line_1_109' title="bbox 371 4478 1930 4567; baseline -0.013 -18"><span class='ocrx_word' id='word_1_870' title='bbox 371 4494 494 4567; x_wconf 82' lang='grc'>(6⁸⁷)</span> <span class='ocrx_word' id='word_1_871' title='bbox 532 4490 704 4551; x_wconf 84' lang='lat' dir='ltr'><strong>Alias,</strong></span> <span class='ocrx_word' id='word_1_872' title='bbox 731 4505 749 4538; x_wconf 86' lang='grc'><strong><em>‹</em></strong></span> <span class='ocrx_word' id='word_1_873' title='bbox 772 4482 1036 4555; x_wconf 86' lang='lat' dir='ltr'><strong>quomodo</strong></span> <span class='ocrx_word' id='word_1_874' title='bbox 1065 4483 1273 4545; x_wconf 87' lang='lat' dir='ltr'><strong>videat;</strong></span> <span class='ocrx_word' id='word_1_875' title='bbox 1302 4499 1318 4530; x_wconf 78' lang='grc' dir='ltr'><strong><em>ι</em></strong></span> <span class='ocrx_word' id='word_1_876' title='bbox 1354 4479 1483 4544; x_wconf 77' lang='lat' dir='ltr'><strong>al.,t</strong></span> <span class='ocrx_word' id='word_1_877' title='bbox 1521 4481 1732 4548; x_wconf 89' lang='lat' dir='ltr'><strong>quando</strong></span> <span class='ocrx_word' id='word_1_878' title='bbox 1775 4478 1852 4532; x_wconf 84' lang='lat' dir='ltr'><strong>vi-</strong></span> <span class='ocrx_word' id='word_1_879' title='bbox 1887 4479 1930 4534; x_wconf 91' lang='lat' dir='ltr'><strong>D</strong></span> 
     </span>
    </p>
   </div>
   <div class='ocr_carea' id='block_1_108' title="bbox 2027 4459 3490 4542">
    <p class='ocr_par' dir='ltr' id='par_1_108' title="bbox 2027 4459 3490 4542">
     <span class='ocr_line' id='line_1_110' title="bbox 2027 4459 3490 4542; baseline -0.008 -17"><span class='ocrx_word' id='word_1_880' title='bbox 2027 4471 2138 4542; x_wconf 80' lang='lat'><strong>(75)</strong></span> <span class='ocrx_word' id='word_1_881' title='bbox 2167 4470 2321 4532; x_wconf 87' lang='lat' dir='ltr'><strong>Editi,</strong></span> <span class='ocrx_word' id='word_1_882' title='bbox 2347 4487 2364 4518; x_wconf 73' lang='grc' dir='ltr'>ι</span> <span class='ocrx_word' id='word_1_883' title='bbox 2396 4467 2578 4542; x_wconf 81' lang='lat' dir='ltr'><strong>adepta</strong></span> <span class='ocrx_word' id='word_1_884' title='bbox 2609 4463 3034 4542; x_wconf 75' lang='lat' dir='ltr'><strong>immortalitate._</strong></span> <span class='ocrx_word' id='word_1_885' title='bbox 3056 4482 3073 4513; x_wconf 74' lang='grc' dir='ltr'>ι</span> <span class='ocrx_word' id='word_1_886' title='bbox 3103 4463 3226 4542; x_wconf 86' lang='lat' dir='ltr'><strong>Mss.</strong></span> <span class='ocrx_word' id='word_1_887' title='bbox 3249 4459 3490 4528; x_wconf 86' lang='lat' dir='ltr'><strong>quidam,</strong></span> 
     </span>
    </p>
   </div>
   <div class='ocr_carea' id='block_1_109' title="bbox 1963 4533 3493 4606">
    <p class='ocr_par' dir='ltr' id='par_1_109' title="bbox 1963 4533 3493 4606">
     <span class='ocr_line' id='line_1_111' title="bbox 1963 4533 3493 4606; baseline -0.005 -16"><span class='ocrx_word' id='word_1_888' title='bbox 1963 4559 1980 4590; x_wconf 78' lang='grc' dir='ltr'>ι</span> <span class='ocrx_word' id='word_1_889' title='bbox 2017 4533 2226 4606; x_wconf 76' lang='lat' dir='ltr'><strong>indepta</strong></span> <span class='ocrx_word' id='word_1_890' title='bbox 2258 4533 2680 4595; x_wconf 76' lang='lat' dir='ltr'><strong>immortalitate,</strong></span> <span class='ocrx_word' id='word_1_891' title='bbox 2712 4553 2730 4583; x_wconf 76' lang='grc' dir='ltr'><strong><em>ι</em></strong></span> <span class='ocrx_word' id='word_1_892' title='bbox 2758 4534 2912 4586; x_wconf 87' lang='lat' dir='ltr'><strong>male.</strong></span> <span class='ocrx_word' id='word_1_893' title='bbox 2933 4533 3035 4584; x_wconf 84' lang='lat' dir='ltr'><strong>Sed</strong></span> <span class='ocrx_word' id='word_1_894' title='bbox 3061 4541 3205 4584; x_wconf 88' lang='lat' dir='ltr'><strong>recte</strong></span> <span class='ocrx_word' id='word_1_895' title='bbox 3233 4544 3332 4581; x_wconf 86' lang='lat' dir='ltr'><strong>tus.</strong></span> <span class='ocrx_word' id='word_1_896' title='bbox 3355 4544 3493 4583; x_wconf 79' lang='lat' dir='ltr'><strong>Unus</strong></span> 
     </span>
    </p>
   </div>
   <div class='ocr_carea' id='block_1_110' title="bbox 1953 4609 2510 4661">
    <p class='ocr_par' dir='ltr' id='par_1_110' title="bbox 1953 4609 2510 4661">
     <span class='ocr_line' id='line_1_112' title="bbox 1953 4609 2510 4661; baseline -0.013 -1"><span class='ocrx_word' id='word_1_897' title='bbox 1953 4618 2012 4661; x_wconf 94' lang='lat' dir='ltr'><strong>ut</strong></span> <span class='ocrx_word' id='word_1_898' title='bbox 2043 4609 2093 4658; x_wconf 90' lang='lat' dir='ltr'><strong>in</strong></span> <span class='ocrx_word' id='word_1_899' title='bbox 2129 4617 2309 4658; x_wconf 89' lang='lat' dir='ltr'><strong>nostro</strong></span> <span class='ocrx_word' id='word_1_900' title='bbox 2345 4614 2510 4657; x_wconf 85' lang='lat' dir='ltr'><strong>textu.</strong></span> 
     </span>
    </p>
   </div>
   <div class='ocr_carea' id='block_1_111' title="bbox 2023 4663 3489 4744">
    <p class='ocr_par' dir='ltr' id='par_1_111' title="bbox 2023 4663 3489 4744">
     <span class='ocr_line' id='line_1_113' title="bbox 2023 4663 3489 4744; baseline -0.005 -20"><span class='ocrx_word' id='word_1_901' title='bbox 2023 4673 2134 4744; x_wconf 86' lang='lat'><strong>(76)</strong></span> <span class='ocrx_word' id='word_1_902' title='bbox 2165 4674 2331 4734; x_wconf 81' lang='lat' dir='ltr'><strong>Alias,</strong></span> <span class='ocrx_word' id='word_1_903' title='bbox 2395 4689 2411 4720; x_wconf 73' lang='grc' dir='ltr'>ι</span> <span class='ocrx_word' id='word_1_904' title='bbox 2444 4686 2545 4738; x_wconf 88' lang='lat' dir='ltr'><strong>qua</strong></span> <span class='ocrx_word' id='word_1_905' title='bbox 2574 4685 2587 4732; x_wconf 93' lang='lat'><strong>;</strong></span> <span class='ocrx_word' id='word_1_906' title='bbox 2623 4687 2640 4718; x_wconf 84' lang='grc'><strong>›</strong></span> <span class='ocrx_word' id='word_1_907' title='bbox 2668 4667 2785 4727; x_wconf 78' lang='lat' dir='ltr'><strong>al.,t</strong></span> <span class='ocrx_word' id='word_1_908' title='bbox 2820 4680 3052 4744; x_wconf 45' lang='lat' dir='ltr'><strong>quam.)</strong></span> <span class='ocrx_word' id='word_1_909' title='bbox 3091 4665 3157 4744; x_wconf 79' lang='lat' dir='ltr'><strong>Et</strong></span> <span class='ocrx_word' id='word_1_910' title='bbox 3186 4663 3341 4731; x_wconf 88' lang='lat' dir='ltr'><strong>paulo</strong></span> <span class='ocrx_word' id='word_1_911' title='bbox 3375 4673 3489 4744; x_wconf 81' lang='lat' dir='ltr'><strong>post</strong></span> 
     </span>
    </p>
   </div>
   <div class='ocr_carea' id='block_1_112' title="bbox 1953 4734 3484 4811">
    <p class='ocr_par' dir='ltr' id='par_1_112' title="bbox 1953 4734 3484 4811">
     <span class='ocr_line' id='line_1_114' title="bbox 1953 4734 3484 4811; baseline -0.01 -14"><span class='ocrx_word' id='word_1_912' title='bbox 1953 4734 2079 4798; x_wconf 79' lang='lat' dir='ltr'><strong>editi</strong></span> <span class='ocrx_word' id='word_1_913' title='bbox 2118 4734 2421 4811; x_wconf 85' lang='lat' dir='ltr'><strong>perperam,</strong></span> <span class='ocrx_word' id='word_1_914' title='bbox 2462 4734 2482 4787; x_wconf 71' lang='grc' dir='ltr'><strong>ἱ</strong></span> <span class='ocrx_word' id='word_1_915' title='bbox 2513 4752 2662 4789; x_wconf 88' lang='lat' dir='ltr'><strong>arma</strong></span> <span class='ocrx_word' id='word_1_916' title='bbox 2697 4744 2874 4790; x_wconf 88' lang='lat' dir='ltr'><strong>nostra</strong></span> <span class='ocrx_word' id='word_1_917' title='bbox 2901 4734 3184 4800; x_wconf 70' lang='lat' dir='ltr'><strong>prmbcuda</strong></span> <span class='ocrx_word' id='word_1_918' title='bbox 3213 4743 3484 4798; x_wconf 59' lang='lat' dir='ltr'><strong>peccato,»</strong></span> 
     </span>
    </p>
   </div>
   <div class='ocr_carea' id='block_1_113' title="bbox 1955 4823 3037 4948">
    <p class='ocr_par' dir='ltr' id='par_1_113' title="bbox 1955 4823 3037 4948">
     <span class='ocr_line' id='line_1_115' title="bbox 1955 4823 3037 4948; baseline -0.032 3"><span class='ocrx_word' id='word_1_919' title='bbox 1955 4823 2134 4948; x_wconf 45' lang='lat' dir='ltr'><strong>(“C(77)</strong></span> <span class='ocrx_word' id='word_1_920' title='bbox 2166 4878 2338 4948; x_wconf 59' lang='grc' dir='ltr'><strong>ᾼιῖῖὶξ),</strong></span> <span class='ocrx_word' id='word_1_921' title='bbox 2398 4892 2415 4922; x_wconf 70' lang='grc' dir='ltr'><strong>ε</strong></span> <span class='ocrx_word' id='word_1_922' title='bbox 2455 4887 2560 4948; x_wconf 58' lang='lat' dir='ltr'><strong>lion</strong></span> <span class='ocrx_word' id='word_1_923' title='bbox 2592 4881 2695 4948; x_wconf 54' lang='grc' dir='ltr'><strong>[91η</strong></span> <span class='ocrx_word' id='word_1_924' title='bbox 2720 4869 3037 4948; x_wconf 44' lang='grc' dir='ltr'><strong>ξηειμιιιη.)</strong></span> 
     </span>
    </p>
   </div>
   <div class='ocr_carea' id='block_1_114' title="bbox 2027 4930 3496 5016">
    <p class='ocr_par' dir='ltr' id='par_1_114' title="bbox 2027 4930 3496 5016">
     <span class='ocr_line' id='line_1_116' title="bbox 2027 4930 3496 5016; baseline -0.012 -15"><span class='ocrx_word' id='word_1_925' title='bbox 2027 4930 2137 5016; x_wconf 67' lang='lat'><strong>(78&#39;)</strong></span> <span class='ocrx_word' id='word_1_926' title='bbox 2173 4930 2343 5009; x_wconf 69' lang='lat' dir='ltr'><strong>Editi,</strong></span> <span class='ocrx_word' id='word_1_927' title='bbox 2382 4941 2495 4993; x_wconf 66' lang='lat' dir='ltr'><strong>«ad</strong></span> <span class='ocrx_word' id='word_1_928' title='bbox 2554 4937 2927 4991; x_wconf 68' lang='lat' dir='ltr'><strong>effundendum</strong></span> <span class='ocrx_word' id='word_1_929' title='bbox 2979 4946 3101 4988; x_wconf 86' lang='lat' dir='ltr'><strong>eum</strong></span> <span class='ocrx_word' id='word_1_930' title='bbox 3152 4930 3496 4984; x_wconf 84' lang='lat' dir='ltr'><strong>ministrave-</strong></span> 
     </span>
    </p>
   </div>
   <div class='ocr_carea' id='block_1_115' title="bbox 1959 5027 3496 5152">
    <p class='ocr_par' dir='ltr' id='par_1_115' title="bbox 1959 5027 3496 5152">
     <span class='ocr_line' id='line_1_117' title="bbox 1959 5027 3496 5152; baseline -0.016 -8"><span class='ocrx_word' id='word_1_931' title='bbox 1959 5027 2144 5152; x_wconf 55' lang='lat' dir='ltr'><strong>ri&quot;(l&#39;iéﬁ</strong></span> <span class='ocrx_word' id='word_1_932' title='bbox 2176 5081 2322 5152; x_wconf 83' lang='lat' dir='ltr'><strong>Alias</strong></span> <span class='ocrx_word' id='word_1_933' title='bbox 2357 5089 2674 5146; x_wconf 88' lang='lat' dir='ltr'><strong>perperam,</strong></span> <span class='ocrx_word' id='word_1_934' title='bbox 2726 5089 2742 5121; x_wconf 71' lang='grc' dir='ltr'><strong>ε</strong></span> <span class='ocrx_word' id='word_1_935' title='bbox 2777 5079 2936 5138; x_wconf 87' lang='lat' dir='ltr'><strong>atque</strong></span> <span class='ocrx_word' id='word_1_936' title='bbox 2969 5067 3021 5121; x_wconf 90' lang='lat' dir='ltr'><strong>in</strong></span> <span class='ocrx_word' id='word_1_937' title='bbox 3050 5065 3298 5122; x_wconf 88' lang='lat' dir='ltr'><strong>omnibus</strong></span> <span class='ocrx_word' id='word_1_938' title='bbox 3327 5078 3496 5120; x_wconf 51' lang='lat' dir='ltr'><strong>memu</strong></span> 
     </span>
    </p>
   </div>
   <div class='ocr_carea' id='block_1_116' title="bbox 1956 5151 2358 5206">
    <p class='ocr_par' dir='ltr' id='par_1_116' title="bbox 1956 5151 2358 5206">
     <span class='ocr_line' id='line_1_118' title="bbox 1956 5151 2358 5206; baseline -0.025 0"><span class='ocrx_word' id='word_1_939' title='bbox 1956 5155 2066 5206; x_wconf 83' lang='lat' dir='ltr'><strong>bris</strong></span> <span class='ocrx_word' id='word_1_940' title='bbox 2093 5151 2305 5203; x_wconf 89' lang='lat' dir='ltr'><strong>nostris.</strong></span> <span class='ocrx_word' id='word_1_941' title='bbox 2341 5167 2358 5197; x_wconf 73' lang='grc' dir='ltr'><strong><em>ι</em></strong></span> 
     </span>
    </p>
   </div>
   <div class='ocr_carea' id='block_1_117' title="bbox 2027 5205 2870 5286">
    <p class='ocr_par' dir='ltr' id='par_1_117' title="bbox 2027 5205 2870 5286">
     <span class='ocr_line' id='line_1_119' title="bbox 2027 5205 2870 5286; baseline -0.017 -14"><span class='ocrx_word' id='word_1_942' title='bbox 2027 5221 2136 5286; x_wconf 87' lang='grc'>(80)</span> <span class='ocrx_word' id='word_1_943' title='bbox 2174 5216 2340 5286; x_wconf 61' lang='lat' dir='ltr'><strong>Editi,</strong></span> <span class='ocrx_word' id='word_1_944' title='bbox 2383 5230 2400 5261; x_wconf 80' lang='lat' dir='ltr'><strong>t</strong></span> <span class='ocrx_word' id='word_1_945' title='bbox 2439 5218 2638 5286; x_wconf 79' lang='lat' dir='ltr'><strong>vestra,</strong></span> <span class='ocrx_word' id='word_1_946' title='bbox 2668 5226 2684 5255; x_wconf 77' lang='grc' dir='ltr'><strong><em>ι</em></strong></span> <span class='ocrx_word' id='word_1_947' title='bbox 2715 5205 2870 5259; x_wconf 92' lang='lat' dir='ltr'><strong>male.</strong></span> 
     </span>
    </p>
   </div>
   <div class='ocr_carea' id='block_1_118' title="bbox 2029 5279 3365 5355">
    <p class='ocr_par' dir='ltr' id='par_1_118' title="bbox 2029 5279 3365 5355">
     <span class='ocr_line' id='line_1_120' title="bbox 2029 5279 3365 5355; baseline -0.007 -21"><span class='ocrx_word' id='word_1_948' title='bbox 2029 5279 2139 5355; x_wconf 78' lang='lat' dir='ltr'><strong>(Si)</strong></span> <span class='ocrx_word' id='word_1_949' title='bbox 2170 5284 2304 5355; x_wconf 57' lang='grc' dir='ltr'><strong>ζῦμὶιὶ</strong></span> <span class='ocrx_word' id='word_1_950' title='bbox 2329 5319 2344 5341; x_wconf 83' lang='grc'><em>,</em></span> <span class='ocrx_word' id='word_1_951' title='bbox 2380 5299 2397 5328; x_wconf 78' lang='lat' dir='ltr'><strong>t</strong></span> <span class='ocrx_word' id='word_1_952' title='bbox 2429 5279 2631 5355; x_wconf 56' lang='lat' dir='ltr'><strong>dicens.</strong></span> <span class='ocrx_word' id='word_1_953' title='bbox 2668 5294 2701 5355; x_wconf 47' lang='grc' dir='ltr'><strong>ι.</strong></span> <span class='ocrx_word' id='word_1_954' title='bbox 2754 5340 2766 5353; x_wconf 49' lang='grc'>.</span> <span class='ocrx_word' id='word_1_955' title='bbox 2885 5340 2896 5355; x_wconf 49' lang='grc' dir='ltr'><strong>Ι</strong></span> <span class='ocrx_word' id='word_1_956' title='bbox 2940 5337 3020 5355; x_wconf 38' lang='grc' dir='ltr'><strong>υ-</strong></span> <span class='ocrx_word' id='word_1_957' title='bbox 3076 5336 3209 5355; x_wconf 32' lang='lat' dir='ltr'><strong>ur“</strong></span> <span class='ocrx_word' id='word_1_958' title='bbox 3243 5341 3286 5355; x_wconf 38' lang='grc' dir='ltr'><strong>Α.</strong></span> <span class='ocrx_word' id='word_1_959' title='bbox 3317 5333 3365 5355; x_wconf 40' lang='grc' dir='ltr'><strong>-.τ</strong></span> 
     </span>
    </p>
   </div>
   <div class='ocr_carea' id='block_1_119' title="bbox 2029 5337 3490 5424">
    <p class='ocr_par' dir='ltr' id='par_1_119' title="bbox 2029 5337 3490 5424">
     <span class='ocr_line' id='line_1_121' title="bbox 2029 5337 3490 5424; baseline -0.014 -18"><span class='ocrx_word' id='word_1_960' title='bbox 2029 5337 2137 5424; x_wconf 72' lang='lat'><strong>(82)</strong></span> <span class='ocrx_word' id='word_1_961' title='bbox 2176 5349 2271 5400; x_wconf 70' lang='lat' dir='ltr'><strong>Ms.</strong></span> <span class='ocrx_word' id='word_1_962' title='bbox 2300 5337 2433 5398; x_wconf 77' lang='lat' dir='ltr'><strong>iuius</strong></span> <span class='ocrx_word' id='word_1_963' title='bbox 2454 5385 2469 5406; x_wconf 88' lang='lat'><strong>,</strong></span> <span class='ocrx_word' id='word_1_964' title='bbox 2501 5363 2518 5392; x_wconf 71' lang='grc' dir='ltr'>ι</span> <span class='ocrx_word' id='word_1_965' title='bbox 2551 5343 2702 5421; x_wconf 77' lang='lat' dir='ltr'><strong>Quod</strong></span> <span class='ocrx_word' id='word_1_966' title='bbox 2725 5340 2850 5424; x_wconf 62' lang='lat' dir='ltr'><strong>sine</strong></span> <span class='ocrx_word' id='word_1_967' title='bbox 2868 5337 3028 5391; x_wconf 88' lang='lat' dir='ltr'><strong>dubio</strong></span> <span class='ocrx_word' id='word_1_968' title='bbox 3072 5337 3213 5424; x_wconf 65' lang='lat' dir='ltr'><strong>scire</strong></span> <span class='ocrx_word' id='word_1_969' title='bbox 3237 5341 3291 5388; x_wconf 92' lang='lat' dir='ltr'><strong>et</strong></span> <span class='ocrx_word' id='word_1_970' title='bbox 3308 5337 3490 5424; x_wconf 34' lang='lat' dir='ltr'><strong>Av‘i‘tare</strong></span> 
     </span>
    </p>
   </div>
   <div class='ocr_carea' id='block_1_120' title="bbox 1961 5400 3490 5487">
    <p class='ocr_par' dir='ltr' id='par_1_120' title="bbox 1961 5400 3490 5487">
     <span class='ocr_line' id='line_1_122' title="bbox 1961 5400 3490 5487; baseline -0.016 -11"><span class='ocrx_word' id='word_1_971' title='bbox 1961 5400 2247 5487; x_wconf 54' lang='lat' dir='ltr'><strong>noiinp’osse</strong></span> <span class='ocrx_word' id='word_1_972' title='bbox 2271 5400 2637 5487; x_wconf 47' lang='lat' dir='ltr'><strong>constat...._~si</strong></span> <span class='ocrx_word' id='word_1_973' title='bbox 2661 5411 3061 5487; x_wconf 74' lang='lat' dir='ltr'><strong>mortificemus,</strong></span> <span class='ocrx_word' id='word_1_974' title='bbox 3096 5421 3113 5450; x_wconf 73' lang='grc' dir='ltr'>ι</span> <span class='ocrx_word' id='word_1_975' title='bbox 3141 5413 3245 5455; x_wconf 91' lang='lat' dir='ltr'><strong>etc.</strong></span> <span class='ocrx_word' id='word_1_976' title='bbox 3297 5400 3447 5453; x_wconf 81' lang='lat' dir='ltr'><strong>Alius</strong></span> <span class='ocrx_word' id='word_1_977' title='bbox 3474 5439 3490 5461; x_wconf 95' lang='lat'><strong>,</strong></span> 
     </span>
    </p>
   </div>
   <div class='ocr_carea' id='block_1_121' title="bbox 1965 5478 3490 5554">
    <p class='ocr_par' dir='ltr' id='par_1_121' title="bbox 1965 5478 3490 5554">
     <span class='ocr_line' id='line_1_123' title="bbox 1965 5478 3490 5554; baseline -0.012 -13"><span class='ocrx_word' id='word_1_978' title='bbox 1965 5510 1983 5541; x_wconf 67' lang='grc' dir='ltr'><strong>ε</strong></span> <span class='ocrx_word' id='word_1_979' title='bbox 2015 5478 2162 5554; x_wconf 77' lang='lat' dir='ltr'><strong>Quod</strong></span> <span class='ocrx_word' id='word_1_980' title='bbox 2191 5481 2480 5554; x_wconf 70' lang='lat' dir='ltr'><strong>siuedubio</strong></span> <span class='ocrx_word' id='word_1_981' title='bbox 2505 5479 2644 5531; x_wconf 89' lang='lat' dir='ltr'><strong>scire</strong></span> <span class='ocrx_word' id='word_1_982' title='bbox 2665 5487 2720 5528; x_wconf 90' lang='lat' dir='ltr'><strong>et</strong></span> <span class='ocrx_word' id='word_1_983' title='bbox 2764 5478 2934 5530; x_wconf 83' lang='lat' dir='ltr'><strong>vitare</strong></span> <span class='ocrx_word' id='word_1_984' title='bbox 2976 5487 3081 5525; x_wconf 91' lang='lat' dir='ltr'><strong>nou</strong></span> <span class='ocrx_word' id='word_1_985' title='bbox 3112 5482 3490 5536; x_wconf 86' lang='lat' dir='ltr'><strong>possumus....</strong></span> 
     </span>
    </p>
   </div>
   <div class='ocr_carea' id='block_1_122' title="bbox 1963 5548 2750 5612">
    <p class='ocr_par' dir='ltr' id='par_1_122' title="bbox 1963 5548 2750 5612">
     <span class='ocr_line' id='line_1_124' title="bbox 1963 5548 2750 5612; baseline -0.02 0"><span class='ocrx_word' id='word_1_986' title='bbox 1963 5561 2005 5612; x_wconf 87' lang='lat' dir='ltr'><strong>si</strong></span> <span class='ocrx_word' id='word_1_987' title='bbox 2026 5548 2142 5610; x_wconf 76' lang='grc' dir='ltr'>Ῑιοιι</span> <span class='ocrx_word' id='word_1_988' title='bbox 2170 5548 2570 5605; x_wconf 85' lang='lat' dir='ltr'><strong>tnortificemus.</strong></span> <span class='ocrx_word' id='word_1_989' title='bbox 2603 5562 2621 5594; x_wconf 70' lang='grc' dir='ltr'><strong><em>ι</em></strong></span> <span class='ocrx_word' id='word_1_990' title='bbox 2647 5553 2750 5598; x_wconf 89' lang='lat' dir='ltr'><strong>etc.</strong></span> 
     </span>
    </p>
   </div>
  </div>
