3894 6228
298 310 431 363 i061

1242 315 1588 371 COMMENT.
1624 315 1689 370 IN
1718 315 1929 372 EPIST.
1968 317 2056 370 AD
2092 317 2252 371 ROM.
2290 318 2416 373 LIB.
2455 319 2546 372 Vl.

3349 326 3371 379 Ι
3381 327 3485 381 062

293 421 370 476 do
397 422 469 478 δ”.
501 441 524 476 ι
556 421 689 477 Tum
720 419 917 478 deinde
961 436 1019 482 et
1056 429 1180 483 illud
1207 431 1459 495 ostendit,
1498 431 1639 500 quod
1668 446 1854 488 omnes
1880 432 1927 492 Α
1956 443 2096 485 mam
2141 442 2301 500 atque
2334 434 2577 488 umbram
2626 433 2887 488 virtutum
2939 441 3124 490 tenere
3168 437 3437 503 possimus
3464 457 3481 505 ;

278 510 548 568 homines
565 515 733 583 primo
756 516 1001 571 serviant
1018 531 1262 587 peccato.
1296 520 1386 575 Sic
1411 522 1552 576 enim
1584 523 1840 592 scriptum

288 611 416 655 est:
446 602 619 668 Quia:
670 617 776 657 non
811 613 896 659 est
926 605 1105 674 justus
1137 621 1297 678 super
1337 617 1528 664 terram
1556 612 1646 680 qui
1678 611 1843 666 faciat

287 687 523 753 bonum,
545 698 599 744 et
637 704 740 745 non
769 702 956 760 peccet
981 694 1049 749 ⁸³.
1088 713 1111 746 r
1151 695 1329 750 Primo
1359 698 1499 751 enim
1526 713 1746 754 necesse
1761 708 1842 754 est

273 774 349 827 in
385 777 536 830 omni
578 777 791 834 homine
816 780 945 833 illud
976 783 1231 851 compleri
1251 786 1390 853 quod
1419 787 1674 854 scriptum
1708 797 1791 842 est
1822 807 1835 842 :

290 876 315 910 α
356 860 470 916 Sed
504 865 593 917 ubi
630 866 770 920 venit
803 868 1134 935 mandatum,
1166 881 1445 939 peccatum
1492 874 1684 927 revixit
1710 875 1777 928 ".
1814 894 1834 928 ι

284 947 407 1004 Hoc
445 964 579 1006 vero
613 954 753 1021 quod
779 956 1027 1023 sequitur
1055 958 1121 1010 ad
1158 972 1355 1026 paucos
1381 960 1575 1014 dicitur
1598 999 1614 1025 ,
1667 970 1839 1018 etveos

268 1041 382 1106 'qui
412 1040 530 1107 jam
561 1044 934 1108 emendantur,
960 1045 1165 1100 scilicet
1190 1048 1328 1116 quod
1359 1049 1490 1103 dicit
1520 1068 1534 1104 :
1571 1068 1589 1100 ι
1625 1050 1838 1107 Gratias

268 1138 476 1183 autem
513 1131 647 1197 Deo,
679 1133 802 1200 quia
836 1132 1014 1189 fuistis
1036 1137 1174 1190 servi
1202 1139 1427 1204 peccati,
1461 1141 1717 1194 obedistis
1743 1158 1837 1195 an-

266 1228 397 1271 ‘tem
439 1235 509 1273 ex
552 1222 714 1275 corde
749 1223 800 1275 in
850 1236 967 1277 eam
1006 1225 1228 1280 formam
1264 1228 1543 1292 doctrinae,
1580 1231 1632 1284 in
1671 1246 1832 1301 quam

270 1308 773 1363 ’lraditiestis°°°”.
809 1328 827 1360 ι
855 1311 1142 1381 Serviergo
1173 1313 1366 1369 fuimus
1395 1330 1578 1371 omnes
1597 1321 1832 1386 peccati;

278 1395 380 1446 sed
420 1396 514 1449 ubi
556 1398 755 1451 tradita
788 1406 867 1452 est
896 1400 1051 1452 nobis
1107 1400 1275 1455 forma
1320 1403 1595 1469 doctrinae,
1631 1415 1684 1460 et
1714 1407 1836 1462 huic

282 1494 396 1534 non
424 1491 730 1551 utcunque,
767 1498 940 1554 neque
967 1487 1094 1542 solis
1127 1490 1322 1553 verbis,
1351 1493 1442 1545 sed
1473 1505 1538 1545 ex
1568 1494 1751 1557 corde,
1767 1509 1830 1548 ex

279 1572 500 1635 animo,
531 1580 738 1628 ex'tota
771 1575 1053 1631 devotione
1073 1579 1325 1648 elegimus
1349 1580 1563 1635 obedire
1590 1619 1605 1643 ,
1633 1581 1832 1637 libera-

263 1674 411 1712 ‘mur
435 1675 467 1712 a
503 1662 771 1716 servitute
801 1666 1027 1731 peccati,
1056 1675 1108 1720 et
1134 1668 1390 1722 ellicimur
1422 1668 1559 1723 servi
1588 1669 1829 1738 iustitia}.

1936 518 2088 587 ipsas
2110 530 2248 572 vero
2295 518 2544 585 virtutes,
2584 528 2711 573 tunc
2755 535 2878 575 cum
2928 520 3173 574 venerint
3221 520 3310 575 illa
3363 537 3483 590 quae

1945 606 2185 675 perfecta
2216 613 2359 660 sunt.
2398 606 2463 660 Et
2496 608 2617 661 ideo
2654 607 2829 674 justus
2859 623 3000 662 nunc
3034 607 3143 679 (99)
3179 610 3373 680 magis,
3423 619 3482 664 ut

1944 693 2073 747 mihi
2110 692 2321 747 videtur
2345 731 2362 756 ,
2393 694 2444 746 in
2496 695 2683 748 umbra
2734 696 2992 749 virtutum
3021 734 3037 759 ,
3070 711 3231 765 quam
3271 698 3324 751 in
3354 699 3482 765 ipsis

1943 782 2231 836 virtutibus
2258 781 2390 835 vivit
2422 783 2519 852 (Ι).
2557 782 2623 836 Ει
2672 785 2740 839 ob
2777 785 2878 839 hoc
2929 784 3176 841 fortassis
3219 785 3481 841 Jeremiaa

1945 870 1994 923 in
2028 870 2531 926 Lamentationlbus
2559 873 2692 926 dicit
2725 891 2740 928 :
2781 891 2800 924 ι
2841 873 3074 944 Spiritus
3098 876 3279 930 vultus
3308 879 3477 930 nostri

1943 964 2188 1019 Christus
2218 966 2499 1029 Dominus,
2526 966 2611 1019 cui
2641 966 2872 1020 diximus
2906 984 2922 1022 :
2948 967 3004 1021 lu
3035 968 3222 1022 umbra
3248 968 3371 1037 eius
3394 968 3479 1022 vi-

1942 1068 2128 1109 vemus
2156 1055 2206 1106 in
2249 1054 2496 1123 gentibus
2519 1056 2591 1106 ⁸⁵.
2633 1073 2653 1105 ι
2688 1054 2837 1119 Quod
2865 1055 2908 1109 si
2937 1054 3187 1109 Christus
3212 1065 3299 1111 est
3320 1057 3479 1123 justi-

1941 1142 2033 1207 tia,
2060 1152 2109 1196 et
2132 1142 2411 1210 sapientia,
2442 1152 2495 1196 et
2521 1143 2824 1207 veritas,et
2858 1142 3110 1206 dicimus,
3140 1160 3161 1193 ι
3204 1144 3258 1197 in
3286 1145 3475 1198 umbra

1940 1229 2055 1297 ejus
2076 1233 2313 1284 vivemus
2340 1232 2392 1284 in
2421 1230 2665 1299 gentibus
2695 1248 2709 1285 :
2750 1249 2770 1280 ι
2794 1245 2919 1300 ergo
2947 1231 2998 1285 in
3022 1232 3208 1286 umbra
3231 1233 3473 1301 iustitiae,

1938 1328 1992 1373 et
2019 1320 2070 1373 in
2100 1320 2285 1373 umbra
2312 1320 2612 1388 sapientiai,
2655 1328 2708 1373 et
2738 1321 2790 1373 in
2837 1321 3023 1373 umbra
3060 1323 3305 1376 veritatis
3335 1323 3474 1376 vivi-

1940 1423 2091 1473 mus,
2122 1410 2287 1462 etiam
2334 1407 2572 1474 sijusti,
2605 1416 2658 1460 et
2688 1408 2959 1476 sapientes
2994 1406 3093 1479 (ἓ),
3142 1420 3197 1463 et
3230 1410 3478 1465 veritatis

1926 1505 2206 1551 amatores
2238 1511 2358 1552 esse
2389 1486 2680 1550 videamur.
2718 1496 3020 1566 'Pmpterea
3066 1512 3195 1566 ergo
3226 1498 3422 1552 dicitur
3451 1513 3469 1551 :

1943 1600 1963 1635 ι
2015 1584 2070 1637 Si
2121 1585 2241 1651 quis
2279 1598 2337 1638 se
2378 1590 2532 1651 ptttat
2577 1584 2915 1651 cognovisse,
2950 1584 3186 1636 nondum
3224 1585 3472 1652 cognovit

1937 1672 2375 1740 quemadmodum
2417 1671 2826 1740 oporteatscire
2856 1673 2922 1726 ".
2964 1692 2984 1723 ο
3022 1671 3289 1726 Fortassis
3316 1688 3459 1726 enim

266 1746 446 1802 'Unde
478 1765 670 1804 vereor
694 1768 758 1806 ne
785 1753 916 1807 forte
937 1757 1110 1822 plures
1126 1760 1391 1827 sitnusqui
1415 1761 1689 1814 videamur
1708 1777 1833 1816 sus-
1867 1752 1907 1807 Β
1933 1763 2093 1816 etiam
2142 1763 2314 1832 ipsum
2352 1762 2581 1816 Verbum
2624 1762 2767 1827 Dei,
2820 1763 3116 1816 secundum
3169 1762 3269 1815 hoc
3324 1761 3479 1829 qund-

277 1836 501 1903 cepisse
557 1837 783 1891 formam
822 1841 1078 1896 doctrina;
1099 1845 1340 1913 iustitiae,
1388 1855 1444 1900 et
1476 1849 1654 1901 verbis
1684 1850 1821 1916 qui-

277 1925 407 1977 dem
434 1924 521 1978 vel
554 1926 883 1994 professione
896 1930 915 1998 j
926 1932 1117 1985 nstitite
1132 1933 1406 1988 videamur
1419 1936 1654 2000 obedire,
1669 1940 1832 1995 corde

275 2028 418 2067 vero
442 2017 760 2072 obediamus
789 2029 1032 2087 peccato,
1081 2023 1261 2078 carnis
1283 2025 1459 2080 adhuc
1484 2026 1538 2080 in
1574 2029 1725 2083 nobis
1755 2031 1834 2082 vi-

278 2101 375 2155 tiis
403 2103 826 2158 dominantibus.
850 2107 913 2159 Et
943 2107 1062 2161 ideo
1077 2117 1200 2163 ante
1219 2112 1396 2165 omnia
1423 2113 1720 2183 indigemus
1745 2117 1833 2170 illa

278 2191 351 2244 de
382 2206 493 2259 qua
524 2195 775 2260 superius
805 2196 984 2249 docuit
1009 2200 1419 2255 mortiﬁcatione
1443 2206 1830 2260 membrorum.

275 2281 440 2346 Quod
473 2292 652 2336 autem
687 2284 821 2338 dixit
853 2304 866 2338 :
927 2306 944 2337 ι
977 2288 1220 2342 Formam
1273 2290 1380 2361 (96)
1426 2293 1681 2349 doctrinm
1712 2335 1728 2357 ,
1781 2297 1832 2350 in

276 2386 452 2437 quam
490 2372 672 2425 traditi
702 2375 873 2436 esti‘sr,
906 2394 924 2426 ι
960 2378 1330 2444 requirendum
1389 2391 1514 2448 puto
1568 2388 1833 2451 quomodo

275 2459 674 2528 unusquisque
699 2464 964 2516 tradatur.
991 2463 1290 2520 Invenimus
1311 2483 1540 2537 namque
1565 2473 1705 2538 quod
1740 2488 1833 2528 eos

262 2548 374 2616 ~qni
407 2564 429 2597 ι
467 2561 573 2599 non
600 2562 627 2600 ν»
679 2549 902 2616 probant
940 2568 961 2600 ι
998 2551 1161 2605 Deum
1191 2554 1388 2609 habere
1417 2557 1472 2608 in
1501 2558 1765 2623 notitiam,
1802 2579 1827 2612 τ

279 2638 473 2691 tradat
510 2655 533 2688 ‹
572 2637 714 2690 Deus
751 2639 1038 2691 secundum
1070 2641 1330 2696 desideria
1354 2646 1531 2698 cordis
1560 2660 1744 2700 eorum
1780 2649 1831 2702 in

275 2724 717 2790 immunditiam,
757 2735 814 2779 ut
857 2728 1190 2783 contumeliis
1225 2729 1456 2787 alliciant
1483 2748 1705 2802 corpora
1736 2750 1831 2790 sua

277 2812 334 2867 in
372 2814 685 2881 semetipsis
714 2830 727 2865 :
764 2831 783 2864 ι
810 2823 865 2867 et
896 2815 1029 2869 alios
1049 2816 1140 2884 qui
1175 2835 1193 2867 ι
1228 2827 1694 2876 commutaverunt
1718 2824 1834 2892 glo-

260 2904 422 2958 iriam
473 2903 900 2971 incorruptibilis
940 2904 1072 2967 Dei,
1103 2924 1125 2958 ι
1181 2907 1412 2960 tradat-1
1462 2910 1514 2962 in
1554 2913 1831 2978 passiones

276 2993 602 3063 ignominiae
628 2995 695 3058 ",
727 3011 745 3044 ι
784 2995 853 3048 de
892 2994 1096 3062 quibus
1139 2996 1192 3050 in
1244 2996 1374 3052 locis
1410 3000 1525 3053 suis
1548 3010 1706 3067 prout
1733 3018 1830 3071 po-

260 3084 490 3138 tuimus
517 3081 775 3136 diximus.
808 3082 875 3135 Et
904 3082 1004 3136 bos
1030 3098 1158 3152 ergo
1195 3085 1282 3152 qui
1323 3089 1639 3156 semetipsos
1675 3091 1828 3144 exhi-

271 3169 412 3225 bent
446 3184 641 3224 servos
665 3170 1007 3239 justitimper
1036 3171 1390 3227 obedientiam
1410 3175 1540 3244 (97),
1565 3176 1703 3232 Deus
1732 3188 1831 3232 tra-

273 3258 421 3312 didit
450 3267 510 3311 ut
539 3258 896 3312 instituantur
931 3266 986 3311 et
1043 3259 1347 3314 itnbttantur
1388 3265 1681 3317 secundum
1719 3265 1829 3321 for--

271 3362 426 3402 mam
454 3347 717 3401 doctrina:
741 3346 980 3415 iustitiae.
1007 3347 1179 3401 Movet
1203 3359 1382 3404 autem
1411 3365 1493 3405 me
1514 3353 1673 3406 etiam
1705 3355 1826 3422 hoc,

1939 1869 1958 1902 ι
1990 1850 2218 1905 Verbum
2253 1867 2379 1907 caro
2417 1851 2616 1905 factum
2671 1860 2795 1914 est,
2849 1859 2904 1904 et
2953 1849 3216 1904 habitavit
3263 1852 3316 1904 in
3369 1865 3468 1903 no-

1931 1939 2018 1994 bis
2059 1941 2126 2005 ",
2169 1961 2187 1989 ι
2221 1941 2377 1994 aliter
2429 1941 2481 1993 in
2512 1940 2757 2009 praesenti
2794 1940 2914 1993 vitae
2958 1946 3120 2002 statu,
3149 1939 3305 1994 aliter
3347 1956 3469 1996 cum

1933 2031 2139 2084 venerit
2168 2033 2310 2099 quod
2339 2031 2635 2100 perfectum
2665 2039 2747 2083 est
2767 2029 2834 2089 ",
2862 2039 3221 2096 cognoscetur
3246 2045 3260 2093 ;
3286 2040 3341 2082 et
3366 2030 3466 2083 ali-

1940 2130 2020 2175 ter
2046 2136 2191 2177 nunc
2240 2121 2292 2174 in
2320 2121 2488 2175 forma
2524 2119 2686 2184 servi,
2718 2127 2841 2172 tunc
2870 2133 2999 2172 vero
3025 2119 3180 2172 aliter
3209 2119 3262 2171 in
3296 2118 3465 2172 forma

1934 2213 2046 2275 Dei,
2094 2223 2148 2266 et
2175 2213 2228 2266 in
2269 2210 2444 2264 Patris
2473 2207 2780 2277 aequalitate
2808 2207 3096 2261 scntietnr.
3141 2207 3244 2259 Pro
3271 2207 3467 2274 quibus

1931 2303 2201 2368 omnibus,
2227 2300 2311 2355 vel
2359 2318 2378 2350 ‹
2416 2299 2469 2353 in
2502 2298 2675 2353 forma
2707 2297 2985 2358 doctrinae,
3024 2313 3051 2346 θ
3096 2303 3155 2348 ut
3184 2295 3469 2363 Apostolus

1931 2391 2098 2453 dicit,
2135 2398 2187 2443 et
2253 2388 2485 2442 nondum
2516 2388 2568 2441 in
2599 2388 2710 2455 ipsa
2753 2386 3016 2449 doctrina,
3042 2384 3122 2437 vel
3151 2401 3171 2434 ι
3200 2384 3252 2436 in
3280 2383 3465 2437 umbra

1931 2476 2148 2540 Christi,
2199 2494 2219 2527 ι
2267 2473 2609 2529 utJeremias
2643 2472 2939 2528 nominavit
2964 2475 3029 2535 ”,
3049 2481 3101 2528 et
3132 2472 3361 2525 nomium
3411 2472 3462 2524 in

1921 2565 2046 2635 ipso
2059 2565 2292 2629 Christo,
2310 2563 2493 2617 vivere
2517 2563 2760 2617 videmur
2786 2561 2925 2615 inter
2951 2570 3155 2630 gentes.
3176 2578 3196 2612 ι
3231 2559 3463 2614 Liberali

1931 2666 2106 2707 autem
2138 2669 2166 2706 a
2198 2660 2438 2722 peccato,
2470 2652 2613 2707 servi
2640 2650 2766 2705 facti
2802 2650 2933 2704 estis
2964 2648 3190 2717 justitiae
3219 2650 3258 2702 ί.
3295 2666 3315 2699 ι
3358 2648 3465 2701 Ex-

1930 2744 2122 2812 positio
2157 2753 2239 2798 est
2293 2744 2344 2797 in
2377 2743 2460 2796 bis
2507 2755 2691 2796 eorum
2738 2756 2856 2810 quas
2912 2740 3165 2809 superius
3194 2740 3351 2795 dixit.
3405 2740 3461 2793 Si

1912 2833 2072 2885 .enim
2102 2830 2239 2884 ultra
2269 2845 2372 2884 non
2408 2829 2658 2885 serviatis
2686 2820 2952 2896 peccato,
2983 2836 3187 2881 certum
3216 2837 3298 2880 est
3339 2828 3463 2895 quia

1930 2922 2143 2977 liberati
2171 2923 2238 2976 ab
2262 2937 2333 2976 eo
2362 2922 2501 2976 servi
2537 2921 2663 2975 facti
2709 2920 2841 2974 estis
2873 2919 3114 2987 iustitia).
3144 2917 3250 2971 Sed
3288 2918 3464 2984 requi—

1937 3013 2071 3065 ritur
2111 3012 2234 3081 quis
2284 3019 2368 3064 est
2394 3010 2484 3077 qui
2527 3010 2720 3063 liberat
2767 3023 2799 3061 a
2842 3016 3081 3076 peccato.
3138 3005 3268 3059 Sine
3302 3005 3465 3058 dubio

1929 3102 2170 3156 veritatis
2205 3099 2426 3169 agnitio,
2457 3098 2548 3152 Sic
2580 3099 2722 3152 enim
2749 3094 3130 3150 dicebatJesus
3160 3096 3225 3146 ad
3253 3093 3464 3148 Judaros

1916 3191 2017 3261 qui
2048 3189 2385 3245 crediderant
2414 3186 2463 3240 ei
2515 3204 2530 3240 :
2561 3204 2580 3237 ς
2618 3184 2674 3239 Si
2708 3182 3046 3238 credideritis
3093 3183 3259 3236 verbo
3294 3195 3414 3236 meo
3443 3219 3461 3244 ,

1929 3279 2231 3348 agnoseetis
2258 3276 2536 3330 veritatem
2561 3312 2577 3338 ,
2620 3281 2675 3327 et
2717 3274 2915 3326 veritas
2948 3269 3196 3324 liberabit
3233 3282 3326 3321 vos
3351 3269 3394 3320 ².
3432 3284 3454 3319 ι

1928 3370 2137 3439 Veritas
2160 3375 2245 3422 est
2275 3381 2405 3433 ergo
2430 3378 2548 3432 quae
2582 3363 2776 3416 liberat
2804 3375 2831 3413 a
2861 3369 3102 3428 peccato,
3134 3368 3186 3411 et
3220 3356 3463 3410 veritatis

274 3438 431 3505 quod
460 3451 567 3489 nou
591 3435 751 3499 dixit,
790 3455 808 3486 ι
839 3435 1245 3506 Οὺθόίειίειωὸ)
1277 3453 1340 3492 ex
1376 3442 1538 3494 corde
1567 3461 1585 3493 ι
1632 3444 1830 3498 doctri-

1933 3435 2146 3528 agnitio.
2166 3456 2382 3510 Certum
2411 3465 2492 3508 est
2517 3462 2698 3507 autem
2715 3451 2856 3520 quod
2885 3449 3061 3505 omnis
3085 3447 3176 3517 qui
3206 3446 3465 3500 liberatus

271 3543 383 3589 ne.
415 3544 437 3578 ‹
474 3528 528 3580 in
561 3532 723 3592 quam
760 3526 940 3580 traditi
966 3526 1116 3593 estis,
1147 3547 1168 3579 ι
1198 3528 1290 3583 sed
1316 3546 1336 3580 ι
1372 3528 1596 3583 formam
1628 3532 1829 3587 (Ιοοιιῆι

268 3631 362 3672 nae
385 3636 406 3668 ›
430 3618 631 3685 posuit.
657 3616 768 3673 Nec
793 3627 919 3689 puto
942 3620 1081 3684 quod
1106 3634 1269 3671 unum
1298 3633 1418 3673 esse
1442 3620 1670 3674 senserit
1697 3621 1830 3689 Apo-

269 3711 454 3764 stolus
486 3711 822 3773 doctrinam,
854 3718 908 3763 et
952 3709 1177 3762 formam
1224 3709 1521 3775 doctrinm;
1573 3711 1666 3765 sed
1697 3712 1825 3765 milti

268 3800 504 3854 videtur
520 3800 666 3868 quod
698 3783 925 3854 formam
949 3799 1205 3853 doctrinae
1235 3799 1410 3854 minus
1453 3813 1575 3854 esse
1600 3801 1785 3856 sciet-it
1806 3838 1824 3865 ,

254 3904 440 3957 quam
490 3890 664 3957 ipsam
703 3889 1038 3954 doctrinam;
1073 3897 1127 3943 et
1150 3900 1297 3942 nunc
1336 3888 1547 3956 quidem
1589 3888 1643 3943 in
1688 3905 1825 3956 prat-

250 3982 417 4035 -senti
457 3977 566 4033 vita
603 3979 727 4034 dum
782 3979 837 4033 in
886 3979 987 4032 hoc
1037 3991 1260 4046 corpore
1303 3993 1527 4042 sumus,
1577 3988 1636 4034 et
1685 3998 1704 4031 ι
1734 3995 1828 4048 ag—

264 4079 473 4139 gravat
508 4076 796 4122 terrenum
846 4069 948 4122 hoc
1003 4066 1364 4121 habitaculum
1414 4081 1630 4121 sensum
1662 4068 1824 4121 multa

267 4158 613 4227 cogitantem
662 4156 710 4188 ”
740 4194 758 4220 ,
835 4175 854 4207 ο
906 4155 1133 4209 fortnam
1178 4154 1432 4209 doctrina:
1490 4155 1824 4221 habeamus.

252 4263 381 4301 'non
438 4247 614 4314 ipsam
646 4246 956 4300 doctrinam
986 4284 1003 4311 ,
1051 4245 1191 4299 sicut
1236 4245 1375 4299 idem
1430 4245 1719 4314 Apostolus
1770 4248 1823 4301 in

1926 3548 2089 3601 fuerit
2119 3561 2148 3599 a
2172 3553 2417 3614 peccato,
2441 3541 2663 3610 iustitia:
2684 3539 2905 3596 serviat.
2930 3537 3079 3604 Quod
3123 3544 3300 3590 autem
3328 3534 3461 3590 dici-

1927 3651 2045 3690 mus
2066 3673 2081 3697 ,
2109 3635 2329 3704 iustitia:
2360 3632 2598 3695 serviat,
2618 3629 2884 3699 quoniam
2906 3627 3126 3697 ,justitia
3151 3639 3255 3678 una
3286 3635 3367 3679 est
3393 3637 3457 3676 ex

1926 3726 2182 3778 virtutum
2211 3723 2412 3786 choro,
2443 3719 2620 3774 simile
2652 3727 2733 3773 est
2765 3730 2829 3770 ac
2877 3714 2920 3768 si
2980 3714 3301 3776 diceremus,
3334 3710 3457 3779 quia

1925 3815 1969 3868 si
1999 3812 2118 3881 quis
2160 3811 2414 3865 liberatus
2439 3817 2522 3864 est
2559 3823 2587 3861 a
2634 3814 2875 3876 peccato,
2905 3804 3103 3857 serviet
3133 3800 3368 3861 veritati,
3404 3807 3460 3852 et

1910 3900 2119 3954 serviet
2145 3898 2421 3967 sapientiae
2443 3936 2458 3962 ,
2505 3904 2560 3951 et
2592 3894 2789 3950 serviet
2834 3891 3104 3960 pudicitia:
3128 3927 3144 3953 ,
3173 3897 3227 3943 et
3260 3887 3460 3942 serviet

1922 3988 2106 4058 pietati
2133 3987 2232 4057 (3).
2263 3988 2351 4040 Sic
2383 3986 2525 4040 enim
2546 3997 2647 4054 ego
2673 3982 2830 4037 audio
2861 3989 2915 4034 et
2938 3980 3065 4033 illud
3096 3975 3457 4061 quoddictum

1912 4089 2040 4142 est:
2075 4095 2093 4128 ε
2131 4077 2351 4144 Aperite
2375 4075 2504 4128 mihi
2532 4082 2717 4143 portas
2739 4068 2986 4139 iustitiae,
3006 4076 3067 4122 et
3094 4068 3372 4134 ingressus
3403 4064 3459 4116 in

1922 4181 2013 4222 eas
2039 4165 2334 4220 conﬁtebor
2365 4163 2588 4218 Domino
2611 4162 2652 4214 ³.
2692 4179 2710 4213 ›
2747 4159 2861 4213 Non
2889 4158 3032 4212 enim
3054 4154 3217 4209 solius
3235 4150 3460 4219 iustitia:

1922 4265 2107 4327 portas
2136 4255 2436 4325 ingreditur
2467 4254 2560 4322 qui
2590 4250 2833 4306 conllteri
2863 4247 2976 4300 vult
3006 4244 3252 4307 Domino,
3283 4241 3375 4296 sed
3402 4247 3460 4295 et

256 4333 440 4410 573
473 4336 599 4391 aliis
622 4336 756 4390 dicit
787 4353 802 4389 :
848 4353 867 4387 ‹
897 4334 1048 4388 Nune
1084 4342 1263 4387 autem
1305 4333 1548 4389 videmus
1574 4350 1670 4403 per
1699 4351 1825 4405 spe-

1933 4346 2165 4400 veritatis
2189 4383 2204 4410 ,
2235 4354 2290 4400 et
2335 4343 2611 4412 sapientiae
2638 4381 2654 4406 ,
2685 4347 2740 4394 et
2770 4338 2982 4408 pietatis
3003 4375 3020 4402 ,
3064 4345 3119 4390 et
3163 4331 3457 4403 pudicitiae.

264 4432 459 4485 culum
492 4429 546 4481 in
572 4427 891 4495 aenigmate;
934 4443 954 4476 ι
1001 4425 1112 4493 ipsa
1155 4432 1333 4478 autem
1370 4425 1609 4480 doctrina
1638 4427 1710 4481 sit
1760 4427 1826 4481 de

1933 4436 2175 4492 Omnium
2224 4447 2452 4503 namque
2502 4447 2607 4486 una
2662 4439 2745 4485 est
2794 4428 2914 4482 aula
2969 4427 3260 4483 virtutum.
3306 4417 3459 4486 cujus

244 4534 383 4590 ~qua
419 4517 598 4572 dicit:
636 4533 656 4568 α
689 4515 839 4570 ‘l‘unc
867 4523 1047 4568 autem
1096 4513 1395 4568 videbimus
1429 4513 1568 4568 facie
1615 4517 1679 4569 ad
1741 4515 1825 4571 fa-

264 4610 416 4666 ciem
445 4608 516 4660 ⁸⁸.
540 4624 576 4658 ο»
608 4606 761 4662 Unde
799 4614 855 4660 et
890 4606 942 4658 in
976 4603 1229 4672 praesenti
1249 4603 1357 4667 vita
1396 4610 1526 4670 puto
1554 4605 1692 4671 quod
1717 4605 1829 4660 for-

950 4760 1131 4844 liccli,
1162 4758 1367 4844 vtt,_gl.

834 4831 880 4863 “
906 4831 922 4883 1
954 4830 1079 4884 (lor.
1106 4830 1221 4895 χιιι,
1243 4831 1327 4881 l2.
1434 4830 1479 4857 "

834 4939 850 4955 .
877 4900 966 4952 20.
1067 4896 1084 4928 ί
1118 4899 1269 4951 ιὶυιιι.
1298 4908 1371 4955 vt,
1396 4890 1483 4945 18.

365 4772 415 4806 ⁸⁷
436 4769 602 4832 Rom,
631 4781 673 4828 t,
691 4765 744 4818 8.

264 4840 512 4966 23.5%:
541 4832 745 4958 iisti:
777 4832 966 4966 "T30!

337 5064 460 5134 (96)
492 5060 659 5134 Editi,
687 5077 709 5112 ι
737 5059 906 5134 Quam
936 5063 1114 5108 autem
1145 5052 1555 5134 dixit-formam,
1598 5071 1619 5104 ι
1643 5063 1758 5134 etc.

342 5119 460 5202 (97)
489 5119 728 5202 Alias',‘_i
748 5119 830 5178 Ἑι
857 5124 943 5179 ltic
972 5137 1100 5191 ergo
1156 5123 1245 5202 qui
1265 5119 1413 5202 “[al.‘
1451 5135 1515 5174 eo
1536 5119 1706 5202 .qni‘].
1739 5134 1829 5174 sc-

267 5189 544 5270 metipsos
556 5189 821 5270 exhibent
833 5206 1027 5270 servos.
1039 5189 1130 5257 per
1145 5189 1503 5270 obedientiam
1527 5189 1788 5270 iustitia;
1802 5207 1820 5237 ³

266 5254 524 5338 iit—paulo
574 5273 701 5333 post
740 5262 912 5324 editi,
951 5276 971 5310 ι
1005 5254 1283 5312 sceundum
1331 5254 1558 5312 formarit
1599 5255 1828 5326 justitia:

306 5338 562 5391 octrinm.
601 5352 621 5384 ι

268 5341 655 5476 “etiam
680 5394 1097 5476 «medianae-.2.
1114 5392 1821 5476 “93:!!"19:19989831???

498 5456 680 5524 Nune.
715 5466 871 5519 Deest
901 5462 954 5514 in
979 5460 1285 5514 editionibus
1310 5456 1524 5515 Merlini
1555 5469 1615 5515 et
1644 5458 1825 5514 Gene-

269 5540 484 5598 brardi.

342 5609 423 5670 li)
453 5606 616 5667 Edili,
649 5622 667 5655 ‹
705 5602 855 5659 Vixit,
893 5619 911 5650 ι
947 5598 1088 5652 male.

1443 4756 1677 4827 {°_liom.
1712 4778 1808 4827 vn,
1837 4766 1890 4819 9.

1434 4825 1479 4893 ξ’
1502 4824 1700 4881 Tltrett.
1734 4824 1808 4893 Iv,
1834 4833 1921 4886 ‘20.

1584 4898 1604 4928 ³
1629 4896 1782 4953 Joan.
1810 4916 1926 4966 vttt,
1960 4902 2047 4955 3i.

1931 4524 2034 4579 sibi
2076 4525 2296 4594 justiti'e
2338 4522 2553 4579 nomine
2592 4517 2752 4590 pandi
2788 4517 2984 4587 januas
3015 4511 3250 4585 postulat
3277 4507 3353 4582 (4)
3376 4508 3460 4577 ju-

1927 4621 2064 4668 stus.

1991 4762 2105 4795 ⁹⁰·⁹²
2144 4761 2296 4816 Rom.
2339 4777 2389 4815 v1
2429 4758 2536 4824 ,l'i.
2646 4758 2692 4824 ξ’
2725 4754 2882 4808 Rom.
2908 4746 3296 4824 {._28,A_2_4,"23
3318 4784 3333 4808 ,
3366 4743 3456 4798 26.

2022 4832 2068 4865 "
2094 4831 2111 4883 l
2150 4815 2370 4884 Cornu
2396 4867 2412 4889 ,
2432 4815 2505 4881 ’9.
2561 4825 2619 4858 "'
2643 4823 2799 4877 Joan.
2829 4837 2847 4875 ι
2875 4859 2894 4888 ,
2919 4819 3006 4873 id.
3071 4816 3120 4851 "
3146 4815 3166 4867 ι
3193 4815 3315 4868 Cor.
3342 4824 3461 4880 xw,

2141 4899 2162 4929 ³
2190 4897 2327 4953 Psal.
2352 4911 2492 4952 cxvu
2515 4933 2530 4960 ,
2563 4894 2648 4947 l9.

2002 5034 2402 5124 (atus-vum.
2435 5065 2455 5098 ε
2491 5045 2650 5123 etiam
2674 5041 2732 5124 εί
2754 5038 3084 5124 insilias!
3099 5034 3454 5124 scissem

1933 5110 2038 5177 etc.
2060 5110 2265 5175 'Deinde
2291 5119 2431 5171 idem
2462 5118 2631 5181 ms.,_’t
2666 5110 2709 5163 si
2739 5111 2857 5181 quis
2882 5121 2941 5161 se
2967 5115 3119 5173 putat
3145 5110 3463 5181 cognovisse

1937 5176 2193 5244 Deum....
2220 5192 2462 5253 oporteat
2490 5179 2643 5253 sciri.
2675 5194 2693 5227 ι
2730 5176 2838 5253 Αιλτ,
2856 5193 2914 5253 ,ς’
2933 5182 3054 5225 eum
3082 5176 3307 5253 sei_re._.t

2005 5241 2079 5328 (τι)
2104 5241 2284 5328 ,Εάίιῖν
2320 5271 2340 5328 ε
2374 5260 2427 5302 et
2454 5247 2655 5328 se”???
2676 5241 3004 5328 -P‘ldlt'ififz
3029 5241 3379 5328 Pt‘i’fl‘i'l‘ff;
3408 5243 3465 5328 εξ

1936 5307 2200 5393 pietati}
2239 5307 2343 5393 Sed
2372 5307 2715 5393 omnes_m_ssI
2738 5310 3043 5393 omittunt:
3082 5307 3462 5393 prudentia;th

1934 5375 2157 5459 Quidam
2199 5391 2362 5443 etiam
2407 5399 2512 5438 non
2560 5381 2755 5435 habent
2800 5394 2819 5428 ι
2853 5375 3047 5430 serviet
3082 5392 3103 5425 ι
3135 5382 3259 5428 ante
3290 5388 3311 5421 ι
3348 5375 3465 5440 pie-

1962 5477 2053 5515 illl.
2087 5477 2105 5509 ι
2612 5516 2639 5520 _
2720 5515 2733 5520 _
2917 5509 2929 5520 ,
2970 5508 2982 5520 .
3071 5508 3112 5520 ο.
3193 5508 3243 5520 ...
3281 5505 3295 5520 ο

1938 5471 2269 5596 ιίΙιδίιιὶιιὶιῑ,
2307 5519 2567 5596 inomine
2610 5515 2802 5571 Paulus
2824 5524 2854 5565 ἰ
2910 5508 3031 5581 (aL,
3071 5508 3250 5580 Pauli)
3275 5505 3472 5578 ianuas

1934 5589 2168 5656 Doétitlat
2187 5589 2404 5651 aperiri.
2440 5606 2458 5639 ι
