3894 6226
407 280 545 339 1οΰὸ

481 401 532 454 4.
569 417 591 450 ο
625 397 918 450 Ilumanum
958 387 1076 442 dico
1123 390 1342 453 propter
1368 376 1738 433 inﬁrmitatem
1770 370 1949 427 carnis
1976 369 2023 425 Α
2051 365 2143 416 dat
2189 377 2202 414 :

408 501 618 546 vestrae.
653 485 800 539 Sicut
832 483 970 536 enim
1003 475 1328 532 exhibuistis
1357 469 1596 526 membra
1629 474 1804 519 vestra
1829 477 1943 517 ser-

411 583 523 632 vire
563 573 928 636 immunditite,
973 579 1026 623 et
1053 565 1326 635 iniquitati
1370 563 1434 615 ad
1466 558 1806 626 iniquitatem
1845 552 1942 622 (Pi),

409 669 481 723 ita
517 680 657 719 nunc
689 663 933 716 exhibete
963 658 1199 712 membra
1239 664 1415 707 vestra
1467 650 1674 705 servire
1722 645 1946 715 justitiaa

409 758 463 813 in
485 753 960 810 sanctificationem
994 748 1034 800 ⁸.
1070 766 1087 797 1
1120 745 1380 797 Pudorem
1417 739 1700 809 quemdam
1725 735 1947 804 perltmc

307 852 312 855 ’
408 843 603 900 incutit
635 838 919 910 Apostolus
948 833 1283 888 auditoribus
1314 871 1329 896 ,
1361 839 1418 883 ut
1447 830 1547 882 hoc
1579 826 1770 880 saltem
1794 823 1946 876 obse-

405 937 516 1003 quii
545 933 845 1001 dependant
861 929 1085 996 justitiae
1107 920 1611 983 etsanctillcationi,
1634 917 1773 986 quod
1799 914 1947 983 prius

407 1023 755 1079 immunditire
806 1017 1183 1087 iniquitatique
1240 1013 1568 1067 (letalerant.
1627 1008 1766 1073 Quid
1820 1019 1946 1074 ergo

408 1125 514 1169 tam
550 1115 841 1167 humanum
871 1149 886 1171 ,
915 1111 1015 1161 hoc
1045 1116 1126 1161 est
1155 1146 1169 1170 ,
1200 1104 1326 1172 quid
1359 1112 1463 1155 tam
1504 1101 1643 1162 leve,
1676 1097 1802 1165 quid
1839 1104 1946 1146 tam

407 1205 524 1256 sine.
548 1216 708 1254 onere
733 1238 748 1261 ,
791 1207 845 1252 et
873 1197 1014 1265 quod
1048 1193 1188 1247 nulla
1220 1205 1443 1260 prorsus
1470 1188 1631 1258 possit
1658 1185 1838 1240 carnis
1868 1183 1948 1235 itt-

408 1293 632 1346 tirntitas
661 1303 918 1342 excusare
949 1285 1071 1356 (6)?
1105 1302 1123 1334 ι
1158 1282 1308 1336 Sicut
1335 1320 1347 1341 ,
1391 1279 1604 1346 inquit,
1631 1273 1947 1330 exhibuistis

407 1383 643 1438 membra
675 1389 851 1433 vestra
878 1376 1081 1431 servire
1105 1369 1474 1431 immunditia',
1513 1377 1565 1420 et
1591 1363 1854 1431 iniquitati
1880 1362 1946 1414 ad

409 1474 766 1542 iniquitatem,
799 1469 872 1520 ita
900 1481 1040 1520 nunc
1069 1464 1319 1518 exhibete
1347 1461 1581 1513 membra
1622 1465 1798 1510 vestra
1829 1469 1946 1508 ser-

407 1565 523 1616 vire
581 1559 803 1626 justitize
861 1556 918 1610 in
974 1551 1474 1606 sanctificationem.
1530 1565 1548 1598 1
1599 1544 1944 1614 lngioriosum

406 1652 619 1721 quidem
651 1657 732 1702 est
757 1656 815 1698 ut
841 1645 913 1698 ita
938 1644 1059 1710 quis
1088 1639 1378 1694 virtutibus
1407 1635 1701 1690 sicutvitiis
1731 1633 1942 1687 serviat.
1980 1673 2018 1726 Β

408 1741 572 1797 Multo
626 1739 770 1793 enim
804 1736 1032 1804 amplius
1058 1742 1110 1786 et
1139 1731 1306 1784 multo
1339 1727 1592 1781 intentius
1633 1724 1942 1778 honoranda

404 1825 612 1902 justitia
644 1838 744 1883 est.
781 1827 887 1880 Sed
923 1839 1041 1892 ego,
1072 1823 1264 1890 inquit,
1297 1822 1528 1873 humane
1560 1824 1613 1869 et
1646 1813 1946 1869 communi-

413 1934 498 1976 ter
529 1934 628 1989 ago
662 1935 676 1972 :
712 1919 896 1971 eadem
927 1913 1134 1983 postulo
1162 1952 1176 1976 ,
1226 1909 1417 1966 similia
1466 1907 1701 1974 requiro.
1740 1904 1944 1956 Dudum

411 2013 699 2072 currebant
731 2008 895 2074 pedes
927 2004 1091 2058 vestri
1123 2001 1186 2054 ad
1211 2003 1508 2054 dtemonutn
1543 1995 1764 2062 templa,
1799 2007 1944 2046 nunc

410 2111 630 2159 currant
678 2100 752 2170 ('7)
785 2098 849 2150 ad
879 2094 1171 2148 Ecclesium
1215 2090 1326 2143 Dei.
1356 2088 1659 2142 Currebam
1688 2085 1835 2152 prius
1885 2083 1949 2135 ad

411 2191 788 2246 effundendum
823 2224 838 2248 ,
873 2198 1012 2237 nunc
1056 2188 1236 2233 autem
1266 2177 1332 2230 ad
1363 2175 1695 2228 liberandum
1735 2169 1951 2239 sangui-

410 2298 530 2335 ncm
557 2286 797 2333 currant.
824 2270 1279 2328 Protendebantur
1310 2266 1456 2333 prius
1474 2277 1663 2316 manus
1693 2272 1750 2314 ut
1777 2260 1948 2313 aliena

412 2372 724 2438 diriperent,
760 2379 903 2420 nunc
949 2359 1336 2430 protendantur
1377 2363 1432 2408 ttt
1466 2353 1678 2423 propria
1731 2351 1954 2418 largiano

415 2472 519 2514 tur.
547 2453 1065 2521 Circumspiciebam
1119 2447 1267 2516 prius
1314 2444 1454 2498 oculi
1509 2440 1823 2502 mulierem,
1859 2450 1952 2492 aut

411 2551 646 2606 alienum
675 2544 870 2614 aliquid
898 2543 962 2593 ad
990 2534 1477 2605 concupiscendum
1502 2571 1515 2593 ,
1546 2545 1688 2584 nunc
1717 2531 1951 2584 cireum-

413 2641 643 2708 spiciant
673 2646 955 2702 pauperes,
982 2628 1204 2690 debiles,
1236 2638 1432 2692 egenos
1465 2623 1529 2674 ad
1564 2620 1950 2674 miserandum.

416 2731 582 2782 Aures
607 2723 1009 2779 delectabantur
1039 2717 1220 2771 auditu
1249 2729 1405 2775 vano,
1443 2712 1526 2765 vel
1555 2712 1814 2765 bonorum
1863 2710 1955 2763 de-

416 2815 800 2886 rogationibus,
824 2824 963 2863 nunc
991 2815 1374 2862 convertantur
1404 2804 1469 2855 ad
1497 2799 1816 2854 audiendum
1838 2814 1955 2852 ver-

417 2911 540 2962 bum
576 2903 690 2966 Dei,
719 2901 786 2954 ad
809 2897 1235 2965 explanationem
1263 2893 1419 2961 legis,
1449 2900 1505 2944 et
1540 2891 1604 2942 ad
1639 2889 1950 2956 capiendam

1825 248 2136 302 UltlUlaNlS

3605 217 3731 270 106-5

2259 357 2402 429 quod
2444 356 2646 424 utique
2707 349 2844 407 ﬁeri
2905 361 3028 402 non
3066 346 3287 415 posset
3321 379 3338 405 ,
3373 336 3422 393 si
3459 344 3557 390 aut
3589 347 3735 390 natu-

2047 468 2103 507 ra
2135 450 2344 523 (12),ut
2370 446 2715 516 quibusdam
2740 442 3007 504 videtur,
3034 440 3443 505 repugnaret,
3460 439 3554 482 aut
3572 437 3732 482 astro-

2048 557 2167 596 rum
2209 553 2400 594 cursus
2428 537 2771 591 obsisteret.

2117 632 2172 688 5.
2212 651 2230 683 ‹
2266 633 2400 687 Cum
2433 631 2586 684 enim
2613 627 2771 683 servi
2809 621 3034 678 essetis
3072 613 3344 687 peccati,
3377 612 3548 666 liberi
3581 607 3736 662 eratis

2040 723 2279 791 justitiaz.
2299 720 2470 786 Quem
2512 732 2651 787 ergo
2687 717 2952 769 fructum
2993 706 3319 764 habuistis
3355 713 3496 756 tunc
3529 700 3583 754 in
3615 698 3733 764 illis,

2047 815 2098 867 in
2132 810 2329 882 quibus
2359 823 2502 863 nunc
2529 803 2931 861 erubescitis?
2965 799 3126 853 Nam
3163 795 3309 849 ﬁnis
3343 793 3576 846 illorum
3602 805 3737 842 mors

2045 911 2147 957 est.
2175 900 2330 954 Nunc
2358 911 2493 951 vero
2530 894 2758 949 liberati
2795 910 2827 945 a
2858 898 3153 960 peccato,
3189 884 3361 939 servi
3396 891 3588 935 autem
3620 879 3735 933 facti

2048 993 2180 1054 Deo,
2213 989 2432 1043 habetis
2478 985 2730 1039 fructum
2777 992 3047 1035 vestrum
3094 979 3155 1030 in
3194 973 3737 1032 sanctiﬁcationem,

2048 1083 2208 1136 linem
2238 1093 2369 1132 vero
2399 1075 2572 1129 vitam
2606 1083 2894 1127 aeternam
2931 1069 2981 1122 ".
3029 1087 3051 1118 ι
3091 1063 3425 1131 Quomodo
3462 1058 3583 1131 (15)
3628 1060 3738 1128 quis

2047 1171 2256 1242 peccati
2309 1181 2502 1223 servus
2533 1165 2632 1229 sit,
2671 1160 3054 1216 suﬁicienter
3085 1157 3223 1226 jam
3259 1155 3320 1208 in
3361 1151 3739 1222 superioribus

2049 1262 2247 1315 dictum
2277 1267 2361 1312 est
2387 1297 2402 1321 ,
2437 1270 2563 1310 cum
2592 1262 3038 1321 exponeremus
3079 1245 3261 1301 illum
3310 1243 3508 1298 locum
3542 1259 3601 1295 ει
3638 1239 3736 1294 Ne-

2050 1351 2205 1406 scitis
2235 1348 2362 1417 quia
2394 1344 2483 1399 cui
2511 1359 2613 1397 vos
2643 1339 2945 1396 exhibetis
2981 1351 3209 1392 servos
3237 1333 3318 1390 ad
3343 1333 3735 1398 obediendum,

2049 1441 2191 1496 servi
2224 1439 2359 1493 estis
2385 1437 2505 1505 ejus
2546 1434 2641 1489 cui
2691 1432 3007 1498 obedistis,
3051 1433 3194 1486 sive
3230 1427 3496 1497 peccati,
3528 1427 3642 1480 sive
3658 1424 3737 1492 ju-

2047 1531 2208 1587 stitiae
2236 1529 2304 1580 8?
2340 1547 2358 1579 ι
2391 1527 2528 1581 Cum
2563 1539 2708 1593 ergo
2739 1524 2878 1593 quis
2914 1530 3190 1591 peccato
3223 1519 3418 1574 servit
3449 1559 3467 1583 ,
3514 1518 3732 1585 iustitia

2048 1623 2184 1676 liber
2221 1628 2326 1682 est,
2355 1617 2460 1672 hoc
2495 1626 2603 1682 est,
2631 1618 2860 1671 alienus
2904 1629 2939 1667 a
2965 1613 3252 1683 justitia.
3280 1610 3396 1664 Hic
3431 1608 3584 1662 enim
3618 1607 3738 1663 libe-

2051 1729 2167 1767 rum
2202 1712 2442 1765 alienum
2489 1709 2667 1772 dicit,
2712 1715 2773 1761 et
2830 1714 3004 1760 recte
3041 1704 3332 1772 quidem.
3391 1698 3572 1754 Nemo
3602 1699 3735 1754 enim

2047 1814 2226 1873 potest
2252 1802 2412 1857 simul
2440 1810 2496 1856 et
2522 1807 2762 1869 peccato
2807 1796 3082 1860 servire,
3121 1803 3186 1848 et
3210 1791 3494 1860 iustitiae,
3527 1789 3668 1844 sicut
3690 1796 3739 1842 et

2049 1895 2304 1951 Salvator
2325 1894 2487 1957 dixit,
2517 1890 2650 1960 quia
2687 1908 2706 1941 ι
2753 1903 2933 1943 nemo
2962 1895 3188 1956 potest
3235 1883 3478 1939 duobus
3511 1880 3735 1936 dominis

2051 1987 2260 2042 servire
2290 1987 2334 2042 ’.
2370 2003 2389 2034 )
2431 1983 2539 2037 sed
2565 1981 2635 2035 de
2667 1981 2758 2034 his
2783 1979 3030 2048 plenius
3068 1991 3267 2046 supra
3307 1975 3588 2029 diximus.
3613 1969 3732 2023 illud

2051 2091 2182 2133 sane
2211 2074 2509 2131 notandum
2546 2079 2656 2134 est,
2692 2083 2827 2124 esse
2862 2077 2926 2122 et
2976 2067 3354 2121 libertatem
3386 2063 3730 2132 culpabilem,

2051 2176 2105 2221 et
2130 2164 2461 2220 laudabilem
2495 2160 2856 2215 servitutem.
2911 2155 3079 2210 Nam
3145 2156 3418 2210 liberum
3447 2170 3573 2208 esse
3591 2153 3735 2222 justi-

2055 2257 2163 2318 tize,
2193 2254 2397 2308 crimen
2433 2259 2556 2315 est;
2591 2263 2824 2303 servum
2846 2261 2997 2300 vero
3038 2262 3218 2310 esse,
3261 2245 3577 2300 laudabile.
3597 2243 3730 2310 Quod

2052 2357 2230 2400 autem
2257 2340 2631 2408 dicitjustitia:
2661 2352 2902 2392 servum
2949 2337 3126 2402 ﬁeri,
3166 2336 3358 2390 simul
3392 2335 3646 2402 intellige
3681 2341 3730 2385 et

2053 2435 2352 2505 Sapientiae,
2388 2441 2442 2487 et
2473 2430 2710 2501 pietati,
2746 2437 2803 2482 et
2833 2428 3198 2496 pudicitiae,
3249 2436 3309 2481 et
3343 2426 3614 2482 omnibus
3639 2439 3728 2478 una

2054 2525 2342 2579 virtutibus
2376 2543 2389 2577 :
2413 2519 2896 2577 sicutecoutrario
2913 2522 3020 2589 qui
3042 2530 3337 2589 peccata,
3357 2533 3560 2572 servus
3573 2528 3650 2572 est
3671 2515 3730 2566 si-

2052 2615 2162 2669 mul
2197 2623 2251 2668 et
2282 2608 2750 2679 concupiscentiae
2783 2607 2962 2660 malae
2986 2647 3003 2672 ,
3047 2617 3122 2662 et
3163 2609 3304 2672 iraa,
3336 2615 3397 2660 et
3431 2605 3656 2669 furoris,
3684 2611 3729 2658 et

2053 2703 2430 2774 impudicitiae,
2469 2711 2526 2756 et
2554 2700 2769 2767 rapinae
2795 2715 2811 2764 ;
2851 2708 2916 2753 et
2951 2700 3268 2754 omnibus
3298 2699 3477 2754 simul
3505 2698 3648 2750 vitiis
3674 2709 3729 2748 ac

2055 2797 2355 2851 sceleribus
2387 2794 2580 2847 servit.
2622 2791 2782 2845 Unde
2813 2790 3253 2859 nosmetipsos
3295 2804 3534 2858 semper
3567 2788 3730 2842 discu-

2055 2895 2168 2938 tere
2199 2883 2455 2937 debemus
2488 2895 2584 2948 per
2619 2880 2844 2947 singula
2877 2895 3159 2949 quaeque
3197 2895 3340 2950 quae
3375 2879 3656 2948 gerimus,
3683 2885 3730 2928 et

417 2995 692 3064 sapientia:
737 2987 1072 3056 disciplinam
1124 2984 1221 3054 (8).
1265 2982 1464 3050 Lingua
1500 2995 1616 3044 quae
1647 2979 1908 3033 conviciis
1933 3018 1949 3042 ,
1979 2991 2019 3048 ρ
2055 2977 2106 3028 111
2153 2986 2478 3041 unoquoque
2502 2980 2626 3024 actu
2658 2970 3058 3026 considerare
3097 2975 3360 3027 cuinam
3398 2973 3723 3030 serviamus,

420 3083 718 3140 maledictis
740 3119 755 3143 ,
799 3088 855 3132 et
884 3075 1222 3144 turpiloquiis
1253 3081 1460 3127 assueta
1493 3079 1575 3124 est
1601 3068 1700 3138 (9),
1732 3083 1954 3125 conver-

419 3183 563 3227 tatur
612 3183 752 3223 nunc
801 3165 864 3218 ad
915 3160 1334 3217 benedicendum
1385 3158 1668 3211 Dominum
1723 3157 1775 3209 in
1809 3158 1952 3211 omni

419 3260 688 3330 tempore“
709 3275 724 3310 :
744 3269 1048 3310 sermonem
1072 3267 1264 3307 sanum
1287 3249 1544 3318 proferat,
1571 3257 1625 3302 et
1650 3248 1951 3310 honestum,

417 3361 476 3406 ut
505 3352 591 3404 det
619 3348 840 3418 gratiam
875 3343 1214 3398 audientibus
1238 3379 1252 3404 ,
1299 3348 1354 3394 et
1394 3339 1672 3392 veritatem
1705 3338 1954 3406 loquatur

417 3456 539 3495 cum
583 3438 825 3506 proximo
873 3447 969 3486 suo
996 3433 1037 3485 ⁶¹.
1081 3429 1187 3484 Sed
1218 3429 1346 3497 quid
1377 3442 1511 3494 opus
1553 3434 1634 3481 est
1679 3427 1792 3480 hare
1845 3429 1953 3482 sin-

417 3531 538 3599 gula
575 3525 842 3596 persequi,
862 3537 979 3575 cum
1008 3519 1358 3590 pateatetiam
1390 3517 1511 3580 tibi,
1531 3517 1953 3586 uniuscujusque

420 3616 643 3672 membri
674 3611 1032 3668 ministerium
1063 3648 1080 3672 ,
1107 3607 1246 3675 quod
1277 3606 1522 3661 exhibuit
1551 3605 1698 3659 vitiis
1723 3645 1737 3668 ,
1771 3615 1956 3674 aptare

419 3707 723 3769 virtutibus,
747 3712 801 3758 et
829 3711 1008 3756 actum
1036 3714 1193 3769 quem
1217 3697 1460 3752 exhibuit
1483 3695 1857 3758 imntunditiaa,
1889 3695 1953 3747 ad

417 3799 720 3853 castitatem
772 3808 914 3847 nunc
966 3787 1558 3856 sanctiticationemque
1589 3787 1953 3842 convertere?

417 3887 644 3944 Videtur
672 3899 803 3939 sane
833 3884 920 3937 hic
941 3881 1206 3949 juStitiam
1237 3894 1334 3947 pro
1364 3877 1616 3932 omnibus
1648 3877 1808 3930 simul
1842 3877 1952 3929 vir—

421 3977 621 4030 tutibus
653 3975 974 4036 nominasse,
1002 3970 1139 4024 sicut
1163 3969 1466 4023 econtrario
1491 3965 1826 4032 iniquitatem
1857 3981 1952 4033 pro

417 4066 662 4119 omnibus
696 4061 856 4114 simul
894 4060 1038 4112 vitiis
1091 4057 1356 4125 posuisse.
1391 4055 1608 4107 Addidit
1640 4053 1752 4124 (10)
1784 4069 1949 4121 sane,

421 4173 441 4207 c
473 4153 692 4222 justitite
725 4151 776 4202 in
803 4147 1306 4208 sanetilicationem,
1339 4161 1357 4193 1
1389 4157 1493 4209 quo
1518 4142 1761 4197 videlicet
1782 4145 1948 4197 casti-

420 4245 542 4296 tatis
573 4247 771 4308 partcm
795 4246 848 4290 et
875 4235 1194 4303 generaliter
1220 4246 1343 4284 cum
1371 4231 1613 4290 caeteris,
1644 4239 1698 4284 et
1726 4246 1819 4298 per
1865 4246 1951 4285 se-

418 4331 696 4397 metipsatn
753 4327 1053 4392 specialiter
1101 4322 1518 4378 commendaret.
1572 4319 1676 4371 Sed
1723 4328 1776 4371 et
1824 4321 1950 4374 illud

418 4419 620 4486 aspice,
660 4419 799 4485 quod
852 4415 1052 4483 ubique
1083 4428 1176 4478 per
1223 4412 1335 4464 haec
1382 4409 1588 4462 arbitrii
1642 4409 1949 4462 libertatem

418 4508 696 4575 designat,
728 4503 887 4575 574
927 4514 982 4558 et
1013 4503 1246 4557 ostendit
1281 4513 1718 4568 unumquemque
1753 4501 1951 4554 habere

422 4600 474 4651 iu
509 4611 603 4650 sua
635 4603 916 4665 potestate,
968 4601 1024 4646 ut
1056 4607 1171 4660 quae
1201 4601 1325 4645 ante
1357 4590 1627 4657 iniquitati
1655 4589 1720 4642 ad
1754 4591 1951 4659 iniqui-

423 4697 579 4741 tatem
616 4685 833 4740 servitia
856 4681 1202 4752 dependebat
1233 4678 1343 4748 (11)
1371 4719 1387 4744 ,
1421 4681 1535 4734 haec
1557 4717 1573 4742 ,
1601 4694 1860 4733 converso
1898 4681 1949 4733 in

421 4779 608 4834 melius
635 4776 925 4846 proposito,
951 4774 1175 4844 justitiae
1203 4771 1724 4839 sanctiﬁcationique
1752 4771 1954 4839 depen-

505 4897 526 4926 ³
552 4895 708 4948 Rom.
733 4909 806 4955 vi,
840 4892 927 4946 19.
1021 4890 1041 4921 ³
1074 4889 1416 4953 Psalamtttt,
1441 4889 1496 4942 2.

417 4957 438 4988 ⁹
474 4965 657 5016 Matth.
685 4978 756 5026 vt,
787 4962 876 5015 21.

964 4960 1005 4990 ²⁰
1039 4959 1192 5012 Itoni.
1223 4974 1295 5024 vt,
1320 4959 1409 5010 21.

514 5051 564 5118 5)
589 5051 755 5111 Alias,
794 5067 812 5099 ι
849 5047 1181 5118 iniustitiam.
1226 5064 1244 5097 1

514 5063 564 5118 ὃ)
589 5063 755 5111 Αιιαε,
794 5067 812 5099 ι
849 5063 1181 5114 injusuttam.
1226 5064 1244 5097 1

480 5063 730 5196 ,111112111ιὶ
761 5158 775 5178 ,
823 5134 841 5166 t
895 5116 1032 5194 nulla
1054 5117 1288 5196 "ratione
1337 5127 1559 5182 prorsus
1600 5110 1769 5196 possit
1805 5109 1955 5161 inﬁr-

422 5181 625 5301 mitatis
673 5185 939 5237 excusari.
984 5201 1002 5234 ι
1054 5185 1159 5236 Sed
1194 5181 1378 5238 omnes
1415 5196 1539 5235 mss.
1582 5189 1639 5232 ttt
1671 5181 1722 5232 in
1767 5188 1952 5230 nostro

465 5271 475 5284 -
539 5267 590 5301 u.

449 5267 590 5302 (:Xlll.

598 5318 764 5396 ﬁlias.
803 5337 821 5368 ι
861 5333 1001 5396 nunc
1035 5327 1211 5396 autem
1239 5323 1582 5396 concurrant.
1629 5332 1647 5365 ι

499 5383 572 5452 (8)
604 5385 763 5452 Editi,
799 5403 817 5435 ‹
851 5388 1171 5452 sapientiam
1198 5397 1252 5438 et
1281 5383 1634 5452 disciplinam.
1671 5399 1690 5430 1

498 5450 1042 5528 ςξὶλὶῧεηριρτςιτιμιβλι
1083 5463 1197 5510 erat
1220 5450 1449 5506 assueta.
1483 5470 1500 5501 ι

432 5513 794 5636 αῃὲἕέἑιὶίιὶ,
825 5535 843 5568 t
880 5520 1039 5573 Addit
1068 5535 1295 5587 quoque,
1330 5537 1347 5569 1
1380 5535 1479 5572 ms.
1510 5531 1667 5581 unus,
1693 5533 1709 5567 t
1747 5513 1952 5567 addidit

1596 4885 1872 4955 “AZacliar.
1901 4903 1951 4951 ι,
1995 4889 2054 4942 16
2088 4905 2103 4954 ;
2140 4888 2342 4955 Ephes.
2375 4901 2452 4952 tv,
2481 4885 2572 4939 25.

1509 4957 1550 4987 ¹¹
1597 4953 1783 5007 Matth.
1815 4971 1886 5008 xu
1915 4993 1931 5020 ,
1978 4959 2067 5011 55.

2055 3074 2346 3135 peccatoue
2367 3064 2434 3117 ad
2465 3062 2846 3129 iniquitatem,
2883 3077 2960 3114 an
3025 3062 3302 3131 iustitiae
3343 3065 3400 3118 in
3433 3061 3726 3118 sanctiﬁca-

2057 3159 2278 3210 tionem.
2333 3173 2351 3205 ι
2404 3153 2580 3219 Quem
2611 3167 2750 3221 ergo
2778 3191 2794 3216 ,
2829 3152 3042 3222 inquit
3075 3194 3096 3219 ,
3166 3157 3437 3211 fructum
3475 3152 3726 3210 habuistis

2057 3254 2184 3299 tunc
2211 3247 2262 3298 in
2294 3245 2423 3308 illis,
2455 3244 2508 3296 in
2545 3244 2753 3312 quibus
2791 3259 2954 3297 nunc
2992 3246 3430 3302 erubescitis?
3459 3248 3592 3300 Nam
3620 3247 3724 3298 linis

2056 3337 2271 3390 illorum
2303 3350 2452 3390 mors
2485 3345 2570 3388 est
2600 3335 2668 3388 ιο.
2710 3354 2730 3386 ι
2763 3335 3066 3392 Fructum
3105 3351 3177 3394 et
3228 3343 3522 3395 bonorum
3543 3350 3596 3394 et
3626 3351 3724 3392 ma-

2057 3424 2233 3478 lorum
2263 3439 2384 3478 esse
2399 3425 2560 3476 docet
2590 3423 2900 3493 Scriptura
2936 3427 3197 3495 divina,
3230 3438 3298 3484 ut
3336 3430 3462 3499 ipse
3491 3429 3724 3484 Salvator

2056 3517 2110 3571 in
2145 3514 2452 3583 Evangeliis
2481 3513 2616 3568 dicit
2649 3530 2664 3566 :
2703 3532 2723 3564 ι
2772 3515 2894 3569 Aut
2941 3517 3149 3574 facile
3205 3521 3492 3575 arborem
3525 3520 3720 3580 bonam,

2056 3615 2112 3660 et
2140 3603 2370 3656 fructum
2396 3602 2514 3668 ejus
2541 3601 2748 3655 bonum
2774 3618 2791 3666 ;
2822 3613 2932 3657 aut
2965 3603 3170 3662 facite
3205 3607 3489 3664 arborem
3521 3608 3720 3665 malam,

2056 3702 2110 3747 et
2143 3693 2378 3745 fructum
2427 3690 2545 3756 ejus
2577 3691 2790 3743 malum
2827 3691 2902 3747 “.
2948 3694 3099 3749 Non
3139 3709 3354 3766 potest
3407 3699 3576 3754 arbor
3602 3697 3722 3750 bona

2055 3782 2267 3836 fructus
2300 3779 2474 3834 malos
2495 3779 2705 3846 facere,
2741 3795 2940 3850 neque
2982 3786 3192 3842 arbor
3231 3790 3391 3844 mala
3421 3789 3626 3845 fructus
3648 3789 3722 3841 bo-

2057 3887 2157 3964 nos
2195 3873 2378 3926 facere
2413 3871 2478 3923 ".
2513 3888 2533 3920 1
2585 3872 2646 3923 In
2679 3871 2897 3938 quibus
2937 3882 3352 3947 propositum
3405 3891 3464 3937 et
3496 3881 3720 3934 voluntas

2057 3959 2296 4014 hominis
2319 3998 2335 4023 ,
2371 3960 2535 4013 arbor
2581 3959 2691 4012 dici
2728 3960 2973 4017 videtur
3014 3969 3121 4022 vel
3176 3973 3344 4027 bona
3372 4015 3389 4040 ,
3421 3972 3511 4029 vel
3559 3970 3720 4032 mala,

2063 4052 2272 4104 fructus
2297 4065 2430 4104 vero
2465 4049 2586 4118 ejus
2616 4065 2818 4118 opera.
2868 4053 2937 4107 Si
2988 4061 3143 4126 quis
3187 4074 3505 4120 convertat
3533 4063 3721 4118 animos

2061 4149 2116 4196 et
2159 4143 2492 4209 propositum
2529 4141 2596 4194 ad
2624 4141 2916 4208 justitiam
2948 4187 2968 4212 ,
3013 4152 3348 4211 erubescit
3378 4156 3505 4211 sine
3534 4155 3717 4216 dubio,

2062 4242 2118 4286 et
2147 4233 2260 4332 ipse
2292 4240 2551 4332 semotat
2593 4232 2710 4302 (M)
2749 4236 2820 4332 de
2873 4239 3207 4306 prioribus
3244 4249 3437 4318 gestis
3466 4263 3586 4318 qua:
3627 4247 3721 4314 egit

2059 4322 2266 4389 Ροείιυε
2301 4321 2401 4374 θυι)
2428 4331 2683 4388 Ρθεεθῑορ
2720 4325 2902 4390 (Illius
2944 4327 3095 4387 ﬁnis
3129 4335 3379 4392 illorum
3418 4353 3567 4394 mors
3587 4345 3715 4391 est.»

2068 4409 2174 4465 Sed
2215 4413 2436 4479 requiro
2463 4425 2776 4500 quaemors
2806 4414 2830 4467 ?
2865 4415 3132 4476 Certum
3165 4439 3269 4481 εει
3304 4431 3442 4497 quia
3475 4429 3590 4500 (15)
3633 4441 3719 4480 non

2059 4502 2160 4556 ista
2195 4501 2524 4555 communis.
2565 4499 2686 4555 Non
2721 4505 2881 4557 enim
2939 4513 3090 4578 quis
3130 4527 3278 4583 post
3329 4499 3574 4574 mortem
3609 4534 3721 4573 co...

2057 4591 2290 4646 vertitur
2328 4594 2394 4645 ad
2419 4591 2722 4660 justitiam,
2758 4595 2853 4649 vel
2887 4613 3002 4666 pro
3062 4607 3232 4662 male
3272 4612 3462 4680 gestis
3512 4621 3716 4681 prmi”.

2059 4683 2148 4736 ius
2170 4681 2460 4772 e"“"§$¢“-
2491 4682 2631 4772 QQ?“
2675 4699 2818 4755 3'80
2847 4699 2944 4742 est
2966 4692 2994 4744 ?
3034 4693 3478 4767 Nunquidnam
3532 4699 3718 4772 peccati

2062 4781 2292 4824 mortem
2320 4771 2502 4824 dicere
2520 4770 2768 4837 videtur,
2807 4780 3102 4844 quoniam
3149 4805 3169 4836 ε
3222 4791 3427 4844 anima
3455 4770 3578 4860 quae
3609 4806 3720 4859 pee-

2597 4994 2612 5020 ,
2651 4888 2918 5010 (Solium.
2963 4909 3050 4963 vr,
3096 4898 3202 4967 20,
3237 4904 3344 4958 22.
3428 4905 3452 4936 ⁸
3486 4905 3618 4960 ibid.
3646 4901 3718 4961 16.

2058 5045 2265 5166 uagis),
2292 5045 2434 5100 Edili
2464 5087 2480 5112 .
2515 5065 2534 5097 ι
2574 5045 3033 5121 dependebant,
3077 5077 3098 5110 1
3129 5070 3192 5115 et
3254 5063 3436 5130 intra,
3478 5083 3498 5117 ι
3535 5067 3719 5135 depen-

2055 5181 2532 5308 silglsﬁz‘ﬁter
2569 5194 2628 5240 et
2659 5185 2967 5249 Rabanus.
3001 5195 3160 5252 Edtti
3197 5215 3371 5267 vero,
3407 5224 3427 5255 ε
3464 5206 3514 5260 si
3545 5214 3718 5258 neces-

2274 5321 2459 5443 ﬁlias,
2501 5345 2520 5376 ι
2559 5324 2889 5408 Quoniam;
2939 5354 2960 5387 ι
2996 5335 3101 5402 aL,
3139 5354 3158 5388 ι
3197 5339 3402 5404 Quod.
3445 5362 3464 5394 1

2329 5393 2434 5448 llas
2458 5434 2474 5459 ,
2516 5414 2536 5446 ε
2584 5407 2642 5450 et
2671 5413 2793 5459 Ipse
2824 5419 2891 5459 se
2922 5416 3162 5459 renovat
3187 5448 3204 5459 .
3254 5428 3280 5459 ι
3319 5415 3426 5459 aL-

2060 5388 2246 5512 mgf.)
2272 5391 2474 5510 flius,
2516 5414 2536 5446 ε
2584 5388 2642 5450 et
2670 5397 2793 5468 ipse
2824 5388 2891 5460 se
2922 5388 3162 5461 renovat
3187 5388 3488 5479 ,ιβ-ᾖξ’(
3522 5421 3576 5467 et
3609 5410 3710 5482 ἰρξτι

2133 5525 2248 5596 (l5)
2281 5529 2451 5595 Quid.
2479 5536 2644 5594 Deest
2673 5539 2732 5595 in
2764 5541 2938 5602 libris
2965 5556 3136 5603 antea
3167 5546 3394 5622 editis“
