3894 6264
1713 90 1724 92 _
1768 76 1890 90 mw
2719 54 2732 64 ἲ
2877 34 3068 42 κνη-
3093 30 3306 74 WE
3339 30 3374 34 ..

295 311 319 364 1
331 310 449 367 065

1227 313 1568 370 COMMENT.
1608 312 1671 366 IN
1707 312 1919 366 EPIST.
1957 313 2044 365 AD
2081 312 2240 367 ROM.
2281 312 2406 366 ΜΒ.
2447 313 2530 366 Vl.

3314 315 3451 370 1066

289 437 415 487 cat,
448 426 563 494 ipsa
596 429 849 482 morietur
877 430 919 461 ¹³
947 430 970 482 ?
1004 448 1022 479 ι
1057 430 1130 480 An
1163 429 1289 481 illud
1336 429 1501 496 magis
1531 436 1703 497 potest
1740 428 1829 508 i-n-'
1857 433 1896 486 Α
1929 427 2122 480 tionem
2172 429 2405 481 diximus
2454 427 2717 481 fructuum
2767 426 3043 492 malorum,
3092 437 3145 483 et
3177 428 3441 486 fructuum

289 518 476 585 telligi
506 521 647 586 quod
678 519 832 572 istam
872 531 1089 572 mortem
1114 519 1251 571 dicat
1273 517 1381 588 (lii)
1411 534 1511 586 qua
1542 535 1657 571 cum
1679 518 1832 570 Chri-

286 617 383 658 sto
419 617 642 675 peccato
667 609 944 670 morimur,
975 617 1028 660 et
1070 605 1208 660 vitiis
1240 623 1302 661 ac
1342 607 1627 660 sceleribus
1672 607 1830 660 ﬁnem

284 697 521 759 damus,
555 703 612 748 ut
637 709 851 765 pr0pter
873 698 971 750 hoc
1000 697 1198 750 dixisse
1248 697 1502 760 videatur,
1521 697 1640 764 quia
1669 714 1688 746 ‹
1714 696 1834 750 ﬁnis

286 783 521 837 illorum
558 801 701 838 mors
748 785 876 838 est?
923 785 1074 838 Nunc
1102 798 1228 838 vero
1273 784 1478 838 liberati
1512 800 1540 836 a
1573 793 1788 851 peccato
1813 826 1830 850 ,

281 877 441 926 servi
481 885 662 927 autem
702 874 825 927 facti
857 874 986 938 Deo,
1018 875 1224 928 habetis
1259 873 1485 927 fructum
1515 884 1750 927 vestrum
1777 873 1829 925 in

281 962 827 1022 sanctiﬁcationem,
883 962 1040 1015 ﬁnem
1089 978 1216 1016 vero
1266 963 1428 1016 vitam
1477 972 1747 1015 attentam.
1807 979 1827 1012 ι

281 1049 541 1104 Fructus
591 1052 848 1104 fructibus
899 1060 1168 1117 comparat
1216 1069 1229 1104 :
1276 1060 1332 1104 et
1373 1054 1575 1118 peccati
1617 1051 1830 1119 quidem

281 1139 516 1194 fructus
573 1156 670 1209 pro
707 1141 898 1208 quibus
924 1156 1081 1203 nunc,
1110 1143 1209 1194 hoc
1237 1150 1336 1204 est,
1362 1151 1542 1207 postea
1573 1155 1731 1208 quam
1766 1140 1833 1192 li-

276 1229 471 1283 berati
517 1245 546 1282 a
592 1239 806 1297 peccato
828 1267 844 1292 ,
871 1237 924 1282 et
963 1230 1101 1282 servi
1131 1229 1255 1283 facti
1285 1229 1414 1293 Deo,
1446 1229 1615 1282 sancti
1645 1228 1832 1282 erube-

277 1329 477 1382 scunt,
499 1319 807 1386 pronuntiat
831 1329 1000 1370 morte
1035 1317 1180 1372 ﬁniri
1213 1334 1229 1370 :
1257 1318 1456 1372 fructus
1475 1333 1598 1372 vero
1618 1317 1832 1385 justitia:

275 1409 378 1476 qui
433 1419 565 1462 sunt
615 1412 664 1458 in
693 1407 1170 1460 sauctilicatiouem
1199 1446 1214 1470 ,
1245 1407 1400 1460 ﬁnem
1441 1407 1570 1462 dicit
1593 1407 1833 1474 accipere

281 1498 462 1548 vitam
495 1506 776 1550 aeternam.
824 1494 878 1547 ιιι
914 1510 1018 1563 quo
1052 1496 1179 1548 illud
1227 1497 1397 1564 primo
1425 1509 1529 1549 non
1562 1502 1646 1549 est
1672 1493 1831 1548 omit-

277 1589 540 1651 tendum,
583 1586 725 1653 quod
759 1584 966 1637 fructus
991 1585 1202 1653 quidem
1236 1599 1326 1639 eos
1352 1600 1446 1653 pro
1471 1585 1661 1654 quibus
1692 1599 1833 1639 nunc

274 1678 676 1730 erubescimus
698 1674 827 1743 (l7),
855 1674 906 1727 in
935 1689 1037 1741 quo
1070 1674 1175 1728 sint
1205 1675 1371 1729 noluit
1401 1676 1673 1730 nominare
1701 1689 1719 1728 :
1744 1688 1832 1728 eo-

1930 517 2184 570 honorum
2236 517 2422 572 fecisse
2452 519 2782 590 Apostolum)
2813 520 2948 587 quod
3002 520 3070 572 ibi
3111 520 3316 586 quidem
3351 523 3439 575 ubi

1929 609 1993 660 de
2027 608 2177 660 malis
2229 607 2487 661 fructibus
2538 609 2767 673 dicebat,
2819 624 2923 662 non
2966 609 3144 664 dixit:
3192 608 3438 665 Fructum

1930 705 2163 749 vestrum
2211 697 2469 751 habuistis
2503 715 2522 747 ‹
2554 697 2604 749 in
2638 698 2828 766 quibus
2858 712 2998 751 nunc
3039 697 3386 753 erubescitis:
3417 718 3436 750 ι

1927 785 2018 837 sed
2047 784 2220 836 dixit:
2263 802 2282 834 c
2311 784 2476 850 Quem
2522 800 2648 856 ergo
2701 787 2928 840 fructum
2961 787 3258 843 habuistis?
3288 807 3309 842 ι
3356 791 3444 845 ubi

1929 889 2052 927 vero
2084 875 2149 927 de
2197 875 2352 929 bonis
2396 875 2652 929 fructibus
2697 876 2848 940 dicit,
2884 879 3031 931 addit
3083 897 3101 929 ε
3136 889 3391 936 vestrum.
3421 899 3440 932 ι

1930 963 2020 1015 Sic
2059 964 2200 1016 enim
2251 964 2479 1017 scribit:
2534 982 2553 1015 ι
2592 963 2808 1020 Habetis
2859 967 3088 1021 fructum
3129 979 3361 1022 vestrum
3389 969 3444 1022 in

1927 1053 2398 1105 sanctiﬁcationem
2428 1069 2443 1106 :
2477 1071 2498 1104 ι
2540 1069 2633 1122 per
2665 1055 2803 1120 quod
2837 1054 3072 1108 indicare
3118 1056 3246 1110 mihi
3298 1057 3447 1112 vide-

1929 1151 2014 1194 tur
2039 1141 2177 1208 quod
2221 1141 2427 1196 fructus
2469 1144 2662 1208 malus,
2703 1145 2906 1199 fructus
2954 1147 3345 1202 erubescendos
3392 1159 3447 1201 et

1929 1228 2282 1294 paenitendus,
2317 1243 2423 1282 non
2455 1239 2536 1284 est
2562 1241 2738 1285 noster
2769 1233 2992 1286 fructus.
3027 1231 3139 1285 Non
3174 1234 3314 1286 enim
3339 1249 3447 1286 ma-

1929 1319 2030 1370 lam
2065 1318 2116 1371 in
2144 1319 2296 1372 nobis
2324 1320 2566 1373 arborem
2623 1321 2761 1374 Deus
2812 1321 3070 1388 plantavit
3101 1336 3216 1387 qua:
3245 1321 3445 1376 fructus

1928 1405 2092 1460 malos
2113 1406 2389 1474 proferret,
2425 1408 2566 1462 sicut
2593 1419 2646 1462 et
2677 1410 2789 1478 ipse
2811 1410 2937 1464 dicit
2965 1424 3058 1478 per
3087 1411 3392 1479 prophetam
3427 1428 3442 1464 :

1932 1509 1950 1542 ο
1982 1493 2090 1561 Ego
2115 1503 2164 1547 te
2195 1495 2425 1563 plantavi
2453 1497 2611 1551 vitem
2635 1496 2959 1551 fructil'eram
2990 1509 3151 1550 totam
3183 1513 3446 1566 veracem,

1926 1581 2188 1646 quomodo
2204 1596 2454 1636 conversa
2477 1597 2534 1638 es
2551 1583 2603 1636 in
2624 1585 2970 1638 amaritudine
2985 1585 3107 1638 vitis
3129 1587 3309 1639 aliena:
3330 1587 3403 1639 ⁸θῖ
3423 1607 3441 1639 ι

1928 1667 2158 1722 Fructus
2191 1683 2316 1737 ergo
2352 1669 2518 1723 malos
2555 1672 2714 1725 etiam
2761 1672 2807 1726 si
2839 1670 3142 1737 aﬁ‘eramus,
3175 1689 3277 1726 non
3324 1685 3447 1728 sunt

275 1779 408 1816 rum
446 1777 577 1815 vero
623 1761 854 1816 fructum
888 1769 976 1830 qui
1028 1762 1237 1816 liberati
1274 1773 1397 1818 sunt
1441 1779 1470 1818 a
1497 1773 1736 1831 peccato,
1770 1773 1826 1817 et
1855 1749 1895 1801 Β
1922 1757 2090 1811 "02Wi
2111 1795 2126 1823 ο
2154 1759 2246 1812 sed
2276 1757 2455 1823 alieni:
2483 1758 2534 1812 id
2575 1768 2658 1813 εει
2686 1762 2886 1826 Ρθοεδιῖ
2913 1778 2928 1825 ;
2960 1760 3161 1814 [melus
3189 1775 3316 1815 Vero
3345 1754 3445 1816 ὺόο

274 1852 433 1906 servi
465 1851 596 1906 facti
630 1863 754 1906 sunt
782 1853 906 1916 Deo,
940 1853 1069 1906 dicit
1095 1866 1211 1908 esse
1237 1855 1288 1908 in
1330 1853 1822 1910 sanctiﬁcationem.

273 1941 567 1994 Bonorum
600 1942 744 1994 enim
775 1941 1103 2010 frequentius
1127 1957 1282 2009 quam
1305 1942 1558 1996 malorum
1587 1943 1824 1996 habenda

273 2031 556 2084 memoria
590 2039 693 2085 est.
720 2031 868 2096 Quod
905 2039 1082 2084 autem
1120 2032 1265 2099 prius
1299 2031 1365 2086 de
1393 2032 1545 2085 malis
1569 2030 1824 2086 fructibus

271 2131 328 2173 et
365 2119 485 2171 ﬁne
519 2134 732 2180 eorum,
762 2127 942 2185 postea
971 2133 1096 2171 vero
1122 2121 1186 2172 de
1219 2118 1480 2173 fructibus
1508 2120 1592 2188 qui
1629 2120 1679 2172 in
1703 2135 1825 2173 san-

271 2207 681 2260 ctiﬁcationem
708 2216 831 2260 sunt
858 2205 991 2276 (l8),
1017 2215 1070 2258 et
1099 2206 1162 2260 de
1202 2208 1304 2260 ﬁne
1341 2222 1519 2261 eorum
1544 2247 1559 2271 ,
1587 2223 1703 2276 quae
1746 2219 1827 2262 est

274 2296 394 2349 vita
439 2305 669 2360 aeterna,
714 2297 1048 2362 memoravit,
1082 2298 1200 2351 vide
1241 2297 1365 2365 quia
1407 2298 1577 2351 simile
1604 2308 1685 2351 est
1727 2299 1825 2351 hoc

279 2386 442 2439 dicto
469 2386 785 2453 prophetico
813 2385 888 2438 illi
929 2399 1031 2453 quo
1060 2387 1169 2454 ipse
1201 2389 1276 2440 ait
1305 2407 1318 2440 :
1351 2406 1369 2438 ι
1406 2388 1513 2457 Ego
1543 2388 1781 2442 occidam
1807 2427 1824 2452 ,

273 2465 333 2528 et
368 2491 478 2543 ego
529 2476 712 2529 vivere
759 2474 951 2528 faciam
985 2475 1066 2542 νος
1121 2495 1140 2528 ι
1172 2487 1226 2530 et
1261 2478 1451 2532 iterum
1499 2494 1514 2530 :
1565 2496 1583 2529 ε
1633 2478 1825 2532 Percu-

277 2566 422 2617 tiam
455 2604 470 2626 ,
505 2575 561 2616 et
605 2578 702 2631 ego
745 2565 981 2627 sanabo;
1017 2583 1036 2615 ι
1084 2574 1137 2617 et
1164 2578 1371 2618 rursum
1401 2565 1452 2618 in
1489 2564 1626 2619 Joh:
1659 2584 1677 2617 ι
1714 2566 1826 2633 Ipse

273 2651 476 2703 dolere
504 2650 651 2716 facit,
684 2659 737 2704 et
780 2651 1066 2704 remedium
1093 2654 1181 2706 dat
1208 2671 1222 2706 :
1253 2654 1501 2721 percutit,
1538 2663 1592 2708 et
1631 2669 1821 2709 manus

271 2740 398 2808 ejus
430 2750 594 2794 sanat
617 2740 680 2794 ιδ.
713 2758 730 2792 ι
755 2740 882 2806 Qua:
903 2741 1078 2794 omnia
1097 2741 1220 2796 illuc
1243 2742 1523 2810 aspiciunt,
1545 2745 1680 2811 quod
1701 2753 1825 2807 ante

271 2829 630 2882 moriendum
671 2840 755 2883 est
780 2845 899 2882 cum
931 2829 1163 2896 Christo,
1192 2839 1248 2884 et
1275 2833 1348 2884 ita
1388 2833 1765 2888 convivendum
1807 2854 1820 2887 :

271 2928 331 2973 et
364 2929 498 2970 ante
524 2917 982 2986 compatiendum,
1024 2927 1077 2972 et
1115 2918 1188 2972 ita
1230 2922 1680 2989 conregnandum.
1709 2921 1820 2976 Nisi

272 3009 434 3062 enim
482 3009 639 3076 prius
693 3022 790 3076 per
831 3008 1200 3076 paenitentiam
1248 3019 1468 3077 peccato
1515 3010 1820 3077 moriamur,
1848 3049 1890 3104 ο

270 3115 390 3153 non
433 3113 720 3167 possumus
751 3112 848 3164 per
866 3097 1126 3165 justitiam
1160 3098 1336 3151 vivere
1367 3097 1493 3152 Deo.
1515 3098 1617 3152 Sed
1641 3108 1695 3151 et
1721 3100 1820 3152 hoc

270 3190 427 3258 quod
461 3187 572 3257 (l9)
596 3187 840 3255 superius
873 3185 1100 3238 dixit“:
1141 3207 1158 3236 ι
1179 3184 1412 3239 Liberali
1441 3194 1613 3238 autem
1643 3200 1673 3239 a
1700 3201 1822 3254 pec-

269 3291 427 3338 cato,
461 3277 604 3330 servi
636 3276 762 3329 facti
803 3274 933 3328 estis
970 3273 1189 3343 jusﬁtim
1219 3291 1232 3326 :
1270 3292 1290 3324 ι
1325 3287 1464 3328 nunc
1497 3284 1672 3328 autem
1702 3291 1820 3328 cum

269 3366 542 3420 similiter
587 3363 785 3416 dixerit
813 3381 828 3416 :
864 3381 883 3413 ι
916 3359 1152 3415 Liberali
1185 3368 1357 3414 autem
1385 3376 1414 3412 a
1446 3372 1662 3428 peccato
1691 3363 1755 3426 ‘7,
1797 3382 1816 3414 ι

271 3472 388 3509 non
439 3453 696 3507 similiter
745 3451 915 3512 dixit,
949 3468 968 3501 ι
1007 3450 1147 3503 servi
1180 3449 1305 3503 facti
1338 3451 1468 3503 estis
1497 3450 1719 3520 justitia:
1743 3489 1759 3515 ,
1795 3469 1816 3503 ι

267 3545 402 3606 sed,
441 3561 462 3593 ι
502 3542 643 3595 servi
673 3539 798 3593 facti
840 3540 968 3594 estis
997 3538 1104 3592 Deo
1143 3553 1160 3591 :
1212 3558 1232 3590 ι
1269 3552 1373 3591 non
1399 3550 1481 3592 est
1508 3540 1676 3594 otiosa
1709 3540 1819 3594 dis-

269 3636 498 3687 tiuctio.
549 3628 652 3682 Per
701 3628 802 3681 hoc
845 3625 986 3679 enim
1033 3625 1362 3688 ostenditur,
1418 3627 1556 3694 quod
1611 3637 1816 3694 postea.

267 3737 444 3794 quam
483 3719 605 3787 quis
635 3716 890 3770 liberatus
919 3730 948 3767 a
975 3723 1194 3781 peccato
1223 3715 1399 3778 fuerit,
1431 3715 1635 3769 servire
1665 3715 1821 3769 debet

267 3812 460 3879 primo
479 3805 704 3874 justitiaa
733 3813 788 3858 et
816 3805 1060 3856 omnibus
1094 3801 1380 3855 virtutibus
1407 3802 1584 3867 simul,
1618 3813 1674 3855 ut
1700 3803 1821 3859 inde

265 3914 378 3968 per
419 3895 724 3964 profectum
758 3891 1010 3944 ascendat
1034 3891 1100 3943 ad
1131 3891 1256 3953 hoc,
1286 3900 1343 3942 ut
1367 3905 1552 3944 servus
1582 3890 1817 3956 ﬁatDeo,

267 3986 534 4056 quamvis
563 3991 616 4036 et
645 3982 850 4034 servire
891 3980 1130 4048 iustitiae,
1168 3979 1367 4033 servire
1388 3981 1458 4032 sit
1488 3979 1618 4034 Deo.
1666 3979 1820 4035 Chri-

272 4086 404 4130 stus
445 4081 530 4124 est
561 4070 706 4124 enim
749 4067 956 4136 justitia
980 4102 997 4130 ,
1025 4077 1078 4120 et
1107 4067 1307 4120 servire
1332 4065 1546 4121 Christo
1570 4105 1586 4130 ,
1618 4068 1819 4121 servire

268 4169 390 4220 Deo
442 4173 548 4216 est.
602 4161 697 4213 Est
754 4169 930 4212 tamen
979 4161 1111 4211 ordo
1164 4159 1533 4227 profectuum,
1583 4170 1639 4216 et
1695 4171 1820 4214 sunt

265 4255 443 4326 575
487 4255 542 4307 in
580 4250 866 4304 virtutibus
903 4250 1096 4318 gradus
1121 4247 1264 4318 (20):
1293 4258 1348 4304 et
1377 4250 1580 4304 idcirco
1615 4250 1816 4304 dicitur

1926 1863 2019 1902 nos
2052 1849 2095 1902 si
2136 1847 2416 1903 aﬁ‘eramus
2462 1850 2518 1904 in
2560 1851 3059 1916 sanctiﬁcationem,
3101 1852 3266 1908 uestri
3317 1863 3446 1907 sunt

1926 1937 2143 1990 fructus.
2173 1935 2306 1991 Istos
2336 1937 2475 1991 enim
2497 1936 2702 1993 fructus
2733 1949 2790 1992 ut
2824 1938 3040 1995 afferret
3083 1940 3312 2003 humana
3344 1957 3442 1996 na-

1924 2036 2040 2079 tura
2081 2039 2112 2079 a
2137 2025 2413 2080 conditore
2442 2040 2540 2080 suo
2568 2029 2817 2096 suscepit.
2867 2028 3003 2084 Nam
3041 2030 3116 2083 illi
3147 2031 3306 2085 alieni
3338 2045 3444 2085 non

1923 2125 2045 2167 sunt
2072 2116 2122 2168 in
2156 2117 2309 2170 nobis
2336 2114 2584 2170 seminati
2618 2132 2648 2170 a
2676 2118 2782 2171 Deo
2809 2116 2942 2188 (2|).
2975 2116 3066 2172 Vis
3094 2129 3270 2171 autem
3303 2120 3442 2174 scire

1923 2201 2044 2269 quia
2075 2203 2324 2257 Dominus
2339 2219 2442 2258 non
2462 2205 2692 2259 seminat
2721 2205 2884 2260 malos
2906 2205 3143 2261 fructus?
3175 2208 3297 2261 audi
3323 2223 3443 2262 eum

1925 2292 1974 2343 in
2005 2290 2290 2360 Evangelio
2317 2293 2574 2348 dicentem
2605 2309 2618 2345 :
2652 2311 2671 2345 ς
2708 2293 2892 2348 Nonne
2923 2293 3119 2348 bonum
3153 2310 3333 2350 semen
3361 2310 3444 2350 se-

1925 2382 2236 2434 minavimus
2262 2383 2314 2435 in
2340 2383 2502 2451 agro?
2537 2381 2689 2437 Unde
2733 2396 2858 2452 ergo
2909 2384 3065 2438 habet
3108 2385 3347 2440 zizania?
3377 2387 3444 2442 Et

1927 2467 2250 2534 respondens
2275 2469 2408 2522 dixit
2431 2467 2575 2538 (22):
2599 2467 2851 2524 Inimicus
2883 2469 3040 2526 homo
3067 2472 3170 2527 hoc
3195 2474 3321 2529 fecit
3341 2475 3437 2529 ³ο.»

1924 2550 1988 2602 Et
2010 2551 2182 2607 adhuc
2213 2553 2294 2607 vis
2324 2555 2550 2622 amplius
2580 2554 2786 2610 discere
2829 2558 2952 2625 quia
2994 2559 3081 2612 isti
3105 2562 3286 2619 carnis
3324 2561 3440 2616 fru-

1923 2653 2038 2694 ctus
2063 2655 2164 2696 non
2198 2651 2322 2697 sunt
2351 2645 2540 2708 nostri,
2575 2647 2668 2700 sed
2708 2645 2863 2700 alieni
2889 2647 2912 2701 ΐ
2940 2645 3056 2717 Ipse
3094 2651 3283 2705 iterum
3327 2651 3440 2725 (23)

1924 2731 2176 2787 Dominus
2204 2735 2256 2787 in
2283 2734 2565 2804 Evangelio
2599 2737 2760 2795 dicit:
2789 2759 2808 2792 ι
2837 2740 2894 2796 Si
2935 2741 2989 2796 in
3029 2742 3204 2797 alieno
3255 2745 3440 2802 ﬁdeles

1924 2836 2024 2875 non
2054 2822 2248 2886 fuistis,
2282 2825 2422 2892 quod
2459 2835 2696 2881 vestrum
2726 2839 2806 2884 est
2831 2830 2950 2898 quis
2976 2832 3125 2886 dabit
3155 2833 3302 2889 vobis
3324 2834 3364 2866 ³⁸
3384 2836 3435 2890 ἳι

1923 2909 2012 2964 Sic
2043 2927 2170 2982 ergo
2199 2914 2470 2981 profundae
2515 2917 2739 2974 rationis
2789 2921 3041 2990 mysterio
3064 2923 3116 2976 in
3148 2924 3286 2980 malo
3313 2929 3437 2994 qui-

1924 3001 2038 3052 dem
2066 3000 2239 3054 fructu
2265 3003 2546 3070 Apostolus
2581 3019 2684 3059 non
2731 3007 2933 3062 addidit
2962 3025 2982 3060 ι
3009 3019 3284 3076 vestrum;
3317 3031 3338 3066 ι
3372 3015 3438 3069 de

1922 3087 2057 3140 bono
2090 3098 2266 3142 autem
2291 3090 2461 3146 dicit:
2503 3108 2523 3142 ι
2558 3092 2775 3149 Habetis
2815 3095 3050 3151 fructum
3091 3108 3323 3154 vestrum
3377 3104 3433 3157 in

1919 3175 2411 3232 sanctiﬁcationem.
2447 3197 2466 3230 ι
2505 3179 2658 3245 Quod
2695 3190 2871 3237 autem
2911 3185 3252 3252 perfectiores
3297 3190 3440 3246 dicat

1922 3262 2018 3315 hos
2045 3263 2157 3332 (24)
2186 3278 2319 3332 quos
2341 3266 2543 3320 servire
2571 3266 2676 3320 Deo
2705 3268 2959 3333 nominat,
2981 3284 3137 3339 quam
3165 3272 3284 3327 illos
3303 3289 3439 3341 quos

1918 3353 2089 3420 primo
2116 3355 2316 3408 servire
2345 3353 2568 3422 justitiae
2600 3358 2830 3423 dixerat,
2864 3360 3024 3414 etiam
3058 3376 3123 3415 ex
3161 3361 3262 3417 hoc
3309 3377 3422 3432 pro-

1918 3442 2090 3507 batur,
2125 3445 2265 3512 quod
2300 3445 2484 3499 horum
2513 3445 2742 3502 fructum
2770 3449 2823 3503 in
2855 3449 3328 3506 sanctiﬁcationem
3345 3467 3439 3522 po-
3476 3524 3478 3527 τ

1917 3531 2023 3584 suit
2051 3547 2068 3597 ;
2102 3533 2191 3600 qui
2241 3533 2460 3605 intelligi
2491 3547 2712 3603 possunt
2744 3537 2800 3591 hi
2827 3553 2945 3594 esse
2974 3540 3064 3610 qui
3100 3555 3158 3596 se
3193 3543 3429 3596 castitati

1916 3630 1971 3674 et
2000 3620 2342 3676 continentiae
2369 3621 2732 3690 devoverunt;
2772 3624 2846 3680 illi
2877 3637 3052 3681 autem
3078 3642 3213 3697 quos
3249 3644 3436 3684 servos

1918 3709 2050 3763 dixit
2094 3723 2213 3766 esse
2251 3710 2495 3779 justitia,
2539 3723 2762 3780 possunt
2784 3715 2944 3770 etiam
2979 3718 3032 3771 hi
3061 3718 3227 3774 videri
3261 3721 3349 3788 qui
3380 3722 3432 3775 in

1919 3799 2179 3868 conjugiis
2206 3800 2388 3867 positi,
2411 3799 2633 3867 justitia:
2661 3813 2835 3857 tamen
2858 3815 2912 3858 et
2939 3807 3185 3862 omnibus
3217 3809 3431 3863 virtuti-

1915 3887 2013 3943 bus
2040 3903 2252 3958 Operam
2280 3891 2535 3959 praebent.
2564 3891 2639 3945 De
2662 3891 2771 3945 vita
2807 3903 2982 3947 autem
3013 3903 3210 3949 aeterna
3243 3873 3433 3966 quain-

1914 3979 1996 4034 vis
2026 3988 2079 4034 et
2107 3981 2160 4033 in
2189 3969 2308 4034 aliis
2332 3979 2463 4036 locis
2485 3994 2625 4049 sape
2657 3995 2687 4033 a
2719 3982 2876 4037 nobis
2904 3982 3101 4038 dictum
3135 3985 3230 4049 sit,
3253 3996 3430 4040 tamen

1913 4067 2044 4121 etin
2073 4069 2316 4138 praesenti
2362 4070 2595 4125 breviter
2637 4070 3099 4139 perstringendum
3142 4082 3245 4136 est,
3288 4076 3430 4144 quod

1914 4158 2182 4210 aeternitas
2214 4158 2266 4211 in
2297 4158 2588 4227 Scripturis
2609 4157 2892 4225 aliquando
2918 4175 3014 4229 pro
3038 4175 3102 4214 eo
3124 4174 3350 4230 ponatur
3377 4173 3435 4217 ut

1912 4245 2067 4300 linem
2109 4245 2344 4310 nesciat,
2373 4246 2653 4315 aliquando
2691 4261 2817 4301 vero
2843 4258 2902 4301 ut
2929 4249 2983 4302 in
3024 4251 3268 4318 prasenti
3313 4253 3433 4321 qui-

263 4350 533 4402 Christus
557 4356 799 4412 regnare,
829 4343 1067 4411 profecto
1099 4342 1387 4394 secundum
1412 4341 1511 4395 hoc
1539 4342 1678 4411 quod
1722 4343 1814 4412 ju-
1846 4357 1890 4411 ι)
1915 4335 2034 4388 dem
2059 4335 2250 4390 $390010
2271 4335 2427 4388 ﬁnem
2454 4351 2558 4390 non
2599 4336 2814 4402 habeat,
2841 4338 3034 4393 habeat
3061 4349 3236 4394 tamen
3266 4341 3319 4394 in
3351 4340 3433 4395 fu-

267 4441 426 4499 stitia
444 4437 726 4500 est,donec
762 4431 814 4485 in
847 4446 1164 4500 unoquoque
1187 4432 1515 4500 compleatur
1545 4432 1814 4500 plenitudo

265 4527 582 4586 virtutum,
637 4522 724 4574 ubi
771 4535 898 4573 vero
962 4534 1203 4572 mensura
1255 4519 1415 4574 fuerit
1470 4519 1814 4587 perfectionis

264 4621 529 4690 expleta,
563 4608 695 4670 tunc
725 4615 924 4668 dicitur
957 4611 1166 4665 tradere
1191 4627 1210 4659 ι
1248 4625 1464 4677 regnum
1505 4609 1612 4660 Deo
1635 4617 1688 4660 et
1710 4607 1812 4660 Pa-

268 4711 375 4773 tri,
409 4728 429 4760 ι
478 4717 536 4761 ut
555 4708 668 4776 jam
697 4707 764 4759 sit
803 4721 822 4753 ς
861 4702 995 4755 Deus
1019 4700 1196 4753 omnia
1226 4698 1276 4750 in
1305 4697 1549 4750 omnibus
1575 4695 1638 4748 ⁸⁸.
1664 4715 1682 4748 ι
1710 4696 1811 4749 Sed

264 4807 332 4852 et
372 4795 508 4849 illud
537 4793 712 4846 adhuc
759 4787 1150 4843 observandum
1185 4792 1310 4852 puto
1341 4782 1610 4852 (quoniam
1650 4782 1813 4834 colla-

1917 4435 2056 4481 turo.
2103 4425 2401 4494 Aliquando
2447 4429 2700 4494 temporis
2729 4427 2973 4494 alicujus,
3010 4427 3095 4482 vel
3122 4429 3284 4484 etiam
3311 4431 3433 4486 vita:

1915 4516 2068 4570 unius
2097 4515 2327 4569 hominis
2353 4517 2581 4585 spatium
2613 4517 2887 4570 aeternitas
2915 4517 3237 4584 appellatur,
3268 4531 3326 4573 ut
3352 4532 3434 4575 est

1913 4606 2039 4659 illud
2068 4607 2120 4659 in
2152 4603 2268 4674 lege
2301 4606 2556 4675 scriptum
2587 4607 2652 4660 de
2680 4621 2836 4661 servo
2877 4607 3093 4662 Hebraeo
3112 4610 3192 4658 ἰι
3225 4625 3242 4659 α
3274 4608 3331 4664 Si
3356 4611 3434 4663 di-

1911 4679 2118 4756 lexerit,
2148 4711 2168 4743 ι
2200 4694 2389 4760 inquit,
2428 4712 2448 4745 ι
2483 4707 2702 4748 uxorem
2729 4708 2903 4760 suam,
2933 4703 2988 4748 et
3018 4695 3158 4750 ﬁlios
3193 4711 3343 4762 suos,
3379 4708 3434 4750 et

1912 4798 2222 4852 permanere
2258 4783 2486 4838 voluerit
2521 4784 2574 4836 in
2607 4784 2862 4838 servitute
2888 4795 3102 4852 propter
3127 4783 3272 4852 ipsos
3294 4784 3431 4854 (25),

351 4891 396 4922 “
417 4887 622 4944 Ezech.
653 4899 806 4947 xvut,
828 4883 882 4934 4.
950 4880 994 4912 ⁸⁸
1017 4881 1164 4933 Deut.
1191 4890 1363 4947 xxxii,
1383 4873 1499 4947 59._
1543 4874 1584 4906 ¹⁵
1608 4872 1706 4929 Job
1727 4875 1881 4947 v,_l8.
1955 4876 2176 4947 “_Rom.
2204 4891 2275 4939 vt,
2301 4876 2386 4947 l8.
2443 4876 2498 4947 f'
2525 4875 2650 4929 ibid.
2682 4874 2771 4929 22.
2846 4875 2930 4928 "l
2961 4873 3084 4928 Cor.
3113 4889 3198 4938 xv,
3234 4874 3431 4939 24,28.

265 4960 321 4994 ⁸⁸
353 4958 558 5014 Jerem.
578 4969 640 5020 ιι,
669 4954 758 5006 2i.

342 5051 458 5121 (l6)
487 5048 651 5108 Editi,
683 5063 702 5096 ι
729 5045 880 5097 dicit.
916 5062 943 5121 i_
964 5041 1027 5094 Et
1047 5038 1377 5121 pau_l_o_post,
1410 5049 1429 5080 ‹
1449 5031 1797 5121 ιιιροξιῃιιὲφ

263 5104 406 5188 (υἷε.
438 5104 609 5188 'unus,
698 5122 754 5188 ut
791 5122 907 5188 post
923 5104 1098 5188 .hocfo
1134 5104 1404 5188 Babanus,
1447 5119 1468 5154 ι
1504 5112 1562 5153 ιιι
1585 5104 1807 5168 Aposto-

262 5179 365 5243 lus
389 5191 508 5240 haec
572 5185 592 5252 )
623 5184 822 5235 dixisse
853 5179 1111 5238 videatur,
1147 5193 1166 5225 ι
1197 5183 1316 5252 etc..
1382 5251 1385 5252 ν
1412 5236 1444 5252 7_

351 5238 467 5324 (1⁷7)
500 5238 662 5324 Ed'iti,
693 5261 1041 5324 perperam”
1075 5259 1176 5324 non
1209 5238 1588 5324 erubescimus.
1621 5253 1640 5285 ι

351 5311 468 5396 (ιβ)
495 5311 664 5396 él_ias,
694 5311 723 5367 ἰ
761 5311 1422 5396 insanctiﬁcatione-sunt:
1453 5321 1472 5353 ι

359 5375 465 5450 ῑωδ
493 5375 661 5448 Ειιίιίξ
694 5401 714 5433 ι
750 5384 872 5450 quia
901 5380 1138 5450 superius
1159 5375 1370 5450 dixerit.
1403 5390 1423 5450 ι

351 5417 470 5529 se,
493 5417 716 5529 3:52,;
741 5417 1526 5529 et};.rctsigzatagjggau.;
1551 5437 1684 5502 ,ειη
1705 5455 1724 5487 .
1748 5449 1802 5490 ει

263 5511 409 5585 sunt
446 5511 794 5593 profectibus.
818 5527 871 5569 et
910 5513 1187 5593 virtutibus
1220 5511 1546 5593 gra-dgu‘slru

351 5572 712 5663 ἷέιῖὲᾱῖίίζι
754 5584 881 5636 Nam
915 5581 984 5633 illi
1013 5580 1171 5633 alieni
1203 5572 1324 5635 s'um
1347 5576 1401 5629 in
1428 5572 1578 5627 nobis
1595 5587 1697 5628 non
1715 5587 1799 5628 se-

516 5685 789 5743 PATROL.
835 5674 941 5732 Gn.
988 5670 1157 5732 XIV.

829 4952 873 4982 ³⁸⁵
894 4948 1080 5002 Matth.
1105 4960 1219 5008 xm,
1244 4943 1332 4996 27.
1405 4944 1447 4974 “
1477 4941 1608 4996 Luc.
1633 4956 1738 5004 xvr,
1769 4943 1852 4996 l2.
1925 4947 1970 4976 ¹²
1998 4945 2164 5001 Exod.
2201 4961 2313 5010 xxi,
2350 4945 2404 5008 5,
2432 4943 2485 4998 6.

1907 5039 2087 5092 minati
2108 5054 2136 5091 a
2163 5037 2289 5090 Deo.
2314 5056 2334 5088 ι
2363 5035 2459 5090 Ms.
2489 5051 2642 5098 unus,
2678 5052 2696 5085 ι
2724 5033 2854 5086 Nam
2877 5031 2952 5086 illi
2978 5040 3102 5102 sunt
3125 5031 3287 5102 alieni
3313 5031 3436 5102 [al..

1912 5123 1931 5155 ι
1955 5106 2168 5160 alienati
2191 5104 2376 5174 sumi]
2396 5118 2499 5157 non
2520 5115 2642 5156 sunt
2670 5103 2722 5174 in
2753 5101 2902 5154 nobis
2921 5099 3172 5174 _s_eminati
3192 5113 3222 5149 a
3249 5099 3376 5153 Deo.
3412 5119 3432 5150 ι

1974 5175 2085 5244 (22)
2141 5174 2300 5244 Editi,
2343 5169 2442 5225 (et
2480 5171 2854 5244 respondentes
2902 5169 3182 5222 dixerunt:
3227 5183 3250 5215 ι
3307 5182 3439 5221 mss.

1902 5238 2143 5312 quidam,
2172 5261 2199 5312 _¢_
2231 5240 2291 5312 _Et
2321 5238 2640 5312 respondit.»

1973 5310 2083 5375 (23)
2111 5309 2269 5371 Editi,
2297 5324 2315 5356 ι
2333 5306 2456 5373 .ipse
2485 5306 2664 5375 etiam.
2693 5323 2712 5355 ι

1977 5371 2085 5447 (24)
2116 5377 2242 5447 Mss.
2267 5371 2581 5447 pler—iquetr
2614 5373 2752 5447 dicat
2781 5371 2889 5424 hic.
2919 5387 2938 5418 ι
3066 5443 3078 5447 _

2107 5445 2195 5498 Sic
2214 5432 2313 5494 m's.
2332 5432 2487 5498 unus.
2507 5432 2701 5494 Caeteri
2721 5453 2848 5494 vero
2869 5451 3003 5492 mss.
3028 5443 3087 5488 et
3101 5432 3262 5498 editi,
3282 5448 3306 5482 ι
3329 5447 3459 5501 pro-

1909 5527 2023 5582 pter
2047 5516 2231 5582 ipsam.
2256 5529 2276 5560 ι

3054 5649 3134 5710 3B

3853 783 3855 808 |

3853 1051 3855 1092 Α

3854 1193 3855 1216 l

3854 1225 3855 1246 ι
