3894 6224
397 283 527 338 ί(67

1788 263 2095 319 ORICENIS

3519 242 3644 298 1068

393 395 601 456 subula,
632 393 817 459 inquit,
850 386 1133 457 pertundes
1163 398 1344 437 aurem
1393 382 1506 450 ejus
1559 381 1608 434 in
1639 389 1810 449 poste,
1862 390 1915 433 et
1944 386 1989 438 Α
2015 378 2081 430 de
2108 389 2210 444 qua
2260 373 2517 440 scriptum
2567 379 2677 433 est,
2728 369 2868 438 quia
2941 381 2966 414 ε
3012 361 3248 423 anima,
3282 372 3410 428 quae
3449 369 3650 426 peccat,

394 487 496 540 erit
526 484 614 536 tibi
663 492 845 533 servus
893 477 945 529 in
980 483 1256 527 :eternum.
1286 489 1304 523 ι
1344 471 1618 526 Eternnm
1668 471 1751 523 hic
1797 471 1911 523 sine

395 555 553 628 dubio
581 581 784 636 tempus
807 567 926 618 vitae
951 563 1183 617 hominis
1203 563 1396 631 posuit.
1425 561 1488 614 Et
1520 562 1706 613 iterum
1739 560 1790 612 in
1814 559 1913 611 Ec-

393 662 638 717 clesiaste
661 655 967 711 dicitur":
1004 672 1021 704 ‹
1055 653 1339 708 Gcneratio
1363 651 1524 714 vadit,
1556 660 1609 702 et
1640 648 1912 718 generatio

391 750 556 812 venit,
595 757 732 801 terra
761 754 936 797 autem
966 742 1017 795 in
1057 749 1316 794 aeternum
1347 749 1451 792 stat
1493 755 1507 791 :
1562 758 1579 788 ›
1603 740 1717 793 hic:
1756 746 1911 790 acter-

394 856 515 895 num
547 857 567 891 ι
597 835 879 908 ρηθεθυιῖε
906 831 1084 887 saeculi
1116 840 1323 898 tempus
1358 830 1608 883 ostendit.
1658 829 1756 882 Ubi
1787 841 1914 880 vero

394 932 523 987 dicit
559 946 579 980 Ι
622 928 787 981 vitam
839 934 1113 984 aeternam,
1151 941 1170 973 ι
1201 922 1265 973 ad
1299 921 1424 973 illud
1450 919 1807 988 aSpiciendnm
1835 926 1915 969 est

395 1020 533 1090 quod
578 1020 692 1086 ipse
737 1015 986 1068 Salvator
1017 1011 1191 1065 dixit:
1232 1027 1251 1061 ι
1288 1008 1409 1061 Πειεθ
1454 1016 1535 1060 θει
1587 1016 1760 1058 autem
1811 1005 1915 1056 vita

393 1120 613 1172 aeterna,
653 1114 713 1160 ut
757 1109 1084 1172 cognoscant
1115 1111 1166 1154 te
1193 1097 1366 1152 solum
1400 1111 1581 1149 verum
1635 1095 1818 1155 Deum,
1864 1102 1918 1147 et

393 1212 553 1267 quem
574 1193 763 1249 misisti
791 1191 968 1246 Jesum
992 1188 1256 1243 Christum
1280 1187 1326 1217 ’δ
1348 1201 1369 1249 τη
1389 1204 1406 1236 ι
1435 1193 1486 1237 θι
1508 1183 1697 1235 iterum
1721 1195 1737 1234 :
1771 1199 1788 1231 ι
1809 1180 1916 1248 Ego

393 1304 509 1344 sum
545 1288 653 1352 via,
691 1294 742 1338 et
770 1283 971 1336 veritas
1018 1290 1072 1334 et
1099 1280 1205 1332 vita
1235 1279 1299 1330 ’⁸.
1333 1295 1350 1327 ι
1394 1275 1457 1327 Et
1486 1274 1598 1341 ipse
1635 1272 1918 1339 Apostolus

394 1381 446 1435 in
485 1380 605 1433 aliis
632 1377 779 1439 dicit,
820 1373 945 1442 quia
984 1388 1003 1422 ‹
1038 1371 1312 1439 rapiemur
1357 1368 1408 1419 in
1451 1365 1679 1417 nubibus
1707 1362 1917 1415 obviam

392 1470 607 1528 Christo
628 1468 678 1521 in
695 1480 841 1531 aera,
855 1472 907 1518 et
923 1463 993 1516 ita
1008 1475 1215 1527 semper
1230 1472 1347 1511 eum
1370 1455 1588 1509 Domino
1600 1453 1799 1506 erimus
1814 1452 1877 1503 '°.
1892 1469 1912 1502 ι

396 1561 546 1613 Sicut
571 1570 696 1624 ergo
724 1565 935 1619 semper
957 1563 1075 1603 cum
1111 1547 1332 1600 Domino
1353 1544 1492 1606 esse,
1514 1542 1671 1594 ﬁnem
1703 1555 1806 1594 non
1832 1540 1919 1592 ha-

397 1647 507 1709 bet,
531 1645 605 1698 ita
633 1650 687 1697 et
710 1641 818 1695 vita
842 1646 1041 1693 aeterna
1068 1635 1266 1689 nullum
1293 1634 1449 1686 tinem
1475 1631 1673 1684 habere
1693 1630 1917 1682 creden-

395 1737 464 1790 da
497 1743 597 1788 est.

444 1825 520 1878 νϐ.
568 1841 586 1873 ί
620 1819 892 1890 Stipendia
928 1817 1068 1871 enim
1098 1812 1300 1882 peccati
1332 1824 1513 1864 mors:
1549 1808 1718 1878 gratia
1745 1816 1921 1861 autem

402 1916 514 1979 Dei,
545 1913 650 1965 vita
677 1919 896 1973 aeterna,
916 1907 967 1960 in
990 1904 1203 1961 Christo
1230 1900 1353 1955 ἔθευ
1375 1901 1596 1954 Domino
1616 1909 1796 1953 nostro
1822 1898 1917 1950 ³⁷.»

401 2003 588 2058 Simile
629 2009 732 2062 est,
783 1999 886 2052 hoc
930 1996 1069 2065 quod
1112 1993 1267 2054 dixit,
1326 2010 1345 2042 ι
1409 1991 1681 2058 Stipendia
1719 1988 1922 2056 peccati

399 2108 563 2155 mors,
599 2109 617 2141 ι
661 2089 733 2142 illi
778 2086 917 2155 quod
945 2083 1190 2151 superius
1217 2083 1448 2141 dixerat,
1490 2098 1508 2130 ι
1556 2079 1703 2132 Finis
1750 2087 1923 2130 autem

398 2184 609 2237 illorum
644 2191 787 2233 mors
814 2176 883 2229 ".
920 2192 939 2226 ι
970 2174 1204 2239 Quorum
1231 2170 1443 2223 autem?
1472 2169 1678 2223 Illorum
1700 2169 1813 2222 sine
1839 2168 1927 2221 du-

396 2274 486 2330 bio
519 2290 538 2323 ‹
576 2286 673 2340 pro
712 2267 906 2337 quibus
930 2278 1072 2318 nunc
1118 2260 1449 2320 erubescitis,
1482 2278 1501 2310 ι
1550 2272 1768 2326 quorum
1817 2256 1929 2309 fru-

399 2373 518 2419 ctus
542 2376 639 2416 nec
666 2357 940 2413 nominare
969 2353 1179 2423 quidem
1209 2351 1432 2403 aestimat
1454 2348 1667 2416 dignum
1699 2345 1831 2418 (26).
1863 2347 1928 2399 Et

400 2455 618 2508 iterum:
656 2468 672 2500 ι
708 2447 885 2502 Gratia
914 2456 1092 2498 autem
1133 2441 1246 2503 Dei,
1269 2440 1378 2491 vita
1398 2448 1616 2501 :ctcrna,
1642 2439 1693 2490 in
1717 2437 1928 2491 Christo

398 2540 523 2596 ἔθευ
553 2537 778 2592 Domino
804 2543 1008 2599 nostro,
1047 2550 1065 2582 ι
1114 2530 1287 2585 simile
1331 2537 1414 2583 est
1454 2526 1526 2580 illi
1577 2527 1716 2594 quod
1757 2525 1924 2579 dixit:

407 2649 426 2682 ι
460 2627 675 2682 Habetis
704 2625 934 2679 fructum
956 2628 1194 2674 vestrum
1243 2619 1296 2672 in
1334 2614 1827 2677 sanctiﬁcationem,
1864 2614 1927 2667 li-

402 2733 524 2774 nem
551 2730 679 2770 vero
707 2714 872 2766 vitam
903 2719 1160 2764 aeternam
1192 2708 1260 2761 ".
1301 2726 1319 2759 ι
1354 2707 1495 2760 Bene
1531 2714 1709 2757 autem
1755 2713 1928 2758 meta-

405 2810 651 2879 phoram,
702 2805 753 2859 id
777 2812 861 2857 est
887 2801 1113 2871 ﬁguram
1162 2798 1364 2852 militiae
1396 2811 1461 2849 ex
1488 2795 1641 2848 initio
1684 2794 1928 2862 proposi-

408 2910 515 2954 tam
548 2904 744 2959 servat,
777 2903 834 2947 ut
858 2890 1218 2945 militantibus
1242 2889 1351 2955 ⁸ευι)
1378 2894 1598 2957 peccato
1641 2898 1769 2953 rege
1794 2883 1928 2954 (27),

2012 467 2126 534 ipsa
2159 465 2416 518 morietur
2437 463 2502 513 ³¹.
2529 479 2548 513 ι
2587 459 2659 513 Et
2690 455 2973 527 quamvis
3001 453 3082 506 de
3108 450 3449 505 diversitate
3475 450 3652 503 mortis

2019 572 2047 609 a
2073 556 2226 609 nobis
2258 569 2395 622 sa’pe
2414 552 2521 618 jam
2555 551 2772 604 dictum
2807 548 2909 609 sit,
2974 554 3181 597 tamen
3235 539 3375 609 quia
3424 553 3653 608 praesens

2015 646 2298 699 admonuit
2348 643 2535 704 locus,
2583 638 2839 706 apertius
2875 634 3097 688 eadem
3158 639 3460 697 repetere,
3508 636 3563 680 et
3605 629 3655 680 in

2014 753 2174 789 unum
2213 749 2332 803 qua:
2362 731 2598 800 sparsim
2631 737 2769 782 sunt
2799 728 2965 780 dicta
3009 721 3306 792 colligere
3353 732 3538 788 neque
3565 720 3659 771 mi-

2013 829 2066 880 hi
2094 831 2300 895 pigrum
2335 824 2426 888 sit,
2455 835 2635 889 neque
2665 818 3013 888 legentibus
3046 825 3404 867 onerosum.
3432 808 3576 861 Mors
3609 809 3659 861 in

2014 912 2312 979 Scripturis
2338 924 2502 962 unum
2547 908 2775 975 quidem
2830 917 3055 957 nomen
3096 908 3217 964 est,
3262 898 3364 954 sed
3397 897 3567 953 multa
3596 899 3663 952 si-

2016 1006 2255 1074 gniﬁcat.
2290 994 2501 1056 Etenim
2537 998 2828 1068 separatio
2861 994 3150 1063 corporis
3186 993 3262 1045 ab
3295 992 3487 1044 anima
3528 1005 3665 1043 mors

2016 1096 2346 1149 nominatur.
2380 1089 2488 1145 Sed
2522 1091 2642 1145 haec
2672 1101 2861 1156 neque
2894 1085 3060 1139 mala
3104 1081 3261 1153 (50),
3300 1095 3486 1151 neque
3528 1081 3662 1135 bona

2015 1183 2120 1237 dici
2144 1189 2321 1250 potest
2350 1200 2364 1235 :
2401 1189 2485 1234 est
2511 1180 2660 1234 enim
2684 1179 3057 1243 media,qua2
3076 1174 3307 1227 dicitur
3329 1170 3663 1225 indiﬂ'erens.
3741 1187 3749 1201 ι

2018 1272 2081 1324 Et
2107 1287 2296 1324 rursus
2329 1270 2603 1339 separatio
2638 1270 2846 1322 animm
2883 1282 2912 1319 a
2960 1267 3094 1319 Deo
3142 1278 3309 1315 mors
3343 1260 3664 1330 appellatur,

2017 1378 2133 1428 qua:
2159 1378 2256 1430 per
2287 1370 2569 1430 peccatum
2605 1360 2779 1413 venit.
2818 1358 2959 1412 Haec
2988 1364 3208 1424 aperte
3235 1353 3389 1408 mala
3411 1361 3517 1415 est,
3556 1367 3666 1420 quae

2017 1462 2071 1506 et
2097 1452 2298 1520 peccati
2335 1451 2670 1518 stipendium
2720 1447 3077 1502 nominatur
3116 1445 3194 1497 δ’.
3236 1443 3403 1497 Hanc
3444 1452 3665 1496 mortem

2018 1543 2158 1597 Deus
2187 1556 2294 1594 non
2324 1540 2476 1603 fecit,
2511 1552 2694 1606 neque
2742 1538 2983 1591 laetatur
3032 1534 3095 1587 in
3153 1531 3486 1601 perditione
3527 1532 3667 1583 vivo-

2019 1647 2136 1685 rum
2152 1645 2167 1683 :
2182 1630 2274 1685 sed
2292 1628 2497 1683 invidia
2517 1628 2728 1682 diaboli
2747 1641 2911 1681 mors
2934 1626 3076 1679 haec
3096 1621 3376 1676 introivit
3393 1620 3508 1689 (5i)
3523 1620 3668 1675 inor-

2021 1722 2139 1775 bem
2178 1732 2469 1775 terrarum.
2501 1718 2572 1771 Et
2603 1720 2807 1770 iterum
2836 1718 2965 1782 ipse
3005 1722 3231 1767 auctor
3270 1710 3477 1764 mortis
3506 1709 3658 1773 huius

2022 1810 2261 1864 diabolus
2290 1824 2438 1863 mors
2460 1808 2789 1877 appellatur,
2827 1814 2887 1859 et
2914 1806 3056 1873 ipse
3099 1811 3197 1858 est
3228 1800 3329 1869 qui
3355 1799 3563 1852 dicitur
3579 1797 3672 1851 ini-

2021 1899 2192 1952 micus
2215 1898 2419 1952 Christi
2446 1896 2788 1950 novissimus
2813 1891 3240 1948 destruendus
3264 1889 3338 1943 ⁸³.
3375 1886 3485 1942 Sed
3521 1898 3576 1941 et
3597 1889 3670 1939 in-

2023 1988 2162 2042 ferni
2195 1987 2345 2041 locus
2384 1988 2436 2040 in
2470 2002 2582 2055 quo
2632 1985 2840 2038 anima:
2897 1984 3354 2037 detinebantur
3402 1994 3432 2032 a
3485 1986 3667 2044 morte,

2022 2082 2182 2134 etiam
2215 2080 2326 2146 ipse
2350 2092 2498 2130 mors
2520 2076 2857 2145 appellatur.
2889 2075 3142 2128 Dicitur
3169 2087 3317 2127 vero
3338 2081 3397 2127 et
3423 2071 3515 2125 illa
3540 2085 3671 2123 mors

2023 2169 2133 2238 (52)
2162 2167 2447 2221 laudabilis
2474 2181 2578 2234 qua
2602 2174 2839 2233 peccato
2873 2165 3022 2232 quis
3063 2165 3355 2227 moritur,
3381 2171 3441 2217 et
3462 2161 3670 2215 Christo

2023 2258 2401 2325 consepelitur,
2438 2270 2538 2323 per
2562 2269 2728 2323 quam
2752 2255 3112 2308 emendatio
3144 2253 3215 2308 fit
3248 2253 3458 2307 animae
3487 2261 3542 2307 et
3567 2254 3667 2305 vita

2025 2358 2224 2399 aeterna
2257 2344 2628 2411 conquiritur.
2658 2340 2802 2395 Cum
2838 2355 2991 2412 ergo
3045 2352 3221 2395 tanta
3274 2340 3585 2395 differentia
3621 2340 3669 2391 in

2027 2436 2124 2489 hoc
2151 2448 2257 2488 uno
2286 2433 2505 2487 nomine
2537 2432 2737 2485 mortis
2780 2432 3122 2498 habeatur,
3153 2433 3205 2487 si
3264 2432 3474 2487 audias
3516 2432 3666 2484 Deum

2026 2525 2308 2587 dicentem,
2345 2541 2362 2572 ι
2397 2523 2512 2591 Ego
2534 2522 2811 2586 occidam,
2838 2534 2900 2576 et
2932 2538 3058 2591 ego
3088 2523 3302 2577 vivere
3332 2523 3532 2576 faciam
3555 2522 3621 2585 ³³,
3645 2537 3664 2571 ι

2027 2614 2329 2681 intelligere
2360 2614 2525 2667 debes
2560 2628 2684 2681 quae
2708 2614 2786 2667 sit
2822 2628 3001 2669 mors
3042 2630 3236 2684 quam
3263 2617 3433 2670 decet
3476 2613 3668 2668 inferre

2028 2706 2193 2758 Deum
2222 2704 2366 2771 (55):
2405 2704 2497 2755 illa
2528 2704 2649 2757 sine
2679 2704 2858 2758 dubio
2886 2719 3032 2772 quae
3071 2706 3360 2760 conferat
3407 2706 3592 2768 vitam,
3620 2703 3668 2757 id

2027 2806 2108 2850 est
2141 2805 2199 2849 ut
2238 2796 2505 2849 moriatur
2533 2796 2661 2864 quis
2698 2805 2971 2863 peccato,
3008 2807 3076 2850 et
3108 2798 3277 2851 vivat
3322 2797 3458 2852 Deo.
3498 2815 3518 2848 ε
3545 2794 3666 2850 Cum

2029 2886 2296 2940 occideret
2325 2900 2437 2946 eos,
2482 2904 2500 2934 ι
2536 2886 2738 2953 inquit,
2781 2904 2801 2936 ι
2835 2889 3208 2953 (ιυεξιι-θὶηῐιι
3232 2903 3393 2953 eum,
3419 2898 3476 2942 et
3505 2901 3670 2941 rever-

409 2994 514 3045 imo
540 2987 713 3058 potius
742 2981 1005 3055 tyrannidi
1035 2980 1149 3047 ejus
1189 2977 1513 3047 parentibus,
1550 2975 1806 3044 stipendia
1836 2974 1927 3027 de-
1956 2996 1998 3052 ο
2032 2973 2429 3028 tebantur“"°.
2458 2992 2477 3025 ι
2498 2974 2865 3042 Apertissime
2884 2978 3130 3032 docens
3148 2993 3258 3047 per
3274 2977 3410 3038 hoc,
3428 2976 3550 3046 quia
3567 2974 3667 3046 (54)

408 3080 519 3135 bita
550 3086 775 3132 mortem
801 3074 945 3128 dicat
965 3069 1188 3126 exsolvi.
1219 3067 1386 3121 Deum
1414 3080 1541 3120 vero
1574 3080 1674 3118 non
1711 3072 1826 3118 erat
1855 3063 1934 3115 di-

406 3185 570 3244 gnum
602 3167 857 3222 militibus
887 3164 997 3219 suis
1042 3160 1302 3230 stipendia
1350 3157 1502 3228 quasi
1560 3154 1793 3209 debitum
1837 3151 1935 3205 ali.

411 3262 551 3331 quod
583 3259 731 3321 dare,
766 3255 859 3310 sed
900 3256 1091 3308 donum
1123 3261 1175 3305 et
1204 3250 1449 3320 gratiam,
1490 3262 1607 3314 quae
1634 3254 1719 3299 est
1768 3262 1787 3294 ι
1823 3243 1932 3295 vita

412 3361 610 3407 mterna
635 3348 686 3401 in
716 3346 926 3401 Christo
969 3343 1093 3397 ἔθευ
1124 3342 1347 3395 Domino
1376 3346 1579 3392 nostro.
1604 3354 1623 3387 ι
1670 3334 1777 3403 Ego
1830 3347 1935 3385 non

414 3450 543 3510 puto
575 3439 731 3492 etiam
756 3437 857 3489 hoc
888 3446 1110 3486 vacuum
1137 3444 1281 3492 esse,
1309 3426 1448 3495 quod
1476 3425 1539 3478 ad
1576 3423 1739 3477 vitam
1778 3431 1937 3475 teter-

413 3544 536 3583 nam
567 3525 767 3580 addidit
790 3540 812 3574 ι
840 3523 900 3577 in
921 3520 1129 3574 Christo
1154 3517 1377 3571 Domino
1399 3522 1612 3577 nostro;
1646 3530 1665 3562 ι
1705 3509 1797 3564 sed
1815 3511 1938 3578 quia

415 3617 663 3674 fortassis
700 3612 824 3669 sciri
864 3611 1031 3665 voluit
1051 3608 1192 3663 aliud
1226 3621 1345 3661 esse
1370 3606 1529 3658 vitam
1564 3611 1815 3657 aeternam
1846 3616 1937 3656 so-

415 3710 547 3775 lum,
583 3717 636 3761 et
664 3705 805 3759 aliud
830 3703 993 3756 vitam
1029 3710 1281 3756 aeternam
1328 3698 1381 3750 in
1423 3695 1639 3750 Christo
1678 3692 1823 3748 Jesu.
1875 3692 1941 3746 Et

416 3796 491 3851 illi
525 3794 664 3849 enim
690 3791 779 3862 qui
804 3795 1022 3856 surgent
1057 3789 1108 3841 in
1140 3784 1498 3840 confusionem
1519 3792 1572 3835 et
1597 3780 1940 3849 opprobrium

415 3884 794 3952 sempiternum
828 3879 893 3943 ³⁸,
926 3876 1196 3932 habebunt
1223 3873 1435 3942 quidem
1460 3871 1621 3922 vitam
1657 3878 1938 3931 aeternam,

417 3990 521 4029 non
553 3986 723 4026 tamen
761 3973 815 4026 in
842 3968 1054 4024 Christo
1071 3965 1217 4028 ἔθευ,
1249 3962 1344 4017 sed
1370 3962 1421 4014 in
1448 3959 1756 4014 confusione
1783 3957 1943 4027 576

418 4073 472 4119 et
499 4062 777 4132 opprobrio
803 4068 1038 4121 aeterno;
1072 4054 1203 4124 justi
1230 4065 1359 4105 vero
1392 4050 1479 4118 qui
1507 4056 1725 4113 surgent
1754 4046 1863 4118 (28)
1887 4047 1939 4100 in

416 4155 580 4208 vitam
635 4163 885 4205 aeternam
934 4147 988 4200 in
1029 4144 1242 4199 Christo
1286 4139 1407 4195 Jesu
1468 4136 1739 4190 habebunt
1780 4137 1940 4190 vitam

421 4252 694 4296 aeternam.
724 4239 1003 4292 Peccatum
1039 4247 1166 4302 ergo
1198 4229 1306 4302 (29)
1333 4227 1588 4282 militibus
1617 4226 1726 4279 suis
1752 4226 1805 4279 in
1828 4227 1945 4293 qui-

2036 3079 2193 3134 quem
2224 3064 2366 3117 Deus
2412 3064 2637 3126 occidit,
2693 3073 3025 3131 propterea
3082 3069 3342 3132 occidit,
3379 3072 3668 3137 utpeecato

2039 3156 2319 3219 moriatur,
2364 3165 2419 3208 et
2462 3162 2677 3223 quaerat
2718 3155 2927 3211 Deum.
2975 3158 3091 3214 Sic
3119 3177 3238 3230 ego
3264 3162 3437 3214 audio
3473 3169 3526 3214 et
3556 3155 3669 3212 illud

2038 3244 2178 3313 quod
2211 3245 2468 3311 scriptum
2499 3252 2585 3296 est
2610 3243 2678 3305 ⁸⁷,
2710 3245 2846 3312 quia
2878 3248 3124 3303 occidit
3172 3250 3333 3305 Deus
3374 3250 3488 3304 Her
3517 3247 3667 3301 ﬁlium

2037 3334 2205 3399 ludat,
2237 3333 2491 3402 quoniam
2522 3333 2800 3403 malignus
2831 3347 2969 3391 erat
2999 3356 3018 3404 ;
3059 3350 3130 3395 et
3161 3341 3213 3395 si
3245 3341 3385 3410 quid
3420 3339 3561 3393 aliud
3583 3338 3668 3391 hu-

2036 3424 2265 3495 iusmodi
2304 3424 2368 3478 de
2391 3423 2502 3477 Deo
2536 3423 2771 3490 legimus
2805 3428 3142 3496 scripturn.
3177 3432 3281 3487 Sic
3306 3442 3367 3487 et
3399 3429 3669 3500 Apostolus

2037 3519 2373 3582 peccatorem
2406 3511 2657 3566 tradebat
2683 3512 2738 3566 in
2777 3513 3104 3573 interitum
3164 3523 3387 3586 carnis,
3419 3530 3481 3575 ut
3524 3517 3668 3589 spiri-

2042 3610 2154 3655 tum
2202 3599 2405 3653 faceret
2443 3600 2653 3654 salvum
2684 3602 2751 3665 ⁸⁸,
2788 3603 2902 3658 hoc
2934 3616 3067 3671 est,
3111 3622 3181 3663 ut
3216 3619 3533 3665 moreretur
3560 3622 3670 3676 pec-

2042 3702 2180 3756 cato,
2221 3700 2276 3745 et
2299 3692 2507 3745 viveret
2537 3691 2669 3746 Deo.
2693 3693 2765 3747 Et
2791 3695 2851 3748 in
2882 3703 3187 3764 presenti
3227 3703 3408 3772 igitur
3434 3701 3552 3756 loco
3582 3698 3669 3753 sti-

2041 3781 2231 3857 pendia
2256 3795 2376 3848 quae
2398 3782 2488 3833 dat
2519 3792 2837 3849 peccatum,
2865 3800 3039 3842 mors
3075 3805 3218 3846 esse
3246 3792 3548 3846 dicuntur:
3577 3802 3666 3843 non

2044 3872 2146 3924 ista
2175 3885 2320 3925 mors
2348 3885 2471 3939 quae
2514 3883 2737 3940 separat
2781 3888 3009 3943 corpus
3054 3880 3138 3934 ab
3197 3882 3418 3947 anima,
3463 3881 3556 3936 sed
3592 3877 3671 3932 illa

2045 3975 2150 4030 qua
2181 3975 2279 4030 per
2306 3969 2597 4031 peccatum
2631 3971 2941 4028 separatur
2987 3969 3207 4024 anima
3245 3987 3279 4026 a
3315 3971 3451 4027 Deo.
3478 3971 3542 4025 Et
3558 3983 3669 4023 rur-

2046 4065 2165 4105 sum
2202 4065 2300 4105 nos
2330 4051 2382 4104 in
2423 4060 2599 4105 morte
2624 4050 2840 4107 Christi
2875 4054 3152 4114 dicimur
3182 4061 3486 4132 baptizati,
3513 4060 3565 4113 in
3588 4056 3670 4113 illa

2045 4141 2161 4195 sine
2191 4140 2353 4195 dubio
2378 4151 2554 4194 morte
2584 4139 2701 4209 (55)
2729 4157 2843 4210 qua
2876 4159 3143 4213 peccato
3175 4163 3441 4208 mortuus
3481 4160 3562 4206 est
3592 4162 3670 4204 se-

2047 4231 2174 4294 mel,
2215 4239 2274 4284 ut
2317 4240 2372 4285 et
2403 4246 2502 4285 nos
2546 4246 2881 4301 separemur
2913 4251 2947 4290 a
2999 4253 3290 4308 peccato,
3342 4252 3402 4298 et
3445 4243 3671 4296 vivamus

424 4333 527 4386 bus
558 4340 762 4400 regnat,
793 4325 1057 4394 stipendia
1088 4324 1244 4388 digna
1273 4317 1494 4388 largitur
1522 4326 1770 4369 mortem.
1796 4317 1944 4370 Mor-
1975 4329 2019 4382 ι)
2048 4320 2352 4376 Deo".Tali
2372 4336 2603 4389 namque
2621 4333 2804 4378 morte
2820 4325 3213 4397 (ιυίῃιοι-ίιυι-
3233 4332 3674 4405 (δεηθειίίίωως

426 4437 534 4482 tem
566 4431 741 4474 autem
764 4418 984 4471 dicimus
1014 4428 1118 4467 non
1144 4412 1280 4464 hanc
1299 4405 1649 4475 corporalem,
1675 4408 1769 4460 sed
1799 4407 1946 4462 illatn

496 4529 542 4561 "
566 4526 738 4581 Eccle.
760 4538 799 4590 ι,
829 4524 895 4590 4.
984 4519 1030 4551 ⁸⁵
1049 4518 1202 4573 Joan.
1244 4531 1373 4590 xvii,
1406 4514 1457 4590 5.

428 4665 546 4700 ³⁸⁸³⁸
570 4663 707 4718 Psal.
740 4674 945 4724 txxvtt,
983 4658 1070 4710 54.
1142 4655 1184 4685 ³⁷
1211 4655 1345 4708 Gen.
1384 4666 1608 4714 xxxviii,
1631 4651 1683 4702 7.

492 4766 610 4849 ¹(26)
642 4775 797 4839 Editi,
829 4793 860 4849 ί
879 4787 1102 4849 quorum
1121 4770 1323 4849 fructus
1337 4782 1405 4848 ne
1419 4767 1692 4849 nominare
1713 4765 1950 4849 dignum.

433 4834 519 4902 Et‘
548 4834 744 4902 iterum
768 4834 794 4898 ε’
820 4834 1002 4899 Gratia
1050 4851 1223 4893 autem
1259 4838 1348 4891 Dei
1390 4837 1442 4889 in
1472 4834 1706 4898 Christo,
1751 4834 1791 4885 ί
1822 4846 1953 4900 etc.,

434 4915 647 4970 omissis
670 4912 903 4972 vocibus,
949 4929 967 4960 ι
1001 4914 1105 4961 vita
1135 4917 1352 4960 aeterna.
1386 4924 1404 4955 ι

507 4984 615 5052 (27)
653 4980 752 5035 Ms.
786 4969 920 5052 unus
942 4994 1059 5033 cum
1086 4977 1270 5052 editis,
1302 4992 1325 5024 ‹
1372 4973 1472 5052 sub
1513 4969 1714 5049 peccati
1761 4984 1902 5052 rege:
1935 4989 1954 5020 ι

437 5039 765 5111 ΔΙ-ἰθιιίυεη(
796 5050 894 5100 sub
930 5047 1128 5115 peccati
1159 5043 1290 5112 lege.
1325 5061 1353 5115 »Α
1371 5042 1474 5095 Sed
1504 5040 1697 5092 rectius
1728 5053 1826 5090 ms.
1860 5039 1961 5091 Re-

438 5120 554 5185 gius
578 5134 721 5171 num.
746 5115 881 5170 1659
904 5113 957 5169 et
983 5113 1228 5167 Rabanus
1255 5121 1312 5164 ut
1341 5113 1604 5185 in_nostro
1643 5115 1807 5185 testu.

507 5186 616 5255 (28)
648 5186 816 5249 Alias,
844 5190 1141 5251 «surgunt;
1172 5198 1191 5231 ι
1225 5187 1283 5233 θι
1302 5177 1458 5246 paulo
1488 5185 1624 5245 post,
1650 5192 1669 5225 ι
1700 5174 1953 5237 habent,»

441 5256 598 5389 milii;
657 5319 818 5383 Editi,
851 5338 870 5370 ι
900 5317 1180 5372 Peccatum
1211 5329 1357 5369 vero.
1392 5333 1410 5364 ι

448 5454 461 5457 Α
512 5322 622 5457 (5οζ
653 5386 828 5457 N_cque
852 5387 1012 5440 mala.
1045 5385 1165 5438 llaec
1189 5384 1381 5437 desunt

512 5379 622 5455 (50}
653 5379 828 5455 Neque
852 5387 1012 5440 mala.
1045 5385 1165 5438 llaec
1189 5384 1381 5437 desunt
1426 5383 1476 5435 in
1514 5381 1764 5455 editione
1789 5379 1962 5455 Cene-

447 5446 646 5509 brardi.
690 5446 890 5509 Deinde
932 5470 1029 5507 ms.
1073 5469 1230 5512 unus,
1278 5469 1296 5500 ι
1331 5461 1487 5515 atque
1533 5450 1726 5501 dicitur
1755 5446 1961 5501 indide-

450 5535 592 5600 rens,
618 5539 637 5572 ι
678 5522 870 5600 quibus
898 5522 1085 5600 verbis.
1112 5522 1312 5597 addunt
1349 5520 1499 5600 editi,
1540 5535 1559 5566 ι
1594 5518 1644 5568 id
1687 5527 1768 5569 est
1813 5530 1962 5592 cont-

437 5582 645 5664 _tuunis,
675 5582 712 5636 ι’
735 5590 875 5655 quod
920 5591 1182 5642 omittitur
1211 5588 1263 5640 in
1298 5588 1542 5640 omnibus
1571 5600 1702 5639 mss.
1741 5582 1958 5637 nostris.

496 4529 542 4561 "
566 4526 738 4581 Eccle.
760 4538 799 4590 ι,
829 4524 884 4576 4.
984 4519 1030 4551 ³⁵
1049 4518 1202 4573 Joan.
1244 4531 1373 4578 xvtt,
1406 4514 1457 4567 5.
1557 4513 1603 4545 ’⁸
1631 4512 1782 4569 Joan.
1810 4529 1919 4578 xxv,

428 4599 472 4630 ”
497 4597 623 4649 ibid.
647 4595 736 4647 2‘2.
808 4592 852 4623 '°
873 4589 1067 4644 Jerem.
1093 4600 1238 4646 χχιιι,
1259 4584 1344 4639 40.
1420 4583 1460 4613 ³¹
1479 4580 1674 4636 Ezech.
1705 4598 1853 4645 xvm,
1875 4584 1927 4636 4.

428 4665 546 4700 ³³ο³⁶
570 4663 707 4713 Psal.
740 4674 945 4713 Lxxvtt.
983 4658 1070 4710 54.
1142 4655 1184 4685 ³⁷
1211 4655 1345 4708 Gen.
1384 4666 1608 4713 xxxviii,
1631 4651 1683 4702 7.
1759 4650 1802 4682 ³⁸
1828 4651 1930 4706 lCc

2097 4519 2142 4548 "
2171 4517 2403 4573 lThess.
2434 4533 2508 4581 tv,
2543 4519 2632 4572 l6.
2737 4522 2786 4553 ⁸⁷
2828 4522 3010 4580 Rom.

2084 4590 2205 4664 tom.
2237 4601 2313 4652 Vt,
2338 4587 2429 4639 25.
2503 4587 2549 4619 ³⁸
2574 4586 2752 4643 lCor.
2788 4606 2888 4659 xv,
2916 4594 3023 4650 26.

2104 4655 2156 4707 5.
2230 4656 2272 4688 ³⁸
2299 4656 2457 4710 Rom.
2477 4669 2555 4713 vt.
2590 4657 2647 4713 5.
2674 4660 2733 4713 9.
2764 4660 2860 4713 lt).
2940 4665 2995 4697 ⁸ο

1978 4695 1991 4708 .
2021 4670 2074 4720 v,
2104 4662 2156 4707 5.
2230 4662 2272 4688 ³³
2299 4662 2457 4710 Rom.
2477 4669 2555 4724 vr,
2590 4662 2647 4721 5,
2674 4662 2733 4723 9,
2764 4662 2860 4718 10.

2051 4425 2169 4465 θεεθ
2194 4410 2391 4465 dicitur
2412 4425 2442 4464 a
2464 4420 2690 4479 peccato
2705 4413 2780 4467 ⁵ο.
2800 4413 2901 4471 Sic
2929 4431 3083 4488 ergo
3117 4422 3393 4479 habenda
3422 4418 3675 4477 distinctio

2097 4519 2142 4548 '°
2171 4517 2403 4592 lThess.
2434 4519 2657 4592 multi;
2737 4522 2786 4553 "
2828 4522 3010 4580 Rom.
3043 4543 3132 4592 νι,
3166 4530 3272 4586 25.
3353 4531 3403 4564 ’⁸
3427 4531 3553 4586 ibid.
3592 4528 3671 4583 2|.

3112 4599 3164 4630 “
3198 4603 3368 4657 Deut.
3408 4598 3671 4663 xun,59.

2940 4665 2995 4697 ⁸ο
3022 4664 3203 4723 Rom.
3227 4686 3333 4726 vu.

2120 4764 2231 4837 (5|)
2259 4766 2431 4839 Editi,
2458 4786 2478 4819 ι
2512 4768 2717 4823 invidia
2749 4773 2965 4831 diaboli
2996 4795 3159 4836 mors
3196 4782 3485 4839 introivit.
3506 4802 3528 4835 ι
3556 4792 3651 4837 etc.

2052 4820 2311 4916 atque,
2499 4820 2717 4900 mg;
2755 4820 3673 4909 aas:aaz.";".;:..;"argtst353;:

2054 4912 2312 4966 introivit,
2339 4923 2357 4955 ι
2389 4914 2494 4960 etc.

2114 4971 2496 5064 :(153)“l'§.di_ti,‘«_
2520 4976 2692 5064 etiam
2719 4978 2844 5064 ipsa
2877 4997 3042 5040 mors
3070 4989 3430 5058 appellatur.
3485 4989 3674 5043 Dicitur

2057 5042 2217 5091 etiam
2242 5042 2329 5123 illa
2352 5059 2590 5127 morsa:
2630 5056 2689 5100 et
2716 5042 2917 5116 postea
2954 5070 3070 5111 ms.
3108 5042 3356 5124 {music
3384 5042 3493 5129 per
3515 5074 3664 5128 quam

2060 5110 2370 5163 einundatto
2397 5114 2458 5163 fit
2483 5130 2701 5163 animm.
2736 5135 2759 5163 ι

2318 5114 2370 5164 io
2397 5114 2458 5168 iit
2483 5116 2701 5169 animm.
2724 5114 2759 5170 Va

2058 5383 2095 5433 Α
2126 5314 2240 5395 (⁵4)
2270 5320 2443 5398 Alias,
2483 5324 2662 5404 gCum
2692 5328 2990 5390 occideret
3006 5351 3132 5401 eos,
3154 5336 3513 5408 inquirebant
3534 5347 3663 5388 eum.

2106 5395 2416 5433 Derttsmme
2445 5393 2633 5433 dll‘nnc
2691 5400 2823 5433 nua-1
2891 5422 2908 5433 .
2949 5414 3042 5433 ...Δ

2106 5393 2417 5467 pertissitne
2445 5393 2656 5467 dicens,
2691 5400 2851 5467 quia,
2891 5422 2911 5453 ι
2949 5414 3068 5463 etc.

2276 5455 2468 5531 diana.
2497 5463 2553 5516 lu
2578 5450 2748 5522 θιιῖιῖε
2771 5450 3102 5531 omittitur.

2061 5520 2245 5641 let-56)
2284 5526 2384 5586 διε.
2418 5546 2585 5601 ιιιιιιε,
2624 5553 2644 5586 ι
2670 5520 3148 5609 instillatus-est
3177 5568 3209 5608 a
3246 5556 3539 5624 peccatot'
3565 5552 3670 5594 ωδ*

3838 5064 3846 5463 i

3843 5470 3845 5553 i
