3894 6272
374 269 532 328 1069

1320 269 1666 327 COMMENT.
1704 268 1770 323 ΙΝ
1805 269 2016 324 EPIST.
2054 270 2144 323 AD
2183 269 2342 326 ROM.
2380 271 2509 324 LIB.
2549 270 2638 325 Vl.

3415 271 3551 329 1070

371 396 496 451 est,
533 389 673 457 quod
703 387 843 442 Deus
879 388 1085 442 etiamsi
1130 386 1375 441 occidere
1421 387 1632 441 dicatur
1667 396 1721 441 et
1766 387 1923 439 morti
1954 391 1996 445 Α
2020 383 2238 450 junctze,
2268 385 2338 438 ita
2367 377 2634 439 ethomini
2665 384 2866 453 quisub
2896 385 3008 454 lege
3043 395 3142 447 est,
3167 385 3395 454 quandiu
3425 389 3555 442 vivit

371 478 631 540 tradere,
666 479 787 531 talis
817 481 1057 547 quaadam
1097 479 1169 531 sit
1214 492 1357 530 mors
1397 492 1512 546 quae
1549 493 1577 530 a
1608 477 1714 531 Deo
1746 480 1920 539 datur,

370 577 443 618 ut
483 567 730 620 conferat
754 567 932 620 vitam.
953 565 1088 618 Nihil
1107 565 1243 619 enim
1269 565 1390 618 mali
1417 568 1618 620 datura
1637 567 1771 619 bono
1789 567 1922 634 (57),

367 656 519 712 licet
551 660 707 712 triste
733 659 822 719 sit,
854 657 976 710 licet
1015 656 1213 709 doloris
1249 639 1485 723 plenum,
1533 666 1814 724 prospectu
1848 666 1921 710 ta-

369 763 511 802 men
541 747 805 807 medendi,
840 758 894 800 et
920 747 1360 814 contemplatione
1392 745 1634 799 sanitatis
1666 745 1920 810 infertur,

367 847 441 890 u—t
487 839 727 892 animam
775 853 933 904 quam
987 845 1333 906 separaverat
1378 850 1408 890 a
1440 837 1547 890 Deo
1593 835 1838 889 illecebra
1872 845 1926 888 et

365 929 618 984 dulcedo
675 931 905 997 peccati,
958 929 1262 982 severitatis
1310 929 1600 982 austeritas
1644 935 1853 996 separet
1893 943 1921 980 a

364 1029 633 1087 peccato.
690 1019 999 1072 Econtrario
1036 1031 1162 1071 vero
1212 1027 1486 1086 peccatum
1531 1018 1784 1086 quidquid
1832 1018 1924 1071 de-

364 1106 552 1171 derit,
589 1107 851 1176 quidquid
873 1106 1180 1169 contulerit,
1211 1096 1401 1160 animat
1443 1121 1586 1162 mors
1632 1117 1732 1171 est,
1762 1109 1923 1163 etiam

363 1197 420 1252 si
457 1197 734 1266 stipendia
761 1196 1034 1266 largiatur.

445 1287 509 1339 7.
545 1305 566 1337 ι
593 1287 674 1340 Αιι
700 1287 979 1356 ignoratis,
1015 1286 1206 1341 fratres
1238 1286 1547 1352 (scientibus
1578 1287 1717 1341 enim
1754 1287 1921 1355 legem

361 1374 598 1445 loquor)
630 1376 675 1406 “
704 1377 825 1443 quia
862 1376 946 1430 lex
993 1376 1298 1430 dominatur
1341 1377 1391 1429 in
1438 1377 1674 1441 humine,
1721 1388 1922 1445 quanto

361 1474 635 1534 tempore
679 1465 852 1518 vivit?
893 1464 1022 1518 Nam
1062 1480 1184 1533 quae
1209 1465 1309 1519 sub
1337 1466 1452 1518 viro
1490 1475 1574 1519 est
1603 1465 1811 1529 mulier,
1847 1466 1925 1518 vi-

358 1567 547 1609 vente
572 1555 689 1609 viro
731 1554 940 1624 alligata
965 1564 1044 1610 est
1070 1555 1194 1624 legi.
1223 1556 1280 1610 Si
1309 1565 1486 1609 autem
1518 1565 1757 1610 mortuus
1803 1557 1921 1610 fue-

358 1645 442 1699 rit
499 1647 608 1709 vir,
645 1644 818 1699 soluta
844 1653 927 1699 est
955 1661 984 1698 a
1017 1646 1132 1716 lege
1154 1645 1277 1700 viri.
1314 1646 1497 1714 Igitur,
1531 1645 1742 1700 vivente
1780 1646 1919 1711 viro,

359 1733 855 1801 cOgnominabitur
903 1734 1164 1798 adultera,
1214 1736 1258 1790 si
1303 1735 1462 1790 fuerit
1491 1749 1612 1789 cum
1645 1736 1750 1792 alio
1779 1735 1916 1790 viro.

359 1822 426 1875 Si
459 1831 651 1876 autem
676 1833 918 1879 mortuus
938 1825 1098 1879 fuerit
1123 1827 1222 1891 vir,
1246 1825 1467 1880 liberata
1494 1835 1576 1880 est
1601 1842 1631 1881 a
1663 1827 1778 1894 lege
1799 1828 1919 1892 viri,

359 1920 428 1965 ut
461 1912 584 1979 jam
618 1927 722 1966 non
746 1915 818 1968 sit
843 1915 1080 1970 adultera
1111 1915 1154 1970 si
1183 1914 1344 1970 fuerit
1369 1931 1487 1970 cum
1517 1917 1621 1971 alio
1648 1918 1786 1970 viro.
1815 1917 1922 1970 Ita-

357 2015 506 2069 que,
563 2001 762 2057 fratres
815 2005 939 2067 mei,
979 2015 1034 2058 et
1071 2020 1168 2059 vos
1208 2006 1508 2060 mortificati
1541 2008 1668 2062 estis
1698 2008 1798 2077 legi
1827 2023 1922 2076 per

355 2103 580 2158 corpus
608 2089 829 2154 Christi,
865 2099 925 2144 ut
955 2092 1072 2145 sitis
1099 2092 1316 2147 alterius
1343 2094 1432 2161 qui
1460 2108 1526 2148 ex
1571 2095 1795 2148 mortuis
1837 2109 1922 2148 re-

357 2180 642 2243 surrexit,
682 2189 740 2232 ιιι.
764 2179 1150 2236 fructiﬁcemus
1179 2181 1290 2251 (58)
1318 2182 1446 2236 Deo.
1485 2183 1618 2237 Cum
1655 2186 1798 2237 enim
1835 2197 1922 2237 es-

357 2282 568 2324 semus
614 2270 666 2322 in
717 2284 905 2333 carne,
953 2270 1079 2323 vitia
1131 2280 1466 2339 peccatorum
1494 2272 1628 2341 (59),
1666 2287 1784 2340 qua:
1829 2288 1923 2341 per

355 2359 558 2428 legem
596 2369 774 2425 erant,
811 2361 1172 2427 operabantur
1209 2361 1260 2413 in
1299 2360 1554 2414 membris
1600 2362 1820 2423 nostris,
1865 2373 1924 2416 ut

356 2447 776 2503 fructificarent
792 2448 975 2502 morti.
997 2447 1147 2502 Nunc
1168 2458 1344 2503 autem
1371 2450 1527 2504 soluti
1555 2465 1736 2504 sumus
1758 2465 1788 2504 a
1808 2451 1922 2520 lege

358 2539 611 2603 mortui,
642 2538 697 2590 in
728 2553 836 2606 qua
869 2537 1259 2604 detinebamur,
1309 2539 1380 2592 ita
1423 2548 1480 2592 ut
1520 2539 1820 2592 serviamus
1867 2542 1919 2593 in

357 2631 620 2684 novitate
645 2629 888 2696 spiritus,
916 2625 972 2681 et
998 2643 1102 2682 non
1127 2628 1181 2680 in
1215 2637 1479 2681 vetustate
1502 2628 1711 2682 litterae.
1749 2647 1768 2680 ι
1820 2628 1921 2682 La-

361 2719 484 2773 tius
539 2717 596 2772 in
636 2716 1004 2785 superioribus
1031 2715 1141 2785 (40)
1173 2716 1236 2770 de
1263 2717 1364 2770 fide
1393 2727 1446 2772 et
1476 2717 1588 2786 lege
1622 2717 1918 2781 disserens,

357 2821 475 2876 per
505 2805 691 2860 omnia
719 2819 838 2859 esse
867 2805 1252 2872 praeferendam
1278 2807 1513 2860 ostendit
1540 2807 1692 2860 fidem
1735 2821 1920 2861 eorum

357 2897 644 2950 duntaxat
671 2896 763 2964 qui
787 2895 1012 2948 credunt
1043 2911 1061 2945 ι
1086 2894 1139 2946 in
1161 2909 1279 2949 eum
1298 2897 1387 2962 qui
1420 2896 1702 2950 suscitavit
1739 2895 1918 2950 Jesum

359 2985 669 3040 Dominum
700 2993 947 3038 nostrum
972 2998 1002 3036 a
1031 2985 1253 3037 mortuis
1283 2984 1348 3039 “.
1379 3002 1400 3036 ι
1451 2985 1578 3039 Post
1607 2987 1717 3038 haec
1750 2987 1922 3051 qualis

357 3077 544 3131 etiam
581 3089 768 3129 eorum
794 3073 1074 3128 conversio
1097 3074 1208 3143 (41)
1236 3075 1453 3129 deberet
1477 3089 1596 3129 esse
1615 3076 1882 3142 subiungit
1906 3115 1922 3138 ,

360 3167 422 3221 in
461 3165 666 3234 quibus
700 3165 848 3218 etde
875 3174 1095 3232 peccato
1132 3164 1324 3229 Adam,
1373 3179 1436 3218 ac
1468 3165 1674 3231 justitia
1723 3164 1926 3219 Christi

360 3255 682 3311 disseruit:
714 3252 810 3306 sed
839 3252 980 3306 etde
1011 3253 1268 3306 servitute
1299 3253 1409 3322 (42)
1435 3268 1498 3307 ac
1530 3253 1776 3307 libertate
1820 3268 1925 3321 qua

358 3345 711 3412 veljustitiae
735 3345 857 3413 quis
881 3343 1046 3398 servit
1072 3352 1128 3396 et
1163 3342 1298 3397 liber
1343 3353 1428 3397 est
1465 3358 1493 3396 a
1547 3353 1791 3412 peccato,
1841 3345 1924 3398 vel

359 3443 608 3506 peccato
625 3431 1086 3500 servitetjustitia:
1099 3431 1232 3485 liber
1244 3440 1349 3496 est,
1363 3431 1667 3500 disputavit.
1684 3430 1925 3487 Nuncer-

359 3531 890 3602 gcposteuessum
912 3522 1194 3592 quemdam
1211 3521 1369 3574 latius
1391 3521 1628 3574 habitum
1663 3520 1772 3590 (45)
1789 3522 1925 3576 redit

361 3618 543 3692 577
575 3619 751 3671 denuo
799 3615 866 3668 ad
913 3622 1196 3667 tractatum
1253 3612 1387 3680 legis
1421 3619 1476 3664 et
1519 3609 1736 3675 Christi,
1795 3612 1922 3665 talia

360 3711 626 3782 quaedam
667 3708 722 3761 in
753 3705 999 3775 praesenti
1036 3705 1304 3758 disserens
1327 3705 1476 3756 loco:
1508 3716 1624 3770 quae
1652 3701 1919 3768 paululum

361 3807 709 3869 repetentes,
741 3797 1028 3851 secundum
1068 3793 1258 3846 litterae
1303 3792 1740 3860 consequentiam
1771 3792 1920 3860 prius

362 3891 597 3957 aperire
628 3888 992 3942 tentabimus:
1037 3893 1144 3938 tum
1179 3884 1339 3938 etiam
1394 3898 1490 3951 pro
1542 3885 1742 3936 viribus
1792 3884 1920 3950 quid

360 3980 757 4046 unusquisque
810 3990 986 4032 sermo
1039 3975 1253 4029 virtutis
1301 3974 1514 4036 habeat,
1565 3973 1914 4041 requiremus.

360 4072 622 4138 Loquor,
664 4067 856 4135 inquit,
891 4065 1039 4119 vobis
1067 4065 1156 4132 qui
1201 4063 1478 4118 scientiam
1525 4064 1658 4133 legis
1687 4063 1912 4125 habetis,

358 4173 423 4217 et
463 4159 623 4216 scitis
654 4171 872 4213 sensum
909 4157 1022 4223 ejus
1047 4171 1149 4208 non
1181 4170 1297 4209 esse
1319 4155 1372 4209 in
1403 4162 1666 4208 vetustate
1705 4155 1915 4220 litterae,

357 4251 472 4308 sed
499 4251 556 4304 in
582 4247 804 4313 spiritus
835 4245 1108 4298 novitate:
1132 4244 1232 4297 hoc
1257 4249 1358 4310 est,
1393 4261 1414 4295 ι
1437 4242 1721 4298 scientibus
1747 4243 1913 4313 legem

2023 483 2075 528 et
2098 478 2252 538 valet,
2279 477 2582 528 dominatur
2607 474 2686 529 lex
2710 474 2839 544 (45).
2869 475 2972 528 Sed
2994 476 3131 528 sicut
3150 477 3285 540 viro,
3318 480 3400 531 cui
3426 480 3555 547 legi-

2027 565 2124 616 bus
2151 562 2428 630 subjuucta
2462 562 2635 616 fuerat
2663 563 2876 624 mulier,
2901 563 2945 616 si
2975 563 3184 618 accidat
3205 567 3362 630 mori,
3385 567 3553 624 libera

2023 651 2245 704 cllicitur
2272 651 2478 715 mulier,
2513 660 2567 704 et
2590 666 2619 704 a
2652 652 2752 705 viri
2779 661 3043 720 potestate
3070 651 3372 719 resolvitur,
3401 658 3470 710 ita
3501 669 3557 712 ct

2025 743 2070 794 is
2101 741 2188 808 qui
2223 741 2322 794 sub
2349 741 2464 808 lege
2496 751 2600 802 est,
2627 742 2669 795 si
2703 743 2909 797 accidat
2942 743 3107 811 legem
3141 745 3297 810 mori,
3327 747 3394 801 ab
3426 764 3553 816 ope-

2025 831 2170 884 ribus
2201 829 2330 898 legis
2361 829 2494 882 liber
2523 827 2746 884 efﬁcitur
2773 847 2784 881 :
2811 842 2864 883 et
2892 832 3032 884 sicut
3064 832 3252 885 mulier
3279 850 3396 900 quae
3414 836 3556 902 prio-

2026 919 2098 969 ris
2134 917 2230 969 viri
2257 917 2459 984 legibus
2485 916 2722 970 absoluta
2748 928 2849 982 est,
2883 919 3042 973 habet
3067 919 3365 974 libertatem
3389 931 3446 976 ut
3467 923 3554 976 alii

2023 1007 2134 1059 viro
2159 1007 2428 1075 jungatur,
2459 1008 2529 1059 ita
2557 1015 2608 1059 et
2644 1008 2684 1060 is
2717 1008 2807 1074 qui
2833 1010 2932 1062 sub
2965 1019 3221 1076 potestate
3252 1011 3378 1080 legis
3404 1012 3558 1080 vixit,

2025 1096 2112 1149 ubi
2142 1105 2406 1149 mortuam
2431 1097 2572 1150 videt
2623 1095 2887 1158 litteram,
2929 1097 3088 1151 habet
3128 1107 3440 1165 potestatem
3474 1101 3555 1152 vi-

2023 1188 2160 1240 venti
2194 1187 2364 1242 Verbo
2393 1198 2636 1256 tanquam
2662 1189 2774 1241 viro
2807 1190 3020 1242 sociari.
3052 1190 3107 1243 Si
3137 1205 3259 1243 vero
3289 1192 3556 1246 viventem

2024 1278 2199 1330 adhuc
2235 1277 2468 1345 priorem
2497 1280 2666 1331 virum
2701 1279 2928 1333 voluerit
2950 1281 3139 1335 mulier
3169 1283 3485 1350 relinquere,
3505 1294 3559 1336 et

2022 1368 2110 1420 alii
2149 1369 2362 1430 sociari,
2397 1369 2636 1422 adultera
2672 1370 2789 1423 sine
2827 1371 2986 1422 dubio
3007 1371 3378 1438 appellabitur.
3407 1371 3558 1438 Quod

2022 1458 2182 1511 simili
2208 1457 2374 1510 forma
2403 1459 2562 1510 etiam
2594 1459 2644 1511 in
2677 1473 2796 1512 eum
2823 1459 2964 1512 cadit
2984 1460 3072 1525 qui
3101 1460 3270 1528 legem
3297 1471 3353 1513 ut
3383 1463 3556 1514 virum

2023 1547 2284 1600 viventem
2325 1546 2436 1616 (46)
2470 1549 2689 1611 deserit,
2739 1557 2792 1603 et
2821 1549 2908 1601 alii
2932 1548 3190 1616 jungitur.
3226 1549 3348 1604 Haec
3378 1562 3556 1604 autem

2025 1645 2271 1704 tanquam
2331 1655 2348 1687 ι
2389 1637 2700 1700 scientibus,
2747 1657 2766 1688 ι
2808 1646 2865 1691 ιιι
2897 1637 3031 1700 dixi,
3068 1656 3086 1688 ι
3123 1638 3290 1708 legem
3351 1640 3557 1706 loquor,

2027 1727 2239 1792 fratres,
2276 1747 2293 1778 ι
2324 1740 2380 1781 ιιι
2407 1728 2717 1798 intelligatis
2739 1729 2858 1796 quia
2888 1741 2941 1782 et
2969 1744 3064 1780 vos
3101 1729 3268 1798 legem
3303 1739 3556 1797 tanquam

2027 1821 2196 1872 virum
2227 1829 2494 1873 mortuum
2527 1820 2820 1888 reliquistis
2853 1820 2987 1890 (47).
3030 1821 3171 1876 Mors
3205 1833 3382 1876 autem
3418 1823 3560 1878 illius

2027 1924 2118 1974 per
2151 1913 2436 1963 adventum
2485 1909 2679 1964 ChriSti
2743 1922 2798 1963 et
2842 1898 3254 1978 assumptionem
3313 1914 3558 1981 corporis

2025 1997 2137 2064 ejus
2167 2007 2270 2064 est,
2309 2015 2401 2068 per
2421 2001 2561 2068 quod
2587 2015 2678 2053 vos
2700 2000 2874 2054 ellecti
2911 2001 3043 2054 estis
3081 2003 3304 2056 alterius
3333 2003 3467 2072 (48),
3503 2005 3554 2058 id

2024 2088 2293 2152 estjuncti
2329 2088 2417 2140 alii
2449 2089 2580 2150 viro,
2606 2087 2677 2140 illi
2705 2088 2906 2141 scilicet
2937 2089 3026 2156 qui
3055 2103 3083 2140 a
3124 2091 3346 2142 mortuis
3381 2106 3558 2144 resur-

2026 2180 2182 2242 rexit,
2237 2187 2291 2232 et
2341 2177 2478 2230 ultra
2516 2186 2742 2230 mortem
2777 2194 2879 2231 nun
2931 2179 3141 2244 recipit,
3179 2179 3558 2247 quamrecepit

2027 2270 2170 2334 prior
2199 2267 2284 2320 ille
2321 2267 2421 2330 vir,
2454 2267 2506 2320 id
2544 2277 2627 2321 est
2658 2266 2762 2320 lex.
2791 2266 2897 2320 Vos
2929 2279 3056 2331 ergo
3105 2281 3246 2320 nunc
3276 2265 3397 2320 facti
3427 2269 3557 2322 estis

2027 2357 2143 2424 ejus
2171 2358 2270 2410 viri
2303 2359 2390 2426 qui
2425 2372 2454 2412 a
2495 2357 2716 2410 mortuis
2751 2358 3044 2410 resurrexit
3083 2371 3274 2424 sponsa
3305 2375 3321 2411 :
3354 2366 3408 2412 et
3439 2358 3557 2412 ideo

2029 2448 2319 2501 secundum
2369 2447 2692 2500 voluntatem
2740 2447 2906 2514 ipsius
2938 2447 3120 2500 vivere
3148 2447 3375 2510 debetis,
3431 2449 3556 2516 quia

2021 2537 2127 2602 jam
2161 2553 2262 2589 non
2289 2551 2472 2590 sumus
2519 2537 2571 2588 in
2623 2550 2806 2597 carne,
2832 2535 2925 2589 sed
2973 2536 3023 2588 in
3055 2536 3242 2604 spiritu
3274 2535 3338 2600 “,
3389 2538 3556 2589 etiam

2025 2631 2068 2679 si
2095 2626 2376 2694 aliquando
2407 2627 2456 2678 in
2501 2640 2662 2679 carne
2694 2625 2854 2693 positi
2887 2626 3090 2692 peccati
3129 2634 3181 2679 et
3213 2627 3391 2679 carnis
3429 2640 3553 2692 pas-

2025 2716 2260 2769 sionibus
2289 2717 2636 2784 urgebamur;
2667 2729 2783 2783 quae
2801 2715 3075 2782 passiones
3107 2729 3199 2782 per
3218 2715 3554 2769 occasionem

2027 2804 2154 2872 legis
2171 2803 2221 2856 in
2241 2803 2490 2857 membris
2510 2803 2704 2857 nostris
2730 2803 3144 2866 fructificabaut,
3173 2818 3275 2856 non
3307 2805 3436 2868 Deo,
3461 2803 3554 2857 sed

2027 2888 2238 2952 mortis,
2266 2887 2340 2940 illi
2368 2888 2524 2941 morti
2550 2903 2710 2956 quam
2734 2888 2874 2941 Deus
2905 2903 3007 2941 non
3039 2889 3184 2942 fecit.
3222 2887 3374 2943 Nunc
3423 2905 3552 2958 ergo

2025 2975 2164 3032 sient
2189 2993 2310 3031 cum
2337 2979 2559 3032 moritur
2583 2979 2684 3041 vir,
2715 2978 2880 3032 libera
2910 2993 2991 3032 es:
3012 2989 3064 3032 et
3095 2979 3335 3032 absoluta
3363 2981 3556 3035 mulier

2027 3081 2054 3118 a
2086 3064 2198 3134 lege
2218 3067 2338 3130 viri,
2392 3068 2464 3119 ita
2488 3076 2540 3120 et
2566 3082 2661 3120 nos
2683 3067 2833 3121 liberi
2866 3068 2994 3120 facti
3019 3082 3206 3121 sumus
3239 3084 3266 3120 a
3301 3068 3417 3137 lege
3435 3083 3553 3137 quae

2024 3157 2299 3209 videbatur
2317 3156 2469 3210 nobis
2492 3155 2749 3208 dominari
2785 3164 3032 3224 tanquam
3054 3158 3154 3210 vir.
3186 3155 3283 3210 Cui
3313 3156 3410 3224 legi
3436 3159 3551 3211 sine

2026 3244 2184 3297 dubio
2203 3243 2364 3296 etiam
2399 3257 2493 3296 nos
2525 3244 2718 3296 mortui
2765 3258 2969 3307 smnus,
2999 3254 3052 3298 et
3096 3245 3256 3298 alieni
3285 3260 3316 3297 a
3367 3248 3551 3300 condi-

2025 3333 2167 3386 tione
2195 3332 2310 3398 ejus
2335 3349 2352 3382 t
2401 3336 2453 3388 in
2467 3350 2571 3404 qua
2585 3335 2998 3400 detinebamur,»
3027 3344 3086 3387 ut
3117 3333 3231 3402 jam
3283 3343 3403 3402 post
3435 3336 3552 3390 haec

2028 3436 2048 3470 ι
2084 3421 2378 3476 serviamus
2408 3436 2512 3474 non
2545 3422 2599 3475 in
2629 3430 2891 3475 vetustate
2934 3421 3127 3476 litterae
3157 3439 3176 3474 ι
3201 3422 3340 3478 sicut
3375 3425 3549 3491 prius,

2023 3510 2113 3564 sed
2148 3528 2166 3560 ι
2201 3510 2254 3564 in
2297 3511 2532 3564 novitate
2587 3509 2808 3577 spiritus
2831 3508 2916 3562 “z
2957 3529 2977 3563 ι
3010 3527 3166 3580 quem
3213 3514 3459 3581 spiritum
3516 3530 3548 3567 ει

2020 3613 2212 3667 sponso
2234 3610 2414 3654 nostro
2442 3610 2690 3668 tanquam
2716 3601 2951 3667 nuptiale
2977 3603 3166 3670 pignus
3211 3603 3548 3671 accepimus,

2019 3691 2157 3742 sicut
2185 3698 2238 3742 et
2272 3689 2395 3742 alibi
2428 3689 2558 3742 dicit
2585 3707 2598 3742 :
2627 3707 2645 3739 ι
2671 3689 2769 3755 Qui
2799 3691 2945 3744 dedit
2974 3693 3127 3746 nobis
3159 3693 3347 3760 pignus
3378 3694 3549 3758 Spiri-

2021 3790 2103 3834 tus
2116 3780 2179 3832 ¹⁵⁶.
2208 3798 2226 3829 ι
2263 3779 2358 3834 Hic
2385 3789 2468 3832 est
2487 3782 2616 3832 ordo
2644 3781 2861 3847 eloquii,
2889 3790 2943 3834 et
2973 3783 3084 3834 haec
3107 3781 3380 3849 apostolici
3400 3796 3546 3835 com-

2018 3885 2151 3938 pago
2173 3870 2458 3924 sermonis.
2476 3869 2580 3923 Sed
2609 3886 2747 3926 nunc
2773 3880 3072 3937 repetentes
3095 3885 3210 3938 quae
3227 3871 3365 3923 dicta
3397 3880 3542 3934 sunt,

2018 3961 2367 4016 discutiamus
2397 3975 2489 4026 per
2533 3960 2761 4028 singula.
2797 3978 2816 4010 ι
2852 3961 2933 4014 An
2965 3961 3225 4028 ignoratis
3269 3958 3412 4031 (49),
3463 3959 3545 4013 in-

2016 4052 2151 4118 quit,
2202 4049 2396 4104 fratres
2441 4047 2751 4119 (sCientibus
2779 4050 2920 4104 enim
2955 4049 3124 4119 legem
3174 4048 3384 4120 loquor)
3418 4049 3544 4116 quia

2015 4141 2098 4194 lex
2131 4141 2430 4194 dominatur
2461 4141 2513 4193 in
2543 4140 2778 4201 homine.
2821 4150 3022 4208 quanto
3042 4149 3276 4207 tempore
3311 4140 3439 4193 vivit
3465 4135 3490 4192 ἲ
3517 4157 3538 4191 ι

2017 4230 2351 4300 Hyperbaton
2401 4226 2580 4284 statim
2633 4228 2686 4282 in
2739 4228 3002 4298 principio
3043 4229 3223 4293 habet,
3273 4229 3415 4298 quod
3467 4228 3542 4282 ita

358 4342 576 4410 loquor
595 4336 661 4401 “,
697 4355 717 4388 ι
742 4343 796 4390 ει
816 4333 1023 4404 appello
1037 4346 1150 4397 vos,
1170 4343 1385 4401 propter
1408 4333 1564 4401 hujus
1589 4332 1718 4400 legis
1748 4331 1918 4385 sciené

2025 4319 2258 4374 redditur
2287 4335 2302 4372 :
2338 4337 2356 4370 ι
2383 4317 2463 4374 Au
2501 4320 2788 4390 ignoratis,
2830 4320 3040 4385 fratres,
3063 4319 3202 4388 |quia
3247 4318 3332 4372 lex
3371 4317 3544 4373 domi-

359 4433 535 4495 tiam,
567 4447 588 4480 ι
628 4427 854 4491 fratres;
896 4445 915 4476 ι
948 4433 1004 4478 et
1025 4423 1178 4477 dico:
1214 4423 1463 4492 Nunquid
1495 4423 1748 4492 ignoratis
1787 4425 1911 4492 quia

360 4521 462 4576 lex
496 4516 789 4585 unicuique
814 4513 1111 4582 mancipata
1139 4522 1194 4567 et
1237 4513 1482 4565 servienti
1528 4512 1626 4566 sibi
1672 4512 1913 4565 domina-

360 4620 490 4674 tur,
539 4609 681 4663 sicut
720 4609 805 4660 vir
830 4604 1028 4674 juncta:
1061 4604 1160 4658 sibi
1202 4601 1311 4674 (44)
1367 4603 1570 4656 mulieri
1621 4618 1638 4656 :
1679 4611 1733 4655 et
1777 4601 1912 4653 sicut

359 4703 430 4758 in
481 4699 636 4755 omni
679 4697 791 4752 vita
819 4710 916 4751 sua
966 4693 1271 4748 dominatur
1319 4691 1529 4744 mulieri
1579 4689 1784 4756 legibus
1813 4687 1915 4740 sibi

443 4815 490 4848 ⁵⁸
529 4815 688 4870 Rom.
709 4824 803 4879 vu,
837 4806 950 4862 1-6.
1022 4804 1067 4836 δ’
1101 4805 1252 4858 Rom.
1283 4819 1354 4870 iv,
1385 4803 1474 4856 24.
1547 4798 1593 4829 ⁸⁸
1619 4797 1776 4852 Rom.
1809 4812 1905 4862 vn,
1930 4798 1980 4849 1.
2051 4793 2098 4824 ⁸⁸
2124 4790 2278 4844 Rom.
2304 4804 2422 4853 vui,
2449 4787 2502 4840 9.

447 4927 564 4996 (57)
589 4926 680 4996 Sic
706 4920 943 4992 potiores
965 4932 1093 4996 mss.
1127 4915 1312 4996 nostri.
1343 4913 1652 4996 Editivero,
1670 4908 1908 4996 Latroni)

355 4977 561 5055 Deli}
585 4977 682 5048 bis.
709 4977 866 5054 unus,
899 5006 918 5038 ‹
946 4989 1011 5040 ab
1033 4987 1142 5047 illo,
1166 5003 1185 5035 ι
1207 4994 1260 5036 ει
1279 4982 1437 5055 paulo
1467 4987 1584 5047 post
1615 4977 1911 5030 Genebrar-

2015 4417 2176 4462 natur
2204 4410 2260 4462 in
2289 4409 2501 4464 homine
2546 4418 2746 4476 quanto
2799 4416 3034 4476 tempore
3081 4405 3257 4460 vivit?
3296 4425 3314 4456 ι
3343 4415 3396 4459 ει
3423 4411 3544 4472 post

2019 4503 2135 4554 haec
2185 4501 2420 4554 redditur
2459 4500 2586 4554 illud
2616 4499 2757 4568 quod
2807 4499 2861 4552 in
2892 4497 3080 4566 medio
3125 4497 3381 4550 insertum
3420 4502 3539 4548 est:

2024 4605 2043 4638 ι
2075 4588 2374 4643 Scientibus
2426 4591 2568 4643 enim
2625 4587 2792 4656 legem
2852 4587 3060 4654 loquor.
3106 4601 3125 4634 ι
3163 4583 3314 4649 Quod
3364 4591 3542 4634 autem

2020 4679 2152 4734 dixit
2181 4693 2196 4729 :
2241 4696 2260 4729 ι
2315 4677 2618 4731 Scientibus
2652 4674 2824 4741 legem
2855 4673 3068 4740 loquor,
3101 4690 3120 4722 ι
3151 4670 3323 4724 simile
3352 4679 3438 4722 est
3468 4667 3546 4721 illi

2598 4784 2643 4815 η
2677 4783 2832 4836 Rom.
2860 4796 2954 4843 vu,
2979 4779 3033 4834 6.
3104 4779 3150 4810 ’⁵⁸
3178 4776 3220 4828 11
3245 4774 3369 4828 Cor.
3403 4789 3458 4836 v,
3488 4773 3545 4827 5.

2086 4903 2198 4971 (45)
2233 4899 2498 4953 Habitum.
2529 4896 2685 4948 Deest
2714 4894 2768 4946 in
2795 4890 2976 4954 editis,
3003 4890 3096 4943 sed
3126 4884 3429 4940 restituitur
3480 4897 3551 4936 ex

2014 4989 2186 5090 misit»
2222 5036 2354 5090 Sibi.
2382 5035 2536 5087 Deest
2566 5032 2618 5083 in
2641 5029 2816 5084 editis.

359 5051 499 5122 dus.
537 5081 556 5114 ‹
587 5060 826 5114 lenitatis
853 5051 871 5107 ι
905 5070 1003 5124 pro
1035 5072 1054 5105 ι
1081 5051 1341 5124 sanitatis.
1372 5066 1424 5124 ι.
1633 5113 1654 5124 ﬂ
1751 5113 1780 5124 Α.

448 5111 838 5201 (58)-11-1ἰιιεξι
871 5111 928 5176 ιιὶ
956 5119 1300 5180 fructiﬁcetis,
1328 5135 1346 5167 ι
1378 5115 1470 5178 aL,
1501 5129 1520 5162 ι
1543 5124 1599 5165 ut
1631 5111 1914 5166 fructiﬁca-

2013 5180 2280 5245 subjecta_._
2292 5189 2317 5245 Δι
2347 5180 2448 5224 etc.

360 5216 762 5338 '“3éi'iuas.
798 5279 816 5311 ι
847 5247 1914 5338 Peccati:_’-“.‘::_‘ﬁliai)“:
2013 5215 2037 5233 °
2085 5215 2195 5338 iis
2232 5215 3578 5338 tiarisse:sint:.3:..1“:.'.;i?:.::;‘:?..°:““‘°

360 5246 379 5259 '
398 5246 762 5338 vigil-{Aliam
798 5279 816 5311 ι
847 5259 1117 5329 passiones
1143 5251 1378 5323 peccati,
1410 5268 1429 5299 ι
1465 5248 1560 5307 aL.
1596 5265 1614 5298 ι
1642 5247 1914 5326 vitia'pcc-
2085 5246 2193 5381 246)
2240 5246 2520 5318 Viuentem.
2548 5246 2884 5288 Uesmeratur
2910 5246 2963 5282 tn
2991 5246 3141 5303 libris
3165 5246 3578 5334 algttrsfru'm

359 5339 510 5399 cati.
544 5353 564 5385 ι
599 5342 653 5384 ει
684 5339 946 5399 βοείων(
983 5325 1206 5400 πυθοιιξιί
1227 5334 1410 5400 sm?“
1435 5333 1464 5371 ³
1491 5317 1606 5386 ¹θεθ
1631 5326 1836 5380 "must
1885 5335 1903 5368 ³
2093 5314 2196 5400 ιὲἶὲ
2232 5295 3305 5400 Ψ),ῧῖιῇίθἏἿΒέἴῖῗ..¹.¹1⁰Έῗὲ³³ὶῖἶςῖξῗι¹¹ἓῖ“ῗιι
3336 5347 3605 5400 auibus-

1436 5363 1464 5371 “
1491 5363 1605 5386 ’τ’
1631 5363 1836 5380 "mm.
1885 5363 1903 5368 ⁷
2040 5449 2054 5466 “
2090 5363 2198 5448 (48)
2236 5363 2478 5428 Alterius.
2532 5363 2804 5426 Oiuittitur
2852 5367 2904 5418 in
2948 5364 3110 5418 editis
3145 5367 3209 5411 et
3247 5367 3305 5404 ιιι
3336 5363 3374 5415 q

2100 5041 2165 5093 44
2222 5039 2354 5090 Sibi.
2382 5039 2536 5087 Deest
2566 5039 2618 5083 in
2641 5039 2816 5084 editis.
3307 5083 3318 5094 .
3443 5083 3456 5094 .

2077 5039 2187 5178 issi
2210 5105 2372 5165 Alias,
2393 5120 2412 5153 ι
2434 5099 2537 5153 Sed
2557 5099 2693 5152 sicut
2710 5098 2788 5150 vir
2812 5095 2927 5165 (aL,
2946 5111 2965 5146 ι
2983 5095 3156 5147 virum
3183 5091 3322 5152 ι)ειιι
3346 5082 3572 5148 legibus

445 5449 806 5530 'Ito'iu'inﬁ
835 5449 887 5518 in
913 5463 1195 5532 superiore.
1229 5475 1246 5506 ι
1364 5522 1375 5534 ο

445 5472 565 5608 iui
598 5535 727 5608 ἕξει
746 5533 991 5608 quidam,
1027 5547 1044 5580 ι
1077 5531 1433 5608 conversatio.
1467 5539 1486 5571 ι

2025 5449 2398 5597 ἀῗὶᾙῗῗίίθει
2431 5525 2451 5561 ⁸
2478 5507 2582 5564 Al"
2610 5502 2898 5577 ῑςιιοτειιὶε,
2935 5517 2954 5553 ι
2985 5496 3128 5568 quod
3184 5493 3382 5562 postea
3427 5493 3622 5548 repe-

2029 5594 2174 5638 titur.

448 5592 566 5676 ita}
592 5592 808 5671 sunt}
842 5592 1048 5664 virtute,
1081 5614 1100 5646 ι
1131 5592 1283 5648 male.
