3894 6224
356 294 485 348 1οη

1756 275 2071 334 ORIGENIS

3486 258 3621 312 10⁸72

359 411 496 478 quod
528 406 683 476 paulo
715 412 828 471 post
878 401 1044 453 dicit:
1088 417 1107 449 ι
1141 397 1353 450 Scimus
1391 405 1566 449 autem
1616 396 1869 463 quoniam
1899 398 1940 452 A
1969 394 2142 449 soluta
2172 401 2255 445 est
2287 405 2314 443 a
2345 389 2460 456 lege
2488 386 2622 442 viri.
2658 403 2679 436 ι
2709 381 2856 478 Quae
2918 389 3123 478 tamen
3184 375 3236 429 si
3288 373 3359 430 de
3393 386 3624 478 .aposto:

360 503 438 552 lex
469 495 719 567 spiritalis
750 501 848 545 est.
887 510 905 541 ι
939 489 1130 553 Legem
1161 502 1287 539 vero
1316 485 1608 553 spiritalem
1631 499 1747 539 esse
1767 501 1872 538 non

359 589 501 642 solus
531 584 718 637 Paulus
752 581 949 633 sciebat
984 578 1115 646 (50),
1146 576 1236 629 sed
1263 584 1315 628 et
1336 576 1389 629 hi
1420 574 1506 643 qui
1532 572 1600 627 ab
1631 574 1747 641 ipso
1774 573 1874 625 im-

359 676 692 731 buebantur:
732 672 818 738 qui
864 680 1039 722 tamen
1067 667 1332 735 spiritales
1372 675 1546 728 erant,
1576 665 1641 719 de
1686 666 1875 734 quibus

359 769 523 822 dicit:
559 784 576 816 ι
611 761 878 831 Spiritalis
904 769 1076 813 autem
1103 757 1370 811 examinat
1393 758 1567 809 omnia
1599 756 1664 809 δ’.
1704 775 1721 808 ι
1746 755 1873 809 Nam

356 860 421 912 de
440 856 641 911 Galatis
671 870 773 907 non
811 867 1025 921 possum
1048 848 1385 920 pronuntiare
1413 845 1553 915 quod
1601 846 1772 899 sciant
1796 843 1874 897 le-

356 963 470 1014 gem
504 944 791 1014 spiritalem
816 957 950 1001 esse,
973 940 1039 993 de
1066 940 1256 1008 quibus
1290 938 1415 991 dicit
1445 955 1458 990 :
1488 954 1507 986 ι
1546 935 1588 989 0
1617 934 1872 987 insensati

355 1037 554 1091 Galatae
599 1033 709 1100 (5i)
744 1031 820 1085 ιιι
860 1050 877 1082 ι
912 1030 1021 1083 Nisi
1054 1029 1192 1083 forte
1224 1039 1344 1081 tunc
1376 1026 1595 1081 scierint
1621 1041 1740 1080 cum
1772 1025 1878 1092 spi-

357 1127 459 1179 ritu
489 1132 759 1192 cmperant
784 1137 797 1172 :
823 1122 913 1174 sed
944 1134 1048 1173 non
1078 1125 1486 1188 permanserunt
1512 1115 1563 1169 in
1583 1117 1681 1169 hac
1703 1112 1877 1168 scien-

359 1219 444 1274 tia.
480 1216 597 1282 quia
633 1227 792 1265 carne
813 1209 1162 1265 consummati
1196 1216 1336 1260 sunt.
1362 1205 1731 1274 Apostolorum
1753 1219 1878 1258 vero

357 1304 591 1357 doctrina
619 1301 749 1372 (52).
777 1308 831 1352 et
858 1313 1039 1353 eorum
1084 1298 1173 1366 qui
1207 1296 1274 1349 ab
1302 1296 1430 1364 ipsis
1464 1295 1878 1348 instituebantur

356 1394 419 1445 ad
454 1393 769 1452 docendum,
794 1389 915 1441 talis
940 1395 1076 1449 erat,
1109 1401 1225 1454 qua:
1254 1385 1467 1438 doceret
1491 1383 1735 1436 homines
1761 1398 1876 1436 ser-

359 1484 470 1535 vire
490 1480 586 1548 legi
618 1498 636 1529 ι
667 1493 769 1531 non
798 1477 851 1529 in
880 1483 1140 1528 vetustate
1167 1474 1376 1537 litterae,
1415 1490 1434 1524 ι
1465 1472 1559 1526 sed
1590 1490 1608 1522 ι
1649 1472 1699 1524 in
1731 1470 1880 1525 novi-

361 1583 468 1626 tate
511 1569 728 1637 spiritus
760 1568 825 1620 δ’.
852 1568 883 1618 ἰ
925 1565 1072 1631 Quod
1108 1580 1211 1618 non
1247 1563 1416 1617 solum
1448 1561 1740 1629 apostolos,
1786 1559 1879 1613 sed

358 1673 412 1715 et
442 1662 748 1728 prophetas,
779 1667 826 1710 et
855 1657 900 1710 si
934 1656 1022 1723 qui
1062 1663 1214 1707 erant
1241 1662 1367 1707 tunc
1387 1653 1659 1720 sapientes
1685 1652 1734 1703 in
1783 1665 1879 1719 po-

359 1751 483 1819 pulo
514 1750 625 1812 Dei,
657 1747 886 1802 sensisse
927 1745 1173 1803 arbitror,
1206 1741 1328 1810 quia
1365 1740 1448 1794 lex
1499 1741 1749 1809 spiritalis
1773 1751 1876 1802 est,

361 1838 484 1890 licet
514 1835 866 1889 multitudinis
901 1847 1058 1885 causa
1093 1830 1250 1884 etiam
1279 1828 1542 1881 carnalem
1573 1828 1880 1881 viderentur

361 1925 751 1981 observantiam
787 1923 1071 1976 custodire.
1119 1919 1227 1973 Nec
1271 1919 1488 1984 mirum,
1518 1935 1637 1973 cum
1671 1929 1717 1971 et
1767 1919 1881 1986 ipse

358 2016 560 2069 Paulus
608 2014 748 2067 dicat
778 2028 791 2064 :
833 2012 965 2075 Quia
1000 2029 1018 2061 ι
1049 2011 1219 2063 factus
1265 2023 1382 2063 sum
1409 2006 1604 2063 Iudaeis
1636 2018 1881 2076 tanquam

361 2106 594 2169 .ludmus,
618 2101 902 2156 utJudreos
931 2099 1299 2153 lucrifacerem
1325 2099 1392 2152 ⁸⁸.
1423 2117 1442 2150 ι
1468 2098 1541 2150 lta
1573 2114 1701 2166 ergo
1731 2099 1879 2151 multi

362 2195 415 2247 in
445 2193 633 2260 populo
657 2191 830 2261 priore
857 2189 1204 2258 proﬁciebant
1231 2189 1282 2241 in
1316 2187 1536 2241 scientia
1558 2187 1804 2255 spiritali,
1830 2195 1885 2241 et

366 2283 611 2335 videbant
657 2280 879 2347 gloriam
908 2277 1066 2331 Verbi
1116 2277 1228 2343 Dei,
1280 2277 1418 2330 sicut
1464 2276 1632 2329 Isaias
1686 2276 1884 2330 vidisse

362 2368 614 2423 scribitur
644 2367 862 2436 gloriam
891 2365 1009 2419 Filii
1039 2366 1151 2426 Dei,
1181 2374 1237 2416 nt
1272 2375 1495 2418 testatur
1514 2364 1746 2418 Joannes
1762 2380 1882 2419 cum

362 2458 488 2512 dicit
512 2473 556 2511 ε(
578 2456 702 2510 Περ
716 2465 891 2509 autem
910 2455 1044 2508 dixit
1072 2454 1256 2516 lsaias,
1274 2453 1484 2521 quando
1512 2453 1644 2506 vidit
1667 2455 1883 2522 gloriam

363 2543 476 2612 ejus
496 2545 561 2596 ⁸¹.
597 2562 616 2594 ι
652 2542 954 2596 Scientibus
978 2555 1106 2608 ergo
1134 2540 1300 2608 legem
1336 2539 1569 2608 loquitur
1598 2541 1807 2605 Paulus,
1835 2543 1886 2595 id

363 2643 445 2687 est
470 2632 758 2685 scientibus
777 2645 894 2699 quae
926 2629 997 2684 sit
1039 2629 1148 2700 (55)
1179 2629 1229 2681 in
1265 2628 1379 2696 lege
1407 2637 1647 2683 vetustas
1677 2630 1884 2696 litterte,

363 2731 417 2776 et
442 2721 650 2775 novitas
672 2720 916 2788 spiritus;
952 2721 1092 2786 quod
1132 2718 1223 2786 qui
1254 2719 1388 2772 bene
1415 2718 1536 2781 scit,
1578 2719 1723 2770 novit
1774 2718 1888 2772 sine

304 2838 311 2843 -
364 2809 526 2863 dubio
550 2808 673 2876 quia
709 2808 778 2859 ita
811 2806 895 2860 lex
924 2805 1229 2859 dominatur
1259 2802 1458 2857 homini
1488 2802 1718 2868 quandiu
1735 2802 1886 2865 vivit,

1972 484 2037 536 lis
2061 480 2192 552 (54),
2228 480 2307 532 vel
2336 479 2401 531 de
2429 478 2515 531 his
2544 475 2639 544 qui
2667 487 2739 527 ex
2768 464 3248 523 circumcisione
3266 462 3627 552 crediderunt

1973 550 2112 625 dicta
2146 569 2539 637 intelligantur,
2602 562 2679 617 nil
2719 554 3214 617 commovebitur
3248 550 3579 621 questionis
3608 568 3622 605 :

1971 662 2170 716 clarum
2208 671 2436 726 namque
2461 665 2545 709 est
2575 654 2727 723 quod
2762 651 2820 706 hi
2885 649 3086 715 legem
3131 643 3299 696 velut
3323 642 3505 693 virum
3535 641 3628 693 ha-

1977 753 2219 811 buerunt,
2236 748 2334 802 sub
2351 745 2508 813 cujus
2528 751 2831 812 potestate
2859 737 3179 791 vivebant.
3215 731 3336 786 Sed
3360 729 3456 783 ubi
3482 730 3629 783 venit

1973 838 2244 909 plenitudo
2272 847 2569 905 temporum
2599 833 2672 895 ⁸³,
2710 832 2803 885 lex
2855 824 3165 882 inﬁrmari
3205 824 3394 889 cmpit
3426 820 3483 872 in
3512 833 3632 909 car-

1975 906 2061 990 ne,
2086 942 2139 983 et
2160 928 2528 981 inﬁrmitatem
2548 937 2705 976 mors
2727 925 3058 973 consecuta
3080 921 3203 976 est,
3232 921 3296 965 et
3325 910 3375 963 si
3406 908 3502 976 qui
3521 906 3629 975 (55)

1974 1019 2070 1074 sub
2095 1026 2360 1086 potestate
2382 1015 2546 1084 hujus
2571 1012 2680 1066 viri
2731 1011 3010 1063 vixerant
3075 1013 3373 1073 tanquam
3415 998 3630 1061 mulier,

1976 1120 2184 1164 mortua
2232 1109 2414 1162 littera
2450 1105 2672 1173 spiritui
2720 1100 2955 1155 nubunt
2996 1097 3259 1153 Christo
3314 1095 3627 1148 credentes.

1976 1200 2038 1253 lli
2074 1214 2199 1253 vero
2228 1199 2318 1266 qui
2353 1211 2421 1251 ex
2451 1197 2709 1267 gentibus
2764 1190 3024 1247 Domino
3076 1186 3492 1248 crediderunt,
3527 1198 3628 1236 non

1975 1289 2295 1341 videbuntur
2326 1286 2439 1356 (56)
2487 1287 2590 1339 sub
2625 1285 2798 1354 hujus
2858 1281 3005 1345 viri,
3077 1279 3143 1331 id
3182 1285 3278 1331 est
3339 1274 3450 1329 sub
3499 1273 3631 1343 legis

1975 1384 2238 1445 potestate
2264 1377 2489 1441 vixisse,
2527 1389 2628 1429 nec
2660 1373 2941 1428 habuisse
2968 1372 3185 1425 virum
3231 1368 3387 1438 legis
3422 1383 3632 1422 sermo-

1977 1481 2118 1521 nem.
2142 1465 2532 1520 Testimonium
2561 1475 2749 1518 autem
2783 1461 2962 1532 hujus
2997 1460 3122 1525 rei,
3164 1459 3226 1513 id
3252 1467 3346 1514 est
3402 1460 3548 1529 quod
3578 1458 3630 1513 hi

1975 1556 2064 1625 qui
2098 1571 2163 1608 ex
2190 1548 2608 1609 circumcisione
2650 1563 2788 1608 sunt
2818 1553 2930 1607 sub
2983 1551 3134 1605 viro
3161 1551 3412 1615 fuerint,
3446 1551 3499 1605 hi
3532 1565 3631 1603 au-

1981 1657 2082 1700 tem
2118 1646 2209 1713 qui
2242 1659 2310 1698 ex
2352 1644 2610 1711 gentibus
2656 1643 2782 1697 sine
2810 1642 2967 1706 viro,
3001 1641 3205 1696 Isaias
3234 1640 3497 1695 declarat
3540 1642 3621 1694 di-

1978 1751 2101 1790 cens
2127 1734 2235 1805 (57)
2262 1753 2275 1789 :
2303 1753 2322 1786 ι
2357 1734 2567 1789 Laetare
2588 1733 2801 1789 sterilis
2835 1748 2971 1803 quae
3009 1748 3139 1788 non
3176 1731 3367 1802 paris,
3404 1746 3626 1801 erumpe

1975 1834 2029 1878 et
2046 1825 2212 1878 clama
2240 1838 2359 1892 quae
2382 1837 2489 1877 non
2517 1823 2804 1890 parturis;
2864 1823 3177 1892 quoniam
3214 1821 3385 1875 multi
3422 1819 3517 1873 ﬁlii
3539 1821 3629 1873 de-

1977 1924 2152 1979 εει-ιω,
2177 1915 2347 1984 magis
2374 1928 2538 1983 quam
2565 1911 2684 1980 ejus
2712 1927 2843 1983 qua
2878 1913 3075 1967 habet
3105 1912 3307 1967 virum
3333 1911 3406 1967 ³⁵.
3446 1928 3469 1964 ι
3502 1910 3629 1965 Ilul-

1978 2015 2060 2062 tos
2100 2005 2238 2060 ﬁlios
2258 2005 2387 2059 dicit
2415 2004 2651 2060 deserta:
2674 2004 2860 2074 magis
2912 2018 3109 2073 quam
3155 2006 3293 2073 ejus
3319 2018 3449 2073 qua:
3474 2002 3631 2057 habet

1978 2097 2172 2159 virum,
2195 2093 2332 2164 quod
2364 2094 2535 2147 multo
2571 2094 2759 2163 plures
2790 2108 2862 2149 ex
2886 2094 3203 2164 gentibus.
3224 2107 3406 2163 quam
3430 2108 3497 2148 ex
3525 2093 3629 2147 cir-

1981 2185 2308 2241 cumcisione
2327 2183 2701 2249 crediderint;
2734 2193 2795 2238 et
2829 2184 3113 2239 ostendit
3141 2199 3279 2238 eam
3317 2198 3447 2253 qua
3475 2183 3629 2236 habet

1982 2277 2175 2339 virum,
2202 2274 2543 2344 Synagogam
2577 2286 2702 2328 esse
2731 2271 2851 2342 (58)
2875 2286 3018 2341 qua
3056 2272 3251 2328 habet
3284 2271 3501 2343 legem;
3531 2271 3629 2327 de-

1983 2374 2177 2420 sertam
2207 2379 2358 2430 vero,
2391 2374 2447 2420 et
2478 2378 2706 2434 vagam,
2739 2379 2811 2418 ac
2839 2365 2977 2420 sine
3010 2363 3142 2418 ulla
3176 2372 3473 2433 potestate
3500 2362 3628 2433 legis

1981 2456 2269 2516 viventem,
2308 2454 2550 2523 gentium
2585 2452 3024 2508 multitudinem
3049 2494 3071 2521 ,
3130 2468 3272 2525 qua
3332 2462 3394 2508 et
3428 2452 3627 2508 sterilis

1982 2555 2135 2609 erat,
2168 2543 2364 2598 nullius
2393 2543 2624 2614 legitimi
2651 2543 2811 2598 verbi
2841 2544 3180 2613 proferens
3233 2559 3491 2616 germen.
3526 2542 3626 2597 Po-

1983 2636 2126 2688 nitur
2150 2648 2280 2703 ergo
2316 2633 2371 2687 in
2405 2631 2493 2686 bis
2522 2632 2591 2686 ab
2639 2632 2922 2699 Apostolo
2981 2633 3179 2690 homo
3234 2635 3342 2704 qui
3385 2634 3488 2689 sub
3515 2631 3626 2704 lege

1984 2725 2130 2786 vivit,
2156 2735 2412 2792 tauquam
2439 2724 2641 2779 mulier
2662 2740 2792 2795 qua
2824 2726 2941 2781 sub
2977 2726 3125 2781 viro
3155 2735 3279 2783 est.
3321 2726 3517 2782 Virum
3542 2739 3625 2777 au-

1987 2825 2088 2868 tem
2112 2814 2259 2883 ponit
2280 2827 2583 2868 sermonem
2616 2813 2780 2885 legis,
2809 2829 2998 2884 quem
3031 2826 3242 2872 tamen
3275 2817 3462 2870 virum
3487 2827 3624 2869 more

364 2900 504 2952 sicut
530 2897 614 2951 vir
647 2895 883 2959 mulieri;
916 2903 967 2948 et
997 2894 1132 2947 sicut
1165 2901 1337 2946 morte
1367 2892 1465 2944 viri
1494 2890 1747 2944 liberatur
1775 2906 1891 2944 mu-
1988 2914 2136 2959 mum
2161 2905 2293 2959 dicit
2321 2904 2459 2975 (59)⁹
2486 2905 2580 2974 qui
2608 2913 2700 2960 est
2733 2906 3080 2961 secundum
3145 2907 3405 2963 “ueram
3450 2920 3623 2962 sermo

366 2987 464 3041 Iier
485 3003 512 3038 a
544 2986 658 3054 lege
687 2984 847 3054 578
893 2981 1147 3051 coniugii,
1194 2990 1249 3035 et
1297 2980 1533 3034 sociandi
1567 2992 1626 3032 se
1650 2979 1765 3032 viro
1798 2978 1880 3032 alii

2023 2996 2135 3062 agis.
2172 2993 2278 3048 Sed
2310 2993 2356 3047 is
2386 2991 2664 3062 quomodo
2716 2993 2798 3048 sit
2832 3002 3161 3059 mortuus,
3223 2994 3619 3064 pervidendum

367 3077 558 3144 accipit
611 3076 927 3139 libertatem,
980 3074 1049 3126 ita
1087 3080 1143 3126 et
1169 3071 1343 3125 anima
1382 3068 1531 3137 cujus
1557 3068 1640 3122 vir
1662 3067 1745 3122 lex
1777 3076 1879 3130 est.

365 3181 484 3219 cum
520 3173 835 3220 vetustatem
858 3163 1050 3216 littera:
1076 3162 1127 3214 in
1162 3160 1277 3229 lege
1308 3160 1735 3227 deprehenderit,
1758 3159 1883 3229 quia

360 3255 502 3322 quod
536 3253 814 3306 veterascit
839 3266 1000 3320 prope
1027 3250 1398 3305 exterminium
1431 3257 1533 3310 est,
1563 3250 1723 3302 veluti
1743 3263 1884 3302 mor-

366 3352 451 3394 tua
480 3342 577 3395 sibi
605 3340 718 3408 lege
747 3341 1034 3395 secundum
1065 3339 1292 3392 litteram
1322 3339 1514 3408 accipit
1540 3338 1765 3392 nubendi
1792 3337 1883 3392 alii

290 3422 294 3427 ’
362 3433 497 3496 viro,
524 3429 613 3498 qui
643 3438 724 3483 est
741 3430 953 3496 spiritus
975 3428 1103 3498 legis
1132 3447 1146 3482 :
1190 3448 1209 3480 ι
1241 3429 1469 3498 Spiritus
1500 3438 1675 3482 autem
1704 3429 1881 3482 Domi-

367 3537 464 3575 nus
511 3529 591 3573 est
611 3522 678 3572 ⁸³.
714 3536 737 3573 ι
765 3518 913 3583 Quod
963 3530 1138 3573 autem
1170 3522 1324 3584 dixit,
1375 3539 1394 3573 ι
1430 3520 1540 3576 Lex
1585 3523 1883 3575 dominatur

365 3611 564 3664 homini
594 3617 793 3676 quanto
824 3617 1057 3677 tempore
1086 3610 1214 3664 vivit
1240 3650 1257 3675 ,
1298 3628 1317 3662 ι
1352 3626 1455 3665 non
1483 3611 1546 3662 ad
1592 3610 1882 3672 hominem,

362 3701 455 3755 sed
489 3702 554 3753 ad
589 3700 752 3770 legem
784 3700 1162 3759 refertur.ﬂoc
1188 3702 1328 3756 enim
1354 3710 1406 3755 et
1429 3701 1480 3754 in
1513 3701 1886 3768 consequenti-

365 3787 464 3841 bus
493 3788 710 3852 indicat,
747 3789 834 3843 ubi
862 3789 1030 3845 dicit:
1059 3807 1079 3841 ‹
1122 3790 1351 3845 Vivente
1388 3789 1503 3841 viro
1544 3788 1753 3858 alligata
1803 3797 1887 3843 est

366 3877 503 3946 legi;
540 3894 560 3930 ι
586 3886 641 3931 et
680 3877 844 3944 ipsius
879 3879 1101 3948 exempli
1132 3877 1273 3948 quod
1302 3888 1632 3945 assumptum
1669 3885 1748 3930 est
1773 3877 1885 3946 ple-

366 3968 483 4019 nius
508 3967 645 4019 idem
668 3968 800 4020 ordo
820 3967 1056 4021 declarat
1094 3983 1108 4019 :
1138 3968 1307 4036 legem
1352 3968 1493 4039 enim
1523 3966 1641 4020 loco
1665 3967 1761 4020 viri
1791 3981 1885 4036 po—

363 4057 490 4119 suit,
518 4064 572 4109 et
592 4057 656 4110 de
684 4056 797 4124 ipsa
822 4056 950 4110 dicit
974 4071 990 4108 :
1017 4076 1035 4107 ι
1059 4056 1114 4110 Si
1141 4067 1316 4111 autem
1331 4065 1569 4110 mortuus
1596 4054 1878 4123 fueritvir,

436 4214 481 4246 "
510 4212 676 4269 lCor.
702 4229 760 4272 ιι.
791 4212 874 4266 15.
973 4213 1018 4245 ⁸⁸
1036 4213 1190 4267 Galat
1222 4229 1257 4275 ι,
1290 4212 1344 4264 3.
1436 4212 1480 4244 δ’
1505 4213 1659 4266 Rom.
1691 4227 1785 4272 vn.
1810 4211 1865 4267 6.

436 4411 544 4493 (ξο)
578 4410 796 4493 Alias}
831 4409 1022 4478 Legem
1052 4422 1177 4463 vero
1219 4408 1506 4477 spiritalem
1556 4422 1662 4463 non
1711 4408 1880 4463 solum
1913 4417 1955 4470 ι)
1982 4410 2295 4493 marita‘lite‘r
2315 4406 2539 4493 spiritui
2580 4415 2817 4493 nubent.
2854 4437 2877 4472 ι
2920 4420 3044 4478 Sed
3086 4433 3312 4489 rectius
3342 4450 3481 4493 mss.

366 4479 557 4531 Paulus
580 4479 798 4532 sciebat.
832 4497 851 4528 ι

434 4547 543 4616 (51)
583 4545 677 4616 Ms.
691 4560 839 4616 unus
859 4544 1227 4616 Regiusuum.
1253 4544 1380 4616 1641
1405 4545 1490 4616 sic
1522 4545 1707 4616 habet,
1735 4560 1754 4593 ι
1787 4542 1879 4610 qui

370 4612 547 4669 tamen
572 4613 837 4681 spiritales
856 4622 1026 4681 erant.
1061 4613 1186 4665 Nam
1215 4613 1265 4681 id
1289 4615 1502 4681 quidam
1528 4612 1770 4681 carnales
1791 4625 1883 4681 ne-

365 4679 626 4745 sciebant,
684 4682 749 4734 de
780 4680 973 4748 quibus
1011 4682 1137 4735 dicit
1165 4698 1180 4734 :
1213 4680 1256 4735 0
1296 4679 1549 4734 iuseusali
1583 4679 1819 4733 Galatae!
1856 4697 1877 4730 ι

364 4749 557 4807 Caneri
583 4764 710 4803 vero
733 4764 860 4802 mss.
890 4757 944 4802 et
970 4750 1096 4804 editi
1127 4759 1185 4801 ut
1213 4751 1263 4802 in
1284 4758 1466 4803 nostro
1487 4757 1652 4802 textu.

434 4818 547 4886 (52)
585 4817 683 4872 Ms.
717 4833 874 4886 unus,
914 4834 934 4867 ι
965 4817 1330 4883 Apostolorum
1364 4817 1505 4870 enim
1528 4815 1802 4886 doctrina.
1857 4832 1876 4866 ι

368 4885 567 4940 Deinde
586 4887 711 4939 editi
739 4885 996 4951 plerique,
1015 4904 1035 4935 ι
1058 4886 1457 4938 instruebantur
1475 4885 1540 4938 ad
1563 4885 1879 4946 docendum,

372 4956 491 5005 talis
519 4964 656 5015 erat,
685 4969 799 5018 quae
819 4955 996 5014 docet,
1028 4973 1050 5003 υ
1086 4965 1189 5004 etc.

438 5021 550 5091 (55)
589 5020 676 5074 Sic
705 5036 830 5091 mss.
855 5022 1109 5091 plerique.
1141 5020 1276 5091 Editi
1310 5035 1435 5074 vero
1459 5030 1523 5091 et
1552 5034 1651 5072 ms.
1695 5033 1833 5091 unus
1861 5036 1876 5072 :

375 5100 394 5131 ο
413 5086 713 5159 Ηοεξθυιοηι
728 5086 1031 5159 dicit'lsaias
1042 5089 1180 5157 quod
1192 5088 1310 5159 (aL,
1329 5108 1348 5140 ι
1369 5089 1615 5159 quoniam
1634 5098 1681 5156 ο)
1700 5086 1845 5159 vidit.
1858 5105 1877 5138 ι

370 5164 473 5210 etc.
522 5157 713 5208 Deinde
744 5171 869 5209 mss.
912 5154 1123 5222 quidam
1168 5154 1287 5208 cum
1316 5154 1492 5217 editis.
1535 5174 1554 5206 ι
1583 5154 1883 5208 Scientibus

370 5222 506 5293 enim
527 5222 642 5293 (aL,
666 5240 684 5271 ι
704 5237 834 5293 ergo
852 5222 898 5293 ι)
916 5223 1080 5289 legem
1097 5224 1301 5291 loquor,
1323 5224 1714 5293 iuqthaulus,
1734 5223 1784 5275 id
1802 5233 1884 5275 est

371 5288 658 5357 scientibus
682 5288 803 5355 quia
839 5288 932 5355 sit,
960 5288 987 5341 ἰ
1015 5302 1120 5345 etc.

439 5354 546 5429 (βλ)
579 5356 675 5409 Ms.
700 5354 854 5420 unus,
880 5378 899 5410 ‹
926 5358 1065 5429 side
1094 5359 1314 5428 populis.
1350 5379 1370 5412 ι
1399 5362 1503 5424 AL,
1534 5379 1555 5412 ι
1582 5361 1629 5415 si
1652 5361 1716 5413 de
1747 5371 1874 5429 apo-

373 5422 648 5487 stolorum,
686 5441 706 5473 ι
735 5434 859 5487 etc.,
893 5426 1048 5480 male.

442 5486 551 5567 (55'?)
590 5488 863 5567 limatius,
891 5511 910 5543 ε
940 5504 994 5567 et
1042 5496 1120 5549 sic
1148 5497 1260 5567 qui,
1300 5514 1318 5547 ι
1343 5506 1461 5567 etc.,
1483 5496 1682 5549 Deinde
1726 5491 1875 5567 editi.

380 5569 399 5600 ι
423 5553 857 5620 ntulier,spiritui
882 5562 1101 5615 nubunt.
1131 5553 1308 5619 i'ﬂss.
1343 5566 1575 5629 quidam.
1605 5581 1623 5614 ι
1657 5563 1877 5619 mulier.

1961 4213 2006 4245 '°
2032 4212 2051 4265 l
2074 4213 2196 4289 cor.
2226 4216 2432 4289 I_X‘,_?Q.
2479 4215 2550 4276 ,⁸¹
2576 4216 2745 4289 Joan.
2774 4234 2884 4289 xu,
2903 4221 3010 4283 41.

364 4282 410 4315 ⁸³
436 4282 608 4338 Galat.
637 4297 708 4343 tv,
730 4281 784 4334 4.
856 4281 902 4313 ⁸⁵
929 4280 1047 4335 lsai.
1079 4296 1183 4346 Liv,
1215 4282 1238 4332 1
1265 4296 1280 4345 ;
1312 4280 1484 4335 Galat.
1513 4297 1582 4341 tv,
1613 4279 1702 4334 27.
1772 4281 1819 4312 ⁸³
1846 4280 1880 4335 H

2040 4298 2094 4345 x,
2123 4282 2171 4337 Ι.
2245 4284 2292 4315 ⁸⁸
2314 4283 2479 4339 Hebr.
2509 4299 2589 4347 tx,
2620 4284 2713 4339 24.

1965 5306 1984 5358 ᾳ
2007 5300 2061 5345 et
2089 5293 2142 5346 in
2174 5295 2510 5358 Hierusalem

1960 5357 2199 5417 inhiabat
2236 5374 2348 5422 terr

1961 5424 2128 5497 Sedp

1961 5565 2134 5623 editis.

1986 3092 2087 3139 est.
2133 3065 2317 3136 Potest
2344 3081 2562 3150 quidem
2594 3082 2763 3136 etiam
2809 3083 2871 3136 in
2906 3084 3035 3140 hoc
3074 3085 3273 3138 videri
3309 3084 3429 3153 (eo)
3481 3068 3647 3137 mor?

1987 3181 2127 3233 tuus,
2168 3185 2291 3225 cum
2335 3171 2600 3241 spiritalis
2632 3170 3037 3242 intelligentia
3097 3174 3365 3230 excludit
3393 3182 3454 3229 et
3484 3171 3622 3228 velut

1985 3260 2243 3314 interimit
2272 3261 2637 3329 corporalem,
2664 3270 2722 3315 et
2753 3264 3030 3319 ostendit
3058 3265 3466 3335 refugiendam
3504 3276 3621 3319 esse

1984 3346 2313 3401 occidentem
2363 3345 2630 3414 litteram,
2679 3356 2741 3403 et
2792 3354 3183 3420 sequendum
3248 3353 3618 3408 viviﬁcantem

1985 3437 2256 3507 spiritum.
2286 3437 2395 3491 Sed
2450 3447 2509 3493 et
2547 3438 2657 3494 hoc
2689 3441 2864 3495 modo
2901 3453 3200 3500 mortuus
3260 3458 3399 3499 esse
3426 3443 3515 3499 hic
3542 3442 3625 3497 vir.

1984 3525 2279 3579 evidentius
2302 3527 2712 3594 approbabitur.
2750 3529 2994 3586 Etenim
3025 3534 3225 3589 donec
3249 3537 3347 3589 lex
3376 3535 3616 3588 umbram

1983 3614 2204 3684 gerebat
2232 3613 2536 3668 futurorum
2560 3618 2840 3671 bonorum
2868 3618 2951 3684 ⁸⁸,
2981 3630 3051 3676 et
3083 3623 3145 3677 in
3167 3623 3489 3679 Jerusalem
3511 3631 3616 3676 ter-

1988 3718 2116 3758 rena
2141 3703 2254 3775 (61)
2277 3705 2513 3759 calcatis
2542 3706 2779 3761 cultura:
2804 3716 2987 3778 typus
3015 3722 3085 3766 et
3144 3714 3348 3783 imago
3398 3713 3616 3784 gereba-

1989 3800 2094 3855 tur,
2118 3802 2170 3846 et
2203 3793 2373 3848 altare
2402 3798 2685 3860 manebat,
2707 3802 2765 3848 et
2775 3801 3221 3870 sacerdotium,
3243 3817 3444 3861 sermo
3467 3804 3612 3873 legis,

1990 3880 2167 3936 littera
2227 3882 2499 3948 videlicet,
2545 3886 2737 3940 vivere
2786 3885 2919 3959 (62)
2973 3892 3323 3950 videbatur.
3370 3894 3612 3950 Nondum

1985 3969 2126 4023 enim
2160 3969 2443 4025 introierat
2462 3971 2518 4025 iu
2548 3983 2742 4028 sancta
2760 3988 2877 4030 non
2897 3982 3258 4040 manufacta
3282 3981 3612 4050 Christus”,

1986 4072 2084 4112 nec
2125 4068 2427 4114 accesserat
2465 4061 2534 4115 ad
2576 4061 2833 4119 velamen
2886 4067 3182 4140 interius,
3219 4076 3380 4145 quod
3417 4074 3485 4129 ad
3513 4071 3613 4127 ile-

3096 4229 3148 4261 "
3170 4228 3218 4285 ll
3248 4234 3387 4291 Cor.
3413 4251 3500 4301 tu,
3525 4238 3611 4293 17.

1983 4452 2286 4490 "ni-"mu."
2319 4452 2422 4478 vr"
2439 4452 2539 4467 In"
2581 4452 2817 4498 "uwf'h
2854 4452 2877 4472 ι
2920 4452 3044 4478 σου
3087 4452 3312 4489 τωιιιιε
3342 4452 3481 4493 111⁵8.
3513 4452 3609 4492 uo-

1983 4486 2205 4600 ξιξῇηξξ.
2231 4478 2510 4597 [fabam’s’
2545 4499 2565 4534 ‘
2610 4485 2838 4555 "mlle".
2873 4504 3114 4550 mortua
3150 4498 3349 4557 littera
3398 4507 3610 4575 spiriuii

1985 4613 3608 4774 ...f.f.:3.§;:::.;_,j.i:.s::;..t:'§.::..suamsedit:

1983 4749 2964 4883 .titanas:aetatm
2994 4770 3228 4830 αίθθυε·
3268 4796 3291 4828 ³
3323 4750 3605 4844 "iw"

2049 4885 2158 4957 (§§)
2201 4887 2348 4942 Esse.
2379 4889 2434 4942 In
2470 4893 2637 4947 editis
2657 4899 2976 4957 omittitur.

2048 4953 2297 5042 (Ξξηβξς
2320 4953 3022 5042 φείυιιιξξοβςιειοιέίήξέεὶο
3052 4991 3229 5042 mss.;
3265 4979 3531 5039 Rabanus
3550 4993 3605 5040 et

1979 5023 2130 5096 etilli.
2151 5040 2178 5096 ἒ(
2201 5025 2504 5096 _mortalem
2533 5031 2696 5096 dicit.
2732 5054 2754 5088 .
2990 5021 3018 5028 ν
3053 5021 3192 5034 ---υ-ι.
3209 5021 3229 5046 ,

1984 5090 2360 5208 ...£."3.?..§:!'_“:
2386 5102 2860 5208 intertexta?
2896 5118 3009 5208 ξει·
3053 5111 3252 5172 Ροιεει
3283 5119 3511 5190 quidem
3545 5120 3597 5175 ευ

2002 5161 2305 5233 inimicm.
2339 5179 2358 5210 ι
2386 5161 2595 5220 omisso
2628 5187 2649 5221 ι
2675 5175 2876 5233 etiam.
2905 5161 2931 5229 ἶ

2169 5226 2816 5325 Ξέξξᾷὶέξίῃιιίθιηηι
2841 5223 3201 5325 interrena;
3241 5278 3262 5310 ι
3304 5259 3588 5325 Rabanus,

2539 5316 2795 5405 tet-"rene.
2834 5339 2859 5405 ξ
2887 5316 3266 5405 mss._quidant
3304 5331 3470 5397 alius,
3502 5316 3594 5387 «et

2193 5373 2499 5461 ςηξεῖξτεῖρξε
2536 5395 2557 5426 ι
2578 5458 2587 5461 Α
2605 5382 2779 5461 alius,
2810 5400 2869 5444 et.
2895 5373 3524 5456 i’ithSiﬁB‘i'tEE'rEia'.
3541 5373 3584 5452 Ἴ

2130 5440 2596 5519 ριερτςεξθηιεδηιιι
2627 5452 2686 5507 iu
2716 5440 2914 5515 nostro
2948 5440 3121 5519 textu:

2186 5500 2438 5565 Videlicet
2470 5497 2686 5578 valide?
2707 5497 3492 5597 ligeuvc‘r’b‘audesiderantur
3534 5540 3585 5594 in
