  <div class='ocr_page' id='page_1' title='image "/cluster/home/n/w/nwhite01/storage/ocr_20150623/14 (Origen; pt. 4)/nyp.33433081862280/548.png"; bbox 0 0 3894 6276; ppageno 0'>
   <div class='ocr_carea' id='block_1_1' title="bbox 386 308 539 364">
    <p class='ocr_par' dir='ltr' id='par_1_1' title="bbox 386 308 539 364">
     <span class='ocr_line' id='line_1_1' title="bbox 386 308 539 364; baseline 0.007 -2"><span class='ocrx_word' id='word_1_1' title='bbox 386 308 539 364; x_wconf 77' lang='grc'>1075</span> 
     </span>
    </p>
   </div>
   <div class='ocr_carea' id='block_1_2' title="bbox 1314 271 2606 358">
    <p class='ocr_par' dir='ltr' id='par_1_2' title="bbox 1314 271 2606 358">
     <span class='ocr_line' id='line_1_2' title="bbox 1314 271 2606 358; baseline -0.005 0"><span class='ocrx_word' id='word_1_2' title='bbox 1314 271 1659 358; x_wconf 72' lang='lat' dir='ltr'><strong>comIEN&#39;r.</strong></span> <span class='ocrx_word' id='word_1_3' title='bbox 1699 300 1763 353; x_wconf 88' lang='lat' dir='ltr'><strong>lN</strong></span> <span class='ocrx_word' id='word_1_4' title='bbox 1794 297 2006 353; x_wconf 83' lang='lat' dir='ltr'><strong>EPIST.</strong></span> <span class='ocrx_word' id='word_1_5' title='bbox 2043 297 2132 350; x_wconf 69' lang='lat' dir='ltr'><strong>an</strong></span> <span class='ocrx_word' id='word_1_6' title='bbox 2165 299 2326 353; x_wconf 77' lang='grc' dir='ltr'>ιιοιι.</span> <span class='ocrx_word' id='word_1_7' title='bbox 2362 298 2484 352; x_wconf 88' lang='lat' dir='ltr'><strong>LIB.</strong></span> <span class='ocrx_word' id='word_1_8' title='bbox 2520 297 2606 351; x_wconf 81' lang='lat' dir='ltr'><strong>vt.</strong></span> 
     </span>
    </p>
   </div>
   <div class='ocr_carea' id='block_1_3' title="bbox 3389 299 3524 352">
    <p class='ocr_par' dir='ltr' id='par_1_3' title="bbox 3389 299 3524 352">
     <span class='ocr_line' id='line_1_3' title="bbox 3389 299 3524 352; baseline 0 0"><span class='ocrx_word' id='word_1_9' title='bbox 3389 299 3524 352; x_wconf 68' lang='grc'>1074</span> 
     </span>
    </p>
   </div>
   <div class='ocr_carea' id='block_1_4' title="bbox 381 406 3524 483">
    <p class='ocr_par' dir='ltr' id='par_1_4' title="bbox 381 406 3524 483">
     <span class='ocr_line' id='line_1_4' title="bbox 381 406 3524 483; baseline -0.003 -11"><span class='ocrx_word' id='word_1_10' title='bbox 381 419 569 472; x_wconf 84' lang='lat' dir='ltr'><strong>braos</strong></span> <span class='ocrx_word' id='word_1_11' title='bbox 589 414 1114 483; x_wconf 81' lang='lat' dir='ltr'><strong>scribeusApostolus</strong></span> <span class='ocrx_word' id='word_1_12' title='bbox 1134 414 1180 445; x_wconf 73' lang='grc' dir='ltr'>ι’</span> <span class='ocrx_word' id='word_1_13' title='bbox 1193 413 1916 468; x_wconf 67' lang='lat' dir='ltr'><strong>carnemChristiesseintero</strong></span> <span class='ocrx_word' id='word_1_14' title='bbox 1941 414 1986 467; x_wconf 83' lang='lat' dir='ltr'><strong>A</strong></span> <span class='ocrx_word' id='word_1_15' title='bbox 2013 423 2204 477; x_wconf 89' lang='lat' dir='ltr'><strong>corpus</strong></span> <span class='ocrx_word' id='word_1_16' title='bbox 2234 409 2454 474; x_wconf 79' lang='lat' dir='ltr'><strong>Christi,</strong></span> <span class='ocrx_word' id='word_1_17' title='bbox 2492 409 2545 462; x_wconf 88' lang='lat' dir='ltr'><strong>in</strong></span> <span class='ocrx_word' id='word_1_18' title='bbox 2591 422 2696 476; x_wconf 86' lang='lat' dir='ltr'><strong>quo</strong></span> <span class='ocrx_word' id='word_1_19' title='bbox 2741 421 2964 476; x_wconf 90' lang='lat' dir='ltr'><strong>corpore</strong></span> <span class='ocrx_word' id='word_1_20' title='bbox 3010 406 3120 475; x_wconf 80' lang='lat'><strong>(69)</strong></span> <span class='ocrx_word' id='word_1_21' title='bbox 3175 406 3524 476; x_wconf 65' lang='lat' dir='ltr'><strong>«iniquitates</strong></span> 
     </span>
    </p>
   </div>
   <div class='ocr_carea' id='block_1_5' title="bbox 377 501 1911 574">
    <p class='ocr_par' dir='ltr' id='par_1_5' title="bbox 377 501 1911 574">
     <span class='ocr_line' id='line_1_5' title="bbox 377 501 1911 574; baseline -0.005 -16"><span class='ocrx_word' id='word_1_22' title='bbox 377 516 651 574; x_wconf 83' lang='lat' dir='ltr'><strong>pretatur.</strong></span> <span class='ocrx_word' id='word_1_23' title='bbox 668 504 765 559; x_wconf 85' lang='lat' dir='ltr'><strong>Ubi</strong></span> <span class='ocrx_word' id='word_1_24' title='bbox 781 520 904 558; x_wconf 89' lang='lat' dir='ltr'><strong>vero</strong></span> <span class='ocrx_word' id='word_1_25' title='bbox 933 521 953 555; x_wconf 76' lang='grc' dir='ltr'><strong>ι</strong></span> <span class='ocrx_word' id='word_1_26' title='bbox 987 504 1207 558; x_wconf 83' lang='lat' dir='ltr'><strong>Verbum</strong></span> <span class='ocrx_word' id='word_1_27' title='bbox 1229 516 1352 556; x_wconf 89' lang='lat' dir='ltr'><strong>caro</strong></span> <span class='ocrx_word' id='word_1_28' title='bbox 1365 502 1556 555; x_wconf 79' lang='lat' dir='ltr'><strong>factum</strong></span> <span class='ocrx_word' id='word_1_29' title='bbox 1577 511 1676 566; x_wconf 88' lang='lat' dir='ltr'><strong>est,</strong></span> <span class='ocrx_word' id='word_1_30' title='bbox 1698 511 1751 554; x_wconf 88' lang='lat' dir='ltr'><strong>et</strong></span> <span class='ocrx_word' id='word_1_31' title='bbox 1766 501 1911 554; x_wconf 87' lang='lat' dir='ltr'><strong>habi-</strong></span> 
     </span>
    </p>
   </div>
   <div class='ocr_carea' id='block_1_6' title="bbox 376 589 1908 662">
    <p class='ocr_par' dir='ltr' id='par_1_6' title="bbox 376 589 1908 662">
     <span class='ocr_line' id='line_1_6' title="bbox 376 589 1908 662; baseline -0.005 -14"><span class='ocrx_word' id='word_1_32' title='bbox 376 594 525 648; x_wconf 83' lang='lat' dir='ltr'><strong>tavit</strong></span> <span class='ocrx_word' id='word_1_33' title='bbox 549 597 600 648; x_wconf 91' lang='lat' dir='ltr'><strong>in</strong></span> <span class='ocrx_word' id='word_1_34' title='bbox 629 593 778 646; x_wconf 88' lang='lat' dir='ltr'><strong>nobis</strong></span> <span class='ocrx_word' id='word_1_35' title='bbox 801 593 937 654; x_wconf 74' lang='lat' dir='ltr'><strong>&quot;,Ia</strong></span> <span class='ocrx_word' id='word_1_36' title='bbox 955 592 1227 662; x_wconf 71' lang='lat' dir='ltr'><strong>praesentia</strong></span> <span class='ocrx_word' id='word_1_37' title='bbox 1251 589 1362 656; x_wconf 91' lang='lat' dir='ltr'><strong>ejus</strong></span> <span class='ocrx_word' id='word_1_38' title='bbox 1385 589 1671 644; x_wconf 76' lang='lat' dir='ltr'><strong>Jerusalem</strong></span> <span class='ocrx_word' id='word_1_39' title='bbox 1701 599 1908 642; x_wconf 82' lang='lat' dir='ltr'><strong>terrena</strong></span> 
     </span>
    </p>
   </div>
   <div class='ocr_carea' id='block_1_7' title="bbox 377 678 1906 751">
    <p class='ocr_par' dir='ltr' id='par_1_7' title="bbox 377 678 1906 751">
     <span class='ocr_line' id='line_1_7' title="bbox 377 678 1906 751; baseline -0.005 -14"><span class='ocrx_word' id='word_1_40' title='bbox 377 697 510 737; x_wconf 87' lang='lat' dir='ltr'><strong>cum</strong></span> <span class='ocrx_word' id='word_1_41' title='bbox 560 681 755 750; x_wconf 87' lang='lat' dir='ltr'><strong>templo</strong></span> <span class='ocrx_word' id='word_1_42' title='bbox 786 681 896 751; x_wconf 77' lang='lat'><strong>(65)</strong></span> <span class='ocrx_word' id='word_1_43' title='bbox 934 691 987 735; x_wconf 88' lang='lat' dir='ltr'><strong>et</strong></span> <span class='ocrx_word' id='word_1_44' title='bbox 1020 680 1193 741; x_wconf 88' lang='lat' dir='ltr'><strong>altari,</strong></span> <span class='ocrx_word' id='word_1_45' title='bbox 1221 688 1378 746; x_wconf 90' lang='lat' dir='ltr'><strong>atque</strong></span> <span class='ocrx_word' id='word_1_46' title='bbox 1414 680 1655 732; x_wconf 89' lang='lat' dir='ltr'><strong>omnibus</strong></span> <span class='ocrx_word' id='word_1_47' title='bbox 1685 694 1800 746; x_wconf 88' lang='lat' dir='ltr'><strong>qua</strong></span> <span class='ocrx_word' id='word_1_48' title='bbox 1839 678 1906 731; x_wconf 88' lang='lat' dir='ltr'><strong>ibi</strong></span> 
     </span>
    </p>
   </div>
   <div class='ocr_carea' id='block_1_8' title="bbox 370 768 1909 840">
    <p class='ocr_par' dir='ltr' id='par_1_8' title="bbox 370 768 1909 840">
     <span class='ocr_line' id='line_1_8' title="bbox 370 768 1909 840; baseline -0.003 -14"><span class='ocrx_word' id='word_1_49' title='bbox 370 772 736 840; x_wconf 73' lang='lat' dir='ltr'><strong>gerebantur,</strong></span> <span class='ocrx_word' id='word_1_50' title='bbox 761 785 946 824; x_wconf 85' lang='lat' dir='ltr'><strong>eversa</strong></span> <span class='ocrx_word' id='word_1_51' title='bbox 975 777 1075 824; x_wconf 90' lang='lat' dir='ltr'><strong>est.</strong></span> <span class='ocrx_word' id='word_1_52' title='bbox 1093 768 1240 822; x_wconf 87' lang='lat' dir='ltr'><strong>Tunc</strong></span> <span class='ocrx_word' id='word_1_53' title='bbox 1258 777 1496 822; x_wconf 89' lang='lat' dir='ltr'><strong>mortuus</strong></span> <span class='ocrx_word' id='word_1_54' title='bbox 1513 778 1595 822; x_wconf 87' lang='lat' dir='ltr'><strong>est</strong></span> <span class='ocrx_word' id='word_1_55' title='bbox 1609 769 1690 820; x_wconf 92' lang='lat' dir='ltr'><strong>vir</strong></span> <span class='ocrx_word' id='word_1_56' title='bbox 1703 769 1836 832; x_wconf 83' lang='lat' dir='ltr'><strong>ejus,</strong></span> <span class='ocrx_word' id='word_1_57' title='bbox 1859 769 1909 821; x_wconf 91' lang='lat' dir='ltr'><strong>id</strong></span> 
     </span>
    </p>
   </div>
   <div class='ocr_carea' id='block_1_9' title="bbox 368 856 1909 925">
    <p class='ocr_par' dir='ltr' id='par_1_9' title="bbox 368 856 1909 925">
     <span class='ocr_line' id='line_1_9' title="bbox 368 856 1909 925; baseline 0 -14"><span class='ocrx_word' id='word_1_58' title='bbox 368 869 467 913; x_wconf 82' lang='lat' dir='ltr'><strong>est</strong></span> <span class='ocrx_word' id='word_1_59' title='bbox 488 861 784 915; x_wconf 85' lang='lat' dir='ltr'><strong>secundum</strong></span> <span class='ocrx_word' id='word_1_60' title='bbox 807 859 1032 912; x_wconf 77' lang='lat' dir='ltr'><strong>litteram</strong></span> <span class='ocrx_word' id='word_1_61' title='bbox 1066 860 1168 912; x_wconf 91' lang='lat' dir='ltr'><strong>lex.</strong></span> <span class='ocrx_word' id='word_1_62' title='bbox 1191 859 1270 911; x_wconf 81' lang='lat' dir='ltr'><strong>An</strong></span> <span class='ocrx_word' id='word_1_63' title='bbox 1289 873 1392 911; x_wconf 91' lang='lat' dir='ltr'><strong>non</strong></span> <span class='ocrx_word' id='word_1_64' title='bbox 1404 856 1724 925; x_wconf 82' lang='lat' dir='ltr'><strong>juretlicitur</strong></span> <span class='ocrx_word' id='word_1_65' title='bbox 1743 859 1794 910; x_wconf 93' lang='lat' dir='ltr'><strong>in</strong></span> <span class='ocrx_word' id='word_1_66' title='bbox 1813 858 1909 911; x_wconf 87' lang='lat' dir='ltr'><strong>bac</strong></span> 
     </span>
    </p>
   </div>
   <div class='ocr_carea' id='block_1_10' title="bbox 365 947 1910 1018">
    <p class='ocr_par' dir='ltr' id='par_1_10' title="bbox 365 947 1910 1018">
     <span class='ocr_line' id='line_1_10' title="bbox 365 947 1910 1018; baseline -0.001 -17"><span class='ocrx_word' id='word_1_67' title='bbox 365 959 539 1016; x_wconf 89' lang='lat' dir='ltr'><strong>parte</strong></span> <span class='ocrx_word' id='word_1_68' title='bbox 569 960 808 1004; x_wconf 86' lang='lat' dir='ltr'><strong>mortuus</strong></span> <span class='ocrx_word' id='word_1_69' title='bbox 835 964 1007 1003; x_wconf 86' lang='lat' dir='ltr'><strong>sermo</strong></span> <span class='ocrx_word' id='word_1_70' title='bbox 1038 949 1183 1018; x_wconf 86' lang='lat' dir='ltr'><strong>legis,</strong></span> <span class='ocrx_word' id='word_1_71' title='bbox 1204 948 1287 1002; x_wconf 86' lang='lat' dir='ltr'><strong>cui</strong></span> <span class='ocrx_word' id='word_1_72' title='bbox 1315 947 1455 1001; x_wconf 88' lang='lat' dir='ltr'><strong>nulla</strong></span> <span class='ocrx_word' id='word_1_73' title='bbox 1479 947 1764 1008; x_wconf 86' lang='lat' dir='ltr'><strong>sacriﬁcia,</strong></span> <span class='ocrx_word' id='word_1_74' title='bbox 1788 947 1910 1000; x_wconf 85' lang='lat' dir='ltr'><strong>nul-</strong></span> 
     </span>
    </p>
   </div>
   <div class='ocr_carea' id='block_1_11' title="bbox 361 1036 1909 1102">
    <p class='ocr_par' dir='ltr' id='par_1_11' title="bbox 361 1036 1909 1102">
     <span class='ocr_line' id='line_1_11' title="bbox 361 1036 1909 1102; baseline 0 -13"><span class='ocrx_word' id='word_1_75' title='bbox 361 1041 488 1090; x_wconf 88' lang='lat' dir='ltr'><strong>tum</strong></span> <span class='ocrx_word' id='word_1_76' title='bbox 544 1037 927 1102; x_wconf 85' lang='lat' dir='ltr'><strong>sacerdotium,</strong></span> <span class='ocrx_word' id='word_1_77' title='bbox 960 1037 1098 1090; x_wconf 89' lang='lat' dir='ltr'><strong>nulla</strong></span> <span class='ocrx_word' id='word_1_78' title='bbox 1133 1036 1348 1091; x_wconf 83' lang='lat' dir='ltr'><strong>Levitici</strong></span> <span class='ocrx_word' id='word_1_79' title='bbox 1390 1038 1591 1091; x_wconf 80' lang='lat' dir='ltr'><strong>ordinis</strong></span> <span class='ocrx_word' id='word_1_80' title='bbox 1619 1037 1909 1090; x_wconf 86' lang='lat' dir='ltr'><strong>ministeria</strong></span> 
     </span>
    </p>
   </div>
   <div class='ocr_carea' id='block_1_12' title="bbox 361 1125 1911 1194">
    <p class='ocr_par' dir='ltr' id='par_1_12' title="bbox 361 1125 1911 1194">
     <span class='ocr_line' id='line_1_12' title="bbox 361 1125 1911 1194; baseline -0.001 -14"><span class='ocrx_word' id='word_1_81' title='bbox 361 1125 736 1180; x_wconf 78' lang='lat' dir='ltr'><strong>deferuntur?</strong></span> <span class='ocrx_word' id='word_1_82' title='bbox 760 1125 1082 1178; x_wconf 84' lang='lat' dir='ltr'><strong>Homicidam</strong></span> <span class='ocrx_word' id='word_1_83' title='bbox 1100 1127 1282 1193; x_wconf 88' lang='lat' dir='ltr'><strong>punire</strong></span> <span class='ocrx_word' id='word_1_84' title='bbox 1299 1140 1404 1180; x_wconf 90' lang='lat' dir='ltr'><strong>non</strong></span> <span class='ocrx_word' id='word_1_85' title='bbox 1422 1135 1609 1194; x_wconf 85' lang='lat' dir='ltr'><strong>potest,</strong></span> <span class='ocrx_word' id='word_1_86' title='bbox 1645 1140 1741 1180; x_wconf 90' lang='lat' dir='ltr'><strong>nec</strong></span> <span class='ocrx_word' id='word_1_87' title='bbox 1764 1125 1911 1179; x_wconf 88' lang='lat' dir='ltr'><strong>adul-</strong></span> 
     </span>
    </p>
   </div>
   <div class='ocr_carea' id='block_1_13' title="bbox 361 1204 1909 1285">
    <p class='ocr_par' dir='ltr' id='par_1_13' title="bbox 361 1204 1909 1285">
     <span class='ocr_line' id='line_1_13' title="bbox 361 1204 1909 1285; baseline -0.001 -15"><span class='ocrx_word' id='word_1_88' title='bbox 361 1225 556 1270; x_wconf 92' lang='lat' dir='ltr'><strong>teram</strong></span> <span class='ocrx_word' id='word_1_89' title='bbox 591 1215 702 1285; x_wconf 76' lang='grc'>(64)</span> <span class='ocrx_word' id='word_1_90' title='bbox 729 1215 962 1284; x_wconf 82' lang='lat' dir='ltr'><strong>lapidare</strong></span> <span class='ocrx_word' id='word_1_91' title='bbox 987 1233 1002 1270; x_wconf 90' lang='lat'><strong>:</strong></span> <span class='ocrx_word' id='word_1_92' title='bbox 1035 1204 1145 1268; x_wconf 81' lang='lat' dir='ltr'><strong>hac</strong></span> <span class='ocrx_word' id='word_1_93' title='bbox 1166 1215 1304 1268; x_wconf 88' lang='lat' dir='ltr'><strong>enim</strong></span> <span class='ocrx_word' id='word_1_94' title='bbox 1327 1217 1424 1271; x_wconf 89' lang='lat' dir='ltr'><strong>sibi</strong></span> <span class='ocrx_word' id='word_1_95' title='bbox 1451 1215 1698 1285; x_wconf 74' lang='lat' dir='ltr'><strong>vindicat]</strong></span> <span class='ocrx_word' id='word_1_96' title='bbox 1717 1216 1909 1269; x_wconf 79' lang='lat' dir='ltr'><strong>Roma-</strong></span> 
     </span>
    </p>
   </div>
   <div class='ocr_carea' id='block_1_14' title="bbox 359 1305 1908 1372">
    <p class='ocr_par' dir='ltr' id='par_1_14' title="bbox 359 1305 1908 1372">
     <span class='ocr_line' id='line_1_14' title="bbox 359 1305 1908 1372; baseline 0 -14"><span class='ocrx_word' id='word_1_97' title='bbox 359 1320 577 1358; x_wconf 86' lang='lat' dir='ltr'><strong>norum</strong></span> <span class='ocrx_word' id='word_1_98' title='bbox 615 1313 882 1372; x_wconf 81' lang='lat' dir='ltr'><strong>potestas:</strong></span> <span class='ocrx_word' id='word_1_99' title='bbox 919 1315 972 1359; x_wconf 90' lang='lat' dir='ltr'><strong>et</strong></span> <span class='ocrx_word' id='word_1_100' title='bbox 1000 1305 1208 1358; x_wconf 88' lang='lat' dir='ltr'><strong>dubitas</strong></span> <span class='ocrx_word' id='word_1_101' title='bbox 1233 1305 1403 1358; x_wconf 89' lang='lat' dir='ltr'><strong>adhuc</strong></span> <span class='ocrx_word' id='word_1_102' title='bbox 1434 1306 1476 1358; x_wconf 91' lang='lat' dir='ltr'><strong>si</strong></span> <span class='ocrx_word' id='word_1_103' title='bbox 1501 1313 1704 1358; x_wconf 89' lang='lat' dir='ltr'><strong>morttta</strong></span> <span class='ocrx_word' id='word_1_104' title='bbox 1730 1306 1799 1357; x_wconf 86' lang='lat' dir='ltr'><strong>sit</strong></span> <span class='ocrx_word' id='word_1_105' title='bbox 1825 1319 1908 1358; x_wconf 88' lang='lat' dir='ltr'><strong>se-</strong></span> 
     </span>
    </p>
   </div>
   <div class='ocr_carea' id='block_1_15' title="bbox 356 1393 1908 1462">
    <p class='ocr_par' dir='ltr' id='par_1_15' title="bbox 356 1393 1908 1462">
     <span class='ocr_line' id='line_1_15' title="bbox 356 1393 1908 1462; baseline 0 -14"><span class='ocrx_word' id='word_1_106' title='bbox 356 1395 617 1448; x_wconf 68' lang='lat' dir='ltr'><strong>ctandum</strong></span> <span class='ocrx_word' id='word_1_107' title='bbox 642 1393 872 1446; x_wconf 86' lang='lat' dir='ltr'><strong>litteram</strong></span> <span class='ocrx_word' id='word_1_108' title='bbox 896 1393 1020 1447; x_wconf 82' lang='lat' dir='ltr'><strong>lex?</strong></span> <span class='ocrx_word' id='word_1_109' title='bbox 1042 1394 1147 1448; x_wconf 85' lang='lat' dir='ltr'><strong>Ter</strong></span> <span class='ocrx_word' id='word_1_110' title='bbox 1177 1396 1228 1448; x_wconf 92' lang='lat' dir='ltr'><strong>in</strong></span> <span class='ocrx_word' id='word_1_111' title='bbox 1255 1410 1392 1448; x_wconf 90' lang='lat' dir='ltr'><strong>anno</strong></span> <span class='ocrx_word' id='word_1_112' title='bbox 1414 1409 1668 1462; x_wconf 88' lang='lat' dir='ltr'><strong>apparere</strong></span> <span class='ocrx_word' id='word_1_113' title='bbox 1688 1394 1908 1448; x_wconf 91' lang='lat' dir='ltr'><strong>Domino</strong></span> 
     </span>
    </p>
   </div>
   <div class='ocr_carea' id='block_1_16' title="bbox 355 1481 1910 1552">
    <p class='ocr_par' dir='ltr' id='par_1_16' title="bbox 355 1481 1910 1552">
     <span class='ocr_line' id='line_1_16' title="bbox 355 1481 1910 1552; baseline 0.001 -17"><span class='ocrx_word' id='word_1_114' title='bbox 355 1483 558 1536; x_wconf 85' lang='lat' dir='ltr'><strong>omnis</strong></span> <span class='ocrx_word' id='word_1_115' title='bbox 583 1481 849 1534; x_wconf 85' lang='lat' dir='ltr'><strong>masculus</strong></span> <span class='ocrx_word' id='word_1_116' title='bbox 869 1497 970 1534; x_wconf 91' lang='lat' dir='ltr'><strong>non</strong></span> <span class='ocrx_word' id='word_1_117' title='bbox 993 1484 1228 1536; x_wconf 85' lang='lat' dir='ltr'><strong>ascendit</strong></span> <span class='ocrx_word' id='word_1_118' title='bbox 1251 1484 1361 1552; x_wconf 85' lang='lat'><strong>(65)</strong></span> <span class='ocrx_word' id='word_1_119' title='bbox 1382 1501 1394 1535; x_wconf 92' lang='lat'><strong>:</strong></span> <span class='ocrx_word' id='word_1_120' title='bbox 1415 1485 1527 1536; x_wconf 93' lang='lat' dir='ltr'><strong>ovis</strong></span> <span class='ocrx_word' id='word_1_121' title='bbox 1553 1485 1604 1536; x_wconf 89' lang='lat' dir='ltr'><strong>in</strong></span> <span class='ocrx_word' id='word_1_122' title='bbox 1625 1484 1910 1537; x_wconf 79' lang='lat' dir='ltr'><strong>festivitate</strong></span> 
     </span>
    </p>
   </div>
   <div class='ocr_carea' id='block_1_17' title="bbox 355 1567 1909 1639">
    <p class='ocr_par' dir='ltr' id='par_1_17' title="bbox 355 1567 1909 1639">
     <span class='ocr_line' id='line_1_17' title="bbox 355 1567 1909 1639; baseline 0.003 -17"><span class='ocrx_word' id='word_1_123' title='bbox 355 1567 603 1622; x_wconf 80' lang='lat' dir='ltr'><strong>Pascha</strong></span> <span class='ocrx_word' id='word_1_124' title='bbox 627 1568 679 1620; x_wconf 91' lang='lat' dir='ltr'><strong>in</strong></span> <span class='ocrx_word' id='word_1_125' title='bbox 714 1567 927 1622; x_wconf 90' lang='lat' dir='ltr'><strong>civitate</strong></span> <span class='ocrx_word' id='word_1_126' title='bbox 961 1585 1115 1636; x_wconf 90' lang='lat' dir='ltr'><strong>quam</strong></span> <span class='ocrx_word' id='word_1_127' title='bbox 1164 1570 1382 1639; x_wconf 81' lang='lat' dir='ltr'><strong>elegisse</strong></span> <span class='ocrx_word' id='word_1_128' title='bbox 1401 1580 1614 1638; x_wconf 87' lang='lat' dir='ltr'><strong>putatur</strong></span> <span class='ocrx_word' id='word_1_129' title='bbox 1661 1571 1909 1627; x_wconf 88' lang='lat' dir='ltr'><strong>Dominus</strong></span> 
     </span>
    </p>
   </div>
   <div class='ocr_carea' id='block_1_18' title="bbox 353 1656 1908 1727">
    <p class='ocr_par' dir='ltr' id='par_1_18' title="bbox 353 1656 1908 1727">
     <span class='ocr_line' id='line_1_18' title="bbox 353 1656 1908 1727; baseline 0.003 -17"><span class='ocrx_word' id='word_1_130' title='bbox 353 1656 519 1711; x_wconf 86' lang='lat' dir='ltr'><strong>Deus</strong></span> <span class='ocrx_word' id='word_1_131' title='bbox 547 1657 686 1710; x_wconf 90' lang='lat' dir='ltr'><strong>nulla</strong></span> <span class='ocrx_word' id='word_1_132' title='bbox 710 1657 1010 1726; x_wconf 89' lang='lat' dir='ltr'><strong>jugulatur;</strong></span> <span class='ocrx_word' id='word_1_133' title='bbox 1032 1659 1276 1727; x_wconf 88' lang='lat' dir='ltr'><strong>manipuli</strong></span> <span class='ocrx_word' id='word_1_134' title='bbox 1318 1660 1664 1725; x_wconf 89' lang='lat' dir='ltr'><strong>primitiarum</strong></span> <span class='ocrx_word' id='word_1_135' title='bbox 1696 1677 1799 1714; x_wconf 92' lang='lat' dir='ltr'><strong>non</strong></span> <span class='ocrx_word' id='word_1_136' title='bbox 1828 1663 1908 1714; x_wconf 80' lang='lat' dir='ltr'><strong>of-</strong></span> 
     </span>
    </p>
   </div>
   <div class='ocr_carea' id='block_1_19' title="bbox 356 1746 1908 1818">
    <p class='ocr_par' dir='ltr' id='par_1_19' title="bbox 356 1746 1908 1818">
     <span class='ocr_line' id='line_1_19' title="bbox 356 1746 1908 1818; baseline 0.004 -20"><span class='ocrx_word' id='word_1_137' title='bbox 356 1747 647 1809; x_wconf 77' lang='lat' dir='ltr'><strong>feruntur,</strong></span> <span class='ocrx_word' id='word_1_138' title='bbox 685 1746 826 1799; x_wconf 91' lang='lat' dir='ltr'><strong>nulla</strong></span> <span class='ocrx_word' id='word_1_139' title='bbox 845 1747 1142 1800; x_wconf 81' lang='lat' dir='ltr'><strong>celebratur</strong></span> <span class='ocrx_word' id='word_1_140' title='bbox 1161 1748 1385 1812; x_wconf 88' lang='lat' dir='ltr'><strong>oblatio;</strong></span> <span class='ocrx_word' id='word_1_141' title='bbox 1407 1749 1543 1803; x_wconf 88' lang='lat' dir='ltr'><strong>nulla</strong></span> <span class='ocrx_word' id='word_1_142' title='bbox 1567 1751 1734 1818; x_wconf 81' lang='lat' dir='ltr'><strong>lepra,</strong></span> <span class='ocrx_word' id='word_1_143' title='bbox 1769 1752 1908 1804; x_wconf 90' lang='lat' dir='ltr'><strong>nulla</strong></span> 
     </span>
    </p>
   </div>
   <div class='ocr_carea' id='block_1_20' title="bbox 354 1834 1908 1905">
    <p class='ocr_par' dir='ltr' id='par_1_20' title="bbox 354 1834 1908 1905">
     <span class='ocr_line' id='line_1_20' title="bbox 354 1834 1908 1905; baseline 0.004 -18"><span class='ocrx_word' id='word_1_144' title='bbox 354 1845 640 1903; x_wconf 80' lang='lat' dir='ltr'><strong>purgatur</strong></span> <span class='ocrx_word' id='word_1_145' title='bbox 662 1834 992 1887; x_wconf 89' lang='lat' dir='ltr'><strong>immunditia</strong></span> <span class='ocrx_word' id='word_1_146' title='bbox 1023 1834 1152 1903; x_wconf 91' lang='lat'><strong>(66).</strong></span> <span class='ocrx_word' id='word_1_147' title='bbox 1181 1835 1246 1888; x_wconf 90' lang='lat' dir='ltr'><strong>Et</strong></span> <span class='ocrx_word' id='word_1_148' title='bbox 1274 1836 1498 1890; x_wconf 91' lang='lat' dir='ltr'><strong>dubitari</strong></span> <span class='ocrx_word' id='word_1_149' title='bbox 1532 1848 1701 1905; x_wconf 78' lang='lat' dir='ltr'><strong>potest</strong></span> <span class='ocrx_word' id='word_1_150' title='bbox 1730 1841 1780 1892; x_wconf 93' lang='lat' dir='ltr'><strong>in</strong></span> <span class='ocrx_word' id='word_1_151' title='bbox 1826 1840 1908 1894; x_wconf 89' lang='lat' dir='ltr'><strong>his</strong></span> 
     </span>
    </p>
   </div>
   <div class='ocr_carea' id='block_1_21' title="bbox 353 1924 1908 1996">
    <p class='ocr_par' dir='ltr' id='par_1_21' title="bbox 353 1924 1908 1996">
     <span class='ocr_line' id='line_1_21' title="bbox 353 1924 1908 1996; baseline 0.004 -20"><span class='ocrx_word' id='word_1_152' title='bbox 353 1925 628 1977; x_wconf 88' lang='lat' dir='ltr'><strong>omnibus</strong></span> <span class='ocrx_word' id='word_1_153' title='bbox 652 1932 910 1976; x_wconf 91' lang='lat' dir='ltr'><strong>mortuam</strong></span> <span class='ocrx_word' id='word_1_154' title='bbox 938 1939 1054 1978; x_wconf 91' lang='lat' dir='ltr'><strong>esse</strong></span> <span class='ocrx_word' id='word_1_155' title='bbox 1079 1924 1304 1978; x_wconf 87' lang='lat' dir='ltr'><strong>litteram</strong></span> <span class='ocrx_word' id='word_1_156' title='bbox 1323 1926 1488 1994; x_wconf 76' lang='lat' dir='ltr'><strong>legis?</strong></span> <span class='ocrx_word' id='word_1_157' title='bbox 1507 1929 1636 1981; x_wconf 86' lang='lat' dir='ltr'><strong>Cum</strong></span> <span class='ocrx_word' id='word_1_158' title='bbox 1657 1943 1782 1996; x_wconf 90' lang='lat' dir='ltr'><strong>ergo</strong></span> <span class='ocrx_word' id='word_1_159' title='bbox 1805 1930 1908 1982; x_wconf 88' lang='lat' dir='ltr'><strong>cla-</strong></span> 
     </span>
    </p>
   </div>
   <div class='ocr_carea' id='block_1_22' title="bbox 352 2013 1902 2086">
    <p class='ocr_par' dir='ltr' id='par_1_22' title="bbox 352 2013 1902 2086">
     <span class='ocr_line' id='line_1_22' title="bbox 352 2013 1902 2086; baseline 0.003 -20"><span class='ocrx_word' id='word_1_160' title='bbox 352 2013 549 2066; x_wconf 82' lang='lat' dir='ltr'><strong>ruerit</strong></span> <span class='ocrx_word' id='word_1_161' title='bbox 569 2027 665 2081; x_wconf 89' lang='lat' dir='ltr'><strong>per</strong></span> <span class='ocrx_word' id='word_1_162' title='bbox 689 2013 803 2067; x_wconf 88' lang='lat' dir='ltr'><strong>hac</strong></span> <span class='ocrx_word' id='word_1_163' title='bbox 831 2015 1011 2068; x_wconf 89' lang='lat' dir='ltr'><strong>omnia</strong></span> <span class='ocrx_word' id='word_1_164' title='bbox 1049 2027 1310 2070; x_wconf 90' lang='lat' dir='ltr'><strong>mortuum</strong></span> <span class='ocrx_word' id='word_1_165' title='bbox 1335 2032 1452 2070; x_wconf 85' lang='lat' dir='ltr'><strong>esse</strong></span> <span class='ocrx_word' id='word_1_166' title='bbox 1469 2019 1636 2071; x_wconf 90' lang='lat' dir='ltr'><strong>virum</strong></span> <span class='ocrx_word' id='word_1_167' title='bbox 1654 2019 1902 2086; x_wconf 86' lang='lat' dir='ltr'><strong>priorem,</strong></span> 
     </span>
    </p>
   </div>
   <div class='ocr_carea' id='block_1_23' title="bbox 357 2102 1901 2176">
    <p class='ocr_par' dir='ltr' id='par_1_23' title="bbox 357 2102 1901 2176">
     <span class='ocr_line' id='line_1_23' title="bbox 357 2102 1901 2176; baseline 0.005 -22"><span class='ocrx_word' id='word_1_168' title='bbox 357 2102 526 2154; x_wconf 86' lang='lat' dir='ltr'><strong>nulla</strong></span> <span class='ocrx_word' id='word_1_169' title='bbox 552 2103 926 2171; x_wconf 86' lang='lat' dir='ltr'><strong>pravaricatio</strong></span> <span class='ocrx_word' id='word_1_170' title='bbox 963 2113 1046 2159; x_wconf 89' lang='lat' dir='ltr'><strong>est</strong></span> <span class='ocrx_word' id='word_1_171' title='bbox 1084 2105 1296 2160; x_wconf 87' lang='lat' dir='ltr'><strong>Christo</strong></span> <span class='ocrx_word' id='word_1_172' title='bbox 1327 2115 1573 2176; x_wconf 89' lang='lat' dir='ltr'><strong>tanquam</strong></span> <span class='ocrx_word' id='word_1_173' title='bbox 1609 2110 1722 2161; x_wconf 91' lang='lat' dir='ltr'><strong>viro</strong></span> <span class='ocrx_word' id='word_1_174' title='bbox 1751 2108 1901 2161; x_wconf 89' lang='lat' dir='ltr'><strong>alteri</strong></span> 
     </span>
    </p>
   </div>
   <div class='ocr_carea' id='block_1_24' title="bbox 352 2191 1906 2266">
    <p class='ocr_par' dir='ltr' id='par_1_24' title="bbox 352 2191 1906 2266">
     <span class='ocr_line' id='line_1_24' title="bbox 352 2191 1906 2266; baseline 0.004 -20"><span class='ocrx_word' id='word_1_175' title='bbox 352 2192 600 2256; x_wconf 81' lang='lat' dir='ltr'><strong>sociari,</strong></span> <span class='ocrx_word' id='word_1_176' title='bbox 621 2191 763 2246; x_wconf 84' lang='lat' dir='ltr'><strong>sicut</strong></span> <span class='ocrx_word' id='word_1_177' title='bbox 789 2194 995 2248; x_wconf 91' lang='lat' dir='ltr'><strong>mulieri</strong></span> <span class='ocrx_word' id='word_1_178' title='bbox 1030 2199 1227 2251; x_wconf 90' lang='lat' dir='ltr'><strong>crimen</strong></span> <span class='ocrx_word' id='word_1_179' title='bbox 1262 2212 1365 2250; x_wconf 88' lang='lat' dir='ltr'><strong>non</strong></span> <span class='ocrx_word' id='word_1_180' title='bbox 1405 2207 1489 2251; x_wconf 89' lang='lat' dir='ltr'><strong>est</strong></span> <span class='ocrx_word' id='word_1_181' title='bbox 1511 2198 1555 2251; x_wconf 91' lang='lat' dir='ltr'><strong>si</strong></span> <span class='ocrx_word' id='word_1_182' title='bbox 1598 2199 1710 2252; x_wconf 93' lang='lat' dir='ltr'><strong>viro</strong></span> <span class='ocrx_word' id='word_1_183' title='bbox 1732 2199 1906 2266; x_wconf 88' lang='lat' dir='ltr'><strong>priore</strong></span> 
     </span>
    </p>
   </div>
   <div class='ocr_carea' id='block_1_25' title="bbox 353 2279 1902 2355">
    <p class='ocr_par' dir='ltr' id='par_1_25' title="bbox 353 2279 1902 2355">
     <span class='ocr_line' id='line_1_25' title="bbox 353 2279 1902 2355; baseline 0.003 -20"><span class='ocrx_word' id='word_1_184' title='bbox 353 2279 635 2335; x_wconf 82' lang='lat' dir='ltr'><strong>defuncto</strong></span> <span class='ocrx_word' id='word_1_185' title='bbox 660 2283 911 2352; x_wconf 84' lang='lat' dir='ltr'><strong>suscipiat</strong></span> <span class='ocrx_word' id='word_1_186' title='bbox 951 2287 1179 2339; x_wconf 87' lang='lat' dir='ltr'><strong>secunda</strong></span> <span class='ocrx_word' id='word_1_187' title='bbox 1216 2287 1496 2342; x_wconf 90' lang='lat' dir='ltr'><strong>connubia.</strong></span> <span class='ocrx_word' id='word_1_188' title='bbox 1536 2287 1600 2339; x_wconf 89' lang='lat' dir='ltr'><strong>Et</strong></span> <span class='ocrx_word' id='word_1_189' title='bbox 1627 2297 1902 2355; x_wconf 87' lang='lat' dir='ltr'><strong>propterea</strong></span> 
     </span>
    </p>
   </div>
   <div class='ocr_carea' id='block_1_26' title="bbox 351 2369 1898 2442">
    <p class='ocr_par' dir='ltr' id='par_1_26' title="bbox 351 2369 1898 2442">
     <span class='ocr_line' id='line_1_26' title="bbox 351 2369 1898 2442; baseline 0.003 -20"><span class='ocrx_word' id='word_1_190' title='bbox 351 2369 503 2423; x_wconf 89' lang='lat' dir='ltr'><strong>dicit</strong></span> <span class='ocrx_word' id='word_1_191' title='bbox 529 2385 544 2421; x_wconf 92' lang='lat'><strong>:</strong></span> <span class='ocrx_word' id='word_1_192' title='bbox 572 2387 591 2419; x_wconf 75' lang='grc' dir='ltr'><strong>ι</strong></span> <span class='ocrx_word' id='word_1_193' title='bbox 612 2371 776 2438; x_wconf 86' lang='lat' dir='ltr'><strong>Igitur</strong></span> <span class='ocrx_word' id='word_1_194' title='bbox 791 2371 997 2426; x_wconf 81' lang='lat' dir='ltr'><strong>vivente</strong></span> <span class='ocrx_word' id='word_1_195' title='bbox 1022 2373 1138 2426; x_wconf 88' lang='lat' dir='ltr'><strong>viro</strong></span> <span class='ocrx_word' id='word_1_196' title='bbox 1157 2375 1615 2442; x_wconf 87' lang='lat' dir='ltr'><strong>cognominabitur</strong></span> <span class='ocrx_word' id='word_1_197' title='bbox 1636 2375 1898 2438; x_wconf 89' lang='lat' dir='ltr'><strong>adultera,</strong></span> 
     </span>
    </p>
   </div>
   <div class='ocr_carea' id='block_1_27' title="bbox 348 2457 1903 2530">
    <p class='ocr_par' dir='ltr' id='par_1_27' title="bbox 348 2457 1903 2530">
     <span class='ocr_line' id='line_1_27' title="bbox 348 2457 1903 2530; baseline 0.003 -18"><span class='ocrx_word' id='word_1_198' title='bbox 348 2458 401 2512; x_wconf 86' lang='lat' dir='ltr'><strong>si</strong></span> <span class='ocrx_word' id='word_1_199' title='bbox 433 2457 606 2512; x_wconf 77' lang='lat' dir='ltr'><strong>fuerit</strong></span> <span class='ocrx_word' id='word_1_200' title='bbox 623 2474 740 2511; x_wconf 91' lang='lat' dir='ltr'><strong>cum</strong></span> <span class='ocrx_word' id='word_1_201' title='bbox 761 2458 866 2512; x_wconf 91' lang='lat' dir='ltr'><strong>alio</strong></span> <span class='ocrx_word' id='word_1_202' title='bbox 880 2459 1016 2524; x_wconf 83' lang='lat' dir='ltr'><strong>viro,</strong></span> <span class='ocrx_word' id='word_1_203' title='bbox 1030 2479 1048 2511; x_wconf 77' lang='grc' dir='ltr'><strong>ι</strong></span> <span class='ocrx_word' id='word_1_204' title='bbox 1071 2469 1125 2513; x_wconf 90' lang='grc' dir='ltr'><strong>ιιι</strong></span> <span class='ocrx_word' id='word_1_205' title='bbox 1142 2464 1387 2516; x_wconf 87' lang='lat' dir='ltr'><strong>ostendat</strong></span> <span class='ocrx_word' id='word_1_206' title='bbox 1406 2465 1528 2530; x_wconf 91' lang='lat' dir='ltr'><strong>quia</strong></span> <span class='ocrx_word' id='word_1_207' title='bbox 1545 2472 1598 2516; x_wconf 89' lang='lat' dir='ltr'><strong>et</strong></span> <span class='ocrx_word' id='word_1_208' title='bbox 1620 2464 1791 2517; x_wconf 86' lang='lat' dir='ltr'><strong>anima</strong></span> <span class='ocrx_word' id='word_1_209' title='bbox 1811 2465 1903 2518; x_wconf 89' lang='lat' dir='ltr'><strong>ho-</strong></span> 
     </span>
    </p>
   </div>
   <div class='ocr_carea' id='block_1_28' title="bbox 350 2547 1901 2616">
    <p class='ocr_par' dir='ltr' id='par_1_28' title="bbox 350 2547 1901 2616">
     <span class='ocr_line' id='line_1_28' title="bbox 350 2547 1901 2616; baseline 0.005 -17"><span class='ocrx_word' id='word_1_210' title='bbox 350 2548 560 2612; x_wconf 88' lang='lat' dir='ltr'><strong>minis,</strong></span> <span class='ocrx_word' id='word_1_211' title='bbox 605 2548 648 2601; x_wconf 88' lang='lat' dir='ltr'><strong>si</strong></span> <span class='ocrx_word' id='word_1_212' title='bbox 673 2547 785 2613; x_wconf 89' lang='lat' dir='ltr'><strong>jam</strong></span> <span class='ocrx_word' id='word_1_213' title='bbox 814 2549 960 2602; x_wconf 88' lang='lat' dir='ltr'><strong>venit</strong></span> <span class='ocrx_word' id='word_1_214' title='bbox 998 2550 1062 2602; x_wconf 91' lang='lat' dir='ltr'><strong>ad</strong></span> <span class='ocrx_word' id='word_1_215' title='bbox 1095 2549 1392 2616; x_wconf 87' lang='lat' dir='ltr'><strong>Christum,</strong></span> <span class='ocrx_word' id='word_1_216' title='bbox 1443 2561 1500 2606; x_wconf 90' lang='lat' dir='ltr'><strong>et</strong></span> <span class='ocrx_word' id='word_1_217' title='bbox 1525 2553 1738 2608; x_wconf 88' lang='lat' dir='ltr'><strong>Christo</strong></span> <span class='ocrx_word' id='word_1_218' title='bbox 1760 2554 1901 2607; x_wconf 89' lang='lat' dir='ltr'><strong>velut</strong></span> 
     </span>
    </p>
   </div>
   <div class='ocr_carea' id='block_1_29' title="bbox 349 2637 1900 2705">
    <p class='ocr_par' dir='ltr' id='par_1_29' title="bbox 349 2637 1900 2705">
     <span class='ocr_line' id='line_1_29' title="bbox 349 2637 1900 2705; baseline 0.003 -14"><span class='ocrx_word' id='word_1_219' title='bbox 349 2637 614 2691; x_wconf 91' lang='lat' dir='ltr'><strong>secundo</strong></span> <span class='ocrx_word' id='word_1_220' title='bbox 636 2637 752 2691; x_wconf 90' lang='lat' dir='ltr'><strong>viro</strong></span> <span class='ocrx_word' id='word_1_221' title='bbox 780 2638 981 2692; x_wconf 90' lang='lat' dir='ltr'><strong>sociata</strong></span> <span class='ocrx_word' id='word_1_222' title='bbox 999 2651 1098 2701; x_wconf 88' lang='lat' dir='ltr'><strong>est,</strong></span> <span class='ocrx_word' id='word_1_223' title='bbox 1114 2640 1254 2693; x_wconf 91' lang='lat' dir='ltr'><strong>nullo</strong></span> <span class='ocrx_word' id='word_1_224' title='bbox 1271 2654 1464 2705; x_wconf 83' lang='lat' dir='ltr'><strong>genere</strong></span> <span class='ocrx_word' id='word_1_225' title='bbox 1488 2641 1663 2695; x_wconf 86' lang='lat' dir='ltr'><strong>vivere</strong></span> <span class='ocrx_word' id='word_1_226' title='bbox 1682 2644 1728 2696; x_wconf 91' lang='lat' dir='ltr'><strong>ei</strong></span> <span class='ocrx_word' id='word_1_227' title='bbox 1746 2643 1900 2696; x_wconf 87' lang='lat' dir='ltr'><strong>debet</strong></span> 
     </span>
    </p>
   </div>
   <div class='ocr_carea' id='block_1_30' title="bbox 348 2726 1894 2806">
    <p class='ocr_par' dir='ltr' id='par_1_30' title="bbox 348 2726 1894 2806">
     <span class='ocr_line' id='line_1_30' title="bbox 348 2726 1894 2806; baseline 0.008 -30"><span class='ocrx_word' id='word_1_228' title='bbox 348 2734 615 2780; x_wconf 82' lang='lat' dir='ltr'><strong>vetustas</strong></span> <span class='ocrx_word' id='word_1_229' title='bbox 640 2726 852 2790; x_wconf 80' lang='lat' dir='ltr'><strong>littera,</strong></span> <span class='ocrx_word' id='word_1_230' title='bbox 883 2744 1000 2798; x_wconf 85' lang='lat' dir='ltr'><strong>qua</strong></span> <span class='ocrx_word' id='word_1_231' title='bbox 1025 2738 1109 2784; x_wconf 89' lang='lat' dir='ltr'><strong>est</strong></span> <span class='ocrx_word' id='word_1_232' title='bbox 1134 2733 1283 2798; x_wconf 91' lang='lat' dir='ltr'><strong>quasi</strong></span> <span class='ocrx_word' id='word_1_233' title='bbox 1309 2733 1452 2806; x_wconf 86' lang='lat' dir='ltr'><strong>prior</strong></span> <span class='ocrx_word' id='word_1_234' title='bbox 1488 2734 1588 2796; x_wconf 92' lang='lat' dir='ltr'><strong>vir,</strong></span> <span class='ocrx_word' id='word_1_235' title='bbox 1613 2749 1678 2788; x_wconf 87' lang='lat' dir='ltr'><strong>ne</strong></span> <span class='ocrx_word' id='word_1_236' title='bbox 1707 2735 1838 2789; x_wconf 82' lang='lat' dir='ltr'><strong>forte</strong></span> <span class='ocrx_word' id='word_1_237' title='bbox 1850 2735 1894 2788; x_wconf 91' lang='lat' dir='ltr'><strong>si</strong></span> 
     </span>
    </p>
   </div>
   <div class='ocr_carea' id='block_1_31' title="bbox 347 2813 1899 2886">
    <p class='ocr_par' dir='ltr' id='par_1_31' title="bbox 347 2813 1899 2886">
     <span class='ocr_line' id='line_1_31' title="bbox 347 2813 1899 2886; baseline 0.008 -21"><span class='ocrx_word' id='word_1_238' title='bbox 347 2813 534 2883; x_wconf 69' lang='lat'><strong>579</strong></span> <span class='ocrx_word' id='word_1_239' title='bbox 569 2815 717 2868; x_wconf 91' lang='lat' dir='ltr'><strong>illum</strong></span> <span class='ocrx_word' id='word_1_240' title='bbox 742 2817 936 2870; x_wconf 86' lang='lat' dir='ltr'><strong>habeat</strong></span> <span class='ocrx_word' id='word_1_241' title='bbox 972 2817 1026 2871; x_wconf 90' lang='lat' dir='ltr'><strong>in</strong></span> <span class='ocrx_word' id='word_1_242' title='bbox 1051 2832 1108 2872; x_wconf 90' lang='lat' dir='ltr'><strong>se</strong></span> <span class='ocrx_word' id='word_1_243' title='bbox 1146 2820 1428 2886; x_wconf 89' lang='lat' dir='ltr'><strong>viventem,</strong></span> <span class='ocrx_word' id='word_1_244' title='bbox 1457 2821 1718 2877; x_wconf 78' lang='lat' dir='ltr'><strong>elﬁciatur</strong></span> <span class='ocrx_word' id='word_1_245' title='bbox 1747 2825 1899 2877; x_wconf 91' lang='lat' dir='ltr'><strong>adul-</strong></span> 
     </span>
    </p>
   </div>
   <div class='ocr_carea' id='block_1_32' title="bbox 347 2907 1896 2976">
    <p class='ocr_par' dir='ltr' id='par_1_32' title="bbox 347 2907 1896 2976">
     <span class='ocr_line' id='line_1_32' title="bbox 347 2907 1896 2976; baseline 0.006 -16"><span class='ocrx_word' id='word_1_246' title='bbox 347 2916 503 2971; x_wconf 85' lang='lat' dir='ltr'><strong>tera,</strong></span> <span class='ocrx_word' id='word_1_247' title='bbox 537 2921 657 2973; x_wconf 88' lang='lat' dir='ltr'><strong>qua</strong></span> <span class='ocrx_word' id='word_1_248' title='bbox 687 2907 758 2959; x_wconf 88' lang='lat' dir='ltr'><strong>ita</strong></span> <span class='ocrx_word' id='word_1_249' title='bbox 787 2908 1016 2962; x_wconf 88' lang='lat' dir='ltr'><strong>secundo</strong></span> <span class='ocrx_word' id='word_1_250' title='bbox 1043 2911 1241 2964; x_wconf 88' lang='lat' dir='ltr'><strong>sociata</strong></span> <span class='ocrx_word' id='word_1_251' title='bbox 1269 2921 1368 2976; x_wconf 90' lang='lat' dir='ltr'><strong>est,</strong></span> <span class='ocrx_word' id='word_1_252' title='bbox 1403 2922 1460 2965; x_wconf 90' lang='lat' dir='ltr'><strong>ut</strong></span> <span class='ocrx_word' id='word_1_253' title='bbox 1486 2913 1534 2966; x_wconf 90' lang='lat' dir='ltr'><strong>ei</strong></span> <span class='ocrx_word' id='word_1_254' title='bbox 1555 2915 1727 2968; x_wconf 89' lang='lat' dir='ltr'><strong>adhuc</strong></span> <span class='ocrx_word' id='word_1_255' title='bbox 1750 2915 1896 2970; x_wconf 91' lang='lat' dir='ltr'><strong>vive-</strong></span> 
     </span>
    </p>
   </div>
   <div class='ocr_carea' id='block_1_33' title="bbox 348 2987 1964 3083">
    <p class='ocr_par' dir='ltr' id='par_1_33' title="bbox 348 2987 1964 3083">
     <span class='ocr_line' id='line_1_33' title="bbox 348 2987 1964 3083; baseline 0.006 -34"><span class='ocrx_word' id='word_1_256' title='bbox 348 3003 449 3050; x_wconf 82' lang='lat' dir='ltr'><strong>ret</strong></span> <span class='ocrx_word' id='word_1_257' title='bbox 483 2994 642 3083; x_wconf 86' lang='lat' dir='ltr'><strong>prior</strong></span> <span class='ocrx_word' id='word_1_258' title='bbox 666 2994 800 3065; x_wconf 88' lang='lat'><strong>(67).</strong></span> <span class='ocrx_word' id='word_1_259' title='bbox 825 2987 1048 3051; x_wconf 37' lang='lat' dir='ltr'><strong>Hoc&#39;est</strong></span> <span class='ocrx_word' id='word_1_260' title='bbox 1083 2999 1221 3065; x_wconf 87' lang='lat' dir='ltr'><strong>quod</strong></span> <span class='ocrx_word' id='word_1_261' title='bbox 1259 3013 1354 3068; x_wconf 87' lang='lat' dir='ltr'><strong>per</strong></span> <span class='ocrx_word' id='word_1_262' title='bbox 1384 3001 1534 3054; x_wconf 88' lang='lat' dir='ltr'><strong>aliam</strong></span> <span class='ocrx_word' id='word_1_263' title='bbox 1577 3002 1792 3072; x_wconf 87' lang='lat' dir='ltr'><strong>ﬁguram</strong></span> <span class='ocrx_word' id='word_1_264' title='bbox 1845 3014 1897 3059; x_wconf 90' lang='lat' dir='ltr'><strong>et</strong></span> <span class='ocrx_word' id='word_1_265' title='bbox 1921 3025 1964 3083; x_wconf 73' lang='grc' dir='ltr'>α</span> 
     </span>
    </p>
   </div>
   <div class='ocr_carea' id='block_1_34' title="bbox 347 3082 1898 3157">
    <p class='ocr_par' dir='ltr' id='par_1_34' title="bbox 347 3082 1898 3157">
     <span class='ocr_line' id='line_1_34' title="bbox 347 3082 1898 3157; baseline 0.005 -20"><span class='ocrx_word' id='word_1_266' title='bbox 347 3083 414 3137; x_wconf 78' lang='lat' dir='ltr'><strong>in</strong></span> <span class='ocrx_word' id='word_1_267' title='bbox 451 3082 835 3151; x_wconf 84' lang='lat' dir='ltr'><strong>superioribus</strong></span> <span class='ocrx_word' id='word_1_268' title='bbox 863 3084 1015 3151; x_wconf 84' lang='lat' dir='ltr'><strong>dixit,</strong></span> <span class='ocrx_word' id='word_1_269' title='bbox 1044 3085 1168 3154; x_wconf 89' lang='lat' dir='ltr'><strong>quia</strong></span> <span class='ocrx_word' id='word_1_270' title='bbox 1205 3086 1341 3139; x_wconf 90' lang='lat' dir='ltr'><strong>mori</strong></span> <span class='ocrx_word' id='word_1_271' title='bbox 1377 3088 1525 3153; x_wconf 85' lang='lat' dir='ltr'><strong>prius</strong></span> <span class='ocrx_word' id='word_1_272' title='bbox 1563 3099 1800 3157; x_wconf 82' lang='lat' dir='ltr'><strong>Oportet,</strong></span> <span class='ocrx_word' id='word_1_273' title='bbox 1844 3101 1898 3146; x_wconf 93' lang='lat' dir='ltr'><strong>et</strong></span> 
     </span>
    </p>
   </div>
   <div class='ocr_carea' id='block_1_35' title="bbox 347 3171 1894 3242">
    <p class='ocr_par' dir='ltr' id='par_1_35' title="bbox 347 3171 1894 3242">
     <span class='ocr_line' id='line_1_35' title="bbox 347 3171 1894 3242; baseline 0.005 -17"><span class='ocrx_word' id='word_1_274' title='bbox 347 3173 436 3225; x_wconf 87' lang='lat' dir='ltr'><strong>ita</strong></span> <span class='ocrx_word' id='word_1_275' title='bbox 470 3172 800 3239; x_wconf 89' lang='lat' dir='ltr'><strong>consepeliri</strong></span> <span class='ocrx_word' id='word_1_276' title='bbox 829 3171 1067 3227; x_wconf 88' lang='lat' dir='ltr'><strong>Christo.</strong></span> <span class='ocrx_word' id='word_1_277' title='bbox 1096 3174 1332 3242; x_wconf 88' lang='lat' dir='ltr'><strong>Denique</strong></span> <span class='ocrx_word' id='word_1_278' title='bbox 1362 3176 1520 3229; x_wconf 87' lang='lat' dir='ltr'><strong>etiam</strong></span> <span class='ocrx_word' id='word_1_279' title='bbox 1553 3177 1651 3231; x_wconf 93' lang='lat' dir='ltr'><strong>hoc</strong></span> <span class='ocrx_word' id='word_1_280' title='bbox 1680 3181 1822 3232; x_wconf 87' lang='lat' dir='ltr'><strong>addit</strong></span> <span class='ocrx_word' id='word_1_281' title='bbox 1845 3181 1894 3233; x_wconf 92' lang='lat' dir='ltr'><strong>in</strong></span> 
     </span>
    </p>
   </div>
   <div class='ocr_carea' id='block_1_36' title="bbox 344 3257 1893 3330">
    <p class='ocr_par' dir='ltr' id='par_1_36' title="bbox 344 3257 1893 3330">
     <span class='ocr_line' id='line_1_36' title="bbox 344 3257 1893 3330; baseline 0.006 -18"><span class='ocrx_word' id='word_1_282' title='bbox 344 3257 763 3328; x_wconf 88' lang='lat' dir='ltr'><strong>posterioribus</strong></span> <span class='ocrx_word' id='word_1_283' title='bbox 794 3277 808 3313; x_wconf 89' lang='lat'>:</span> <span class='ocrx_word' id='word_1_284' title='bbox 851 3277 868 3310; x_wconf 79' lang='grc' dir='ltr'><strong>ι</strong></span> <span class='ocrx_word' id='word_1_285' title='bbox 889 3261 1090 3329; x_wconf 88' lang='lat' dir='ltr'><strong>itaque,</strong></span> <span class='ocrx_word' id='word_1_286' title='bbox 1128 3261 1320 3318; x_wconf 82' lang='lat' dir='ltr'><strong>fratres</strong></span> <span class='ocrx_word' id='word_1_287' title='bbox 1343 3265 1469 3330; x_wconf 90' lang='lat' dir='ltr'><strong>mei,</strong></span> <span class='ocrx_word' id='word_1_288' title='bbox 1499 3273 1552 3319; x_wconf 91' lang='lat' dir='ltr'><strong>et</strong></span> <span class='ocrx_word' id='word_1_289' title='bbox 1578 3281 1668 3320; x_wconf 90' lang='lat' dir='ltr'><strong>vos</strong></span> <span class='ocrx_word' id='word_1_290' title='bbox 1703 3271 1893 3322; x_wconf 86' lang='lat' dir='ltr'><strong>mortui</strong></span> 
     </span>
    </p>
   </div>
   <div class='ocr_carea' id='block_1_37' title="bbox 345 3346 1896 3423">
    <p class='ocr_par' dir='ltr' id='par_1_37' title="bbox 345 3346 1896 3423">
     <span class='ocr_line' id='line_1_37' title="bbox 345 3346 1896 3423; baseline 0.006 -22"><span class='ocrx_word' id='word_1_291' title='bbox 345 3347 503 3401; x_wconf 86' lang='lat' dir='ltr'><strong>estis</strong></span> <span class='ocrx_word' id='word_1_292' title='bbox 536 3346 642 3415; x_wconf 91' lang='lat' dir='ltr'><strong>legi</strong></span> <span class='ocrx_word' id='word_1_293' title='bbox 676 3361 771 3413; x_wconf 85' lang='lat' dir='ltr'><strong>per</strong></span> <span class='ocrx_word' id='word_1_294' title='bbox 792 3361 983 3414; x_wconf 88' lang='lat' dir='ltr'><strong>corpus</strong></span> <span class='ocrx_word' id='word_1_295' title='bbox 1007 3349 1229 3416; x_wconf 77' lang='lat' dir='ltr'><strong>Christi,</strong></span> <span class='ocrx_word' id='word_1_296' title='bbox 1256 3360 1313 3404; x_wconf 90' lang='lat' dir='ltr'><strong>ut</strong></span> <span class='ocrx_word' id='word_1_297' title='bbox 1337 3352 1454 3407; x_wconf 89' lang='lat' dir='ltr'><strong>sitis</strong></span> <span class='ocrx_word' id='word_1_298' title='bbox 1475 3353 1691 3408; x_wconf 86' lang='lat' dir='ltr'><strong>alterius</strong></span> <span class='ocrx_word' id='word_1_299' title='bbox 1717 3357 1804 3423; x_wconf 90' lang='lat' dir='ltr'><strong>qui</strong></span> <span class='ocrx_word' id='word_1_300' title='bbox 1829 3371 1896 3410; x_wconf 88' lang='lat' dir='ltr'><strong>ex</strong></span> 
     </span>
    </p>
   </div>
   <div class='ocr_carea' id='block_1_38' title="bbox 347 3436 1891 3513">
    <p class='ocr_par' dir='ltr' id='par_1_38' title="bbox 347 3436 1891 3513">
     <span class='ocr_line' id='line_1_38' title="bbox 347 3436 1891 3513; baseline 0.005 -25"><span class='ocrx_word' id='word_1_301' title='bbox 347 3436 600 3488; x_wconf 83' lang='lat' dir='ltr'><strong>mortuis</strong></span> <span class='ocrx_word' id='word_1_302' title='bbox 636 3437 962 3502; x_wconf 78' lang='lat' dir='ltr'><strong>resurrexit,</strong></span> <span class='ocrx_word' id='word_1_303' title='bbox 993 3447 1051 3490; x_wconf 90' lang='lat' dir='ltr'><strong>ut</strong></span> <span class='ocrx_word' id='word_1_304' title='bbox 1083 3437 1462 3495; x_wconf 86' lang='lat' dir='ltr'><strong>l&#39;ructiﬁcemus</strong></span> <span class='ocrx_word' id='word_1_305' title='bbox 1511 3443 1615 3496; x_wconf 90' lang='lat' dir='ltr'><strong>Deo</strong></span> <span class='ocrx_word' id='word_1_306' title='bbox 1639 3445 1689 3476; x_wconf 69' lang='grc'><strong><em>⁵³</em></strong></span> <span class='ocrx_word' id='word_1_307' title='bbox 1709 3445 1840 3513; x_wconf 86' lang='lat'><strong>(68).</strong></span> <span class='ocrx_word' id='word_1_308' title='bbox 1873 3463 1891 3496; x_wconf 73' lang='grc' dir='ltr'><strong>ο</strong></span> 
     </span>
    </p>
   </div>
   <div class='ocr_carea' id='block_1_39' title="bbox 351 3524 1895 3596">
    <p class='ocr_par' dir='ltr' id='par_1_39' title="bbox 351 3524 1895 3596">
     <span class='ocr_line' id='line_1_39' title="bbox 351 3524 1895 3596; baseline 0.006 -18"><span class='ocrx_word' id='word_1_309' title='bbox 351 3524 534 3579; x_wconf 76' lang='lat' dir='ltr'><strong>Vides</strong></span> <span class='ocrx_word' id='word_1_310' title='bbox 567 3527 855 3594; x_wconf 85' lang='lat' dir='ltr'><strong>quomodo,</strong></span> <span class='ocrx_word' id='word_1_311' title='bbox 888 3526 1011 3582; x_wconf 90' lang='lat' dir='ltr'><strong>licet</strong></span> <span class='ocrx_word' id='word_1_312' title='bbox 1054 3527 1341 3596; x_wconf 88' lang='lat' dir='ltr'><strong>ﬁgurarum</strong></span> <span class='ocrx_word' id='word_1_313' title='bbox 1383 3531 1669 3587; x_wconf 85' lang='lat' dir='ltr'><strong>diversitas</strong></span> <span class='ocrx_word' id='word_1_314' title='bbox 1714 3536 1895 3588; x_wconf 86' lang='lat' dir='ltr'><strong>videa-</strong></span> 
     </span>
    </p>
   </div>
   <div class='ocr_carea' id='block_1_40' title="bbox 347 3618 1895 3678">
    <p class='ocr_par' dir='ltr' id='par_1_40' title="bbox 347 3618 1895 3678">
     <span class='ocr_line' id='line_1_40' title="bbox 347 3618 1895 3678; baseline 0.005 -9"><span class='ocrx_word' id='word_1_315' title='bbox 347 3625 477 3678; x_wconf 71' lang='grc' dir='ltr'><strong>ιυν,</strong></span> <span class='ocrx_word' id='word_1_316' title='bbox 506 3618 576 3668; x_wconf 89' lang='lat' dir='ltr'><strong>ad</strong></span> <span class='ocrx_word' id='word_1_317' title='bbox 623 3629 787 3667; x_wconf 87' lang='lat' dir='ltr'><strong>unum</strong></span> <span class='ocrx_word' id='word_1_318' title='bbox 840 3625 1015 3670; x_wconf 87' lang='lat' dir='ltr'><strong>tamen</strong></span> <span class='ocrx_word' id='word_1_319' title='bbox 1062 3631 1274 3671; x_wconf 86' lang='lat' dir='ltr'><strong>sensum</strong></span> <span class='ocrx_word' id='word_1_320' title='bbox 1323 3629 1512 3674; x_wconf 88' lang='lat' dir='ltr'><strong>cuncta</strong></span> <span class='ocrx_word' id='word_1_321' title='bbox 1564 3633 1895 3677; x_wconf 88' lang='lat' dir='ltr'><strong>revocantur.</strong></span> 
     </span>
    </p>
   </div>
   <div class='ocr_carea' id='block_1_41' title="bbox 346 3703 1896 3773">
    <p class='ocr_par' dir='ltr' id='par_1_41' title="bbox 346 3703 1896 3773">
     <span class='ocr_line' id='line_1_41' title="bbox 346 3703 1896 3773; baseline 0.005 -16"><span class='ocrx_word' id='word_1_322' title='bbox 346 3703 504 3757; x_wconf 83' lang='lat' dir='ltr'><strong>Nam</strong></span> <span class='ocrx_word' id='word_1_323' title='bbox 528 3711 586 3756; x_wconf 87' lang='lat' dir='ltr'><strong>et</strong></span> <span class='ocrx_word' id='word_1_324' title='bbox 616 3705 758 3771; x_wconf 86' lang='lat' dir='ltr'><strong>quod</strong></span> <span class='ocrx_word' id='word_1_325' title='bbox 783 3704 950 3770; x_wconf 67' lang='lat' dir='ltr'><strong>legem</strong></span> <span class='ocrx_word' id='word_1_326' title='bbox 989 3704 1140 3758; x_wconf 87' lang='lat' dir='ltr'><strong>nobis</strong></span> <span class='ocrx_word' id='word_1_327' title='bbox 1174 3716 1430 3760; x_wconf 89' lang='lat' dir='ltr'><strong>mortuam</strong></span> <span class='ocrx_word' id='word_1_328' title='bbox 1454 3708 1605 3773; x_wconf 89' lang='lat' dir='ltr'><strong>dicit,</strong></span> <span class='ocrx_word' id='word_1_329' title='bbox 1629 3709 1728 3764; x_wconf 85' lang='lat' dir='ltr'><strong>hoc</strong></span> <span class='ocrx_word' id='word_1_330' title='bbox 1755 3711 1896 3764; x_wconf 90' lang='lat' dir='ltr'><strong>idem</strong></span> 
     </span>
    </p>
   </div>
   <div class='ocr_carea' id='block_1_42' title="bbox 347 3793 1896 3868">
    <p class='ocr_par' dir='ltr' id='par_1_42' title="bbox 347 3793 1896 3868">
     <span class='ocr_line' id='line_1_42' title="bbox 347 3793 1896 3868; baseline 0.006 -24"><span class='ocrx_word' id='word_1_331' title='bbox 347 3793 478 3844; x_wconf 78' lang='lat' dir='ltr'><strong>vult</strong></span> <span class='ocrx_word' id='word_1_332' title='bbox 507 3793 922 3861; x_wconf 87' lang='lat' dir='ltr'><strong>intelligi,quod</strong></span> <span class='ocrx_word' id='word_1_333' title='bbox 958 3803 1012 3848; x_wconf 90' lang='lat' dir='ltr'><strong>et</strong></span> <span class='ocrx_word' id='word_1_334' title='bbox 1057 3807 1154 3847; x_wconf 86' lang='lat' dir='ltr'><strong>nos</strong></span> <span class='ocrx_word' id='word_1_335' title='bbox 1187 3796 1378 3849; x_wconf 90' lang='lat' dir='ltr'><strong>mortui</strong></span> <span class='ocrx_word' id='word_1_336' title='bbox 1433 3812 1612 3851; x_wconf 87' lang='lat' dir='ltr'><strong>sumus</strong></span> <span class='ocrx_word' id='word_1_337' title='bbox 1660 3799 1761 3868; x_wconf 87' lang='lat' dir='ltr'><strong>legi</strong></span> <span class='ocrx_word' id='word_1_338' title='bbox 1802 3815 1896 3866; x_wconf 89' lang='lat' dir='ltr'><strong>per</strong></span> 
     </span>
    </p>
   </div>
   <div class='ocr_carea' id='block_1_43' title="bbox 428 3921 1902 3992">
    <p class='ocr_par' dir='ltr' id='par_1_43' title="bbox 428 3921 1838 3991">
     <span class='ocr_line' id='line_1_43' title="bbox 428 3921 1838 3991; baseline 0.006 -15"><span class='ocrx_word' id='word_1_339' title='bbox 428 3927 482 3960; x_wconf 78' lang='grc'><strong>⁸⁷</strong></span> <span class='ocrx_word' id='word_1_340' title='bbox 511 3921 680 3976; x_wconf 78' lang='lat' dir='ltr'><strong>Hebr.</strong></span> <span class='ocrx_word' id='word_1_341' title='bbox 705 3937 759 3987; x_wconf 88' lang='lat' dir='ltr'><strong>x,</strong></span> <span class='ocrx_word' id='word_1_342' title='bbox 777 3921 864 3977; x_wconf 72' lang='lat'><strong>’20.</strong></span> <span class='ocrx_word' id='word_1_343' title='bbox 935 3923 980 3954; x_wconf 83' lang='grc'><strong>³⁸</strong></span> <span class='ocrx_word' id='word_1_344' title='bbox 1005 3921 1156 3977; x_wconf 78' lang='lat' dir='ltr'><strong>Joan.</strong></span> <span class='ocrx_word' id='word_1_345' title='bbox 1181 3940 1220 3986; x_wconf 91' lang='grc' dir='ltr'>ι,</span> <span class='ocrx_word' id='word_1_346' title='bbox 1242 3925 1327 3980; x_wconf 72' lang='grc'><strong>14.</strong></span> <span class='ocrx_word' id='word_1_347' title='bbox 1402 3925 1446 3957; x_wconf 80' lang='grc'><strong>⁵⁹</strong></span> <span class='ocrx_word' id='word_1_348' title='bbox 1487 3924 1640 3980; x_wconf 80' lang='lat' dir='ltr'><strong>Rom.</strong></span> <span class='ocrx_word' id='word_1_349' title='bbox 1668 3943 1764 3991; x_wconf 86' lang='lat' dir='ltr'><strong>vu,</strong></span> <span class='ocrx_word' id='word_1_350' title='bbox 1786 3929 1838 3984; x_wconf 75' lang='grc' dir='ltr'>ι.</span> 
     </span>
    </p>
   </div>
   <div class='ocr_carea' id='block_1_44' title="bbox 2001 3921 2454 3992">
    <p class='ocr_par' dir='ltr' id='par_1_44' title="bbox 2001 3927 2454 3992">
     <span class='ocr_line' id='line_1_44' title="bbox 2001 3927 2454 3992; baseline -0.004 -8"><span class='ocrx_word' id='word_1_351' title='bbox 2001 3930 2115 3985; x_wconf 85' lang='lat' dir='ltr'><strong>lsai.</strong></span> <span class='ocrx_word' id='word_1_352' title='bbox 2147 3943 2257 3992; x_wconf 80' lang='lat' dir='ltr'><strong>Llll,</strong></span> <span class='ocrx_word' id='word_1_353' title='bbox 2286 3927 2342 3991; x_wconf 66' lang='lat'><strong>4,</strong></span> <span class='ocrx_word' id='word_1_354' title='bbox 2373 3928 2454 3982; x_wconf 86' lang='lat' dir='ltr'><strong>ll.</strong></span> 
     </span>
    </p>
   </div>
   <div class='ocr_carea' id='block_1_45' title="bbox 429 4065 1887 4136">
    <p class='ocr_par' dir='ltr' id='par_1_45' title="bbox 429 4065 1887 4136">
     <span class='ocr_line' id='line_1_45' title="bbox 429 4065 1887 4136; baseline 0.003 -16"><span class='ocrx_word' id='word_1_355' title='bbox 429 4068 554 4136; x_wconf 84' lang='lat'><strong>(6&#39;5)</strong></span> <span class='ocrx_word' id='word_1_356' title='bbox 583 4067 675 4120; x_wconf 84' lang='lat' dir='ltr'><strong>Sic</strong></span> <span class='ocrx_word' id='word_1_357' title='bbox 696 4079 793 4120; x_wconf 86' lang='lat' dir='ltr'><strong>ms.</strong></span> <span class='ocrx_word' id='word_1_358' title='bbox 823 4080 964 4136; x_wconf 83' lang='lat' dir='ltr'><strong>unus</strong></span> <span class='ocrx_word' id='word_1_359' title='bbox 986 4076 1038 4119; x_wconf 91' lang='lat' dir='ltr'><strong>et</strong></span> <span class='ocrx_word' id='word_1_360' title='bbox 1061 4065 1325 4136; x_wconf 78' lang='lat' dir='ltr'><strong>Babanus.</strong></span> <span class='ocrx_word' id='word_1_361' title='bbox 1360 4066 1498 4121; x_wconf 87' lang='lat' dir='ltr'><strong>Editi</strong></span> <span class='ocrx_word' id='word_1_362' title='bbox 1535 4083 1660 4121; x_wconf 83' lang='lat' dir='ltr'><strong>vero</strong></span> <span class='ocrx_word' id='word_1_363' title='bbox 1685 4080 1734 4122; x_wconf 92' lang='lat' dir='ltr'><strong>et</strong></span> <span class='ocrx_word' id='word_1_364' title='bbox 1763 4087 1887 4126; x_wconf 85' lang='lat' dir='ltr'><strong>mss.</strong></span> 
     </span>
    </p>
   </div>
   <div class='ocr_carea' id='block_1_46' title="bbox 344 4134 1886 4204">
    <p class='ocr_par' dir='ltr' id='par_1_46' title="bbox 344 4134 1886 4204">
     <span class='ocr_line' id='line_1_46' title="bbox 344 4134 1886 4204; baseline -0.006 -13"><span class='ocrx_word' id='word_1_365' title='bbox 344 4134 645 4204; x_wconf 67' lang='lat' dir='ltr'><strong>quidanm</strong></span> <span class='ocrx_word' id='word_1_366' title='bbox 672 4151 702 4188; x_wconf 89' lang='lat' dir='ltr'><strong>a</strong></span> <span class='ocrx_word' id='word_1_367' title='bbox 724 4134 998 4200; x_wconf 59' lang='lat' dir='ltr'><strong>praesentia</strong></span> <span class='ocrx_word' id='word_1_368' title='bbox 1035 4137 1148 4201; x_wconf 82' lang='lat' dir='ltr'><strong>ejus</strong></span> <span class='ocrx_word' id='word_1_369' title='bbox 1199 4134 1282 4187; x_wconf 89' lang='lat' dir='ltr'><strong>lex</strong></span> <span class='ocrx_word' id='word_1_370' title='bbox 1319 4149 1434 4204; x_wconf 90' lang='lat' dir='ltr'><strong>cum</strong></span> <span class='ocrx_word' id='word_1_371' title='bbox 1490 4138 1701 4204; x_wconf 83' lang='lat' dir='ltr'><strong>templo,</strong></span> <span class='ocrx_word' id='word_1_372' title='bbox 1730 4157 1752 4190; x_wconf 64' lang='grc' dir='ltr'><strong>ι</strong></span> <span class='ocrx_word' id='word_1_373' title='bbox 1785 4151 1886 4192; x_wconf 69' lang='lat' dir='ltr'><strong>etc,</strong></span> 
     </span>
    </p>
   </div>
   <div class='ocr_carea' id='block_1_47' title="bbox 342 4203 1894 4269">
    <p class='ocr_par' dir='ltr' id='par_1_47' title="bbox 342 4203 1894 4269">
     <span class='ocr_line' id='line_1_47' title="bbox 342 4203 1894 4269; baseline 0.001 -9"><span class='ocrx_word' id='word_1_374' title='bbox 342 4203 517 4260; x_wconf 79' lang='lat' dir='ltr'><strong>Alter</strong></span> <span class='ocrx_word' id='word_1_375' title='bbox 543 4219 645 4256; x_wconf 87' lang='lat' dir='ltr'><strong>ms.</strong></span> <span class='ocrx_word' id='word_1_376' title='bbox 675 4205 867 4265; x_wconf 77' lang='lat' dir='ltr'><strong>codex,</strong></span> <span class='ocrx_word' id='word_1_377' title='bbox 905 4219 924 4252; x_wconf 76' lang='grc' dir='ltr'><strong>ι</strong></span> <span class='ocrx_word' id='word_1_378' title='bbox 958 4217 1020 4254; x_wconf 83' lang='lat' dir='ltr'><strong>ac.</strong></span> <span class='ocrx_word' id='word_1_379' title='bbox 1045 4205 1324 4269; x_wconf 83' lang='lat' dir='ltr'><strong>prasentia</strong></span> <span class='ocrx_word' id='word_1_380' title='bbox 1346 4203 1454 4269; x_wconf 86' lang='lat' dir='ltr'><strong>ejus</strong></span> <span class='ocrx_word' id='word_1_381' title='bbox 1471 4204 1759 4260; x_wconf 83' lang='lat' dir='ltr'><strong>Jerusalem</strong></span> <span class='ocrx_word' id='word_1_382' title='bbox 1790 4218 1894 4261; x_wconf 87' lang='lat' dir='ltr'><strong>ter-</strong></span> 
     </span>
    </p>
   </div>
   <div class='ocr_carea' id='block_1_48' title="bbox 345 4269 1082 4337">
    <p class='ocr_par' dir='ltr' id='par_1_48' title="bbox 345 4269 1082 4337">
     <span class='ocr_line' id='line_1_48' title="bbox 345 4269 1082 4337; baseline -0.014 -7"><span class='ocrx_word' id='word_1_383' title='bbox 345 4288 496 4330; x_wconf 80' lang='lat' dir='ltr'><strong>rena</strong></span> <span class='ocrx_word' id='word_1_384' title='bbox 533 4285 657 4325; x_wconf 91' lang='lat' dir='ltr'><strong>cum</strong></span> <span class='ocrx_word' id='word_1_385' title='bbox 682 4269 898 4337; x_wconf 87' lang='lat' dir='ltr'><strong>templo.</strong></span> <span class='ocrx_word' id='word_1_386' title='bbox 938 4287 955 4318; x_wconf 81' lang='grc' dir='ltr'><strong>ι</strong></span> <span class='ocrx_word' id='word_1_387' title='bbox 979 4281 1082 4322; x_wconf 92' lang='lat' dir='ltr'><strong>etc.</strong></span> 
     </span>
    </p>
   </div>
   <div class='ocr_carea' id='block_1_49' title="bbox 438 4337 1354 4408">
    <p class='ocr_par' dir='ltr' id='par_1_49' title="bbox 438 4337 1354 4408">
     <span class='ocr_line' id='line_1_49' title="bbox 438 4337 1354 4408; baseline -0.003 -16"><span class='ocrx_word' id='word_1_388' title='bbox 438 4339 561 4408; x_wconf 74' lang='grc'>(64)</span> <span class='ocrx_word' id='word_1_389' title='bbox 804 4352 951 4408; x_wconf 52' lang='lat' dir='ltr'><strong>inec</strong></span> <span class='ocrx_word' id='word_1_390' title='bbox 978 4337 1297 4408; x_wconf 78' lang='lat' dir='ltr'><strong>adulterum.</strong></span> <span class='ocrx_word' id='word_1_391' title='bbox 1334 4357 1354 4389; x_wconf 70' lang='grc' dir='ltr'><strong>ι</strong></span> 
     </span>
    </p>
   </div>
   <div class='ocr_carea' id='block_1_50' title="bbox 439 4405 1902 4478">
    <p class='ocr_par' dir='ltr' id='par_1_50' title="bbox 439 4405 1902 4478">
     <span class='ocr_line' id='line_1_50' title="bbox 439 4405 1902 4478; baseline 0.002 -17"><span class='ocrx_word' id='word_1_392' title='bbox 439 4405 559 4478; x_wconf 81' lang='lat'><strong>(65)</strong></span> <span class='ocrx_word' id='word_1_393' title='bbox 594 4405 754 4464; x_wconf 83' lang='lat' dir='ltr'><strong>Editi,</strong></span> <span class='ocrx_word' id='word_1_394' title='bbox 781 4423 798 4454; x_wconf 79' lang='grc' dir='ltr'><strong>ι</strong></span> <span class='ocrx_word' id='word_1_395' title='bbox 823 4405 1008 4478; x_wconf 51' lang='grc' dir='ltr'>Ιίιιεχιε</span> <span class='ocrx_word' id='word_1_396' title='bbox 1039 4407 1182 4478; x_wconf 62' lang='grc' dir='ltr'><strong>Ιρχ.ι</strong></span> <span class='ocrx_word' id='word_1_397' title='bbox 1212 4406 1404 4478; x_wconf 73' lang='lat' dir='ltr'><strong>Deinde</strong></span> <span class='ocrx_word' id='word_1_398' title='bbox 1434 4423 1535 4462; x_wconf 93' lang='lat' dir='ltr'><strong>ms.</strong></span> <span class='ocrx_word' id='word_1_399' title='bbox 1570 4424 1727 4473; x_wconf 91' lang='lat' dir='ltr'><strong>unus,</strong></span> <span class='ocrx_word' id='word_1_400' title='bbox 1755 4428 1773 4460; x_wconf 79' lang='grc' dir='ltr'><strong>ι</strong></span> <span class='ocrx_word' id='word_1_401' title='bbox 1799 4410 1902 4464; x_wconf 84' lang='lat' dir='ltr'><strong>Ter</strong></span> 
     </span>
    </p>
   </div>
   <div class='ocr_carea' id='block_1_51' title="bbox 352 4471 1898 4540">
    <p class='ocr_par' dir='ltr' id='par_1_51' title="bbox 352 4471 1898 4540">
     <span class='ocr_line' id='line_1_51' title="bbox 352 4471 1898 4540; baseline 0.001 -11"><span class='ocrx_word' id='word_1_402' title='bbox 352 4481 418 4533; x_wconf 83' lang='lat' dir='ltr'><strong>in</strong></span> <span class='ocrx_word' id='word_1_403' title='bbox 449 4471 604 4529; x_wconf 73' lang='lat' dir='ltr'><strong>anno</strong></span> <span class='ocrx_word' id='word_1_404' title='bbox 631 4485 891 4540; x_wconf 88' lang='lat' dir='ltr'><strong>apparere</strong></span> <span class='ocrx_word' id='word_1_405' title='bbox 920 4472 1140 4525; x_wconf 89' lang='lat' dir='ltr'><strong>Domino</strong></span> <span class='ocrx_word' id='word_1_406' title='bbox 1159 4471 1374 4540; x_wconf 86' lang='lat' dir='ltr'><strong>jubetur</strong></span> <span class='ocrx_word' id='word_1_407' title='bbox 1402 4478 1574 4530; x_wconf 88' lang='lat' dir='ltr'><strong>omnis</strong></span> <span class='ocrx_word' id='word_1_408' title='bbox 1600 4471 1898 4540; x_wconf 85' lang='lat' dir='ltr'><strong>masculus;</strong></span> 
     </span>
    </p>
   </div>
   <div class='ocr_carea' id='block_1_52' title="bbox 342 4541 820 4602">
    <p class='ocr_par' dir='ltr' id='par_1_52' title="bbox 342 4541 820 4602">
     <span class='ocr_line' id='line_1_52' title="bbox 342 4541 820 4602; baseline -0.023 0"><span class='ocrx_word' id='word_1_409' title='bbox 342 4562 471 4602; x_wconf 88' lang='lat' dir='ltr'><strong>non</strong></span> <span class='ocrx_word' id='word_1_410' title='bbox 508 4541 772 4596; x_wconf 87' lang='lat' dir='ltr'><strong>ascendit.</strong></span> <span class='ocrx_word' id='word_1_411' title='bbox 803 4557 820 4591; x_wconf 82' lang='grc' dir='ltr'><strong>ι</strong></span> 
     </span>
    </p>
   </div>
   <div class='ocr_carea' id='block_1_53' title="bbox 431 4609 1902 4681">
    <p class='ocr_par' dir='ltr' id='par_1_53' title="bbox 431 4609 1902 4681">
     <span class='ocr_line' id='line_1_53' title="bbox 431 4609 1902 4681; baseline 0 -17"><span class='ocrx_word' id='word_1_412' title='bbox 431 4611 553 4681; x_wconf 84' lang='grc'>(66)</span> <span class='ocrx_word' id='word_1_413' title='bbox 594 4609 686 4662; x_wconf 89' lang='lat' dir='ltr'><strong>Sic</strong></span> <span class='ocrx_word' id='word_1_414' title='bbox 729 4623 997 4681; x_wconf 72' lang='lat' dir='ltr'><strong>ms.__ttnu_s</strong></span> <span class='ocrx_word' id='word_1_415' title='bbox 1038 4609 1230 4681; x_wconf 79' lang='lat' dir='ltr'><strong>Regius</strong></span> <span class='ocrx_word' id='word_1_416' title='bbox 1274 4625 1419 4681; x_wconf 85' lang='lat' dir='ltr'><strong>num.</strong></span> <span class='ocrx_word' id='word_1_417' title='bbox 1454 4613 1604 4667; x_wconf 68' lang='lat'><strong>4659.</strong></span> <span class='ocrx_word' id='word_1_418' title='bbox 1654 4613 1902 4669; x_wconf 80' lang='lat' dir='ltr'><strong>Rabanns</strong></span> 
     </span>
    </p>
   </div>
   <div class='ocr_carea' id='block_1_54' title="bbox 342 4676 1900 4743">
    <p class='ocr_par' dir='ltr' id='par_1_54' title="bbox 342 4676 1900 4743">
     <span class='ocr_line' id='line_1_54' title="bbox 342 4676 1900 4743; baseline 0.003 -11"><span class='ocrx_word' id='word_1_419' title='bbox 342 4676 519 4743; x_wconf 73' lang='lat' dir='ltr'><strong>vero,</strong></span> <span class='ocrx_word' id='word_1_420' title='bbox 551 4695 573 4726; x_wconf 74' lang='grc' dir='ltr'><strong><em>ο</em></strong></span> <span class='ocrx_word' id='word_1_421' title='bbox 615 4676 868 4743; x_wconf 86' lang='lat' dir='ltr'><strong>manipuli</strong></span> <span class='ocrx_word' id='word_1_422' title='bbox 899 4677 1250 4742; x_wconf 85' lang='lat' dir='ltr'><strong>primitiarqu</strong></span> <span class='ocrx_word' id='word_1_423' title='bbox 1278 4679 1568 4732; x_wconf 68' lang='lat' dir='ltr'><strong>elferuutur</strong></span> <span class='ocrx_word' id='word_1_424' title='bbox 1589 4683 1715 4732; x_wconf 92' lang='lat' dir='ltr'><strong>nulli</strong></span> <span class='ocrx_word' id='word_1_425' title='bbox 1743 4717 1758 4732; x_wconf 94' lang='lat'><strong>.</strong></span> <span class='ocrx_word' id='word_1_426' title='bbox 1786 4718 1802 4732; x_wconf 96' lang='lat'><strong>.</strong></span> <span class='ocrx_word' id='word_1_427' title='bbox 1844 4719 1858 4734; x_wconf 94' lang='lat'><strong>.</strong></span> <span class='ocrx_word' id='word_1_428' title='bbox 1883 4720 1900 4736; x_wconf 92' lang='lat'><strong>.</strong></span> 
     </span>
    </p>
   </div>
   <div class='ocr_carea' id='block_1_55' title="bbox 344 4745 1902 4812">
    <p class='ocr_par' dir='ltr' id='par_1_55' title="bbox 344 4745 1902 4812">
     <span class='ocr_line' id='line_1_55' title="bbox 344 4745 1902 4812; baseline -0.001 -12"><span class='ocrx_word' id='word_1_429' title='bbox 344 4748 514 4805; x_wconf 81' lang='lat' dir='ltr'><strong>nulla</strong></span> <span class='ocrx_word' id='word_1_430' title='bbox 553 4745 804 4812; x_wconf 82' lang='lat' dir='ltr'><strong>expiatur</strong></span> <span class='ocrx_word' id='word_1_431' title='bbox 844 4745 1194 4812; x_wconf 87' lang='lat' dir='ltr'><strong>immunditia,</strong></span> <span class='ocrx_word' id='word_1_432' title='bbox 1251 4764 1272 4796; x_wconf 75' lang='grc' dir='ltr'><strong>ι</strong></span> <span class='ocrx_word' id='word_1_433' title='bbox 1317 4756 1420 4800; x_wconf 90' lang='lat' dir='ltr'><strong>etc.</strong></span> <span class='ocrx_word' id='word_1_434' title='bbox 1473 4749 1662 4800; x_wconf 84' lang='lat' dir='ltr'><strong>Cateri</strong></span> <span class='ocrx_word' id='word_1_435' title='bbox 1697 4765 1820 4803; x_wconf 88' lang='lat' dir='ltr'><strong>mss.</strong></span> <span class='ocrx_word' id='word_1_436' title='bbox 1851 4760 1902 4802; x_wconf 89' lang='lat' dir='ltr'><strong>et</strong></span> 
     </span>
    </p>
   </div>
   <div class='ocr_carea' id='block_1_56' title="bbox 348 4811 1904 4883">
    <p class='ocr_par' dir='ltr' id='par_1_56' title="bbox 348 4811 1904 4883">
     <span class='ocr_line' id='line_1_56' title="bbox 348 4811 1904 4883; baseline -0.001 -13"><span class='ocrx_word' id='word_1_437' title='bbox 348 4816 528 4876; x_wconf 84' lang='lat' dir='ltr'><strong>editi,</strong></span> <span class='ocrx_word' id='word_1_438' title='bbox 579 4830 610 4863; x_wconf 80' lang='lat' dir='ltr'><strong>.t</strong></span> <span class='ocrx_word' id='word_1_439' title='bbox 632 4811 1296 4883; x_wconf 33' lang='lat' dir='ltr'><strong>’manipulihprimitiarum</strong></span> <span class='ocrx_word' id='word_1_440' title='bbox 1330 4815 1446 4883; x_wconf 80' lang='lat' dir='ltr'><strong>(al.,</strong></span> <span class='ocrx_word' id='word_1_441' title='bbox 1481 4832 1500 4864; x_wconf 75' lang='grc' dir='ltr'><strong>ι</strong></span> <span class='ocrx_word' id='word_1_442' title='bbox 1530 4817 1596 4869; x_wconf 93' lang='lat' dir='ltr'><strong>de</strong></span> <span class='ocrx_word' id='word_1_443' title='bbox 1624 4818 1904 4883; x_wconf 82' lang='lat' dir='ltr'><strong>manipulis</strong></span> 
     </span>
    </p>
   </div>
   <div class='ocr_carea' id='block_1_57' title="bbox 344 4879 1902 4956">
    <p class='ocr_par' dir='ltr' id='par_1_57' title="bbox 344 4879 1902 4956">
     <span class='ocr_line' id='line_1_57' title="bbox 344 4879 1902 4956; baseline -0.001 -19"><span class='ocrx_word' id='word_1_444' title='bbox 344 4883 747 4956; x_wconf 77' lang='lat' dir='ltr'><strong>primitiarum</strong></span> <span class='ocrx_word' id='word_1_445' title='bbox 765 4883 817 4956; x_wconf 74' lang='grc' dir='ltr'>ι)</span> <span class='ocrx_word' id='word_1_446' title='bbox 836 4879 971 4956; x_wconf 80' lang='lat' dir='ltr'><strong>nulla</strong></span> <span class='ocrx_word' id='word_1_447' title='bbox 997 4881 1294 4956; x_wconf 84' lang='lat' dir='ltr'><strong>celebratur</strong></span> <span class='ocrx_word' id='word_1_448' title='bbox 1313 4879 1505 4956; x_wconf 75' lang='lat' dir='ltr'><strong>oblatio</strong></span> <span class='ocrx_word' id='word_1_449' title='bbox 1531 4901 1543 4934; x_wconf 89' lang='lat'>:</span> <span class='ocrx_word' id='word_1_450' title='bbox 1567 4884 1714 4956; x_wconf 65' lang='lat' dir='ltr'><strong>nulla</strong></span> <span class='ocrx_word' id='word_1_451' title='bbox 1742 4879 1902 4956; x_wconf 56' lang='lat' dir='ltr'><strong>lf-pra,</strong></span> 
     </span>
    </p>
   </div>
   <div class='ocr_carea' id='block_1_58' title="bbox 347 4947 1900 5018">
    <p class='ocr_par' dir='ltr' id='par_1_58' title="bbox 347 4947 1900 5018">
     <span class='ocr_line' id='line_1_58' title="bbox 347 4947 1900 5018; baseline 0 -14"><span class='ocrx_word' id='word_1_452' title='bbox 347 4947 512 5008; x_wconf 68' lang='lat' dir='ltr'><strong>inulla</strong></span> <span class='ocrx_word' id='word_1_453' title='bbox 567 4949 778 5016; x_wconf 89' lang='lat' dir='ltr'><strong>pecoris</strong></span> <span class='ocrx_word' id='word_1_454' title='bbox 799 4947 914 5018; x_wconf 84' lang='lat' dir='ltr'><strong>(aL,</strong></span> <span class='ocrx_word' id='word_1_455' title='bbox 933 4965 952 4998; x_wconf 78' lang='grc' dir='ltr'><strong>ι</strong></span> <span class='ocrx_word' id='word_1_456' title='bbox 969 4951 1260 5016; x_wconf 81' lang='lat' dir='ltr'><strong>peccatoris</strong></span> <span class='ocrx_word' id='word_1_457' title='bbox 1281 4949 1328 5018; x_wconf 73' lang='grc' dir='ltr'>ι)</span> <span class='ocrx_word' id='word_1_458' title='bbox 1350 4950 1660 5014; x_wconf 86' lang='lat' dir='ltr'><strong>immundia,</strong></span> <span class='ocrx_word' id='word_1_459' title='bbox 1676 4947 1900 5004; x_wconf 78' lang='lat' dir='ltr'><strong>dubitari</strong></span> 
     </span>
    </p>
   </div>
   <div class='ocr_carea' id='block_1_59' title="bbox 345 5025 755 5091">
    <p class='ocr_par' dir='ltr' id='par_1_59' title="bbox 345 5025 755 5091">
     <span class='ocr_line' id='line_1_59' title="bbox 345 5025 755 5091; baseline 0 0"><span class='ocrx_word' id='word_1_460' title='bbox 345 5027 566 5091; x_wconf 59' lang='lat' dir='ltr'><strong>potes},-</strong></span> <span class='ocrx_word' id='word_1_461' title='bbox 605 5025 755 5091; x_wconf 60' lang='lat' dir='ltr'><strong>23w-</strong></span> 
     </span>
    </p>
   </div>
   <div class='ocr_carea' id='block_1_60' title="bbox 439 5083 1904 5157">
    <p class='ocr_par' dir='ltr' id='par_1_60' title="bbox 439 5083 1904 5157">
     <span class='ocr_line' id='line_1_60' title="bbox 439 5083 1904 5157; baseline 0.002 -19"><span class='ocrx_word' id='word_1_462' title='bbox 439 5087 560 5157; x_wconf 84' lang='lat'><strong>(67)</strong></span> <span class='ocrx_word' id='word_1_463' title='bbox 591 5085 770 5157; x_wconf 60' lang='lat' dir='ltr'><strong>Alias,</strong></span> <span class='ocrx_word' id='word_1_464' title='bbox 809 5083 1078 5157; x_wconf 68' lang='lat' dir='ltr'><strong>tq_uia__ila</strong></span> <span class='ocrx_word' id='word_1_465' title='bbox 1106 5085 1273 5157; x_wconf 81' lang='lat' dir='ltr'><strong>adhuc</strong></span> <span class='ocrx_word' id='word_1_466' title='bbox 1311 5084 1542 5157; x_wconf 76' lang='lat' dir='ltr'><strong>secundo</strong></span> <span class='ocrx_word' id='word_1_467' title='bbox 1573 5087 1772 5139; x_wconf 84' lang='lat' dir='ltr'><strong>sociata</strong></span> <span class='ocrx_word' id='word_1_468' title='bbox 1802 5099 1904 5153; x_wconf 88' lang='lat' dir='ltr'><strong>est,</strong></span> 
     </span>
    </p>
   </div>
   <div class='ocr_carea' id='block_1_61' title="bbox 349 5152 1572 5219">
    <p class='ocr_par' dir='ltr' id='par_1_61' title="bbox 349 5152 1572 5219">
     <span class='ocr_line' id='line_1_61' title="bbox 349 5152 1572 5219; baseline -0.008 -7"><span class='ocrx_word' id='word_1_469' title='bbox 349 5167 423 5212; x_wconf 86' lang='lat' dir='ltr'><strong>ut</strong></span> <span class='ocrx_word' id='word_1_470' title='bbox 451 5152 506 5206; x_wconf 79' lang='lat' dir='ltr'><strong>ei</strong></span> <span class='ocrx_word' id='word_1_471' title='bbox 537 5152 632 5219; x_wconf 88' lang='lat' dir='ltr'><strong>(al.</strong></span> <span class='ocrx_word' id='word_1_472' title='bbox 669 5170 688 5202; x_wconf 77' lang='grc' dir='ltr'><strong>ι</strong></span> <span class='ocrx_word' id='word_1_473' title='bbox 712 5163 769 5205; x_wconf 90' lang='grc' dir='ltr'><strong>ιιι</strong></span> <span class='ocrx_word' id='word_1_474' title='bbox 792 5153 834 5205; x_wconf 88' lang='lat' dir='ltr'><strong>si</strong></span> <span class='ocrx_word' id='word_1_475' title='bbox 859 5153 905 5217; x_wconf 84' lang='grc' dir='ltr'>ι)</span> <span class='ocrx_word' id='word_1_476' title='bbox 930 5153 1099 5204; x_wconf 87' lang='lat' dir='ltr'><strong>adlmc</strong></span> <span class='ocrx_word' id='word_1_477' title='bbox 1126 5154 1326 5205; x_wconf 87' lang='lat' dir='ltr'><strong>viveret</strong></span> <span class='ocrx_word' id='word_1_478' title='bbox 1355 5152 1517 5219; x_wconf 88' lang='lat' dir='ltr'><strong>prior.</strong></span> <span class='ocrx_word' id='word_1_479' title='bbox 1552 5169 1572 5202; x_wconf 75' lang='grc' dir='ltr'><strong>ι</strong></span> 
     </span>
    </p>
   </div>
   <div class='ocr_carea' id='block_1_62' title="bbox 437 5218 1903 5294">
    <p class='ocr_par' dir='ltr' id='par_1_62' title="bbox 437 5218 1903 5294">
     <span class='ocr_line' id='line_1_62' title="bbox 437 5218 1903 5294; baseline -0.003 -18"><span class='ocrx_word' id='word_1_480' title='bbox 437 5218 556 5294; x_wconf 81' lang='grc'>(68)</span> <span class='ocrx_word' id='word_1_481' title='bbox 591 5220 732 5294; x_wconf 79' lang='lat' dir='ltr'><strong>Editi</strong></span> <span class='ocrx_word' id='word_1_482' title='bbox 765 5240 777 5274; x_wconf 94' lang='lat'>:</span> <span class='ocrx_word' id='word_1_483' title='bbox 813 5237 831 5270; x_wconf 77' lang='grc' dir='ltr'><strong>ι</strong></span> <span class='ocrx_word' id='word_1_484' title='bbox 859 5220 1016 5274; x_wconf 80' lang='lat' dir='ltr'><strong>Vides</strong></span> <span class='ocrx_word' id='word_1_485' title='bbox 1063 5221 1323 5288; x_wconf 82' lang='lat' dir='ltr'><strong>quomodo</strong></span> <span class='ocrx_word' id='word_1_486' title='bbox 1374 5218 1693 5288; x_wconf 84' lang='lat' dir='ltr'><strong>ﬁgurarum,</strong></span> <span class='ocrx_word' id='word_1_487' title='bbox 1726 5241 1745 5274; x_wconf 75' lang='grc' dir='ltr'><strong>ι</strong></span> <span class='ocrx_word' id='word_1_488' title='bbox 1775 5233 1903 5287; x_wconf 53' lang='lat' dir='ltr'><strong>etc&quot;</strong></span> 
     </span>
    </p>
   </div>
   <div class='ocr_carea' id='block_1_63' title="bbox 345 5288 841 5349">
    <p class='ocr_par' dir='ltr' id='par_1_63' title="bbox 345 5288 841 5349">
     <span class='ocr_line' id='line_1_63' title="bbox 345 5288 841 5349; baseline -0.022 0"><span class='ocrx_word' id='word_1_489' title='bbox 345 5288 577 5349; x_wconf 69' lang='lat' dir='ltr'><strong>oniisso</strong></span> <span class='ocrx_word' id='word_1_490' title='bbox 610 5305 628 5337; x_wconf 80' lang='grc' dir='ltr'><strong>ι</strong></span> <span class='ocrx_word' id='word_1_491' title='bbox 659 5288 798 5341; x_wconf 88' lang='lat' dir='ltr'><strong>licet.</strong></span> <span class='ocrx_word' id='word_1_492' title='bbox 821 5305 841 5338; x_wconf 69' lang='grc' dir='ltr'><strong>ι</strong></span> 
     </span>
    </p>
   </div>
   <div class='ocr_carea' id='block_1_64' title="bbox 441 5352 1910 5425">
    <p class='ocr_par' dir='ltr' id='par_1_64' title="bbox 441 5352 1910 5425">
     <span class='ocr_line' id='line_1_64' title="bbox 441 5352 1910 5425; baseline -0.008 -13"><span class='ocrx_word' id='word_1_493' title='bbox 441 5355 562 5425; x_wconf 84' lang='grc'>(69)</span> <span class='ocrx_word' id='word_1_494' title='bbox 620 5355 711 5408; x_wconf 89' lang='lat' dir='ltr'><strong>Sic</strong></span> <span class='ocrx_word' id='word_1_495' title='bbox 746 5371 876 5425; x_wconf 76' lang='lat' dir='ltr'><strong>mss.</strong></span> <span class='ocrx_word' id='word_1_496' title='bbox 921 5369 1056 5425; x_wconf 81' lang='lat' dir='ltr'><strong>unus</strong></span> <span class='ocrx_word' id='word_1_497' title='bbox 1105 5355 1290 5425; x_wconf 78' lang='lat' dir='ltr'><strong>Regius</strong></span> <span class='ocrx_word' id='word_1_498' title='bbox 1350 5367 1497 5425; x_wconf 79' lang='lat' dir='ltr'><strong>num.</strong></span> <span class='ocrx_word' id='word_1_499' title='bbox 1560 5352 1713 5425; x_wconf 66' lang='lat'><strong>1-6“.</strong></span> <span class='ocrx_word' id='word_1_500' title='bbox 1759 5357 1910 5410; x_wconf 68' lang='grc' dir='ltr'>ΑΙιρι-</span> 
     </span>
    </p>
   </div>
   <div class='ocr_carea' id='block_1_65' title="bbox 349 5421 1907 5489">
    <p class='ocr_par' dir='ltr' id='par_1_65' title="bbox 349 5421 1907 5489">
     <span class='ocr_line' id='line_1_65' title="bbox 349 5421 1907 5489; baseline -0.005 -5"><span class='ocrx_word' id='word_1_501' title='bbox 349 5443 477 5484; x_wconf 84' lang='lat' dir='ltr'><strong>ms.</strong></span> <span class='ocrx_word' id='word_1_502' title='bbox 519 5421 671 5477; x_wconf 84' lang='lat' dir='ltr'><strong>num.</strong></span> <span class='ocrx_word' id='word_1_503' title='bbox 701 5423 859 5476; x_wconf 71' lang='lat'><strong>1639:</strong></span> <span class='ocrx_word' id='word_1_504' title='bbox 900 5441 917 5472; x_wconf 77' lang='grc' dir='ltr'><strong>ι</strong></span> <span class='ocrx_word' id='word_1_505' title='bbox 939 5422 1067 5476; x_wconf 85' lang='lat' dir='ltr'><strong>Nam</strong></span> <span class='ocrx_word' id='word_1_506' title='bbox 1097 5424 1336 5489; x_wconf 89' lang='lat' dir='ltr'><strong>equidem</strong></span> <span class='ocrx_word' id='word_1_507' title='bbox 1376 5421 1541 5486; x_wconf 88' lang='lat' dir='ltr'><strong>legem</strong></span> <span class='ocrx_word' id='word_1_508' title='bbox 1576 5424 1726 5476; x_wconf 80' lang='lat' dir='ltr'><strong>nobis</strong></span> <span class='ocrx_word' id='word_1_509' title='bbox 1761 5441 1907 5476; x_wconf 83' lang='lat' dir='ltr'><strong>tuor-</strong></span> 
     </span>
    </p>
   </div>
   <div class='ocr_carea' id='block_1_66' title="bbox 350 5489 1902 5558">
    <p class='ocr_par' dir='ltr' id='par_1_66' title="bbox 350 5489 1902 5558">
     <span class='ocr_line' id='line_1_66' title="bbox 350 5489 1902 5558; baseline -0.002 -11"><span class='ocrx_word' id='word_1_510' title='bbox 350 5496 639 5551; x_wconf 79' lang='lat' dir='ltr'><strong>tiftcatam</strong></span> <span class='ocrx_word' id='word_1_511' title='bbox 663 5490 794 5544; x_wconf 88' lang='lat' dir='ltr'><strong>dicit</strong></span> <span class='ocrx_word' id='word_1_512' title='bbox 820 5506 910 5558; x_wconf 90' lang='lat' dir='ltr'><strong>per</strong></span> <span class='ocrx_word' id='word_1_513' title='bbox 935 5507 1124 5558; x_wconf 90' lang='lat' dir='ltr'><strong>corpus</strong></span> <span class='ocrx_word' id='word_1_514' title='bbox 1152 5489 1380 5558; x_wconf 68' lang='lat' dir='ltr'><strong>Christi,</strong></span> <span class='ocrx_word' id='word_1_515' title='bbox 1401 5490 1452 5540; x_wconf 90' lang='lat' dir='ltr'><strong>in</strong></span> <span class='ocrx_word' id='word_1_516' title='bbox 1482 5503 1587 5554; x_wconf 85' lang='lat' dir='ltr'><strong>quo</strong></span> <span class='ocrx_word' id='word_1_517' title='bbox 1614 5506 1860 5556; x_wconf 86' lang='lat' dir='ltr'><strong>corpore,</strong></span> <span class='ocrx_word' id='word_1_518' title='bbox 1882 5513 1902 5544; x_wconf 73' lang='grc' dir='ltr'><strong>ι</strong></span> 
     </span>
    </p>
   </div>
   <div class='ocr_carea' id='block_1_67' title="bbox 352 5555 1908 5627">
    <p class='ocr_par' dir='ltr' id='par_1_67' title="bbox 352 5555 1908 5627">
     <span class='ocr_line' id='line_1_67' title="bbox 352 5555 1908 5627; baseline -0.005 -7"><span class='ocrx_word' id='word_1_519' title='bbox 352 5575 514 5627; x_wconf 82' lang='lat' dir='ltr'><strong>etc.,</strong></span> <span class='ocrx_word' id='word_1_520' title='bbox 550 5558 770 5614; x_wconf 79' lang='lat' dir='ltr'><strong>omissis</strong></span> <span class='ocrx_word' id='word_1_521' title='bbox 794 5555 1144 5614; x_wconf 82' lang='lat' dir='ltr'><strong>intermediis.</strong></span> <span class='ocrx_word' id='word_1_522' title='bbox 1188 5555 1381 5610; x_wconf 69' lang='lat' dir='ltr'><strong>Caneri</strong></span> <span class='ocrx_word' id='word_1_523' title='bbox 1421 5568 1544 5609; x_wconf 86' lang='lat' dir='ltr'><strong>vero</strong></span> <span class='ocrx_word' id='word_1_524' title='bbox 1571 5555 1908 5620; x_wconf 70' lang='lat' dir='ltr'><strong>uiss.,llaba-</strong></span> 
     </span>
    </p>
   </div>
   <div class='ocr_carea' id='block_1_68' title="bbox 2009 496 3524 566">
    <p class='ocr_par' dir='ltr' id='par_1_68' title="bbox 2009 496 3524 566">
     <span class='ocr_line' id='line_1_68' title="bbox 2009 496 3524 566; baseline 0.001 -17"><span class='ocrx_word' id='word_1_525' title='bbox 2009 509 2217 552; x_wconf 77' lang='lat' dir='ltr'><strong>nostras</strong></span> <span class='ocrx_word' id='word_1_526' title='bbox 2241 499 2378 559; x_wconf 89' lang='lat' dir='ltr'><strong>tulit,</strong></span> <span class='ocrx_word' id='word_1_527' title='bbox 2421 508 2474 551; x_wconf 91' lang='lat' dir='ltr'><strong>et</strong></span> <span class='ocrx_word' id='word_1_528' title='bbox 2504 508 2718 566; x_wconf 87' lang='lat' dir='ltr'><strong>peccata</strong></span> <span class='ocrx_word' id='word_1_529' title='bbox 2743 507 2920 551; x_wconf 89' lang='lat' dir='ltr'><strong>nostra</strong></span> <span class='ocrx_word' id='word_1_530' title='bbox 2953 497 3184 566; x_wconf 83' lang='lat' dir='ltr'><strong>portavit</strong></span> <span class='ocrx_word' id='word_1_531' title='bbox 3205 496 3272 559; x_wconf 82' lang='lat'><strong>“,</strong></span> <span class='ocrx_word' id='word_1_532' title='bbox 3298 516 3318 549; x_wconf 76' lang='grc' dir='ltr'><strong>ι</strong></span> <span class='ocrx_word' id='word_1_533' title='bbox 3363 509 3418 550; x_wconf 92' lang='lat' dir='ltr'><strong>et</strong></span> <span class='ocrx_word' id='word_1_534' title='bbox 3473 500 3524 550; x_wconf 90' lang='lat' dir='ltr'><strong>in</strong></span> 
     </span>
    </p>
   </div>
   <div class='ocr_carea' id='block_1_69' title="bbox 2007 573 3526 656">
    <p class='ocr_par' dir='ltr' id='par_1_69' title="bbox 2007 573 3526 656">
     <span class='ocr_line' id='line_1_69' title="bbox 2007 573 3526 656; baseline -0.001 -16"><span class='ocrx_word' id='word_1_535' title='bbox 2007 603 2110 656; x_wconf 92' lang='lat' dir='ltr'><strong>quo</strong></span> <span class='ocrx_word' id='word_1_536' title='bbox 2139 589 2287 640; x_wconf 87' lang='lat' dir='ltr'><strong>exuit</strong></span> <span class='ocrx_word' id='word_1_537' title='bbox 2325 588 2686 654; x_wconf 66' lang='lat' dir='ltr'><strong>«principatus</strong></span> <span class='ocrx_word' id='word_1_538' title='bbox 2733 593 2787 639; x_wconf 89' lang='lat' dir='ltr'><strong>et</strong></span> <span class='ocrx_word' id='word_1_539' title='bbox 2831 594 3138 653; x_wconf 87' lang='lat' dir='ltr'><strong>potestates,</strong></span> <span class='ocrx_word' id='word_1_540' title='bbox 3195 573 3526 652; x_wconf 85' lang='lat' dir='ltr'><strong>triumphans</strong></span> 
     </span>
    </p>
   </div>
   <div class='ocr_carea' id='block_1_70' title="bbox 2005 662 3556 742">
    <p class='ocr_par' dir='ltr' id='par_1_70' title="bbox 2005 662 3556 742">
     <span class='ocr_line' id='line_1_70' title="bbox 2005 662 3556 742; baseline 0.001 -13"><span class='ocrx_word' id='word_1_541' title='bbox 2005 662 2111 729; x_wconf 42' lang='lat' dir='ltr'><strong>eas.</strong></span> <span class='ocrx_word' id='word_1_542' title='bbox 2127 676 2176 728; x_wconf 91' lang='lat' dir='ltr'><strong>iu</strong></span> <span class='ocrx_word' id='word_1_543' title='bbox 2204 676 2486 742; x_wconf 86' lang='lat' dir='ltr'><strong>semetipso</strong></span> <span class='ocrx_word' id='word_1_544' title='bbox 2508 677 2571 726; x_wconf 73' lang='grc'><strong>³³.</strong></span> <span class='ocrx_word' id='word_1_545' title='bbox 2596 694 2628 726; x_wconf 52' lang='grc' dir='ltr'><strong>»μ</strong></span> <span class='ocrx_word' id='word_1_546' title='bbox 2650 674 3028 728; x_wconf 85' lang='lat' dir='ltr'><strong>Festinandum</strong></span> <span class='ocrx_word' id='word_1_547' title='bbox 3054 684 3136 728; x_wconf 87' lang='lat' dir='ltr'><strong>est</strong></span> <span class='ocrx_word' id='word_1_548' title='bbox 3161 689 3286 741; x_wconf 83' lang='lat' dir='ltr'><strong>ergo</strong></span> <span class='ocrx_word' id='word_1_549' title='bbox 3306 678 3370 728; x_wconf 90' lang='lat' dir='ltr'><strong>ad</strong></span> <span class='ocrx_word' id='word_1_550' title='bbox 3398 678 3527 730; x_wconf 82' lang='lat' dir='ltr'><strong>istas</strong></span> <span class='ocrx_word' id='word_1_551' title='bbox 3554 709 3556 711; x_wconf 62' lang='grc'><strong>›</strong></span> 
     </span>
    </p>
   </div>
   <div class='ocr_carea' id='block_1_71' title="bbox 2004 764 3519 832">
    <p class='ocr_par' dir='ltr' id='par_1_71' title="bbox 2004 764 3519 832">
     <span class='ocr_line' id='line_1_71' title="bbox 2004 764 3519 832; baseline -0.001 -15"><span class='ocrx_word' id='word_1_552' title='bbox 2004 765 2266 817; x_wconf 86' lang='lat' dir='ltr'><strong>secundas</strong></span> <span class='ocrx_word' id='word_1_553' title='bbox 2294 764 2524 831; x_wconf 90' lang='lat' dir='ltr'><strong>nuptias,</strong></span> <span class='ocrx_word' id='word_1_554' title='bbox 2557 779 2673 832; x_wconf 83' lang='lat' dir='ltr'><strong>qua</strong></span> <span class='ocrx_word' id='word_1_555' title='bbox 2698 764 2962 817; x_wconf 83' lang='lat' dir='ltr'><strong>beatiores</strong></span> <span class='ocrx_word' id='word_1_556' title='bbox 2995 774 3117 817; x_wconf 89' lang='lat' dir='ltr'><strong>sunt</strong></span> <span class='ocrx_word' id='word_1_557' title='bbox 3163 765 3327 817; x_wconf 85' lang='lat' dir='ltr'><strong>multo</strong></span> <span class='ocrx_word' id='word_1_558' title='bbox 3361 779 3519 831; x_wconf 83' lang='lat' dir='ltr'><strong>quam</strong></span> 
     </span>
    </p>
   </div>
   <div class='ocr_carea' id='block_1_72' title="bbox 2006 852 3525 922">
    <p class='ocr_par' dir='ltr' id='par_1_72' title="bbox 2006 852 3525 922">
     <span class='ocr_line' id='line_1_72' title="bbox 2006 852 3525 922; baseline 0 -16"><span class='ocrx_word' id='word_1_559' title='bbox 2006 854 2210 922; x_wconf 81' lang='lat' dir='ltr'><strong>prima.</strong></span> <span class='ocrx_word' id='word_1_560' title='bbox 2241 854 2305 906; x_wconf 87' lang='lat' dir='ltr'><strong>Et</strong></span> <span class='ocrx_word' id='word_1_561' title='bbox 2344 854 2468 908; x_wconf 87' lang='lat' dir='ltr'><strong>vide</strong></span> <span class='ocrx_word' id='word_1_562' title='bbox 2505 856 2549 907; x_wconf 91' lang='lat' dir='ltr'><strong>si</strong></span> <span class='ocrx_word' id='word_1_563' title='bbox 2591 855 2728 906; x_wconf 83' lang='lat' dir='ltr'><strong>forte</strong></span> <span class='ocrx_word' id='word_1_564' title='bbox 2755 853 2865 921; x_wconf 85' lang='lat' dir='ltr'><strong>jam</strong></span> <span class='ocrx_word' id='word_1_565' title='bbox 2907 865 3034 908; x_wconf 92' lang='lat' dir='ltr'><strong>tunc</strong></span> <span class='ocrx_word' id='word_1_566' title='bbox 3073 852 3159 906; x_wconf 81' lang='lat' dir='ltr'><strong>lex</strong></span> <span class='ocrx_word' id='word_1_567' title='bbox 3199 856 3303 907; x_wconf 90' lang='lat' dir='ltr'><strong>tale</strong></span> <span class='ocrx_word' id='word_1_568' title='bbox 3347 855 3525 907; x_wconf 88' lang='lat' dir='ltr'><strong>nescio</strong></span> 
     </span>
    </p>
   </div>
   <div class='ocr_carea' id='block_1_73' title="bbox 2006 942 3523 1012">
    <p class='ocr_par' dir='ltr' id='par_1_73' title="bbox 2006 942 3523 1012">
     <span class='ocr_line' id='line_1_73' title="bbox 2006 942 3523 1012; baseline 0.001 -16"><span class='ocrx_word' id='word_1_569' title='bbox 2006 944 2128 1012; x_wconf 89' lang='lat' dir='ltr'><strong>quid</strong></span> <span class='ocrx_word' id='word_1_570' title='bbox 2151 944 2504 997; x_wconf 87' lang='lat' dir='ltr'><strong>adumbrabat</strong></span> <span class='ocrx_word' id='word_1_571' title='bbox 2530 944 2581 995; x_wconf 93' lang='lat' dir='ltr'><strong>in</strong></span> <span class='ocrx_word' id='word_1_572' title='bbox 2598 957 2661 996; x_wconf 94' lang='lat' dir='ltr'><strong>eo</strong></span> <span class='ocrx_word' id='word_1_573' title='bbox 2679 959 2798 996; x_wconf 91' lang='lat' dir='ltr'><strong>cum</strong></span> <span class='ocrx_word' id='word_1_574' title='bbox 2818 943 3036 1012; x_wconf 89' lang='lat' dir='ltr'><strong>jubebat</strong></span> <span class='ocrx_word' id='word_1_575' title='bbox 3051 942 3199 1012; x_wconf 81' lang='grc'>(70)-</span> <span class='ocrx_word' id='word_1_576' title='bbox 3214 954 3270 995; x_wconf 89' lang='grc' dir='ltr'><strong>ιιι</strong></span> <span class='ocrx_word' id='word_1_577' title='bbox 3315 944 3523 1009; x_wconf 87' lang='lat' dir='ltr'><strong>mulier,</strong></span> 
     </span>
    </p>
   </div>
   <div class='ocr_carea' id='block_1_74' title="bbox 2007 1034 3526 1102">
    <p class='ocr_par' dir='ltr' id='par_1_74' title="bbox 2007 1034 3526 1102">
     <span class='ocr_line' id='line_1_74' title="bbox 2007 1034 3526 1102; baseline -0.001 -14"><span class='ocrx_word' id='word_1_578' title='bbox 2007 1042 2214 1088; x_wconf 91' lang='lat' dir='ltr'><strong>mortuo</strong></span> <span class='ocrx_word' id='word_1_579' title='bbox 2244 1035 2418 1101; x_wconf 78' lang='lat' dir='ltr'><strong>priore</strong></span> <span class='ocrx_word' id='word_1_580' title='bbox 2457 1035 2593 1096; x_wconf 90' lang='lat' dir='ltr'><strong>viro,</strong></span> <span class='ocrx_word' id='word_1_581' title='bbox 2645 1034 2709 1087; x_wconf 89' lang='lat' dir='ltr'><strong>de</strong></span> <span class='ocrx_word' id='word_1_582' title='bbox 2734 1049 2840 1102; x_wconf 91' lang='lat' dir='ltr'><strong>quo</strong></span> <span class='ocrx_word' id='word_1_583' title='bbox 2881 1049 3059 1087; x_wconf 86' lang='lat' dir='ltr'><strong>semen</strong></span> <span class='ocrx_word' id='word_1_584' title='bbox 3090 1049 3194 1086; x_wconf 88' lang='lat' dir='ltr'><strong>non</strong></span> <span class='ocrx_word' id='word_1_585' title='bbox 3219 1045 3526 1100; x_wconf 83' lang='lat' dir='ltr'><strong>susceperat</strong></span> 
     </span>
    </p>
   </div>
   <div class='ocr_carea' id='block_1_75' title="bbox 2006 1121 3523 1195">
    <p class='ocr_par' dir='ltr' id='par_1_75' title="bbox 2006 1121 3523 1195">
     <span class='ocr_line' id='line_1_75' title="bbox 2006 1121 3523 1195; baseline -0.001 -19"><span class='ocrx_word' id='word_1_586' title='bbox 2006 1124 2152 1195; x_wconf 86' lang='lat' dir='ltr'><strong>(talis</strong></span> <span class='ocrx_word' id='word_1_587' title='bbox 2178 1124 2318 1176; x_wconf 90' lang='lat' dir='ltr'><strong>enim</strong></span> <span class='ocrx_word' id='word_1_588' title='bbox 2369 1122 2541 1176; x_wconf 66' lang='lat' dir='ltr'><strong>iuerat</strong></span> <span class='ocrx_word' id='word_1_589' title='bbox 2569 1123 2655 1190; x_wconf 90' lang='lat' dir='ltr'><strong>qui</strong></span> <span class='ocrx_word' id='word_1_590' title='bbox 2695 1122 2922 1175; x_wconf 81' lang='lat' dir='ltr'><strong>fructum</strong></span> <span class='ocrx_word' id='word_1_591' title='bbox 2958 1138 3059 1176; x_wconf 92' lang='lat' dir='ltr'><strong>non</strong></span> <span class='ocrx_word' id='word_1_592' title='bbox 3096 1134 3272 1191; x_wconf 86' lang='lat' dir='ltr'><strong>posset</strong></span> <span class='ocrx_word' id='word_1_593' title='bbox 3315 1121 3523 1191; x_wconf 72' lang='lat' dir='ltr'><strong>alferre)</strong></span> 
     </span>
    </p>
   </div>
   <div class='ocr_carea' id='block_1_76' title="bbox 2001 1211 3525 1280">
    <p class='ocr_par' dir='ltr' id='par_1_76' title="bbox 2001 1211 3525 1280">
     <span class='ocr_line' id='line_1_76' title="bbox 2001 1211 3525 1280; baseline -0.002 -15"><span class='ocrx_word' id='word_1_594' title='bbox 2001 1211 2276 1280; x_wconf 91' lang='lat' dir='ltr'><strong>juberetur</strong></span> <span class='ocrx_word' id='word_1_595' title='bbox 2300 1214 2450 1267; x_wconf 79' lang='lat' dir='ltr'><strong>fratri</strong></span> <span class='ocrx_word' id='word_1_596' title='bbox 2473 1211 2587 1279; x_wconf 88' lang='lat' dir='ltr'><strong>ejus</strong></span> <span class='ocrx_word' id='word_1_597' title='bbox 2609 1212 2812 1265; x_wconf 89' lang='lat' dir='ltr'><strong>nubere</strong></span> <span class='ocrx_word' id='word_1_598' title='bbox 2836 1211 2912 1266; x_wconf 82' lang='lat'><strong>“.</strong></span> <span class='ocrx_word' id='word_1_599' title='bbox 2945 1211 3133 1266; x_wconf 85' lang='lat' dir='ltr'><strong>Frater</strong></span> <span class='ocrx_word' id='word_1_600' title='bbox 3150 1212 3288 1264; x_wconf 89' lang='lat' dir='ltr'><strong>enim</strong></span> <span class='ocrx_word' id='word_1_601' title='bbox 3321 1214 3525 1264; x_wconf 84' lang='lat' dir='ltr'><strong>videtur</strong></span> 
     </span>
    </p>
   </div>
   <div class='ocr_carea' id='block_1_77' title="bbox 2008 1301 3525 1371">
    <p class='ocr_par' dir='ltr' id='par_1_77' title="bbox 2008 1301 3525 1371">
     <span class='ocr_line' id='line_1_77' title="bbox 2008 1301 3525 1371; baseline 0.001 -18"><span class='ocrx_word' id='word_1_602' title='bbox 2008 1301 2144 1371; x_wconf 83' lang='lat' dir='ltr'><strong>legis</strong></span> <span class='ocrx_word' id='word_1_603' title='bbox 2191 1302 2380 1355; x_wconf 91' lang='lat' dir='ltr'><strong>littera</strong></span> <span class='ocrx_word' id='word_1_604' title='bbox 2426 1303 2712 1356; x_wconf 78' lang='lat' dir='ltr'><strong>secundum</strong></span> <span class='ocrx_word' id='word_1_605' title='bbox 2759 1301 3002 1370; x_wconf 89' lang='lat' dir='ltr'><strong>spiritum</strong></span> <span class='ocrx_word' id='word_1_606' title='bbox 3042 1303 3147 1365; x_wconf 81' lang='lat' dir='ltr'><strong>lex,</strong></span> <span class='ocrx_word' id='word_1_607' title='bbox 3198 1312 3255 1354; x_wconf 91' lang='lat' dir='ltr'><strong>ut</strong></span> <span class='ocrx_word' id='word_1_608' title='bbox 3289 1303 3355 1354; x_wconf 86' lang='lat' dir='ltr'><strong>de</strong></span> <span class='ocrx_word' id='word_1_609' title='bbox 3412 1302 3525 1366; x_wconf 88' lang='lat' dir='ltr'><strong>ipso</strong></span> 
     </span>
    </p>
   </div>
   <div class='ocr_carea' id='block_1_78' title="bbox 2008 1392 3522 1460">
    <p class='ocr_par' dir='ltr' id='par_1_78' title="bbox 2008 1392 3522 1460">
     <span class='ocr_line' id='line_1_78' title="bbox 2008 1392 3522 1460; baseline -0.001 -15"><span class='ocrx_word' id='word_1_610' title='bbox 2008 1394 2178 1460; x_wconf 90' lang='lat' dir='ltr'><strong>magis</strong></span> <span class='ocrx_word' id='word_1_611' title='bbox 2205 1393 2392 1446; x_wconf 89' lang='lat' dir='ltr'><strong>mulier</strong></span> <span class='ocrx_word' id='word_1_612' title='bbox 2417 1392 2606 1446; x_wconf 81' lang='lat' dir='ltr'><strong>aﬁ‘erat</strong></span> <span class='ocrx_word' id='word_1_613' title='bbox 2634 1393 2884 1446; x_wconf 77' lang='lat' dir='ltr'><strong>fructum.</strong></span> <span class='ocrx_word' id='word_1_614' title='bbox 2918 1393 3021 1447; x_wconf 91' lang='lat' dir='ltr'><strong>Sed</strong></span> <span class='ocrx_word' id='word_1_615' title='bbox 3077 1395 3187 1446; x_wconf 85' lang='lat' dir='ltr'><strong>hac</strong></span> <span class='ocrx_word' id='word_1_616' title='bbox 3224 1393 3427 1460; x_wconf 81' lang='lat' dir='ltr'><strong>plenius</strong></span> <span class='ocrx_word' id='word_1_617' title='bbox 3471 1394 3522 1444; x_wconf 82' lang='lat' dir='ltr'><strong>in</strong></span> 
     </span>
    </p>
   </div>
   <div class='ocr_carea' id='block_1_79' title="bbox 2007 1479 3523 1548">
    <p class='ocr_par' dir='ltr' id='par_1_79' title="bbox 2007 1479 3523 1548">
     <span class='ocr_line' id='line_1_79' title="bbox 2007 1479 3523 1548; baseline 0.002 -17"><span class='ocrx_word' id='word_1_618' title='bbox 2007 1479 2138 1533; x_wconf 89' lang='lat' dir='ltr'><strong>locis</strong></span> <span class='ocrx_word' id='word_1_619' title='bbox 2183 1482 2294 1534; x_wconf 89' lang='lat' dir='ltr'><strong>suis</strong></span> <span class='ocrx_word' id='word_1_620' title='bbox 2333 1483 2691 1548; x_wconf 84' lang='lat' dir='ltr'><strong>requirentur.</strong></span> <span class='ocrx_word' id='word_1_621' title='bbox 2740 1479 2890 1534; x_wconf 81' lang='lat' dir='ltr'><strong>Nunc</strong></span> <span class='ocrx_word' id='word_1_622' title='bbox 2931 1489 3127 1543; x_wconf 89' lang='lat' dir='ltr'><strong>autem,</strong></span> <span class='ocrx_word' id='word_1_623' title='bbox 3179 1491 3237 1533; x_wconf 92' lang='lat' dir='ltr'><strong>ut</strong></span> <span class='ocrx_word' id='word_1_624' title='bbox 3269 1482 3523 1544; x_wconf 90' lang='lat' dir='ltr'><strong>diximus,</strong></span> 
     </span>
    </p>
   </div>
   <div class='ocr_carea' id='block_1_80' title="bbox 2006 1568 3521 1638">
    <p class='ocr_par' dir='ltr' id='par_1_80' title="bbox 2006 1568 3521 1638">
     <span class='ocr_line' id='line_1_80' title="bbox 2006 1568 3521 1638; baseline 0.003 -19"><span class='ocrx_word' id='word_1_625' title='bbox 2006 1568 2152 1634; x_wconf 90' lang='lat' dir='ltr'><strong>prius</strong></span> <span class='ocrx_word' id='word_1_626' title='bbox 2185 1568 2513 1620; x_wconf 90' lang='lat' dir='ltr'><strong>moriendum</strong></span> <span class='ocrx_word' id='word_1_627' title='bbox 2554 1577 2636 1623; x_wconf 87' lang='lat' dir='ltr'><strong>est</strong></span> <span class='ocrx_word' id='word_1_628' title='bbox 2670 1568 2770 1636; x_wconf 87' lang='lat' dir='ltr'><strong>legi</strong></span> <span class='ocrx_word' id='word_1_629' title='bbox 2807 1569 3030 1630; x_wconf 84' lang='lat' dir='ltr'><strong>littera,</strong></span> <span class='ocrx_word' id='word_1_630' title='bbox 3079 1580 3136 1622; x_wconf 91' lang='lat' dir='ltr'><strong>ut</strong></span> <span class='ocrx_word' id='word_1_631' title='bbox 3165 1570 3240 1622; x_wconf 92' lang='lat' dir='ltr'><strong>sic</strong></span> <span class='ocrx_word' id='word_1_632' title='bbox 3273 1569 3521 1638; x_wconf 82' lang='lat' dir='ltr'><strong>conjungi</strong></span> 
     </span>
    </p>
   </div>
   <div class='ocr_carea' id='block_1_81' title="bbox 2007 1657 3522 1726">
    <p class='ocr_par' dir='ltr' id='par_1_81' title="bbox 2007 1657 3522 1726">
     <span class='ocr_line' id='line_1_81' title="bbox 2007 1657 3522 1726; baseline 0.002 -16"><span class='ocrx_word' id='word_1_633' title='bbox 2007 1659 2267 1724; x_wconf 80' lang='lat' dir='ltr'><strong>possimus</strong></span> <span class='ocrx_word' id='word_1_634' title='bbox 2286 1657 2517 1722; x_wconf 87' lang='lat' dir='ltr'><strong>Christo,</strong></span> <span class='ocrx_word' id='word_1_635' title='bbox 2546 1660 2633 1726; x_wconf 91' lang='lat' dir='ltr'><strong>qui</strong></span> <span class='ocrx_word' id='word_1_636' title='bbox 2655 1673 2718 1711; x_wconf 80' lang='lat' dir='ltr'><strong>ex</strong></span> <span class='ocrx_word' id='word_1_637' title='bbox 2745 1662 2965 1712; x_wconf 87' lang='lat' dir='ltr'><strong>mortuis</strong></span> <span class='ocrx_word' id='word_1_638' title='bbox 2995 1662 3308 1715; x_wconf 86' lang='lat' dir='ltr'><strong>resurrexit.</strong></span> <span class='ocrx_word' id='word_1_639' title='bbox 3344 1659 3522 1713; x_wconf 86' lang='lat' dir='ltr'><strong>Potest</strong></span> 
     </span>
    </p>
   </div>
   <div class='ocr_carea' id='block_1_82' title="bbox 2007 1746 3520 1818">
    <p class='ocr_par' dir='ltr' id='par_1_82' title="bbox 2007 1746 3520 1818">
     <span class='ocr_line' id='line_1_82' title="bbox 2007 1746 3520 1818; baseline 0.005 -21"><span class='ocrx_word' id='word_1_640' title='bbox 2007 1757 2182 1799; x_wconf 89' lang='lat' dir='ltr'><strong>autem</strong></span> <span class='ocrx_word' id='word_1_641' title='bbox 2236 1746 2347 1800; x_wconf 88' lang='lat' dir='ltr'><strong>ﬁeri</strong></span> <span class='ocrx_word' id='word_1_642' title='bbox 2377 1755 2432 1798; x_wconf 92' lang='lat' dir='ltr'><strong>ut</strong></span> <span class='ocrx_word' id='word_1_643' title='bbox 2462 1747 2560 1801; x_wconf 87' lang='lat' dir='ltr'><strong>hoc</strong></span> <span class='ocrx_word' id='word_1_644' title='bbox 2587 1763 2686 1800; x_wconf 91' lang='lat' dir='ltr'><strong>non</strong></span> <span class='ocrx_word' id='word_1_645' title='bbox 2716 1749 2884 1801; x_wconf 90' lang='lat' dir='ltr'><strong>solum</strong></span> <span class='ocrx_word' id='word_1_646' title='bbox 2931 1749 2994 1801; x_wconf 89' lang='lat' dir='ltr'><strong>de</strong></span> <span class='ocrx_word' id='word_1_647' title='bbox 3039 1750 3151 1817; x_wconf 85' lang='lat' dir='ltr'><strong>lege</strong></span> <span class='ocrx_word' id='word_1_648' title='bbox 3202 1749 3365 1818; x_wconf 81' lang='lat' dir='ltr'><strong>Moysi</strong></span> <span class='ocrx_word' id='word_1_649' title='bbox 3405 1766 3520 1818; x_wconf 84' lang='lat' dir='ltr'><strong>qua</strong></span> 
     </span>
    </p>
   </div>
   <div class='ocr_carea' id='block_1_83' title="bbox 2005 1835 3518 1898">
    <p class='ocr_par' dir='ltr' id='par_1_83' title="bbox 2005 1835 3518 1898">
     <span class='ocr_line' id='line_1_83' title="bbox 2005 1835 3518 1898; baseline 0.001 -10"><span class='ocrx_word' id='word_1_650' title='bbox 2005 1844 2090 1888; x_wconf 90' lang='lat' dir='ltr'><strong>est</strong></span> <span class='ocrx_word' id='word_1_651' title='bbox 2137 1836 2428 1888; x_wconf 86' lang='lat' dir='ltr'><strong>secundum</strong></span> <span class='ocrx_word' id='word_1_652' title='bbox 2475 1835 2706 1888; x_wconf 90' lang='lat' dir='ltr'><strong>litteram</strong></span> <span class='ocrx_word' id='word_1_653' title='bbox 2767 1837 3041 1898; x_wconf 87' lang='lat' dir='ltr'><strong>sentiatur,</strong></span> <span class='ocrx_word' id='word_1_654' title='bbox 3106 1837 3198 1890; x_wconf 91' lang='lat' dir='ltr'><strong>sed</strong></span> <span class='ocrx_word' id='word_1_655' title='bbox 3255 1839 3319 1890; x_wconf 90' lang='lat' dir='ltr'><strong>de</strong></span> <span class='ocrx_word' id='word_1_656' title='bbox 3375 1841 3518 1890; x_wconf 90' lang='lat' dir='ltr'><strong>omni</strong></span> 
     </span>
    </p>
   </div>
   <div class='ocr_carea' id='block_1_84' title="bbox 2006 1923 3520 1993">
    <p class='ocr_par' dir='ltr' id='par_1_84' title="bbox 2006 1923 3520 1993">
     <span class='ocr_line' id='line_1_84' title="bbox 2006 1923 3520 1993; baseline 0.001 -17"><span class='ocrx_word' id='word_1_657' title='bbox 2006 1924 2220 1976; x_wconf 90' lang='lat' dir='ltr'><strong>homine</strong></span> <span class='ocrx_word' id='word_1_658' title='bbox 2243 1923 2388 1993; x_wconf 78' lang='lat' dir='ltr'><strong>(7i):</strong></span> <span class='ocrx_word' id='word_1_659' title='bbox 2422 1925 2668 1992; x_wconf 88' lang='lat' dir='ltr'><strong>quoniam</strong></span> <span class='ocrx_word' id='word_1_660' title='bbox 2697 1935 2898 1976; x_wconf 91' lang='lat' dir='ltr'><strong>certum</strong></span> <span class='ocrx_word' id='word_1_661' title='bbox 2928 1935 3006 1977; x_wconf 91' lang='lat' dir='ltr'><strong>est</strong></span> <span class='ocrx_word' id='word_1_662' title='bbox 3029 1927 3166 1992; x_wconf 86' lang='lat' dir='ltr'><strong>quod</strong></span> <span class='ocrx_word' id='word_1_663' title='bbox 3201 1926 3520 1992; x_wconf 61' lang='lat' dir='ltr'><strong>quibuscuuo</strong></span> 
     </span>
    </p>
   </div>
   <div class='ocr_carea' id='block_1_85' title="bbox 2003 2013 3549 2082">
    <p class='ocr_par' dir='ltr' id='par_1_85' title="bbox 2003 2013 3549 2082">
     <span class='ocr_line' id='line_1_85' title="bbox 2003 2013 3549 2082; baseline 0.002 -18"><span class='ocrx_word' id='word_1_664' title='bbox 2003 2028 2107 2079; x_wconf 90' lang='lat' dir='ltr'><strong>que</strong></span> <span class='ocrx_word' id='word_1_665' title='bbox 2131 2013 2410 2076; x_wconf 90' lang='lat' dir='ltr'><strong>institutis,</strong></span> <span class='ocrx_word' id='word_1_666' title='bbox 2434 2014 2834 2080; x_wconf 86' lang='lat' dir='ltr'><strong>quibuscunque</strong></span> <span class='ocrx_word' id='word_1_667' title='bbox 2865 2014 3101 2066; x_wconf 89' lang='lat' dir='ltr'><strong>moribus</strong></span> <span class='ocrx_word' id='word_1_668' title='bbox 3137 2026 3344 2082; x_wconf 85' lang='lat' dir='ltr'><strong>agatur,</strong></span> <span class='ocrx_word' id='word_1_669' title='bbox 3370 2016 3549 2081; x_wconf 33' lang='lat' dir='ltr'><strong>quasi‘</strong></span> 
     </span>
    </p>
   </div>
   <div class='ocr_carea' id='block_1_86' title="bbox 2003 2103 3524 2169">
    <p class='ocr_par' dir='ltr' id='par_1_86' title="bbox 2003 2103 3524 2169">
     <span class='ocr_line' id='line_1_86' title="bbox 2003 2103 3524 2169; baseline 0.001 -14"><span class='ocrx_word' id='word_1_670' title='bbox 2003 2104 2099 2155; x_wconf 88' lang='lat' dir='ltr'><strong>sub</strong></span> <span class='ocrx_word' id='word_1_671' title='bbox 2127 2103 2240 2167; x_wconf 83' lang='lat' dir='ltr'><strong>lege</strong></span> <span class='ocrx_word' id='word_1_672' title='bbox 2265 2104 2364 2156; x_wconf 91' lang='lat' dir='ltr'><strong>hac</strong></span> <span class='ocrx_word' id='word_1_673' title='bbox 2397 2117 2503 2169; x_wconf 90' lang='lat' dir='ltr'><strong>qua</strong></span> <span class='ocrx_word' id='word_1_674' title='bbox 2542 2103 2708 2154; x_wconf 90' lang='lat' dir='ltr'><strong>utitur</strong></span> <span class='ocrx_word' id='word_1_675' title='bbox 2753 2104 2930 2155; x_wconf 88' lang='lat' dir='ltr'><strong>vivere</strong></span> <span class='ocrx_word' id='word_1_676' title='bbox 2968 2106 3260 2156; x_wconf 89' lang='lat' dir='ltr'><strong>credendus</strong></span> <span class='ocrx_word' id='word_1_677' title='bbox 3291 2105 3524 2158; x_wconf 13' lang='lat' dir='ltr'><strong>est-:icui</strong></span> 
     </span>
    </p>
   </div>
   <div class='ocr_carea' id='block_1_87' title="bbox 2002 2188 3546 2260">
    <p class='ocr_par' dir='ltr' id='par_1_87' title="bbox 2002 2188 3546 2260">
     <span class='ocr_line' id='line_1_87' title="bbox 2002 2188 3546 2260; baseline 0.003 -20"><span class='ocrx_word' id='word_1_678' title='bbox 2002 2188 2181 2254; x_wconf 87' lang='lat' dir='ltr'><strong>utique</strong></span> <span class='ocrx_word' id='word_1_679' title='bbox 2218 2190 2298 2240; x_wconf 88' lang='lat' dir='ltr'><strong>vel</strong></span> <span class='ocrx_word' id='word_1_680' title='bbox 2335 2188 2447 2253; x_wconf 88' lang='lat' dir='ltr'><strong>ipse</strong></span> <span class='ocrx_word' id='word_1_681' title='bbox 2499 2189 2630 2240; x_wconf 93' lang='lat' dir='ltr'><strong>mori</strong></span> <span class='ocrx_word' id='word_1_682' title='bbox 2665 2190 2838 2246; x_wconf 86' lang='lat' dir='ltr'><strong>debet.</strong></span> <span class='ocrx_word' id='word_1_683' title='bbox 2886 2189 2967 2242; x_wconf 90' lang='lat' dir='ltr'><strong>vel</strong></span> <span class='ocrx_word' id='word_1_684' title='bbox 3020 2190 3133 2258; x_wconf 90' lang='lat' dir='ltr'><strong>ipsa</strong></span> <span class='ocrx_word' id='word_1_685' title='bbox 3164 2191 3236 2242; x_wconf 90' lang='lat' dir='ltr'><strong>illi</strong></span> <span class='ocrx_word' id='word_1_686' title='bbox 3273 2191 3403 2260; x_wconf 75' lang='lat'><strong>(72),</strong></span> <span class='ocrx_word' id='word_1_687' title='bbox 3454 2207 3546 2244; x_wconf 87' lang='lat' dir='ltr'><strong>ne-</strong></span> 
     </span>
    </p>
   </div>
   <div class='ocr_carea' id='block_1_88' title="bbox 2001 2276 3521 2344">
    <p class='ocr_par' dir='ltr' id='par_1_88' title="bbox 2001 2276 3521 2344">
     <span class='ocr_line' id='line_1_88' title="bbox 2001 2276 3521 2344; baseline 0.004 -16"><span class='ocrx_word' id='word_1_688' title='bbox 2001 2276 2138 2331; x_wconf 82' lang='lat' dir='ltr'><strong>forte</strong></span> <span class='ocrx_word' id='word_1_689' title='bbox 2169 2276 2266 2329; x_wconf 91' lang='lat' dir='ltr'><strong>sub</strong></span> <span class='ocrx_word' id='word_1_690' title='bbox 2304 2278 2406 2329; x_wconf 90' lang='lat' dir='ltr'><strong>alio</strong></span> <span class='ocrx_word' id='word_1_691' title='bbox 2441 2278 2558 2329; x_wconf 91' lang='lat' dir='ltr'><strong>viro</strong></span> <span class='ocrx_word' id='word_1_692' title='bbox 2587 2279 2756 2344; x_wconf 89' lang='lat' dir='ltr'><strong>posita</strong></span> <span class='ocrx_word' id='word_1_693' title='bbox 2795 2279 2968 2330; x_wconf 90' lang='lat' dir='ltr'><strong>anima</strong></span> <span class='ocrx_word' id='word_1_694' title='bbox 3013 2278 3080 2331; x_wconf 91' lang='lat' dir='ltr'><strong>ad</strong></span> <span class='ocrx_word' id='word_1_695' title='bbox 3115 2280 3382 2332; x_wconf 85' lang='lat' dir='ltr'><strong>Christum</strong></span> <span class='ocrx_word' id='word_1_696' title='bbox 3432 2297 3521 2334; x_wconf 88' lang='lat' dir='ltr'><strong>ve-</strong></span> 
     </span>
    </p>
   </div>
   <div class='ocr_carea' id='block_1_89' title="bbox 2001 2365 3517 2434">
    <p class='ocr_par' dir='ltr' id='par_1_89' title="bbox 2001 2365 3517 2434">
     <span class='ocr_line' id='line_1_89' title="bbox 2001 2365 3517 2434; baseline 0.003 -14"><span class='ocrx_word' id='word_1_697' title='bbox 2001 2367 2170 2430; x_wconf 90' lang='lat' dir='ltr'><strong>niens,</strong></span> <span class='ocrx_word' id='word_1_698' title='bbox 2207 2381 2308 2418; x_wconf 88' lang='lat' dir='ltr'><strong>non</strong></span> <span class='ocrx_word' id='word_1_699' title='bbox 2341 2377 2444 2419; x_wconf 90' lang='lat' dir='ltr'><strong>tam</strong></span> <span class='ocrx_word' id='word_1_700' title='bbox 2477 2368 2686 2434; x_wconf 80' lang='lat' dir='ltr'><strong>nuptias</strong></span> <span class='ocrx_word' id='word_1_701' title='bbox 2719 2365 2834 2432; x_wconf 86' lang='lat' dir='ltr'><strong>ejus</strong></span> <span class='ocrx_word' id='word_1_702' title='bbox 2869 2367 3035 2432; x_wconf 91' lang='lat' dir='ltr'><strong>adire,</strong></span> <span class='ocrx_word' id='word_1_703' title='bbox 3075 2383 3234 2434; x_wconf 82' lang='lat' dir='ltr'><strong>quam</strong></span> <span class='ocrx_word' id='word_1_704' title='bbox 3279 2371 3517 2425; x_wconf 88' lang='lat' dir='ltr'><strong>adultera</strong></span> 
     </span>
    </p>
   </div>
   <div class='ocr_carea' id='block_1_90' title="bbox 1998 2454 3516 2527">
    <p class='ocr_par' dir='ltr' id='par_1_90' title="bbox 1998 2454 3516 2527">
     <span class='ocr_line' id='line_1_90' title="bbox 1998 2454 3516 2527; baseline 0.001 -17"><span class='ocrx_word' id='word_1_705' title='bbox 1998 2454 2132 2510; x_wconf 81' lang='lat' dir='ltr'><strong>eﬂici</strong></span> <span class='ocrx_word' id='word_1_706' title='bbox 2162 2457 2422 2520; x_wconf 89' lang='lat' dir='ltr'><strong>videatur,</strong></span> <span class='ocrx_word' id='word_1_707' title='bbox 2464 2456 2656 2524; x_wconf 86' lang='lat' dir='ltr'><strong>quippe</strong></span> <span class='ocrx_word' id='word_1_708' title='bbox 2697 2457 2738 2508; x_wconf 92' lang='lat' dir='ltr'><strong>si</strong></span> <span class='ocrx_word' id='word_1_709' title='bbox 2789 2459 2980 2524; x_wconf 84' lang='lat' dir='ltr'><strong>prioris</strong></span> <span class='ocrx_word' id='word_1_710' title='bbox 3035 2457 3146 2527; x_wconf 80' lang='grc'>(75)</span> <span class='ocrx_word' id='word_1_711' title='bbox 3193 2461 3364 2514; x_wconf 82' lang='lat' dir='ltr'><strong>adhuc</strong></span> <span class='ocrx_word' id='word_1_712' title='bbox 3417 2462 3516 2513; x_wconf 89' lang='lat' dir='ltr'><strong>viri</strong></span> 
     </span>
    </p>
   </div>
   <div class='ocr_carea' id='block_1_91' title="bbox 1999 2546 3516 2614">
    <p class='ocr_par' dir='ltr' id='par_1_91' title="bbox 1999 2546 3516 2614">
     <span class='ocr_line' id='line_1_91' title="bbox 1999 2546 3516 2614; baseline 0.004 -16"><span class='ocrx_word' id='word_1_713' title='bbox 1999 2547 2200 2614; x_wconf 81' lang='lat' dir='ltr'><strong>legibus</strong></span> <span class='ocrx_word' id='word_1_714' title='bbox 2228 2548 2379 2598; x_wconf 90' lang='lat' dir='ltr'><strong>vivit.</strong></span> <span class='ocrx_word' id='word_1_715' title='bbox 2427 2546 2574 2611; x_wconf 80' lang='lat' dir='ltr'><strong>Quod</strong></span> <span class='ocrx_word' id='word_1_716' title='bbox 2630 2555 2804 2599; x_wconf 89' lang='lat' dir='ltr'><strong>tamen</strong></span> <span class='ocrx_word' id='word_1_717' title='bbox 2844 2549 3123 2614; x_wconf 86' lang='lat' dir='ltr'><strong>Apostolus</strong></span> <span class='ocrx_word' id='word_1_718' title='bbox 3163 2551 3262 2601; x_wconf 86' lang='lat' dir='ltr'><strong>alia</strong></span> <span class='ocrx_word' id='word_1_719' title='bbox 3302 2565 3516 2604; x_wconf 89' lang='lat' dir='ltr'><strong>rursum</strong></span> 
     </span>
    </p>
   </div>
   <div class='ocr_carea' id='block_1_92' title="bbox 1973 2634 3513 2704">
    <p class='ocr_par' dir='ltr' id='par_1_92' title="bbox 1973 2634 3513 2704">
     <span class='ocr_line' id='line_1_92' title="bbox 1973 2634 3513 2704; baseline 0.003 -18"><span class='ocrx_word' id='word_1_720' title='bbox 1973 2652 1975 2655; x_wconf 94' lang='grc'>·</span> <span class='ocrx_word' id='word_1_721' title='bbox 1999 2636 2162 2704; x_wconf 90' lang='lat' dir='ltr'><strong>ﬁgura</strong></span> <span class='ocrx_word' id='word_1_722' title='bbox 2191 2638 2255 2689; x_wconf 90' lang='lat' dir='ltr'><strong>ad</strong></span> <span class='ocrx_word' id='word_1_723' title='bbox 2288 2636 2528 2689; x_wconf 87' lang='lat' dir='ltr'><strong>eumdem</strong></span> <span class='ocrx_word' id='word_1_724' title='bbox 2556 2649 2770 2689; x_wconf 86' lang='lat' dir='ltr'><strong>sensum</strong></span> <span class='ocrx_word' id='word_1_725' title='bbox 2800 2634 2911 2704; x_wconf 77' lang='grc'>(74)</span> <span class='ocrx_word' id='word_1_726' title='bbox 2939 2637 3319 2704; x_wconf 81' lang='lat' dir='ltr'><strong>explanationis</strong></span> <span class='ocrx_word' id='word_1_727' title='bbox 3354 2641 3513 2691; x_wconf 85' lang='lat' dir='ltr'><strong>addu-</strong></span> 
     </span>
    </p>
   </div>
   <div class='ocr_carea' id='block_1_93' title="bbox 1995 2724 3515 2793">
    <p class='ocr_par' dir='ltr' id='par_1_93' title="bbox 1995 2724 3515 2793">
     <span class='ocr_line' id='line_1_93' title="bbox 1995 2724 3515 2793; baseline 0.003 -15"><span class='ocrx_word' id='word_1_728' title='bbox 1995 2726 2088 2778; x_wconf 89' lang='lat' dir='ltr'><strong>cit.</strong></span> <span class='ocrx_word' id='word_1_729' title='bbox 2115 2724 2394 2793; x_wconf 87' lang='lat' dir='ltr'><strong>Subjungit</strong></span> <span class='ocrx_word' id='word_1_730' title='bbox 2422 2725 2564 2779; x_wconf 87' lang='lat' dir='ltr'><strong>enim</strong></span> <span class='ocrx_word' id='word_1_731' title='bbox 2594 2741 2606 2774; x_wconf 88' lang='lat'><strong>:</strong></span> <span class='ocrx_word' id='word_1_732' title='bbox 2646 2725 2802 2781; x_wconf 54' lang='lat' dir='ltr'><strong>«Cum</strong></span> <span class='ocrx_word' id='word_1_733' title='bbox 2829 2728 2968 2780; x_wconf 90' lang='lat' dir='ltr'><strong>enim</strong></span> <span class='ocrx_word' id='word_1_734' title='bbox 2992 2739 3230 2780; x_wconf 87' lang='lat' dir='ltr'><strong>essemus</strong></span> <span class='ocrx_word' id='word_1_735' title='bbox 3257 2728 3308 2781; x_wconf 91' lang='lat' dir='ltr'><strong>in</strong></span> <span class='ocrx_word' id='word_1_736' title='bbox 3335 2743 3515 2792; x_wconf 89' lang='lat' dir='ltr'><strong>carne,</strong></span> 
     </span>
    </p>
   </div>
   <div class='ocr_carea' id='block_1_94' title="bbox 1995 2813 3518 2886">
    <p class='ocr_par' dir='ltr' id='par_1_94' title="bbox 1995 2813 3518 2886">
     <span class='ocr_line' id='line_1_94' title="bbox 1995 2813 3518 2886; baseline 0.005 -20"><span class='ocrx_word' id='word_1_737' title='bbox 1995 2813 2122 2866; x_wconf 90' lang='lat' dir='ltr'><strong>vitia</strong></span> <span class='ocrx_word' id='word_1_738' title='bbox 2147 2824 2486 2881; x_wconf 87' lang='lat' dir='ltr'><strong>peccatorum</strong></span> <span class='ocrx_word' id='word_1_739' title='bbox 2520 2831 2637 2884; x_wconf 85' lang='lat' dir='ltr'><strong>qua</strong></span> <span class='ocrx_word' id='word_1_740' title='bbox 2679 2831 2773 2883; x_wconf 81' lang='lat' dir='ltr'><strong>per</strong></span> <span class='ocrx_word' id='word_1_741' title='bbox 2811 2817 2978 2884; x_wconf 85' lang='lat' dir='ltr'><strong>legem</strong></span> <span class='ocrx_word' id='word_1_742' title='bbox 3008 2828 3182 2882; x_wconf 88' lang='lat' dir='ltr'><strong>erant,</strong></span> <span class='ocrx_word' id='word_1_743' title='bbox 3204 2821 3518 2886; x_wconf 67' lang='lat' dir='ltr'><strong>&#39;operaban-</strong></span> 
     </span>
    </p>
   </div>
   <div class='ocr_carea' id='block_1_95' title="bbox 1996 2906 3515 2968">
    <p class='ocr_par' dir='ltr' id='par_1_95' title="bbox 1996 2906 3515 2968">
     <span class='ocr_line' id='line_1_95' title="bbox 1996 2906 3515 2968; baseline 0.007 -10"><span class='ocrx_word' id='word_1_744' title='bbox 1996 2914 2080 2958; x_wconf 91' lang='lat' dir='ltr'><strong>tur</strong></span> <span class='ocrx_word' id='word_1_745' title='bbox 2142 2906 2196 2959; x_wconf 87' lang='lat' dir='ltr'><strong>in</strong></span> <span class='ocrx_word' id='word_1_746' title='bbox 2243 2907 2494 2960; x_wconf 87' lang='lat' dir='ltr'><strong>membris</strong></span> <span class='ocrx_word' id='word_1_747' title='bbox 2541 2909 2736 2962; x_wconf 89' lang='lat' dir='ltr'><strong>nostris</strong></span> <span class='ocrx_word' id='word_1_748' title='bbox 2788 2920 2845 2962; x_wconf 89' lang='lat' dir='ltr'><strong>ut</strong></span> <span class='ocrx_word' id='word_1_749' title='bbox 2895 2911 3276 2965; x_wconf 85' lang='lat' dir='ltr'><strong>lructiﬁcarent</strong></span> <span class='ocrx_word' id='word_1_750' title='bbox 3338 2917 3515 2968; x_wconf 90' lang='lat' dir='ltr'><strong>morti.</strong></span> 
     </span>
    </p>
   </div>
   <div class='ocr_carea' id='block_1_96' title="bbox 1993 2995 3528 3069">
    <p class='ocr_par' dir='ltr' id='par_1_96' title="bbox 1993 2995 3528 3069">
     <span class='ocr_line' id='line_1_96' title="bbox 1993 2995 3528 3069; baseline 0.004 -20"><span class='ocrx_word' id='word_1_751' title='bbox 1993 2995 2142 3051; x_wconf 88' lang='lat' dir='ltr'><strong>Nunc</strong></span> <span class='ocrx_word' id='word_1_752' title='bbox 2196 3005 2371 3050; x_wconf 90' lang='lat' dir='ltr'><strong>autem</strong></span> <span class='ocrx_word' id='word_1_753' title='bbox 2425 2997 2582 3051; x_wconf 87' lang='lat' dir='ltr'><strong>soluti</strong></span> <span class='ocrx_word' id='word_1_754' title='bbox 2627 3012 2810 3052; x_wconf 87' lang='lat' dir='ltr'><strong>sumus</strong></span> <span class='ocrx_word' id='word_1_755' title='bbox 2856 3015 2886 3051; x_wconf 90' lang='lat' dir='ltr'><strong>a</strong></span> <span class='ocrx_word' id='word_1_756' title='bbox 2919 2997 3036 3067; x_wconf 85' lang='lat' dir='ltr'><strong>lege</strong></span> <span class='ocrx_word' id='word_1_757' title='bbox 3069 3001 3282 3065; x_wconf 88' lang='lat' dir='ltr'><strong>mortui,</strong></span> <span class='ocrx_word' id='word_1_758' title='bbox 3315 3001 3367 3054; x_wconf 90' lang='lat' dir='ltr'><strong>in</strong></span> <span class='ocrx_word' id='word_1_759' title='bbox 3411 3019 3528 3069; x_wconf 62' lang='lat' dir='ltr'><strong>qua.</strong></span> 
     </span>
    </p>
   </div>
   <div class='ocr_carea' id='block_1_97' title="bbox 2001 3085 3515 3157">
    <p class='ocr_par' dir='ltr' id='par_1_97' title="bbox 2001 3085 3515 3157">
     <span class='ocr_line' id='line_1_97' title="bbox 2001 3085 3515 3157; baseline 0.001 -17"><span class='ocrx_word' id='word_1_760' title='bbox 2001 3085 2384 3149; x_wconf 88' lang='lat' dir='ltr'><strong>detinebamur,</strong></span> <span class='ocrx_word' id='word_1_761' title='bbox 2413 3089 2484 3138; x_wconf 92' lang='lat' dir='ltr'><strong>ita</strong></span> <span class='ocrx_word' id='word_1_762' title='bbox 2519 3094 2578 3140; x_wconf 90' lang='lat' dir='ltr'><strong>ut</strong></span> <span class='ocrx_word' id='word_1_763' title='bbox 2599 3089 2897 3142; x_wconf 90' lang='lat' dir='ltr'><strong>serviamus</strong></span> <span class='ocrx_word' id='word_1_764' title='bbox 2934 3090 2986 3141; x_wconf 92' lang='lat' dir='ltr'><strong>in</strong></span> <span class='ocrx_word' id='word_1_765' title='bbox 3019 3090 3252 3144; x_wconf 84' lang='lat' dir='ltr'><strong>novitate</strong></span> <span class='ocrx_word' id='word_1_766' title='bbox 3276 3091 3515 3157; x_wconf 80' lang='lat' dir='ltr'><strong>spiritus,</strong></span> 
     </span>
    </p>
   </div>
   <div class='ocr_carea' id='block_1_98' title="bbox 1998 3175 3516 3244">
    <p class='ocr_par' dir='ltr' id='par_1_98' title="bbox 1998 3175 3516 3244">
     <span class='ocr_line' id='line_1_98' title="bbox 1998 3175 3516 3244; baseline 0.001 -14"><span class='ocrx_word' id='word_1_767' title='bbox 1998 3185 2053 3230; x_wconf 89' lang='lat' dir='ltr'><strong>et</strong></span> <span class='ocrx_word' id='word_1_768' title='bbox 2080 3190 2183 3228; x_wconf 90' lang='lat' dir='ltr'><strong>non</strong></span> <span class='ocrx_word' id='word_1_769' title='bbox 2211 3176 2262 3228; x_wconf 88' lang='lat' dir='ltr'><strong>in</strong></span> <span class='ocrx_word' id='word_1_770' title='bbox 2291 3183 2554 3229; x_wconf 87' lang='lat' dir='ltr'><strong>vetustate</strong></span> <span class='ocrx_word' id='word_1_771' title='bbox 2591 3175 2802 3228; x_wconf 88' lang='lat' dir='ltr'><strong>littera.</strong></span> <span class='ocrx_word' id='word_1_772' title='bbox 2831 3193 2852 3227; x_wconf 75' lang='grc' dir='ltr'><strong>ι</strong></span> <span class='ocrx_word' id='word_1_773' title='bbox 2881 3176 3116 3244; x_wconf 81' lang='lat' dir='ltr'><strong>Apparet</strong></span> <span class='ocrx_word' id='word_1_774' title='bbox 3137 3188 3190 3231; x_wconf 89' lang='lat' dir='ltr'><strong>et</strong></span> <span class='ocrx_word' id='word_1_775' title='bbox 3221 3178 3272 3230; x_wconf 90' lang='lat' dir='ltr'><strong>in</strong></span> <span class='ocrx_word' id='word_1_776' title='bbox 3303 3179 3409 3241; x_wconf 89' lang='lat' dir='ltr'><strong>his,</strong></span> <span class='ocrx_word' id='word_1_777' title='bbox 3461 3195 3516 3232; x_wconf 89' lang='lat' dir='ltr'><strong>ut</strong></span> 
     </span>
    </p>
   </div>
   <div class='ocr_carea' id='block_1_99' title="bbox 1999 3264 3516 3334">
    <p class='ocr_par' dir='ltr' id='par_1_99' title="bbox 1999 3264 3516 3334">
     <span class='ocr_line' id='line_1_99' title="bbox 1999 3264 3516 3334; baseline 0.002 -17"><span class='ocrx_word' id='word_1_778' title='bbox 1999 3265 2051 3317; x_wconf 93' lang='lat' dir='ltr'><strong>in</strong></span> <span class='ocrx_word' id='word_1_779' title='bbox 2099 3264 2467 3333; x_wconf 89' lang='lat' dir='ltr'><strong>superioribus</strong></span> <span class='ocrx_word' id='word_1_780' title='bbox 2506 3279 2598 3331; x_wconf 89' lang='lat' dir='ltr'><strong>per</strong></span> <span class='ocrx_word' id='word_1_781' title='bbox 2635 3265 2932 3334; x_wconf 84' lang='lat' dir='ltr'><strong>exemplum</strong></span> <span class='ocrx_word' id='word_1_782' title='bbox 2961 3267 3231 3334; x_wconf 80' lang='lat' dir='ltr'><strong>cujusdam</strong></span> <span class='ocrx_word' id='word_1_783' title='bbox 3267 3269 3516 3321; x_wconf 87' lang='lat' dir='ltr'><strong>similitu-</strong></span> 
     </span>
    </p>
   </div>
   <div class='ocr_carea' id='block_1_100' title="bbox 1998 3353 3514 3421">
    <p class='ocr_par' dir='ltr' id='par_1_100' title="bbox 1998 3353 3514 3421">
     <span class='ocr_line' id='line_1_100' title="bbox 1998 3353 3514 3421; baseline 0.001 -12"><span class='ocrx_word' id='word_1_784' title='bbox 1998 3355 2135 3410; x_wconf 90' lang='lat' dir='ltr'><strong>dinis</strong></span> <span class='ocrx_word' id='word_1_785' title='bbox 2184 3356 2416 3409; x_wconf 77' lang='lat' dir='ltr'><strong>diximus</strong></span> <span class='ocrx_word' id='word_1_786' title='bbox 2449 3354 2579 3421; x_wconf 80' lang='lat'><strong>(75),</strong></span> <span class='ocrx_word' id='word_1_787' title='bbox 2633 3353 2850 3406; x_wconf 86' lang='lat' dir='ltr'><strong>Paulum</strong></span> <span class='ocrx_word' id='word_1_788' title='bbox 2879 3369 2946 3407; x_wconf 87' lang='lat' dir='ltr'><strong>ex</strong></span> <span class='ocrx_word' id='word_1_789' title='bbox 2984 3356 3088 3409; x_wconf 93' lang='lat' dir='ltr'><strong>alio</strong></span> <span class='ocrx_word' id='word_1_790' title='bbox 3124 3357 3177 3410; x_wconf 93' lang='lat' dir='ltr'><strong>in</strong></span> <span class='ocrx_word' id='word_1_791' title='bbox 3216 3357 3356 3411; x_wconf 81' lang='lat' dir='ltr'><strong>aliud</strong></span> <span class='ocrx_word' id='word_1_792' title='bbox 3383 3373 3514 3411; x_wconf 85' lang='lat' dir='ltr'><strong>con-</strong></span> 
     </span>
    </p>
   </div>
   <div class='ocr_carea' id='block_1_101' title="bbox 1996 3442 3524 3515">
    <p class='ocr_par' dir='ltr' id='par_1_101' title="bbox 1996 3442 3524 3515">
     <span class='ocr_line' id='line_1_101' title="bbox 1996 3442 3524 3515; baseline 0.003 -18"><span class='ocrx_word' id='word_1_793' title='bbox 1996 3444 2144 3499; x_wconf 86' lang='lat' dir='ltr'><strong>clave</strong></span> <span class='ocrx_word' id='word_1_794' title='bbox 2170 3445 2386 3498; x_wconf 88' lang='lat' dir='ltr'><strong>incertis</strong></span> <span class='ocrx_word' id='word_1_795' title='bbox 2430 3454 2482 3496; x_wconf 90' lang='lat' dir='ltr'><strong>et</strong></span> <span class='ocrx_word' id='word_1_796' title='bbox 2525 3442 2748 3496; x_wconf 82' lang='lat' dir='ltr'><strong>occultis</strong></span> <span class='ocrx_word' id='word_1_797' title='bbox 2799 3446 3075 3511; x_wconf 86' lang='lat' dir='ltr'><strong>gressibus</strong></span> <span class='ocrx_word' id='word_1_798' title='bbox 3110 3445 3333 3515; x_wconf 87' lang='lat' dir='ltr'><strong>digredi.</strong></span> <span class='ocrx_word' id='word_1_799' title='bbox 3382 3447 3524 3501; x_wconf 59' lang='lat' dir='ltr'><strong>Cum.</strong></span> 
     </span>
    </p>
   </div>
   <div class='ocr_carea' id='block_1_102' title="bbox 1996 3530 3528 3606">
    <p class='ocr_par' dir='ltr' id='par_1_102' title="bbox 1996 3530 3528 3606">
     <span class='ocr_line' id='line_1_102' title="bbox 1996 3530 3528 3606; baseline 0.005 -19"><span class='ocrx_word' id='word_1_800' title='bbox 1996 3534 2135 3587; x_wconf 89' lang='lat' dir='ltr'><strong>enim</strong></span> <span class='ocrx_word' id='word_1_801' title='bbox 2181 3534 2234 3585; x_wconf 91' lang='lat' dir='ltr'><strong>in</strong></span> <span class='ocrx_word' id='word_1_802' title='bbox 2271 3532 2633 3602; x_wconf 87' lang='lat' dir='ltr'><strong>superioribus</strong></span> <span class='ocrx_word' id='word_1_803' title='bbox 2663 3531 2731 3586; x_wconf 90' lang='lat' dir='ltr'><strong>de</strong></span> <span class='ocrx_word' id='word_1_804' title='bbox 2778 3530 2895 3600; x_wconf 86' lang='lat' dir='ltr'><strong>lege</strong></span> <span class='ocrx_word' id='word_1_805' title='bbox 2939 3533 3129 3589; x_wconf 87' lang='lat' dir='ltr'><strong>littera</strong></span> <span class='ocrx_word' id='word_1_806' title='bbox 3173 3536 3528 3606; x_wconf 63' lang='lat' dir='ltr'><strong>disputasset,</strong></span> 
     </span>
    </p>
   </div>
   <div class='ocr_carea' id='block_1_103' title="bbox 1997 3620 3520 3692">
    <p class='ocr_par' dir='ltr' id='par_1_103' title="bbox 1997 3620 3520 3692">
     <span class='ocr_line' id='line_1_103' title="bbox 1997 3620 3520 3692; baseline 0.002 -17"><span class='ocrx_word' id='word_1_807' title='bbox 1997 3622 2136 3690; x_wconf 78' lang='lat' dir='ltr'><strong>quod</strong></span> <span class='ocrx_word' id='word_1_808' title='bbox 2165 3621 2345 3688; x_wconf 88' lang='lat' dir='ltr'><strong>utique</strong></span> <span class='ocrx_word' id='word_1_809' title='bbox 2370 3621 2436 3673; x_wconf 89' lang='lat' dir='ltr'><strong>ad</strong></span> <span class='ocrx_word' id='word_1_810' title='bbox 2466 3635 2556 3673; x_wconf 90' lang='lat' dir='ltr'><strong>eos</strong></span> <span class='ocrx_word' id='word_1_811' title='bbox 2581 3620 2848 3673; x_wconf 86' lang='lat' dir='ltr'><strong>videretur</strong></span> <span class='ocrx_word' id='word_1_812' title='bbox 2873 3631 3075 3676; x_wconf 92' lang='lat' dir='ltr'><strong>tantum</strong></span> <span class='ocrx_word' id='word_1_813' title='bbox 3098 3626 3186 3692; x_wconf 91' lang='lat' dir='ltr'><strong>qui</strong></span> <span class='ocrx_word' id='word_1_814' title='bbox 3207 3639 3272 3678; x_wconf 90' lang='lat' dir='ltr'><strong>ex</strong></span> <span class='ocrx_word' id='word_1_815' title='bbox 3291 3626 3520 3679; x_wconf 82' lang='lat' dir='ltr'><strong>circum-</strong></span> 
     </span>
    </p>
   </div>
   <div class='ocr_carea' id='block_1_104' title="bbox 1999 3709 3514 3783">
    <p class='ocr_par' dir='ltr' id='par_1_104' title="bbox 1999 3709 3514 3783">
     <span class='ocr_line' id='line_1_104' title="bbox 1999 3709 3514 3783; baseline 0.002 -19"><span class='ocrx_word' id='word_1_816' title='bbox 1999 3710 2202 3764; x_wconf 91' lang='lat' dir='ltr'><strong>cisione</strong></span> <span class='ocrx_word' id='word_1_817' title='bbox 2233 3709 2587 3771; x_wconf 85' lang='lat' dir='ltr'><strong>crediderant,</strong></span> <span class='ocrx_word' id='word_1_818' title='bbox 2640 3710 2908 3777; x_wconf 90' lang='lat' dir='ltr'><strong>pertinere</strong></span> <span class='ocrx_word' id='word_1_819' title='bbox 2931 3727 2949 3763; x_wconf 88' lang='lat'><strong>:</strong></span> <span class='ocrx_word' id='word_1_820' title='bbox 2981 3729 3120 3766; x_wconf 92' lang='lat' dir='ltr'><strong>nunc</strong></span> <span class='ocrx_word' id='word_1_821' title='bbox 3161 3715 3343 3768; x_wconf 80' lang='lat' dir='ltr'><strong>latenti</strong></span> <span class='ocrx_word' id='word_1_822' title='bbox 3383 3731 3514 3783; x_wconf 78' lang='lat' dir='ltr'><strong>qua-</strong></span> 
     </span>
    </p>
   </div>
   <div class='ocr_carea' id='block_1_105' title="bbox 2000 3797 3529 3872">
    <p class='ocr_par' dir='ltr' id='par_1_105' title="bbox 2000 3797 3529 3872">
     <span class='ocr_line' id='line_1_105' title="bbox 2000 3797 3529 3872; baseline 0.003 -19"><span class='ocrx_word' id='word_1_823' title='bbox 2000 3800 2120 3853; x_wconf 88' lang='lat' dir='ltr'><strong>datn</strong></span> <span class='ocrx_word' id='word_1_824' title='bbox 2150 3797 2498 3853; x_wconf 88' lang='lat' dir='ltr'><strong>conversione</strong></span> <span class='ocrx_word' id='word_1_825' title='bbox 2513 3797 2689 3850; x_wconf 82' lang='lat' dir='ltr'><strong>carnis</strong></span> <span class='ocrx_word' id='word_1_826' title='bbox 2716 3807 2768 3851; x_wconf 93' lang='lat' dir='ltr'><strong>et</strong></span> <span class='ocrx_word' id='word_1_827' title='bbox 2795 3799 3042 3871; x_wconf 86' lang='lat' dir='ltr'><strong>vitiorum</strong></span> <span class='ocrx_word' id='word_1_828' title='bbox 3074 3802 3288 3855; x_wconf 91' lang='lat' dir='ltr'><strong>discutit</strong></span> <span class='ocrx_word' id='word_1_829' title='bbox 3325 3803 3529 3872; x_wconf 60' lang='lat' dir='ltr'><strong>legem,</strong></span> 
     </span>
    </p>
   </div>
   <div class='ocr_carea' id='block_1_106' title="bbox 2527 3926 3524 3998">
    <p class='ocr_par' dir='ltr' id='par_1_106' title="bbox 2527 3926 3524 3998">
     <span class='ocr_line' id='line_1_106' title="bbox 2527 3926 3524 3998; baseline 0.007 -19"><span class='ocrx_word' id='word_1_830' title='bbox 2527 3926 2568 3958; x_wconf 80' lang='grc'><strong>⁶¹</strong></span> <span class='ocrx_word' id='word_1_831' title='bbox 2591 3926 2794 3981; x_wconf 82' lang='lat' dir='ltr'><strong>Coloss.</strong></span> <span class='ocrx_word' id='word_1_832' title='bbox 2818 3943 2876 3991; x_wconf 88' lang='lat' dir='ltr'><strong>II,</strong></span> <span class='ocrx_word' id='word_1_833' title='bbox 2907 3929 2993 3982; x_wconf 80' lang='grc'><strong>15.</strong></span> <span class='ocrx_word' id='word_1_834' title='bbox 3064 3931 3108 3962; x_wconf 74' lang='grc' dir='ltr'><strong>θ’</strong></span> <span class='ocrx_word' id='word_1_835' title='bbox 3131 3931 3290 3988; x_wconf 87' lang='lat' dir='ltr'><strong>Deut..</strong></span> <span class='ocrx_word' id='word_1_836' title='bbox 3313 3949 3437 3998; x_wconf 78' lang='lat' dir='ltr'><strong>xxv,</strong></span> <span class='ocrx_word' id='word_1_837' title='bbox 3461 3935 3524 3988; x_wconf 73' lang='lat'><strong>5.</strong></span> 
     </span>
    </p>
   </div>
   <div class='ocr_carea' id='block_1_107' title="bbox 1993 4066 3514 4135">
    <p class='ocr_par' dir='ltr' id='par_1_107' title="bbox 1993 4066 3514 4135">
     <span class='ocr_line' id='line_1_107' title="bbox 1993 4066 3514 4135; baseline -0.001 -10"><span class='ocrx_word' id='word_1_838' title='bbox 1993 4087 2112 4135; x_wconf 86' lang='lat' dir='ltr'><strong>nus,</strong></span> <span class='ocrx_word' id='word_1_839' title='bbox 2138 4079 2191 4124; x_wconf 86' lang='lat' dir='ltr'><strong>et</strong></span> <span class='ocrx_word' id='word_1_840' title='bbox 2216 4069 2342 4124; x_wconf 90' lang='lat' dir='ltr'><strong>editi</strong></span> <span class='ocrx_word' id='word_1_841' title='bbox 2373 4080 2390 4120; x_wconf 87' lang='lat'><strong>:</strong></span> <span class='ocrx_word' id='word_1_842' title='bbox 2420 4084 2439 4117; x_wconf 74' lang='grc' dir='ltr'><strong>ι</strong></span> <span class='ocrx_word' id='word_1_843' title='bbox 2463 4067 2590 4120; x_wconf 86' lang='lat' dir='ltr'><strong>Nam</strong></span> <span class='ocrx_word' id='word_1_844' title='bbox 2616 4075 2667 4120; x_wconf 89' lang='lat' dir='ltr'><strong>et</strong></span> <span class='ocrx_word' id='word_1_845' title='bbox 2699 4067 2837 4131; x_wconf 89' lang='lat' dir='ltr'><strong>quod</strong></span> <span class='ocrx_word' id='word_1_846' title='bbox 2869 4066 3032 4135; x_wconf 88' lang='lat' dir='ltr'><strong>legem</strong></span> <span class='ocrx_word' id='word_1_847' title='bbox 3065 4069 3219 4122; x_wconf 83' lang='lat' dir='ltr'><strong>nobis</strong></span> <span class='ocrx_word' id='word_1_848' title='bbox 3251 4078 3514 4123; x_wconf 87' lang='lat' dir='ltr'><strong>mortuam</strong></span> 
     </span>
    </p>
   </div>
   <div class='ocr_carea' id='block_1_108' title="bbox 1993 4135 3510 4206">
    <p class='ocr_par' dir='ltr' id='par_1_108' title="bbox 1993 4135 3510 4206">
     <span class='ocr_line' id='line_1_108' title="bbox 1993 4135 3510 4206; baseline -0.001 -13"><span class='ocrx_word' id='word_1_849' title='bbox 1993 4142 2142 4201; x_wconf 88' lang='lat' dir='ltr'><strong>dicit,</strong></span> <span class='ocrx_word' id='word_1_850' title='bbox 2171 4141 2268 4206; x_wconf 91' lang='lat' dir='ltr'><strong>hoc</strong></span> <span class='ocrx_word' id='word_1_851' title='bbox 2297 4138 2432 4190; x_wconf 85' lang='lat' dir='ltr'><strong>idem</strong></span> <span class='ocrx_word' id='word_1_852' title='bbox 2464 4136 2594 4206; x_wconf 84' lang='lat' dir='ltr'><strong>libet</strong></span> <span class='ocrx_word' id='word_1_853' title='bbox 2621 4135 3002 4206; x_wconf 17' lang='lat' dir='ltr'><strong>(a|.,t‘videtur</strong></span> <span class='ocrx_word' id='word_1_854' title='bbox 3026 4138 3070 4206; x_wconf 75' lang='grc' dir='ltr'>ι)</span> <span class='ocrx_word' id='word_1_855' title='bbox 3102 4138 3339 4205; x_wconf 83' lang='lat' dir='ltr'><strong>intelligi,</strong></span> <span class='ocrx_word' id='word_1_856' title='bbox 3371 4141 3510 4204; x_wconf 86' lang='lat' dir='ltr'><strong>quod</strong></span> 
     </span>
    </p>
   </div>
   <div class='ocr_carea' id='block_1_109' title="bbox 1994 4203 3516 4275">
    <p class='ocr_par' dir='ltr' id='par_1_109' title="bbox 1994 4203 3516 4275">
     <span class='ocr_line' id='line_1_109' title="bbox 1994 4203 3516 4275; baseline -0.002 -14"><span class='ocrx_word' id='word_1_857' title='bbox 1994 4218 2046 4261; x_wconf 92' lang='lat' dir='ltr'><strong>et</strong></span> <span class='ocrx_word' id='word_1_858' title='bbox 2068 4210 2110 4261; x_wconf 90' lang='lat' dir='ltr'><strong>si</strong></span> <span class='ocrx_word' id='word_1_859' title='bbox 2143 4205 2380 4275; x_wconf 76' lang='lat' dir='ltr'><strong>(al.,t_et</strong></span> <span class='ocrx_word' id='word_1_860' title='bbox 2403 4206 2477 4275; x_wconf 82' lang='lat' dir='ltr'><strong>sic</strong></span> <span class='ocrx_word' id='word_1_861' title='bbox 2497 4203 2553 4268; x_wconf 81' lang='grc' dir='ltr'>ι)</span> <span class='ocrx_word' id='word_1_862' title='bbox 2592 4203 2782 4255; x_wconf 90' lang='lat' dir='ltr'><strong>mortui</strong></span> <span class='ocrx_word' id='word_1_863' title='bbox 2809 4217 2990 4275; x_wconf 68' lang='lat' dir='ltr'><strong>sumus</strong></span> <span class='ocrx_word' id='word_1_864' title='bbox 3019 4203 3186 4271; x_wconf 44' lang='lat' dir='ltr'><strong>(&#39;al.,t</strong></span> <span class='ocrx_word' id='word_1_865' title='bbox 3214 4203 3516 4260; x_wconf 75' lang='lat' dir='ltr'><strong>mertilicati</strong></span> 
     </span>
    </p>
   </div>
   <div class='ocr_carea' id='block_1_110' title="bbox 1931 4271 3516 4363">
    <p class='ocr_par' dir='ltr' id='par_1_110' title="bbox 1931 4271 3516 4363">
     <span class='ocr_line' id='line_1_110' title="bbox 1931 4271 3516 4363; baseline -0.001 -35"><span class='ocrx_word' id='word_1_866' title='bbox 1931 4309 1974 4363; x_wconf 60' lang='grc' dir='ltr'><strong><em>Β</em></strong></span> <span class='ocrx_word' id='word_1_867' title='bbox 2001 4271 2267 4355; x_wconf 60' lang='lat' dir='ltr'><strong>sumus»)</strong></span> <span class='ocrx_word' id='word_1_868' title='bbox 2323 4273 2421 4339; x_wconf 89' lang='lat' dir='ltr'><strong>legi</strong></span> <span class='ocrx_word' id='word_1_869' title='bbox 2471 4287 2563 4340; x_wconf 91' lang='lat' dir='ltr'><strong>per</strong></span> <span class='ocrx_word' id='word_1_870' title='bbox 2601 4287 2794 4336; x_wconf 89' lang='lat' dir='ltr'><strong>corpus</strong></span> <span class='ocrx_word' id='word_1_871' title='bbox 2837 4271 3066 4363; x_wconf 67' lang='lat' dir='ltr'><strong>Christi,</strong></span> <span class='ocrx_word' id='word_1_872' title='bbox 3094 4283 3260 4363; x_wconf 41' lang='grc' dir='ltr'>ιρις.</span> <span class='ocrx_word' id='word_1_873' title='bbox 3298 4275 3516 4354; x_wconf 76' lang='lat' dir='ltr'><strong>Deinde,</strong></span> 
     </span>
    </p>
   </div>
   <div class='ocr_carea' id='block_1_111' title="bbox 2005 4343 3511 4411">
    <p class='ocr_par' dir='ltr' id='par_1_111' title="bbox 2005 4343 3511 4411">
     <span class='ocr_line' id='line_1_111' title="bbox 2005 4343 3511 4411; baseline 0.001 -18"><span class='ocrx_word' id='word_1_874' title='bbox 2005 4343 2392 4411; x_wconf 57' lang='lat' dir='ltr'><strong>«principatum</strong></span> <span class='ocrx_word' id='word_1_875' title='bbox 2435 4351 2489 4394; x_wconf 91' lang='lat' dir='ltr'><strong>et</strong></span> <span class='ocrx_word' id='word_1_876' title='bbox 2519 4350 2880 4408; x_wconf 33' lang='lat' dir='ltr'><strong>.poteSIatem,</strong></span> <span class='ocrx_word' id='word_1_877' title='bbox 2935 4343 3268 4408; x_wconf 82' lang='lat' dir='ltr'><strong>triumphans</strong></span> <span class='ocrx_word' id='word_1_878' title='bbox 3322 4358 3414 4396; x_wconf 90' lang='lat' dir='ltr'><strong>eos</strong></span> <span class='ocrx_word' id='word_1_879' title='bbox 3459 4345 3511 4396; x_wconf 91' lang='lat' dir='ltr'><strong>in</strong></span> 
     </span>
    </p>
   </div>
   <div class='ocr_carea' id='block_1_112' title="bbox 1999 4412 2347 4477">
    <p class='ocr_par' dir='ltr' id='par_1_112' title="bbox 1999 4412 2347 4477">
     <span class='ocr_line' id='line_1_112' title="bbox 1999 4412 2347 4477; baseline -0.02 -11"><span class='ocrx_word' id='word_1_880' title='bbox 1999 4412 2300 4477; x_wconf 78' lang='lat' dir='ltr'><strong>setttetipsn.</strong></span> <span class='ocrx_word' id='word_1_881' title='bbox 2330 4429 2347 4459; x_wconf 80' lang='grc' dir='ltr'><strong>ι</strong></span> 
     </span>
    </p>
   </div>
   <div class='ocr_carea' id='block_1_113' title="bbox 2070 4474 3516 4547">
    <p class='ocr_par' dir='ltr' id='par_1_113' title="bbox 2070 4474 3516 4547">
     <span class='ocr_line' id='line_1_113' title="bbox 2070 4474 3516 4547; baseline -0.001 -17"><span class='ocrx_word' id='word_1_882' title='bbox 2070 4474 2312 4547; x_wconf 32' lang='lat' dir='ltr'><strong>(71)):Sic</strong></span> <span class='ocrx_word' id='word_1_883' title='bbox 2351 4476 2584 4547; x_wconf 78' lang='lat' dir='ltr'><strong>potiores</strong></span> <span class='ocrx_word' id='word_1_884' title='bbox 2610 4492 2739 4547; x_wconf 87' lang='lat' dir='ltr'><strong>mss.</strong></span> <span class='ocrx_word' id='word_1_885' title='bbox 2790 4474 2976 4547; x_wconf 81' lang='lat' dir='ltr'><strong>nostri,</strong></span> <span class='ocrx_word' id='word_1_886' title='bbox 3009 4486 3072 4547; x_wconf 71' lang='lat' dir='ltr'><strong>et</strong></span> <span class='ocrx_word' id='word_1_887' title='bbox 3110 4476 3381 4547; x_wconf 77' lang='lat' dir='ltr'><strong>Rabanus,</strong></span> <span class='ocrx_word' id='word_1_888' title='bbox 3415 4476 3516 4529; x_wconf 90' lang='lat' dir='ltr'><strong>nisi</strong></span> 
     </span>
    </p>
   </div>
   <div class='ocr_carea' id='block_1_114' title="bbox 1999 4544 3517 4614">
    <p class='ocr_par' dir='ltr' id='par_1_114' title="bbox 1999 4544 3517 4614">
     <span class='ocr_line' id='line_1_114' title="bbox 1999 4544 3517 4614; baseline -0.002 -15"><span class='ocrx_word' id='word_1_889' title='bbox 1999 4544 2137 4614; x_wconf 75' lang='lat' dir='ltr'><strong>quoa</strong></span> <span class='ocrx_word' id='word_1_890' title='bbox 2160 4544 2297 4598; x_wconf 81' lang='lat' dir='ltr'><strong>alius</strong></span> <span class='ocrx_word' id='word_1_891' title='bbox 2318 4559 2415 4612; x_wconf 89' lang='lat' dir='ltr'><strong>pro</strong></span> <span class='ocrx_word' id='word_1_892' title='bbox 2445 4545 2722 4609; x_wconf 72' lang='lat' dir='ltr'><strong>«jubebat,</strong></span> <span class='ocrx_word' id='word_1_893' title='bbox 2745 4561 2762 4594; x_wconf 77' lang='grc' dir='ltr'><strong>ι</strong></span> <span class='ocrx_word' id='word_1_894' title='bbox 2800 4544 2954 4596; x_wconf 87' lang='lat' dir='ltr'><strong>habet</strong></span> <span class='ocrx_word' id='word_1_895' title='bbox 2977 4544 3238 4612; x_wconf 56' lang='lat' dir='ltr'><strong>«jubeant</strong></span> <span class='ocrx_word' id='word_1_896' title='bbox 3264 4545 3395 4596; x_wconf 85' lang='lat' dir='ltr'><strong>alius</strong></span> <span class='ocrx_word' id='word_1_897' title='bbox 3423 4559 3517 4611; x_wconf 90' lang='lat' dir='ltr'><strong>pro</strong></span> 
     </span>
    </p>
   </div>
   <div class='ocr_carea' id='block_1_115' title="bbox 2006 4614 3515 4683">
    <p class='ocr_par' dir='ltr' id='par_1_115' title="bbox 2006 4614 3515 4683">
     <span class='ocr_line' id='line_1_115' title="bbox 2006 4614 3515 4683; baseline 0 -19"><span class='ocrx_word' id='word_1_898' title='bbox 2006 4615 2365 4683; x_wconf 51' lang='lat' dir='ltr'><strong>«jubereturn</strong></span> <span class='ocrx_word' id='word_1_899' title='bbox 2410 4615 2564 4665; x_wconf 80' lang='lat' dir='ltr'><strong>habet</strong></span> <span class='ocrx_word' id='word_1_900' title='bbox 2607 4630 2624 4660; x_wconf 77' lang='grc' dir='ltr'><strong>ι</strong></span> <span class='ocrx_word' id='word_1_901' title='bbox 2649 4614 2924 4678; x_wconf 86' lang='lat' dir='ltr'><strong>jubeatur,</strong></span> <span class='ocrx_word' id='word_1_902' title='bbox 2957 4623 3077 4683; x_wconf 71' lang='lat' dir='ltr'><strong>t_ct</strong></span> <span class='ocrx_word' id='word_1_903' title='bbox 3098 4618 3229 4683; x_wconf 77' lang='lat' dir='ltr'><strong>alius</strong></span> <span class='ocrx_word' id='word_1_904' title='bbox 3257 4627 3351 4678; x_wconf 89' lang='lat' dir='ltr'><strong>pro</strong></span> <span class='ocrx_word' id='word_1_905' title='bbox 3375 4629 3398 4683; x_wconf 15' lang='lat' dir='ltr'><strong>rt</strong></span> <span class='ocrx_word' id='word_1_906' title='bbox 3423 4614 3515 4678; x_wconf 82' lang='lat' dir='ltr'><strong>qui</strong></span> 
     </span>
    </p>
   </div>
   <div class='ocr_carea' id='block_1_116' title="bbox 2001 4680 3520 4753">
    <p class='ocr_par' dir='ltr' id='par_1_116' title="bbox 2001 4680 3520 4753">
     <span class='ocr_line' id='line_1_116' title="bbox 2001 4680 3520 4753; baseline -0.003 -19"><span class='ocrx_word' id='word_1_907' title='bbox 2001 4680 2611 4753; x_wconf 72' lang='lat' dir='ltr'><strong>fructtItII,Ihabettqu;e</strong></span> <span class='ocrx_word' id='word_1_908' title='bbox 2649 4683 2899 4753; x_wconf 36' lang='lat' dir='ltr'><strong>lructum‘.</strong></span> <span class='ocrx_word' id='word_1_909' title='bbox 2934 4699 2952 4730; x_wconf 77' lang='grc' dir='ltr'><strong>ι</strong></span> <span class='ocrx_word' id='word_1_910' title='bbox 2989 4680 3300 4753; x_wconf 84' lang='lat' dir='ltr'><strong>Editi__vero,</strong></span> <span class='ocrx_word' id='word_1_911' title='bbox 3339 4682 3422 4730; x_wconf 71' lang='lat' dir='ltr'><strong>«in</strong></span> <span class='ocrx_word' id='word_1_912' title='bbox 3454 4694 3520 4730; x_wconf 89' lang='lat' dir='ltr'><strong>eo</strong></span> 
     </span>
    </p>
   </div>
   <div class='ocr_carea' id='block_1_117' title="bbox 2001 4744 3522 4814">
    <p class='ocr_par' dir='ltr' id='par_1_117' title="bbox 2001 4744 3522 4814">
     <span class='ocr_line' id='line_1_117' title="bbox 2001 4744 3522 4814; baseline -0.002 -12"><span class='ocrx_word' id='word_1_913' title='bbox 2001 4765 2118 4803; x_wconf 88' lang='lat' dir='ltr'><strong>cum</strong></span> <span class='ocrx_word' id='word_1_914' title='bbox 2178 4748 2384 4814; x_wconf 72' lang='lat' dir='ltr'><strong>iuberet</strong></span> <span class='ocrx_word' id='word_1_915' title='bbox 2448 4744 2537 4814; x_wconf 67' lang='grc' dir='ltr'>(ιιι.</span> <span class='ocrx_word' id='word_1_916' title='bbox 2589 4767 2607 4798; x_wconf 77' lang='grc' dir='ltr'><strong>ι</strong></span> <span class='ocrx_word' id='word_1_917' title='bbox 2643 4747 2824 4813; x_wconf 85' lang='lat' dir='ltr'><strong>jubeat</strong></span> <span class='ocrx_word' id='word_1_918' title='bbox 2854 4744 2899 4814; x_wconf 64' lang='grc' dir='ltr'>ιι)</span> <span class='ocrx_word' id='word_1_919' title='bbox 2942 4756 2999 4798; x_wconf 89' lang='grc' dir='ltr'><strong>ιιι</strong></span> <span class='ocrx_word' id='word_1_920' title='bbox 3048 4748 3256 4809; x_wconf 86' lang='lat' dir='ltr'><strong>mulier,</strong></span> <span class='ocrx_word' id='word_1_921' title='bbox 3307 4755 3522 4814; x_wconf 69' lang='lat' dir='ltr'><strong>&quot;mrtuo</strong></span> 
     </span>
    </p>
   </div>
   <div class='ocr_carea' id='block_1_118' title="bbox 2002 4812 3515 4887">
    <p class='ocr_par' dir='ltr' id='par_1_118' title="bbox 2002 4812 3515 4887">
     <span class='ocr_line' id='line_1_118' title="bbox 2002 4812 3515 4887; baseline -0.004 -17"><span class='ocrx_word' id='word_1_922' title='bbox 2002 4812 2189 4887; x_wconf 83' lang='lat' dir='ltr'><strong>priore</strong></span> <span class='ocrx_word' id='word_1_923' title='bbox 2214 4817 2325 4887; x_wconf 82' lang='lat' dir='ltr'><strong>viro</strong></span> <span class='ocrx_word' id='word_1_924' title='bbox 2355 4816 2418 4869; x_wconf 89' lang='lat' dir='ltr'><strong>de</strong></span> <span class='ocrx_word' id='word_1_925' title='bbox 2455 4812 2558 4887; x_wconf 78' lang='lat' dir='ltr'><strong>quo</strong></span> <span class='ocrx_word' id='word_1_926' title='bbox 2597 4812 2777 4887; x_wconf 85' lang='lat' dir='ltr'><strong>semen</strong></span> <span class='ocrx_word' id='word_1_927' title='bbox 2825 4812 2927 4866; x_wconf 85' lang='lat' dir='ltr'><strong>non</strong></span> <span class='ocrx_word' id='word_1_928' title='bbox 2959 4821 3324 4887; x_wconf 77' lang='lat' dir='ltr'><strong>susceperat,</strong></span> <span class='ocrx_word' id='word_1_929' title='bbox 3361 4812 3515 4887; x_wconf 79' lang='lat' dir='ltr'><strong>fratri</strong></span> 
     </span>
    </p>
   </div>
   <div class='ocr_carea' id='block_1_119' title="bbox 2002 4881 3544 4953">
    <p class='ocr_par' dir='ltr' id='par_1_119' title="bbox 2002 4881 3544 4953">
     <span class='ocr_line' id='line_1_119' title="bbox 2002 4881 3544 4953; baseline -0.006 -15"><span class='ocrx_word' id='word_1_930' title='bbox 2002 4881 2115 4953; x_wconf 74' lang='lat' dir='ltr'><strong>ejus</strong></span> <span class='ocrx_word' id='word_1_931' title='bbox 2156 4885 2393 4938; x_wconf 90' lang='lat' dir='ltr'><strong>nuberet.</strong></span> <span class='ocrx_word' id='word_1_932' title='bbox 2425 4903 2442 4934; x_wconf 81' lang='grc' dir='ltr'><strong>ι</strong></span> <span class='ocrx_word' id='word_1_933' title='bbox 2471 4881 2601 4937; x_wconf 74' lang='lat' dir='ltr'><strong>Mss.</strong></span> <span class='ocrx_word' id='word_1_934' title='bbox 2633 4884 2843 4950; x_wconf 85' lang='lat' dir='ltr'><strong>quidam</strong></span> <span class='ocrx_word' id='word_1_935' title='bbox 2865 4921 2879 4944; x_wconf 93' lang='lat'><strong>,</strong></span> <span class='ocrx_word' id='word_1_936' title='bbox 2914 4899 2932 4931; x_wconf 75' lang='grc' dir='ltr'><strong>ι</strong></span> <span class='ocrx_word' id='word_1_937' title='bbox 2958 4884 3008 4934; x_wconf 93' lang='lat' dir='ltr'><strong>in</strong></span> <span class='ocrx_word' id='word_1_938' title='bbox 3051 4897 3114 4934; x_wconf 90' lang='lat' dir='ltr'><strong>eo</strong></span> <span class='ocrx_word' id='word_1_939' title='bbox 3146 4895 3264 4931; x_wconf 93' lang='lat' dir='ltr'><strong>cum</strong></span> <span class='ocrx_word' id='word_1_940' title='bbox 3302 4881 3544 4942; x_wconf 72' lang='lat' dir='ltr'><strong>conjux,,</strong></span> 
     </span>
    </p>
   </div>
   <div class='ocr_carea' id='block_1_120' title="bbox 2004 4953 3546 5020">
    <p class='ocr_par' dir='ltr' id='par_1_120' title="bbox 2004 4953 3546 5020">
     <span class='ocr_line' id='line_1_120' title="bbox 2004 4953 3546 5020; baseline -0.006 -16"><span class='ocrx_word' id='word_1_941' title='bbox 2004 4962 2211 5005; x_wconf 88' lang='lat' dir='ltr'><strong>tuortuo</strong></span> <span class='ocrx_word' id='word_1_942' title='bbox 2235 4953 2408 5020; x_wconf 89' lang='lat' dir='ltr'><strong>priore</strong></span> <span class='ocrx_word' id='word_1_943' title='bbox 2443 4954 2575 5018; x_wconf 92' lang='lat' dir='ltr'><strong>viro,</strong></span> <span class='ocrx_word' id='word_1_944' title='bbox 2609 4954 2673 5004; x_wconf 89' lang='lat' dir='ltr'><strong>de</strong></span> <span class='ocrx_word' id='word_1_945' title='bbox 2702 4965 2804 5019; x_wconf 88' lang='lat' dir='ltr'><strong>quo</strong></span> <span class='ocrx_word' id='word_1_946' title='bbox 2839 4964 3022 5002; x_wconf 88' lang='lat' dir='ltr'><strong>semen</strong></span> <span class='ocrx_word' id='word_1_947' title='bbox 3058 4963 3160 5001; x_wconf 88' lang='lat' dir='ltr'><strong>non</strong></span> <span class='ocrx_word' id='word_1_948' title='bbox 3187 4955 3546 5010; x_wconf 67' lang='lat' dir='ltr'><strong>susceperat,</strong></span> 
     </span>
    </p>
   </div>
   <div class='ocr_carea' id='block_1_121' title="bbox 1997 5021 2865 5088">
    <p class='ocr_par' dir='ltr' id='par_1_121' title="bbox 1997 5021 2865 5088">
     <span class='ocr_line' id='line_1_121' title="bbox 1997 5021 2865 5088; baseline -0.008 -14"><span class='ocrx_word' id='word_1_949' title='bbox 1997 5021 2278 5088; x_wconf 84' lang='lat' dir='ltr'><strong>jubebatur</strong></span> <span class='ocrx_word' id='word_1_950' title='bbox 2305 5021 2449 5072; x_wconf 82' lang='lat' dir='ltr'><strong>fratri</strong></span> <span class='ocrx_word' id='word_1_951' title='bbox 2468 5022 2580 5088; x_wconf 86' lang='lat' dir='ltr'><strong>ejus</strong></span> <span class='ocrx_word' id='word_1_952' title='bbox 2603 5022 2818 5070; x_wconf 88' lang='lat' dir='ltr'><strong>nuhere.</strong></span> <span class='ocrx_word' id='word_1_953' title='bbox 2845 5035 2865 5066; x_wconf 78' lang='grc' dir='ltr'><strong>ι</strong></span> 
     </span>
    </p>
   </div>
   <div class='ocr_carea' id='block_1_122' title="bbox 2073 5081 3548 5160">
    <p class='ocr_par' dir='ltr' id='par_1_122' title="bbox 2073 5081 3548 5160">
     <span class='ocr_line' id='line_1_122' title="bbox 2073 5081 3548 5160; baseline -0.009 -18"><span class='ocrx_word' id='word_1_954' title='bbox 2073 5090 2182 5160; x_wconf 79' lang='grc'>(71)</span> <span class='ocrx_word' id='word_1_955' title='bbox 2217 5088 2306 5160; x_wconf 86' lang='lat' dir='ltr'><strong>Sic</strong></span> <span class='ocrx_word' id='word_1_956' title='bbox 2335 5081 2605 5160; x_wconf 56' lang='lat' dir='ltr'><strong>recte&#39;ms.</strong></span> <span class='ocrx_word' id='word_1_957' title='bbox 2641 5102 2802 5160; x_wconf 82' lang='lat' dir='ltr'><strong>unus,</strong></span> <span class='ocrx_word' id='word_1_958' title='bbox 2830 5095 2882 5160; x_wconf 77' lang='lat' dir='ltr'><strong>et</strong></span> <span class='ocrx_word' id='word_1_959' title='bbox 2911 5083 3071 5160; x_wconf 78' lang='lat' dir='ltr'><strong>editi;</strong></span> <span class='ocrx_word' id='word_1_960' title='bbox 3102 5081 3354 5133; x_wconf 82' lang='lat' dir='ltr'><strong>Rabanus</strong></span> <span class='ocrx_word' id='word_1_961' title='bbox 3402 5090 3548 5128; x_wconf 85' lang='lat' dir='ltr'><strong>vero</strong></span> 
     </span>
    </p>
   </div>
   <div class='ocr_carea' id='block_1_123' title="bbox 2007 5153 3140 5224">
    <p class='ocr_par' dir='ltr' id='par_1_123' title="bbox 2007 5153 3140 5224">
     <span class='ocr_line' id='line_1_123' title="bbox 2007 5153 3140 5224; baseline -0.011 -14"><span class='ocrx_word' id='word_1_962' title='bbox 2007 5171 2059 5210; x_wconf 89' lang='lat' dir='ltr'><strong>et</strong></span> <span class='ocrx_word' id='word_1_963' title='bbox 2082 5153 2220 5209; x_wconf 52' lang='lat' dir='ltr'><strong>&#39;ms&#39;s.</strong></span> <span class='ocrx_word' id='word_1_964' title='bbox 2246 5157 2483 5224; x_wconf 85' lang='lat' dir='ltr'><strong>plerique</strong></span> <span class='ocrx_word' id='word_1_965' title='bbox 2502 5197 2515 5216; x_wconf 92' lang='lat'><strong>,</strong></span> <span class='ocrx_word' id='word_1_966' title='bbox 2557 5175 2575 5206; x_wconf 79' lang='grc' dir='ltr'><strong>ι</strong></span> <span class='ocrx_word' id='word_1_967' title='bbox 2603 5157 2692 5209; x_wconf 88' lang='lat' dir='ltr'><strong>sed</strong></span> <span class='ocrx_word' id='word_1_968' title='bbox 2715 5154 2897 5224; x_wconf 80' lang='lat' dir='ltr'><strong>omnis</strong></span> <span class='ocrx_word' id='word_1_969' title='bbox 2917 5153 3092 5204; x_wconf 90' lang='lat' dir='ltr'><strong>homo.</strong></span> <span class='ocrx_word' id='word_1_970' title='bbox 3123 5167 3140 5198; x_wconf 78' lang='grc' dir='ltr'><strong>ι</strong></span> 
     </span>
    </p>
   </div>
   <div class='ocr_carea' id='block_1_124' title="bbox 2010 5209 3565 5342">
    <p class='ocr_par' dir='ltr' id='par_1_124' title="bbox 2010 5209 3565 5342">
     <span class='ocr_line' id='line_1_124' title="bbox 2010 5209 3565 5342; baseline -0.005 -68"><span class='ocrx_word' id='word_1_971' title='bbox 2010 5209 2352 5342; x_wconf 44' lang='grc' dir='ltr'><strong>,(7231βῖιίιί</strong></span> <span class='ocrx_word' id='word_1_972' title='bbox 2397 5209 2664 5292; x_wconf 66' lang='lat' dir='ltr'><strong>plerique,</strong></span> <span class='ocrx_word' id='word_1_973' title='bbox 2723 5221 2844 5274; x_wconf 59' lang='lat' dir='ltr'><strong>«vel</strong></span> <span class='ocrx_word' id='word_1_974' title='bbox 2886 5221 2996 5287; x_wconf 86' lang='lat' dir='ltr'><strong>ipsa</strong></span> <span class='ocrx_word' id='word_1_975' title='bbox 3044 5215 3181 5271; x_wconf 88' lang='lat' dir='ltr'><strong>mori</strong></span> <span class='ocrx_word' id='word_1_976' title='bbox 3229 5211 3417 5272; x_wconf 65' lang='lat' dir='ltr'><strong>debet,</strong></span> <span class='ocrx_word' id='word_1_977' title='bbox 3473 5209 3565 5260; x_wconf 71' lang='grc' dir='ltr'><strong>νεὶ</strong></span> 
     </span>
     <span class='ocr_line' id='line_1_125' title="bbox 2010 5307 3554 5342; baseline 0 0"><span class='ocrx_word' id='word_1_978' title='bbox 2010 5307 2120 5342; x_wconf 62' lang='lat' dir='ltr'><strong>inse</strong></span> <span class='ocrx_word' id='word_1_979' title='bbox 2147 5309 2157 5342; x_wconf 86' lang='grc' dir='ltr'><strong>Ι</strong></span> <span class='ocrx_word' id='word_1_980' title='bbox 2204 5309 2236 5342; x_wconf 88' lang='grc' dir='ltr'><strong>Ι.</strong></span> <span class='ocrx_word' id='word_1_981' title='bbox 2263 5310 2281 5341; x_wconf 76' lang='grc'><strong>1</strong></span> <span class='ocrx_word' id='word_1_982' title='bbox 3544 5340 3554 5342; x_wconf 66' lang='lat'><strong>-</strong></span> 
     </span>
    </p>
   </div>
   <div class='ocr_carea' id='block_1_125' title="bbox 2010 5307 2281 5346">
    <p class='ocr_par' dir='ltr' id='par_1_125' title="bbox 2010 5307 2281 5346">
     <span class='ocr_line' id='line_1_126' title="bbox 2010 5307 2281 5346; baseline -0.018 0"><span class='ocrx_word' id='word_1_983' title='bbox 2010 5307 2120 5346; x_wconf 89' lang='lat' dir='ltr'><strong>Inse</strong></span> <span class='ocrx_word' id='word_1_984' title='bbox 2147 5307 2236 5345; x_wconf 94' lang='lat' dir='ltr'><strong>IIII.</strong></span> <span class='ocrx_word' id='word_1_985' title='bbox 2263 5310 2281 5341; x_wconf 77' lang='grc' dir='ltr'><strong>ι</strong></span> 
     </span>
    </p>
   </div>
   <div class='ocr_carea' id='block_1_126' title="bbox 2031 5309 3599 5430">
    <p class='ocr_par' dir='ltr' id='par_1_126' title="bbox 2031 5309 3599 5430">
     <span class='ocr_line' id='line_1_127' title="bbox 2031 5309 3599 5430; baseline -0.012 -19"><span class='ocrx_word' id='word_1_986' title='bbox 2031 5309 2462 5430; x_wconf 51' lang='grc' dir='ltr'><strong>ρ8(ςῖἑι)¹διῖιν1ἰιιιις</strong></span> <span class='ocrx_word' id='word_1_987' title='bbox 2493 5370 2545 5413; x_wconf 86' lang='lat' dir='ltr'><strong>et</strong></span> <span class='ocrx_word' id='word_1_988' title='bbox 2565 5355 2938 5416; x_wconf 87' lang='lat' dir='ltr'><strong>Genebrardus</strong></span> <span class='ocrx_word' id='word_1_989' title='bbox 2968 5369 2983 5406; x_wconf 91' lang='lat'><strong>:</strong></span> <span class='ocrx_word' id='word_1_990' title='bbox 3011 5371 3032 5405; x_wconf 75' lang='grc' dir='ltr'><strong>ι</strong></span> <span class='ocrx_word' id='word_1_991' title='bbox 3058 5352 3267 5421; x_wconf 89' lang='lat' dir='ltr'><strong>quippe</strong></span> <span class='ocrx_word' id='word_1_992' title='bbox 3305 5357 3433 5412; x_wconf 64' lang='lat' dir='ltr'><strong>qua</strong></span> <span class='ocrx_word' id='word_1_993' title='bbox 3461 5340 3599 5394; x_wconf 72' lang='lat' dir='ltr'><strong>sub.</strong></span> 
     </span>
    </p>
   </div>
   <div class='ocr_carea' id='block_1_127' title="bbox 2013 5442 2395 5496">
    <p class='ocr_par' dir='ltr' id='par_1_127' title="bbox 2013 5442 2395 5496">
     <span class='ocr_line' id='line_1_128' title="bbox 2013 5442 2395 5496; baseline -0.01 -14"><span class='ocrx_word' id='word_1_994' title='bbox 2013 5444 2261 5496; x_wconf 44' lang='lat' dir='ltr'><strong>pt‘turtsg</strong></span> <span class='ocrx_word' id='word_1_995' title='bbox 2293 5442 2395 5479; x_wconf 79' lang='lat' dir='ltr'><strong>etc.</strong></span> 
     </span>
    </p>
   </div>
   <div class='ocr_carea' id='block_1_128' title="bbox 2084 5494 3152 5564">
    <p class='ocr_par' dir='ltr' id='par_1_128' title="bbox 2084 5494 3152 5564">
     <span class='ocr_line' id='line_1_129' title="bbox 2084 5494 3152 5564; baseline -0.007 -18"><span class='ocrx_word' id='word_1_996' title='bbox 2084 5496 2193 5564; x_wconf 84' lang='grc'>(74)</span> <span class='ocrx_word' id='word_1_997' title='bbox 2218 5494 2352 5564; x_wconf 56' lang='lat' dir='ltr'><strong>[ﬁdui</strong></span> <span class='ocrx_word' id='word_1_998' title='bbox 2381 5495 2645 5563; x_wconf 87' lang='lat' dir='ltr'><strong>plerique,</strong></span> <span class='ocrx_word' id='word_1_999' title='bbox 2677 5515 2696 5546; x_wconf 77' lang='grc' dir='ltr'><strong>ι</strong></span> <span class='ocrx_word' id='word_1_1000' title='bbox 2720 5508 2838 5547; x_wconf 91' lang='lat' dir='ltr'><strong>eum</strong></span> <span class='ocrx_word' id='word_1_1001' title='bbox 2863 5503 3098 5564; x_wconf 79' lang='lat' dir='ltr'><strong>sensum.</strong></span> <span class='ocrx_word' id='word_1_1002' title='bbox 3129 5506 3152 5538; x_wconf 70' lang='grc' dir='ltr'><strong>ι</strong></span> 
     </span>
    </p>
   </div>
   <div class='ocr_carea' id='block_1_129' title="bbox 2088 5558 3018 5631">
    <p class='ocr_par' dir='ltr' id='par_1_129' title="bbox 2088 5558 3018 5631">
     <span class='ocr_line' id='line_1_130' title="bbox 2088 5558 3018 5631; baseline -0.004 -15"><span class='ocrx_word' id='word_1_1003' title='bbox 2088 5558 2196 5631; x_wconf 76' lang='grc'>(75)</span> <span class='ocrx_word' id='word_1_1004' title='bbox 2227 5563 2352 5618; x_wconf 69' lang='lat' dir='ltr'><strong>Vide</strong></span> <span class='ocrx_word' id='word_1_1005' title='bbox 2381 5558 2545 5631; x_wconf 70' lang='lat' dir='ltr'><strong>supra</strong></span> <span class='ocrx_word' id='word_1_1006' title='bbox 2579 5558 2668 5619; x_wconf 86' lang='lat' dir='ltr'><strong>lib.</strong></span> <span class='ocrx_word' id='word_1_1007' title='bbox 2697 5578 2746 5628; x_wconf 80' lang='grc' dir='ltr'><strong>ν,</strong></span> <span class='ocrx_word' id='word_1_1008' title='bbox 2787 5573 2930 5612; x_wconf 83' lang='grc' dir='ltr'>ιιωιι.</span> <span class='ocrx_word' id='word_1_1009' title='bbox 2962 5558 3018 5612; x_wconf 81' lang='grc'><strong>1.</strong></span> 
     </span>
    </p>
   </div>
  </div>
