3894 6238
373 247 508 303 1075

1761 229 2069 297 ORIGENIS

3519 205 3656 263 1076

377 373 449 424 ob
482 370 535 424 id
562 367 675 422 sine
706 363 866 418 dubio
911 367 970 412 ut
1011 356 1177 411 etiam
1237 353 1302 408 ad
1353 359 1572 407 caeteros
1622 351 1888 413 homines,
1917 360 1962 415 Α
1990 350 2044 402 in
2070 346 2305 400 novitate
2331 341 2556 410 spiritus
2577 379 2595 406 ,
2633 351 2752 391 non
2797 334 2858 388 in
2891 335 3211 424 vetustate
3245 323 3486 424 litterae.
3538 319 3657 424 No.1

375 475 480 514 non
511 472 603 510 eos
627 454 767 509 solos
793 449 882 518 qui
912 463 974 503 ex
1008 445 1416 500 circumcisione
1441 452 1598 508 sunt,
1625 450 1886 495 tractatus

377 549 481 600 iste
505 543 767 614 pertinere
797 540 1058 592 videatur.
1095 536 1183 590 Ait
1211 551 1338 602 ergo
1363 554 1378 590 :
1410 535 1567 588 «Cum
1596 535 1733 587 enim
1753 548 1890 586 esse-

378 648 493 687 mus
545 633 595 683 in
641 643 863 684 carne.»
926 625 991 678 Et
1055 625 1298 692 quidem,
1350 633 1604 690 quantum
1655 623 1717 674 ad
1779 634 1889 674 rem

375 729 597 788 spectat,
624 721 675 772 in
717 731 876 771 carne
909 717 1089 785 utique
1129 717 1331 784 positus
1375 716 1474 769 ista
1505 714 1713 768 dicebat
1745 725 1765 770 ι
1799 714 1890 766 sed

380 832 398 862 ι
422 826 540 865 cum
567 811 618 862 in
647 823 808 862 carne
829 824 1085 870 essemus,
1112 826 1130 858 ι
1175 809 1272 861 hoc
1318 817 1398 860 est
1439 821 1556 858 eum
1602 805 1889 858 secundum

375 915 585 954 carnem
632 901 969 964 viveremus,
1022 917 1040 950 ι
1072 899 1197 952 vitia
1247 906 1582 966 peccatorum
1636 910 1752 963 qua:
1801 908 1894 961 per

376 991 539 1058 legem
587 1000 757 1053 erant,
795 990 1149 1057 Operabantur
1209 989 1260 1041 in
1317 989 1567 1042 membris
1620 986 1837 1038 nostris.
1867 1001 1886 1034 ι

374 1079 622 1145 Quaenam
645 1077 724 1131 lex
742 1078 841 1132 ista
864 1088 944 1130 est
969 1092 1064 1145 per
1088 1091 1246 1144 quam
1278 1077 1399 1130 vitia
1431 1075 1630 1144 peccati
1664 1087 1890 1140 operan-

377 1176 462 1220 tur
493 1165 639 1236 (76)?
696 1163 944 1233 Nunquid
988 1164 1070 1218 lex
1117 1163 1283 1234 Moysi
1313 1163 1474 1216 etiam
1512 1161 1555 1214 si
1606 1157 1891 1213 secundum

373 1254 605 1309 litteram
655 1253 989 1318 observetur,
1051 1253 1181 1306 vitia
1237 1260 1456 1320 generat
1524 1246 1895 1318 peccatorum?

375 1342 483 1398 Sed
511 1343 564 1397 in
599 1351 786 1412 aperto
811 1350 891 1395 est
930 1342 1069 1408 quod
1097 1341 1240 1395 illam
1275 1341 1438 1408 legem
1469 1339 1607 1391 dicat
1636 1339 1685 1390 in
1726 1350 1892 1388 mem-

375 1431 511 1497 bris,
538 1446 657 1499 qua:
682 1424 884 1484 resistit
913 1429 1022 1500 (77)
1055 1429 1152 1496 legi
1188 1431 1404 1490 mentis,
1438 1428 1503 1480 de
1544 1442 1643 1494 qua
1684 1437 1736 1480 et
1776 1437 1896 1479 ante

279 1563 286 1596 τ
378 1516 741 1580 tractavimus,
784 1518 1046 1582 quomodo
1085 1533 1103 1564 ι
1131 1515 1211 1568 lex
1250 1514 1584 1568 subintroivit
1631 1525 1686 1566 ut
1727 1515 1896 1566 abun-

281 1612 288 1627 '
379 1603 530 1656 daret
559 1613 833 1672 peccatum
864 1603 928 1656 ⁸³.
957 1623 980 1656 ι
1016 1605 1128 1671 lpsa
1162 1617 1288 1670 ergo
1311 1604 1390 1656 lex
1422 1611 1503 1656 est
1532 1618 1645 1669 quae
1680 1603 1804 1656 facit
1844 1602 1896 1655 in

1990 438 2128 493 enim
2161 435 2360 490 idcirco
2385 447 2486 485 nos
2510 429 2781 485 Christus
2813 419 3133 478 abstraxit
3179 431 3216 470 a
3251 415 3388 478 tege
3421 412 3657 479 peccati,

1990 537 2050 580 ut
2075 524 2323 580 vetustati
2359 523 2557 576 littera:
2590 517 2957 574 serviamus,
2992 508 3056 563 id
3107 514 3209 561 est
3265 514 3332 556 ut
3363 501 3658 555 circumci—

1990 619 2191 672 sionem
2243 613 2600 682 recipiamus,
2653 614 2711 660 et
2752 601 3026 658 Sabbata
3086 596 3189 652 vel
3255 601 3498 682 cetera,
3540 605 3657 660 qua

1990 716 2228 762 vetustas
2261 681 2392 773 legis
2419 704 2617 756 litterae
2645 699 2914 754 continet
2954 711 2971 747 :
3009 690 3127 746 sed
3157 698 3228 743 nt
3256 686 3454 753 legem
3483 681 3581 736 Dei
3605 682 3657 736 in

1991 800 2209 868 Spiritus
2271 795 2511 849 novitate
2549 803 2894 850 servemus,
2937 785 2997 838 id
3069 790 3174 836 est
3256 791 3338 831 ex
3403 775 3659 868 omnibus

1992 862 2108 957 quae
2132 888 2184 942 in
2216 899 2278 939 ea
2312 884 2514 952 scripta
2564 887 2696 935 sunt
2749 873 3097 946 spiritalem
3167 880 3417 957 sensum
3450 862 3660 957 Spir-itu

1992 948 2223 1030 donante
2251 948 2558 1041 capiamus,
2600 967 2747 1021 sicut
2785 973 2847 1017 et
2876 962 3043 1016 idem
3079 952 3414 1025 Apostolus
3433 951 3518 1041 in.
3542 948 3660 1041 alii:

1993 1066 2142 1130 dicit,
2174 1037 2354 1132 quia}
2384 1059 2641 1112 velamen
2671 1063 2760 1109 est
2788 1051 3055 1121 positum
3107 1047 3172 1099 in
3226 1042 3388 1132 facie
3430 1037 3604 1132 Moysi
3641 1053 3659 1091 :

1993 1129 2136 1208 cum,
2169 1129 2348 1205 autem
2405 1159 2708 1203 conversus
2757 1141 2941 1195 fuerit
2997 1137 3151 1206 quis
3216 1133 3294 1186 ad
3359 1129 3657 1184 Dominum

1994 1243 2268 1297 auferetur
2295 1240 2562 1294 velamen.
2601 1235 2880 1289 Dominus
2913 1229 3087 1282 enim
3125 1224 3385 1293 spiritus
3416 1228 3526 1275 est.
3563 1217 3659 1272 Ubi

1993 1342 2169 1387 autem
2196 1333 2426 1400 spiritus
2469 1327 2710 1388 Domini,
2759 1324 2838 1377 ibi
2870 1321 3137 1374 libertas
3169 1314 3250 1368 “.
3286 1331 3315 1366 ι
3347 1309 3657 1365 Novitatem

1995 1435 2122 1477 sane
2146 1420 2365 1488 spiritus
2390 1419 2508 1472 scio
2538 1414 2815 1485 quosdam
2862 1409 3024 1464 male
3093 1402 3230 1476 (83)
3283 1400 3662 1468 intelligentes

1995 1512 2121 1565 illuc
2164 1510 2420 1570 traxisse,
2462 1518 2524 1560 ut
2561 1507 2822 1560 dicerent
2853 1515 3096 1556 novum
3165 1508 3311 1552 esse
3371 1491 3660 1562 Spiritum,

1999 1610 2250 1668 tanquam
2285 1598 2375 1666 qui
2405 1605 2534 1650 ante
2565 1610 2674 1648 non
2715 1592 2894 1647 fuerit
2921 1630 2940 1655 ,
2995 1603 3124 1642 nec
3154 1583 3472 1640 veteribus
3505 1580 3657 1632 inno-

380 1692 464 1746 ltis
490 1693 576 1758 qui
605 1692 893 1746 secundum
924 1707 1137 1744 carnem
1168 1693 1373 1752 vivunt,
1406 1691 1532 1744 vitia
1557 1699 1895 1758 peccatorum
1930 1677 1972 1734 Β
2000 1691 2164 1743 tuerit
2192 1707 2205 1742 :
2230 1699 2286 1742 et
2315 1687 2568 1740 nesciunt
2615 1701 2676 1738 se
2705 1685 2762 1737 in
2815 1685 2934 1736 hoc
2965 1675 3352 1745 gravissime
3409 1671 3659 1738 blasphe-

379 1781 648 1836 abundare
675 1791 734 1835 ut
759 1767 1082 1835 fruciilicent
1109 1782 1265 1834 morti
1308 1781 1439 1850 (78).
1487 1783 1566 1835 Ad
1609 1782 1708 1834 hoc
1744 1796 1897 1833 nam-

381 1885 483 1938 que
518 1879 600 1924 est
651 1869 736 1922 illa
771 1869 853 1922 lex
905 1870 958 1922 in
1007 1870 1257 1922 membris
1285 1871 1479 1922 nostris
1501 1907 1516 1933 ,
1562 1878 1618 1922 ut
1650 1869 1898 1922 resistens

383 1958 662 2010 adversum
696 1957 860 2023 legem
887 1955 1076 2008 mentis
1093 1957 1333 2024 captivos
1363 1970 1459 2009 nos
1476 1957 1630 2008 ducat
1655 1964 1896 2021 peccato,

381 2058 434 2099 et
468 2047 564 2100 hos
586 2046 789 2100 fructus
819 2044 1013 2099 olierat
1044 2045 1221 2098 morﬁ.
1285 2063 1304 2094 ι
1342 2044 1487 2098 Nunc
1525 2053 1700 2097 autem
1743 2042 1897 2097 soluti

382 2150 566 2188 sumus
596 2150 626 2187 a
656 2133 768 2202 lege
799 2135 1013 2197 mortui,
1050 2135 1101 2187 in
1125 2149 1226 2202 qua
1251 2134 1668 2187 detinebantur.»
1696 2134 1774 2185 Ab
1803 2132 1900 2185 hac

381 2239 509 2290 ergo
529 2223 662 2293 lege,
694 2225 747 2277 in
771 2239 873 2292 qua
901 2225 1288 2284 detinebamur,
1335 2239 1474 2277 nunc
1504 2223 1660 2277 soluti
1697 2239 1898 2278 sumus.

388 2332 408 2365 ι
429 2313 638 2367 Nuncn
671 2313 933 2378 Quando!
960 2312 1085 2367 Siue
1113 2313 1271 2366 dubio
1297 2313 1506 2380 quando
1538 2327 1658 2366 cum
1689 2312 1900 2366 Christo

381 2403 575 2456 mortui
598 2417 800 2468 sumus,
829 2413 882 2458 et
911 2403 1203 2470 consepulti
1228 2403 1275 2457 ei
1307 2400 1416 2472 (79)
1441 2417 1534 2470 per
1563 2402 1898 2468 baptismum,

385 2502 438 2546 et
465 2491 700 2545 cruciﬁxi
725 2507 844 2545 cum
872 2493 1013 2560 ipso:
1038 2501 1092 2545 et
1129 2493 1246 2545 ideo
1273 2491 1401 2544 dicit
1435 2506 1449 2544 :
1486 2507 1504 2540 ι
1528 2489 1692 2543 Soluti
1719 2505 1902 2544 sumus

386 2596 417 2634 a
449 2582 563 2650 lege
594 2583 784 2635 mortui
812 2580 942 2651 (80).
964 2600 983 2633 ι
1016 2581 1125 2634 Nisi
1159 2582 1296 2634 enim
1331 2581 1450 2648 quis
1481 2589 1718 2634 mortuus
1745 2580 1904 2634 fuerit

387 2685 508 2724 cum
536 2671 771 2728 Christo.
807 2672 873 2724 ab
895 2673 991 2724 ista
1044 2672 1158 2738 lege
1200 2686 1304 2723 non
1341 2670 1584 2724 solvitur.
1613 2670 1741 2723 Scio
1773 2681 1826 2724 et
1850 2672 1902 2725 in

387 2762 506 2816 aliis
547 2761 938 2828 exemplaribus
984 2760 1235 2827 scriptum
1267 2775 1282 2811 :
1313 2777 1332 2809 ι
1362 2762 1399 2812 Α
1436 2760 1548 2828 lege
1596 2761 1798 2824 mortis,
1852 2762 1902 2812 iu

389 2866 491 2920 qua
517 2850 881 2904 detinebamur
904 2870 918 2918 ;
945 2869 962 2901 ι
1003 2850 1094 2902 sed
1120 2851 1239 2910 hoc,
1285 2849 1336 2902 id
1360 2856 1441 2900 est
1487 2866 1506 2897 ι
1537 2848 1750 2912 mortui,
1781 2866 1799 2897 ι
1852 2856 1904 2901 et

390 2941 566 2996 verius
594 2949 672 2993 est
694 2949 747 2993 et
770 2940 987 2995 rectius.
1018 2939 1165 3005 Quod
1201 2954 1325 2994 vero
1353 2939 1499 2992 addit
1529 2939 1578 2992 in
1612 2941 1904 2994 conclusio-

390 3047 458 3086 ne
486 3049 500 3084 :
536 3031 640 3084 rita
662 3040 720 3084 ut
747 3031 1041 3084 serviamus
1074 3030 1126 3082 in
1161 3030 1395 3083 novitate
1425 3029 1660 3097 spiritus,
1695 3037 1750 3081 et
1800 3045 1902 3082 non

391 3121 443 3174 in
469 3128 730 3175 vetustate
751 3121 962 3183 litterae,
998 3138 1016 3172 ι
1049 3122 1186 3187 quod
1210 3119 1324 3172 sine
1345 3119 1500 3172 dubio
1526 3118 1684 3187 580
1709 3119 1773 3173 de
1793 3118 1904 3187 lege

390 3211 580 3265 litterae
611 3212 807 3266 dictum
840 3212 1070 3274 videtur,
1098 3212 1200 3264 hoc
1231 3210 1388 3263 modo
1415 3217 1772 3276 consequente
1795 3207 1904 3278 (8i)

391 3297 611 3366 intelligi
645 3299 858 3364 poterit.
894 3295 950 3349 ln
977 3311 1140 3350 carne
1178 3296 1390 3363 quidem
1419 3295 1604 3360 positi,
1642 3303 1694 3347 et
1722 3309 1907 3348 secun-

392 3389 519 3440 dum
573 3401 784 3440 carnem
833 3387 1091 3446 viventes,
1139 3395 1352 3454 propter
1391 3394 1724 3452 peccatorum
1759 3386 1906 3448 vitia,

394 3491 513 3545 qua:
554 3475 638 3530 lex
667 3475 775 3536 illa,
808 3489 923 3543 qua:
955 3484 1072 3528 erat
1096 3475 1146 3528 in
1189 3474 1441 3528 membris
1472 3474 1691 3538 nostris,
1737 3474 1911 3528 alebat

398 3573 457 3617 ut
511 3563 892 3618 lructilicarent
937 3564 1126 3623 morti,
1197 3577 1299 3614 non
1355 3569 1654 3628 poteramus
1710 3562 1911 3615 servire

397 3653 613 3707 novitati
652 3653 872 3721 spiritus
911 3655 1030 3706 dum
1065 3652 1150 3706 illa
1181 3652 1268 3704 lex
1309 3651 1663 3703 membrorum
1706 3651 1910 3704 vivebat

396 3745 450 3798 in
478 3744 652 3808 nobis,
705 3744 832 3808 imo,
883 3744 1006 3796 dum
1053 3757 1149 3795 nos
1187 3739 1476 3796 secundum
1507 3740 1648 3793 illam
1697 3739 1910 3794 viveba-

396 3849 532 3888 mus.
565 3834 663 3888 Ubi
692 3848 819 3887 vero
843 3833 1083 3888 Christus
1121 3847 1215 3900 pro
1257 3834 1411 3887 nobis
1442 3842 1687 3886 mortuus
1727 3840 1826 3894 est,
1859 3839 1912 3882 et

394 3940 492 3978 nos
516 3940 636 3979 cum
666 3925 780 3989 ipso
809 3925 998 3978 mortui
1030 3939 1211 3977 smnus
1233 3933 1471 3991 peccato,
1498 3921 1701 3974 liberati
1729 3934 1913 3973 sumus

304 4025 308 4031 '
395 4014 508 4084 (δε)
539 4031 631 4082 per
661 4016 828 4083 ipsum
857 4031 886 4067 a
920 4016 1031 4083 lege
1060 4015 1265 4082 peccati
1299 4015 1346 4065 in
1383 4028 1484 4080 qua
1517 4012 1911 4074 detinebantur,

289 4117 341 4183 ξ’
396 4113 450 4156 et
481 4117 760 4170 possumus
797 4103 903 4172 jam
935 4103 1133 4156 servire
1174 4103 1272 4169 legi
1325 4101 1448 4164 Dei;
1499 4099 1697 4152 servire
1740 4108 1911 4151 autem

2003 1794 2168 1834 mare.
2198 1778 2315 1844 Ipse
2343 1778 2488 1828 enim
2525 1774 2769 1842 Spiritus
2809 1782 2904 1824 est
2931 1769 2996 1822 in
3025 1767 3195 1834 lege,
3243 1764 3376 1830 ipse
3405 1761 3462 1814 in
3495 1761 3663 1812 Evan-

2002 1867 2159 1935 gelio,
2200 1866 2312 1932 ipse
2345 1878 2560 1930 semper
2583 1877 2708 1915 cum
2734 1859 2914 1912 Patre
2947 1866 3012 1911 et
3047 1855 3214 1909 Filio
3245 1859 3369 1916 est,
3422 1857 3482 1905 et
3525 1863 3654 1902 sem-

2001 1971 2095 2025 per
2119 1965 2224 2018 est,
2255 1966 2309 2008 et
2332 1964 2474 2018 erat,
2508 1963 2560 2006 et
2592 1953 2722 2014 erit,
2751 1950 2907 2004 sicut
2938 1947 3140 2002 Pater
3182 1955 3247 2000 et
3295 1943 3504 1998 Filius.
3555 1937 3662 1993 Non

2003 2058 2130 2111 ergo
2162 2044 2275 2110 ipse
2316 2055 2486 2106 novus
2510 2049 2616 2104 est,
2657 2040 2756 2094 sed
2809 2037 3152 2092 credentes
3211 2034 3500 2098 innovat,
3553 2042 3662 2084 cum

2004 2146 2147 2186 eosa
2180 2131 2454 2186 veteribus
2495 2130 2658 2184 malis
2711 2129 2780 2183 ad
2815 2143 3053 2182 novam
3098 2128 3298 2181 vitam
3364 2133 3423 2181 et
3480 2134 3660 2176 novam

2005 2222 2274 2289 religionis
2322 2221 2434 2290 (84)
2494 2220 2702 2274 Christi
2757 2218 3238 2274 observantiam
3301 2214 3560 2278 adducit,
3615 2219 3663 2265 et

2004 2311 2270 2380 spiritales
2301 2326 2368 2366 ex
2394 2310 2714 2363 carnalibus
2742 2308 2914 2365 facit.

2071 2402 2123 2456 8.
2155 2400 2320 2466 «Quid
2342 2415 2470 2468 ergo
2495 2401 2740 2453 dicemus
2759 2399 2786 2451 ’ἰ
2803 2400 2931 2454 Lex
2953 2407 3294 2469 peccatum
3323 2406 3414 2452 est
3429 2399 3455 2451 ἳ
3479 2397 3655 2455 Absit.

2005 2490 2110 2546 Sed
2137 2500 2414 2558 peccatum
2451 2505 2559 2543 non
2608 2490 2880 2558 cognovi,
2933 2490 3066 2546 nisi
3115 2503 3232 2560 per
3269 2489 3478 2557 legem.
3529 2487 3651 2540 Nam

2007 2580 2497 2647 concupiscentiam
2551 2579 2878 2632 nesciebam
2937 2580 3066 2634 nisi
3111 2580 3215 2636 lex
3253 2580 3473 2633 diceret
3509 2575 3651 2630 :No

2007 2669 2373 2737 concupisces.
2407 2668 2718 2722 Occasione
2758 2678 2968 2722 autem
3023 2677 3286 2739 accepta
3311 2709 3330 2736 ,
3377 2674 3648 2737 peccatum

2007 2774 2102 2828 per
2129 2758 2441 2810 mandatum
2465 2767 2758 2824 operatum
2801 2765 2898 2810 est
2940 2759 3006 2811 in
3047 2774 3154 2814 me
3197 2773 3437 2813 omnem
3466 2769 3648 2810 concu-

2011 2847 2346 2916 piscentiam.
2400 2843 2531 2900 Sine
2582 2846 2704 2914 lege
2759 2849 2924 2901 enim
2995 2859 3327 2916 peccatum
3387 2857 3644 2902 mortuum

2009 2945 2142 2989 erat.
2171 2934 2281 3004 Ego
2304 2945 2484 2988 autem
2515 2934 2772 2988 vivebam
2825 2939 2967 2993 sine
3020 2940 3164 3009 lege
3197 2938 3524 3007 aliquando.
3550 2935 3644 2989 Sed

2010 3025 2095 3078 ubi
2119 3025 2264 3078 venit
2293 3025 2633 3087 mandatum,
2660 3037 2972 3093 peccatum
3018 3025 3272 3085 revixit.
3329 3029 3448 3100 Ego
3481 3037 3642 3082 autem

2009 3127 2247 3169 mortuus
2283 3129 2414 3179 sum
2447 3131 2461 3166 :
2497 3124 2552 3168 et
2603 3116 2908 3169 inventum
2969 3130 3074 3174 est
3118 3121 3265 3174 mibi
3325 3121 3643 3178 mandatum,

2010 3205 2149 3274 quod
2174 3211 2290 3258 erat
2317 3205 2384 3255 ad
2415 3203 2604 3268 vitam,
2630 3206 2738 3258 hoc
2769 3220 2904 3260 esse
2931 3209 3016 3263 ad
3054 3220 3341 3264 mortem.
3375 3207 3643 3263 Peccatum

2010 3295 2151 3348 enim
2185 3295 2473 3348 occasione
2499 3303 2730 3362 accepta
2764 3311 2873 3364 per
2905 3303 3283 3356 mandatum
3307 3302 3526 3356 seduxit
3548 3310 3643 3360 me,

2015 3394 2069 3438 et
2098 3399 2191 3451 per
2218 3383 2348 3436 illud
2397 3384 2642 3437 οεοίιίἰιυ
2683 3383 2893 3454 Itaque
2941 3389 3050 3442 lex
3089 3391 3347 3460 quidem
3376 3397 3576 3451 sancta,
3596 3396 3643 3442 et

2015 3474 2318 3525 mandatum
2349 3481 2626 3538 sanctum,
2661 3481 2721 3527 et
2749 3475 3020 3544 justum,
3083 3491 3150 3534 et
3204 3482 3446 3535 bonum.
3507 3476 3643 3545 Quod

2013 3577 2138 3630 ergo
2168 3560 2366 3614 bonum
2397 3572 2500 3625 est,
2531 3562 2666 3615 mihi
2702 3578 2865 3619 mors
2923 3577 3031 3622 est
3085 3570 3220 3642 (85)
3245 3572 3271 3625 ?
3323 3572 3500 3626 Absit.
3552 3567 3643 3622 Sed

2012 3658 2314 3719 peccatum,
2346 3659 2403 3703 ut
2434 3661 2701 3718 appareat
2735 3665 3067 3721 peccatum
3087 3698 3108 3722 ,
3145 3677 3254 3730 per
3285 3663 3491 3716 bonum
3527 3659 3642 3713 mihi

2015 3748 2296 3807 operatum
2322 3747 2406 3791 est
2437 3748 2696 3804 mortem,
2726 3749 2791 3795 ut
2824 3742 2935 3797 ﬁat
2972 3761 3175 3817 supra
3218 3753 3447 3805 modum
3479 3762 3643 3819 peccao

2016 3837 2100 3883 tor
2146 3829 2316 3896 ipsum
2354 3839 2636 3894 peccatum
2677 3847 2778 3900 per
2835 3839 3217 3893 mandatum
3261 3842 3336 3896 “.
3374 3859 3394 3893 ι
3462 3842 3518 3894 In
3571 3834 3643 3893 bis

2016 3915 2149 3968 locis
2191 3915 2395 3982 positos
2446 3916 2646 3969 crebro
2695 3932 2799 3970 nos
2834 3934 3104 3978 necesse
3134 3935 3232 3979 est
3262 3928 3333 3980 de
3364 3927 3537 3995 legum
3567 3924 3640 3976 di-

2017 4005 2364 4058 versitatibus
2389 4019 2745 4060 commonere
2777 4007 2931 4077 (86).
2973 4011 3116 4067 Hoc.
3145 4018 3309 4070 enim
3353 4018 3471 4070 vult
3498 4013 3639 4085 581

2017 4094 2215 4149 Paulus
2240 4095 2329 4164 qui
2362 4097 2461 4150 sub
2486 4111 2596 4152 uno
2624 4098 2761 4167 legis
2795 4102 3056 4160 nomine
3088 4121 3338 4163 sensum
3369 4110 3437 4163 de
3465 4122 3564 4161 una
3585 4107 3642 4158 ad

465 4194 513 4227 “
535 4194 686 4246 llom.
715 4209 766 4257 v,
802 4193 889 4244 20.
962 4192 1007 4222 “
1035 4189 1079 4244 ll
1099 4190 1220 4244 Cor.
1252 4206 1331 4249 ιιι.
1375 4189 1554 4242 lii-l7.
1627 4187 1672 4218 “
1699 4187 1849 4240 Βοιιι.
1877 4202 1971 4247 vn,
2010 4186 2041 4236 7
2069 4200 2222 4254 seqq.
2256 4217 2259 4220 -

474 4281 584 4346 (76)
620 4282 766 4333 Alias
796 4297 810 4333 :
854 4297 872 4328 ι
902 4279 1291 4346 nperabantur?
1321 4297 1338 4329 ι

474 4283 584 4415 (76)
620 4283 766 4333 Alias
796 4297 810 4333 :
854 4297 872 4328 ι
902 4283 1291 4346 nperabantur?
1321 4297 1338 4329 ι

473 4348 557 4414 (77
611 4348 706 4401 bis.
741 4357 995 4415 unus,iet
1024 4349 1147 4400 editi
1179 4364 1192 4398 :
1231 4363 1248 4395 ι
1277 4348 1446 4415 legem
1485 4345 1626 4415 dicat
1649 4343 1914 4415 membro-

406 4411 545 4477 rum,
565 4411 705 4482 quae,
733 4433 756 4466 ι
789 4427 894 4468 etc.
926 4414 1174 4468 Babanns
1200 4431 1214 4466 :
1250 4431 1266 4462 ι
1293 4411 1456 4483 legem
1475 4412 1620 4466 dicat
1647 4411 1703 4464 in
1741 4425 1912 4465 mem-

404 4483 516 4537 bris
549 4483 780 4549 operari,
805 4497 924 4549 qua:
965 4485 1196 4546 resistat,
1221 4502 1236 4533 ι
1267 4490 1372 4535 etc.

472 4551 586 4619 (78)
639 4551 775 4605 Editi
818 4566 831 4600 :

401 4621 578 4673 morti.
611 4635 631 4669 ι

469 4686 580 4755 (79)
619 4685 708 4740 Sic
746 4685 942 4739 rectius
974 4700 1082 4755 gms.
1120 4701 1256 4740 unus
1301 4683 1497 4754 Regius
1554 4697 1699 4755 num.
1761 4683 1915 4737 1639.

401 4750 592 4810 Caeteri
634 4770 758 4808 vero
796 4770 944 4821 mss.,
973 4752 1243 4816 Rabanus,
1277 4763 1327 4821 et
1353 4750 1506 4821 editi,
1575 4769 1593 4801 ι
1616 4750 1814 4821 ειγιθςε.
1864 4757 1913 4802 in

403 4839 507 4890 qua
534 4825 722 4892 mortui
756 4821 891 4892 (aL,
917 4817 991 4892 ιλιι
1025 4822 1137 4889 lege
1154 4817 1491 4890 mortisnﬁn
1511 4835 1610 4887 qua
1642 4819 1915 4892 detineba-

403 4889 542 4946 rnur.
573 4891 653 4944 Ab
681 4889 779 4944 hac
799 4905 927 4957 ergo
951 4890 1063 4957 lege
1088 4905 1226 4942 nunc
1255 4889 1407 4943 solun
1444 4901 1626 4941 sumus
1646 4923 1662 4946 ,
1707 4889 1916 4957 quando

404 4958 519 5010 sine
541 4958 702 5012 dubio
729 4974 848 5012 cum
867 4955 1088 5012 Christo
1123 4959 1312 5011 mortui
1339 4973 1519 5010 sumus
1542 4963 1596 5008 et
1623 4955 1916 5020 consepulti

401 5037 523 5079 ευιιι
551 5041 634 5087 eo,
657 5045 675 5076 ι
704 5036 808 5080 θιυ.

473 5092 585 5161 (80)
613 5095 750 5147 Editi
780 5107 796 5144 :
829 5111 848 5144 ι
876 5109 904 5146 a
927 5093 1042 5161 lege
1067 5089 1272 5158 mortis,
1295 5112 1314 5144 ι
1350 5093 1503 5145 male.

479 5162 588 5229 (8t)
615 5163 789 5224 Editi,
843 5180 863 5212 ι
897 5173 1298 5230 consequenter,
1328 5180 1347 5212 ι
1403 5163 1591 5214 deinde
1620 5173 1722 5212 ms.
1758 5173 1913 5223 unus,

413 5231 593 5296 «quod
628 5231 680 5281 in
731 5244 890 5283 carne
929 5233 1139 5296 quidem
1183 5232 1360 5296 positi,
1393 5247 1412 5279 ι
1448 5239 1575 5290 etc.,
1627 5237 1683 5280 et
1734 5237 1912 5294 postea

408 5294 558 5368 editi,
594 5314 612 5346 ι
638 5307 696 5368 ut
724 5294 1066 5368 fructiﬁcaret
1111 5294 1264 5368 morti
1285 5337 1299 5359 ,
1321 5313 1437 5368 quon
1472 5311 1772 5368 poteramus
1803 5310 1916 5346 ser~

413 5365 755 5433 virenovitati
788 5365 1014 5431 Spiritus
1041 5367 1241 5418 Domini
1269 5383 1282 5416 :
1317 5365 1403 5416 illa
1432 5367 1508 5418 lex
1552 5365 1908 5418 membrorum

415 5431 700 5500 ‘i‘lﬁlj'flljtt
728 5433 895 5500 nobis,
925 5435 976 5486 in
1005 5436 1213 5486 modum
1242 5448 1345 5500 quo
1373 5448 1492 5498 nos,
1515 5452 1532 5483 ι
1564 5443 1669 5486 etc.

484 5491 591 5561 (82)
613 5497 773 5562 Editi,
805 5518 823 5549 ι
847 5491 997 5556 liberi
1032 5491 1280 5557 sumusﬂ
1318 5491 1518 5557 Deinde
1551 5517 1649 5557 ms.
1693 5513 1828 5553 unus
1856 5509 1910 5553 et

883 4567 902 4600 ι
928 4551 1191 4615 vixerint;
1216 4568 1238 4602 ι
1295 4558 1350 4603 et
1395 4556 1580 4618 postea
1613 4561 1628 4598 :
1668 4564 1691 4598 ι
1733 4545 1921 4602 all‘erat

1950 4279 1992 4331 D
2022 4275 2294 4357 Rullianus:
2325 4289 2682 4357 (possumus.
2703 4293 2722 4326 ι
2751 4276 2924 4357 alter
2961 4297 3084 4337 ms.
3137 4305 3160 4336 ι
3190 4298 3257 4342 ιιι
3291 4291 3580 4357 possimus.
3621 4306 3642 4339 ι

2093 4342 2212 4415 (85)
2244 4343 2401 4394 Male.
2447 4344 2605 4415 Deest
2647 4345 2700 4396 in
2760 4345 2934 4401 libris
2973 4365 3164 4408 antea
3224 4342 3421 4411 editis;
3470 4358 3642 4412 Postea

2019 4424 2146 4531 :23?
2184 4414 2280 4476 pro
2327 4428 2346 4462 ι
2374 4423 2432 4465 ιιι
2460 4414 2726 4477 dicerent,
2756 4431 2778 4464 ι
2814 4417 2964 4470 editi
2997 4421 3240 4478 habent
3266 4465 3286 4490 ,
3341 4446 3361 4476 σ
3393 4431 3484 4483 ubi
3512 4432 3644 4481 dice-

2145 4516 2159 4529 .
2182 4495 2202 4528 ι

2089 4545 2205 4679 (84)
2231 4545 2330 4626 Μεἶ
2361 4564 2522 4627 pnus,
2545 4565 2578 4628 ,ι
2605 4545 2954 4628 Christianae
2981 4558 3326 4628 religionis.
3354 4582 3375 4614 ι

2092 4613 2181 4679 (85
2236 4614 2400 4675 Edllt,
2441 4635 2461 4666 ι
2489 4617 2616 4670 mthl
2659 4615 2870 4672 factum
2908 4636 3009 4677 est
3054 4633 3264 4679 mors?
3297 4650 3319 4679 ι
3367 4634 3375 4679 l

2092 4613 2205 4694 (βξ)
2236 4614 2400 4694 Editi,
2441 4635 2461 4666 ‹
2489 4617 2616 4694 mibi
2659 4615 2870 4694 factum
2908 4636 3009 4677 est.
3054 4613 3326 4684 ιιῖὸιῐέιῖ
3355 4613 3464 4686 Ms.
3498 4646 3644 4694 unus,

2015 4683 2200 4801 :elxntiuhl
2225 4684 2429 4738 malum
2472 4686 2590 4740 est?
2617 4703 2637 4737 ι
2683 4689 2791 4740 Sed
2827 4695 3038 4746 caueri
3095 4683 3253 4754 mss.
3290 4683 3442 4755 utin
3471 4683 3644 4756 nostra

2037 4765 2185 4803 CXII].

2086 4817 2196 4886 (86)
2223 4819 2289 4899 (τι
2319 4822 2415 4899 ΙιὶδΔ
2442 4824 2574 4899 locis
2603 4825 2803 4890 positas
2840 4830 3051 4885 crebro
3095 4853 3204 4893 nos
3255 4856 3466 4894 necesse
3491 4849 3562 4891 ut
3587 4838 3642 4889 de

2015 4885 2619 4968 ’fgrumfijversifatibui
2647 4909 3032 4968 comngonere,
3070 4885 3203 4960 etc:
3247 4885 3640 4963 iiI.'c"}érE£eal

2016 4955 2387 5043 dumvide'tur
2410 4962 2771 5043 fragmentan
2796 4955 3078 5024 Graecu'm
3107 4981 3266 5043 quod
3289 4994 3321 5030 e
3339 4955 3641 5042 parte'nona

2020 5024 2584 5112 {ilyglthpistoliuy
2614 5031 2996 5112 αάβοωειιιφε
3027 5024 3638 5112 “agamagam;

2019 5103 2181 5158 03PM
2213 5110 2423 5175 901mm
2458 5099 2766 5175 Philocalia:
2788 5140 2804 5164 ,
2832 5106 2996 5161 unde
3040 5099 3262 5166 iterum.
3292 5117 3503 5170 discere
3528 5115 3639 5166 ιιι-ει

2020 5175 2185 5248 {tum
2213 5168 2384 5248 inﬁda
2407 5175 2482 5229 sit
2509 5173 2681 5230 Ruﬁni
2698 5170 3105 5248 interpretatio
3131 5201 3145 5234 ε
3182 5200 3202 5233 ‹
3224 5184 3299 5235 Tt
3321 5168 3456 5248 om;
3487 5185 3539 5235 '0
3559 5180 3638 5232 v6-

2023 5233 2458 5324 -d‘Pi'EP‘Eai
2499 5267 2520 5300 ι
2557 5248 2666 5324 0.0x
2690 5233 2901 5324 ,ὥσπέρ
2947 5233 3142 5324 δνομοέ
3181 5233 3258 5324 ἓξ
3281 5233 3417 5324 se;
3442 5233 3636 5324 ἐέμρςο

2019 5306 2165 5392 enim
2187 5306 2297 5392 Axe!
2323 5306 2468 5392 εἷς-ᾇ
2497 5306 2810 5392 περὶ’νόμου
2841 5306 3144 5392 Ἰξανῖαῇοὖ
3178 5322 3286 5392 τῆς
3316 5323 3357 5373 Γ
3363 5306 3640 5392 βαφῆς.-λρ

2015 5375 2271 5460 ἔὲἳζκᾼιδ
2320 5387 2450 5460 κοιθῖ
2501 5375 2724 5445 ἓκέιστοῦ
2767 5381 2880 5460 χρὴ
2917 5375 3107 5460 ,τάπ’ᾆν
3154 5375 3335 5460 acii);
3363 5375 3634 5460 ’έπίμὶὲλῷς

2014 5451 2401 5534 ῗῖξῖῖησανῖα
2431 5459 2724 5534 Θεωρῆσαὲν
2746 5451 2840 5534 "55’
2870 5451 2980 5534 lii”
3010 5451 3434 5534 τί-σημαωὲτω
3463 5451 3524 5512 ἐκ
3540 5457 3633 5534 ς

2015 5506 2190 5579 νόμον
2215 5523 2431 5595 φωνῆς,
2461 5506 2637 5589 vafris
2657 5506 2836 5599 ti'xp’q
2852 5506 2920 5578 -Ξὸ
2947 5506 3204 5583 ’.ποιοῦ-εδδ
3227 5531 3450 5582 ἐννοεῖν.
3484 5506 3626 5581 Ἀλλὲ
