3894 6252
329 215 478 272 1081
519 224 531 242 '

1279 214 1623 273 COMMENT.
1657 215 1724 270 IN
1761 213 1972 269 EPIST.
2004 214 2094 268 AD
2125 214 2288 270 ROM.
2321 216 2445 273 LIB.
2485 215 2570 272 Vl.

3366 220 3500 278 1082

332 333 653 386 noverimus
679 332 808 386 inter
829 325 1035 380 bimum
1072 333 1135 382 et
1165 332 1360 387 malum
1389 333 1714 398 discernere,
1755 341 1811 386 et
1851 346 1882 385 a
1909 338 1956 393 Α
1981 331 2283 397 aliquando.
2315 333 2419 386 Sed
2446 332 2531 386 ubi
2567 332 2709 387 venit
2732 329 3037 385 mandatum
3058 369 3074 393 ,
3109 341 3383 398 peccatum
3411 352 3496 390 re-

326 423 672 476 conscientia
699 433 870 476 nostra
899 405 1015 478 (9i)
1065 421 1418 475 audierimus.
1448 421 1708 490 Loquitur
1737 421 1879 475 enim

327 510 503 563 nobis
528 511 663 563 intra
688 499 1061 564 conscientiam
1097 507 1235 576 (92),
1267 520 1320 562 et
1352 511 1515 564 dicit:
1554 527 1574 560 ι
1605 509 1720 563 Non
1748 524 1880 563 con-

322 601 616 666 cupisces.
652 618 673 652 ι
708 599 810 653 Sed
837 593 1088 666 quoniam
1116 612 1220 651 non
1246 614 1484 666 semper,
1514 613 1611 652 nec
1634 613 1700 652 ex
1732 598 1880 651 initio

322 696 389 738 ut
431 690 683 742 nascitur
709 689 886 746 homo,
915 684 996 736 lex
1031 683 1130 738 ista
1156 686 1420 740 invenitur
1453 687 1504 738 in
1532 687 1760 749 homine,
1787 686 1879 739 sed

1976 421 2264 488 vixit.Ego
2303 433 2477 474 autem
2525 431 2764 475 mortuus
2792 434 2952 482 sum;
2995 426 3047 471 et
3094 421 3368 475 inventum
3416 436 3498 478 est

1977 511 2103 564 mihi
2148 511 2452 563 mandatum
2475 551 2490 571 .
2519 512 2659 577 quod
2689 520 2805 563 erat
2834 510 2897 561 ad
2929 510 3128 573 vitam,
3156 511 3255 564 hoc
3283 526 3402 566 esse
3429 514 3495 566 ad

1975 606 2198 652 mortem
2223 598 2364 650 7"".
2391 616 2410 648 ι
2434 599 2506 651 De
2528 599 2609 652 his
2638 614 2770 667 pene
2787 598 3033 651 omnibus
3055 599 3163 667 jam
3189 599 3238 653 in
3263 605 3497 669 superio-

1975 688 2125 742 ribus
2172 687 2324 757 plene
2353 696 2630 741 tractatum
2666 699 2788 754 est;
2819 690 2956 743 unde
3002 705 3065 742 ne
3093 690 3275 742 eadem
3304 691 3496 758 sacpius

1974 777 2323 838 revolvamus,
2352 777 2584 830 breviter
2619 793 2739 846 qua:
2777 779 2918 832 dicta
2946 789 3066 831 sunt
3095 779 3149 831 in
3185 779 3494 832 memoriam

1974 867 2362 920 revocabimus.
2393 865 2520 919 Sine
2549 867 2664 936 lege
2708 879 2882 921 autem
2919 878 3192 937 peccatum
3232 878 3492 921 mortuum

1972 955 2165 1009 essein
2195 946 2368 1016 ndhis,
2397 955 2498 1008 hoc
2524 964 2606 1009 est
2652 966 2935 1024 antequam
2972 972 3066 1024 per
3099 965 3304 1010 aetatem
3334 960 3495 1010 ratio-

1972 1044 2168 1100 nabilis
2196 1045 2338 1097 intra
2387 1059 2483 1099 nos
2510 1059 2696 1098 sensus
2719 1046 2952 1114 vigeret,
2994 1047 3343 1108 ostendimus,
3374 1061 3491 1098 cum

1972 1135 2130 1188 etiam
2157 1134 2454 1201 exemplum
2485 1133 2560 1204 (l)
2603 1136 2749 1202 pueri
2795 1136 3140 1203 percutientis
3169 1144 3367 1202 patrem
3404 1146 3494 1188 aut

1973 1235 2218 1288 matrem,
2244 1225 2324 1276 vel
2356 1223 2714 1278 maledicentis
2737 1225 3070 1277 adduximus.
3099 1225 3152 1276 In
3176 1239 3286 1292 quo
3303 1239 3494 1278 secun-

1971 1313 2096 1365 dum
2137 1312 2305 1381 legem
2336 1312 2545 1380 quidem
2590 1314 2952 1380 prohibentem
2983 1314 3185 1380 percuti
3219 1312 3296 1365 vel
3329 1313 3494 1365 male-

1970 1403 2074 1456 dici
2103 1414 2303 1470 patrem
2333 1413 2424 1456 aut
2449 1415 2669 1457 matrem
2701 1405 2767 1467 7',
2799 1413 3070 1472 peccatum
3105 1403 3214 1456 fieri
3245 1404 3488 1457 videtur:

321 777 684 845 aliquandiu,
707 779 832 832 dum
859 787 990 830 aetas
1016 779 1245 831 nondum
1273 777 1487 844 patitur,
1507 777 1622 830 sine
1641 777 1739 829 hac
1768 775 1879 842 lege

318 867 565 930 vivitur,
589 867 729 920 sicut
755 874 809 920 et
843 867 953 933 ipse
979 863 1172 919 Paulus
1194 866 1386 919 fatetur
1407 865 1496 933 qui
1519 865 1648 918 dicit
1671 882 1688 917 :
1722 882 1741 915 α
1769 864 1878 932 Ego

314 967 522 1007 autem
563 956 803 1009 vivebam
831 957 945 1009 sine
985 959 1097 1023 lege
1137 955 1437 1022 aliquando,
1471 971 1490 1005 ι
1532 956 1582 1006 in
1623 954 1710 1006 illo
1743 964 1875 1007 tem-

315 1056 470 1110 pore
496 1059 608 1112 quo
629 1046 746 1098 sine
767 1045 1139 1113 legeviximus,
1161 1044 1642 1112 concupiscentiam
1671 1043 1874 1097 nescie-

313 1130 558 1185 bamus.
589 1130 702 1184 Nou
731 1133 892 1195 dixit,
929 1147 1030 1186 non
1066 1132 1344 1196 habebam,
1373 1135 1466 1186 sed
1498 1133 1591 1196 ait,
1623 1149 1642 1181 ι
1681 1132 1877 1185 nescie-

316 1219 489 1283 ham,
533 1237 554 1270 ι
590 1229 844 1286 tanquam
865 1234 980 1287 qua:
1005 1230 1142 1274 esset
1174 1221 1405 1288 quidem,
1433 1220 1762 1288 ignoraretur
1799 1227 1876 1271 ta-

315 1321 464 1361 men
497 1310 646 1376 quod
681 1317 827 1362 esset
875 1310 1318 1377 concupiscentia.
1369 1308 1469 1362 Ubi
1509 1317 1686 1362 autem
1731 1308 1876 1362 venit

313 1395 504 1460 ratio,
528 1406 587 1449 et
614 1396 696 1450 lex
727 1397 984 1452 naturalis
1009 1399 1182 1451 locum
1213 1397 1264 1450 in
1293 1396 1444 1451 nobis
1468 1411 1718 1464 processu
1749 1406 1875 1449 aita-

313 1489 395 1541 tis
433 1490 672 1553 invenit,
699 1490 888 1543 docere
937 1505 1033 1544 nos
1064 1489 1224 1554 ctepit
1270 1503 1387 1556 quae
1428 1498 1604 1541 essent
1631 1489 1788 1552 bona,
1819 1495 1875 1540 et
1970 1491 2060 1544 sed
2097 1493 2232 1546 istud
2265 1503 2542 1559 peccatum
2570 1502 2836 1546 mortuum
2873 1506 2991 1546 esse
3014 1493 3230 1554 dicitur,
3259 1493 3381 1560 quia
3409 1492 3488 1543 lex

311 1579 632 1647 prohibere
662 1595 690 1632 a
722 1579 890 1632 malis.
931 1578 1052 1632 Haec
1075 1594 1201 1648 ergo
1225 1579 1349 1632 dum
1381 1579 1510 1631 dicit
1535 1577 1668 1647 (93),
1716 1595 1734 1627 ι
1767 1592 1870 1630 non
1904 1642 1940 1651 __
1973 1583 2202 1634 nondum
2231 1581 2381 1636 adest
2407 1582 2458 1635 in
2484 1597 2646 1651 puero
2669 1620 2685 1645 ,
2711 1596 2826 1650 qtae
2851 1597 2971 1634 eum
3016 1582 3197 1634 doceat
3228 1582 3325 1633 hoc
3349 1581 3488 1647 quod

309 1642 719 1734 concupisces.
756 1685 775 1716 ι
812 1666 952 1733 quod
983 1675 1108 1718 ante
1138 1642 1523 1729 nesciebamus,
1545 1642 1760 1731 ‘ah'ipsa
1786 1664 1870 1716 di-
1900 1642 1943 1698 Β
1969 1667 2115 1733 facit,
2143 1668 2255 1724 fleri
2287 1684 2388 1723 non
2417 1642 2596 1723 licere.
2625 1642 2752 1723 Sine
2781 1669 2878 1721 hac
2909 1677 3085 1720 autem
3125 1666 3235 1734 lege
3268 1676 3322 1717 et
3348 1642 3489 1717 ﬁan-

310 1756 571 1809 dicimus
598 1756 790 1810 malam
821 1771 942 1810 esse
983 1754 1479 1824 concupiscentiam.
1525 1772 1544 1806 ‹
1583 1755 1870 1809 Occasione
1967 1759 2071 1810 lum
2094 1766 2149 1811 et
2174 1773 2356 1811 omnes
2379 1758 2621 1812 homines
2639 1769 2840 1810 certum
2861 1767 2942 1810 est
2969 1758 3249 1825 aliquando
3273 1757 3490 1818 vixisse,

270 1889 272 1892 ,
309 1854 515 1896 autem
551 1857 792 1913 accepta,
823 1853 1092 1912 peccatum
1133 1860 1226 1914 per
1260 1847 1561 1897 mandatum
1593 1854 1865 1910 operatum
1967 1847 2064 1899 hoc
2099 1857 2183 1900 est
2209 1847 2260 1899 in
2291 1857 2448 1900 aetate
2486 1846 2697 1913 puerili.
2729 1845 2926 1900 Omnes
2956 1847 3095 1898 enim
3125 1847 3370 1899 similiter
3396 1860 3492 1911 per

305 1946 407 1991 est
459 1937 518 1989 in
571 1951 656 1991 me
700 1952 907 1990 omnem
949 1936 1450 2004 concupiscentiam.
1493 1953 1512 1987 ι
1552 1934 1661 1987 Lex
1691 1934 1775 1988 illa
1806 1936 1871 1987 de
1967 1933 2092 1986 illud
2130 1943 2335 2001 tempus
2367 1936 2596 1988 nondum
2627 1949 2849 2002 capaces
2895 1935 3049 2000 hujus
3079 1935 3331 1987 naturalis
3358 1934 3491 2002 legis

308 2041 434 2093 qua
474 2027 641 2089 dicit,
670 2027 790 2093 quia
824 2043 844 2077 ι
882 2026 1363 2093 concupiscentiam
1408 2025 1734 2089 nesciebam,
1768 2024 1869 2077 nisi
1964 2022 2252 2076 exsistunt.
2280 2021 2411 2074 Nam
2438 2024 2622 2090 utique
2659 2039 2763 2076 non
2806 2028 3074 2077 videretur
3116 2026 3180 2076 de
3211 2027 3311 2077 hoc
3341 2023 3487 2075 Pauli

309 2118 406 2171 lex
442 2119 654 2170 diceret
682 2134 696 2168 :
730 2116 843 2169 Non
875 2116 1236 2182 concupisces,
1269 2133 1288 2166 ι
1324 2115 1434 2182 ipsa
1461 2114 1619 2168 etiam
1648 2116 1868 2166 manda-
1965 2126 2089 2164 vera
2117 2125 2235 2164 esse
2259 2110 2540 2179 professio.
2571 2112 2846 2177 Quomodo
2871 2115 3011 2166 enim
3043 2114 3157 2167 sine
3181 2114 3292 2182 lege
3325 2112 3488 2182 Moysi

309 2217 442 2259 tum
490 2206 806 2274 appellatur.
835 2206 922 2258 Ait
957 2219 1083 2272 ergo
1117 2206 1238 2272 quia
1269 2205 1551 2259 occasione
1578 2203 1686 2274 (9L)
1717 2219 1870 2256 man-
1965 2200 2275 2268 probabitur
2321 2199 2514 2254 Paulus
2553 2202 2838 2268 aliquando
2879 2202 3095 2263 vixisse,
3137 2217 3257 2266 cum
3289 2203 3397 2268 ipse
3429 2219 3486 2254 se

307 2296 433 2350 dati
474 2295 640 2359 huius
660 2309 766 2360 quo
797 2293 1169 2360 concupiscere
1198 2294 1558 2360 prohibemur,
1587 2304 1866 2360 peccatum
1965 2285 2239 2340 Hebraeum
2263 2301 2330 2340 ex
2355 2287 2624 2351 Hebraeis,
2657 2297 2711 2340 et
2751 2299 2938 2341 octava
2989 2289 3074 2341 die
3116 2288 3488 2340 circumcisum

305 2384 711 2438 vehementius
735 2382 845 2452 (95)
871 2382 1072 2436 exarsit
1093 2383 1142 2434 in
1169 2382 1336 2445 nobis,
1365 2392 1414 2436 et
1445 2398 1652 2438 omnem
1683 2397 1867 2450 opera-
1964 2376 2250 2429 secundum
2311 2377 2443 2445 legis
2499 2389 2782 2445 praecepta,
2841 2379 3067 2430 fateatur
3087 2379 3172 2430 "1’
3232 2378 3336 2433 Sed
3389 2380 3489 2432 hoc

307 2485 442 2529 tum
468 2484 556 2528 est
580 2474 632 2527 in
656 2474 811 2526 nobis
832 2472 1409 2541 concupiscentiam.ln
1426 2487 1490 2526 eo
1510 2487 1736 2541 namque
1757 2471 1865 2542 (96)
1965 2467 2118 2518 modo
2145 2480 2250 2532 quo
2274 2467 2537 2531 diximus,
2582 2469 2698 2522 sine
2735 2469 2850 2536 lege
2888 2468 3114 2521 naturali
3154 2469 3286 2520 vixit
3330 2470 3488 2521 etiam

309 2566 369 2620 in
407 2578 528 2633 quo
557 2563 890 2630 concupiscit
919 2575 1044 2615 caro
1091 2564 1344 2616 adversus
1387 2562 1651 2631 spiritum,
1685 2562 1737 2614 id
1763 2571 1864 2626 est,
1963 2553 2076 2619 ipse
2116 2553 2398 2622 aliquando
2444 2555 2494 2608 in
2541 2557 2789 2624 pueritia.
2842 2556 2956 2621 Quo
3001 2557 3053 2609 iu
3103 2568 3340 2624 tempore
3385 2573 3488 2610 non

306 2655 598 2708 adversus
643 2654 810 2719 legem
866 2666 981 2719 qua:
1029 2651 1189 2713 dicit,
1228 2669 1247 2702 ι
1284 2666 1385 2704 non
1431 2651 1804 2718 concupisces,
1841 2669 1860 2702 ι
1962 2641 2097 2696 dixit
2131 2658 2234 2696 non
2269 2643 2434 2697 fuisse
2456 2645 2506 2697 in
2534 2647 2744 2699 homine
2771 2656 3064 2714 peccatum,
3095 2648 3186 2701 sed
3221 2656 3488 2700 mortuum

303 2747 492 2800 etiam
527 2745 852 2798 adversatur
884 2743 953 2807 ei,
983 2751 1034 2796 et
1064 2751 1332 2795 certamen
1359 2743 1748 2810 quodammodo
1771 2757 1864 2810 ge-
1963 2732 2127 2786 fuisse
2153 2772 2168 2796 ,
2205 2744 2261 2787 et
2311 2736 2567 2790 revixisse
2599 2739 2930 2805 postmodum
2968 2739 3053 2791 ubi
3094 2738 3176 2792 lex
3232 2740 3491 2793 naturalis

306 2838 430 2899 rit,
477 2843 537 2887 ut
570 2848 677 2886 non
728 2833 898 2886 solum
927 2832 1369 2897 concupiscentia:
1412 2831 1703 2884 satisfaciat
1732 2831 1863 2901 (97),
1963 2825 2254 2878 adveniens
2293 2827 2576 2891 prohibere
2613 2829 3098 2896 concupiscentiam
3134 2829 3331 2895 cmpit:
3371 2845 3489 2897 quae

303 2928 413 2980 καί
442 2925 612 2978 etiam
645 2923 1010 2976 adversarium
1032 2922 1227 2974 vincat.
1258 2921 1377 2975 Hac
1399 2931 1479 2974 est
1507 2937 1634 2987 ergo
1658 2923 1864 2976 occasio
1891 2945 1931 3000 ϐ
1964 2911 2047 2964 lex
2074 2912 2231 2964 veluti
2260 2923 2522 2966 mortuum
2547 2916 2823 2967 suscitavit
2848 2927 3124 2983 peccatum
3155 2917 3251 2986 (2).
3284 2916 3486 2970 Ρεροειιὶ

302 3025 492 3079 quam
527 3009 658 3062 dicit
684 3008 867 3060 venire
901 3022 966 3061 ex
997 3011 1264 3060 mandato.
1307 3007 1496 3062 Nescio
1535 3023 1640 3076 quo
1666 3011 1862 3063 etenim
1965 3016 2189 3068 namque
2218 3012 2404 3054 natura
2439 3003 2548 3056 haec
2575 3015 2677 3067 est,
2710 3006 2752 3058 si
2788 3011 2876 3057 flat
2907 3009 3043 3074 quod
3071 3006 3151 3058 lex
3188 3009 3297 3058 fieri
3326 3016 3486 3058 vetat.

303 3110 487 3172 pacto
521 3114 584 3152 ea
613 3113 734 3166 qua:
761 3097 1105 3164 prohibentur
1151 3098 1419 3151 ardentius
1461 3099 1860 3160 desiderantur;

1972 3088 2329 3142 Revivisceute
2354 3106 2480 3156 ergo
2509 3103 2759 3158 peccato,
2795 3111 2814 3142 ι
2856 3109 2952 3162 ego
2975 3133 2988 3154 ,
3023 3095 3212 3160 inquit,
3250 3108 3487 3148 mortuus

301 3203 365 3248 α
388 3193 524 3244 ideo
545 3204 668 3243 cum
695 3186 1001 3241 mandatutn
1025 3197 1286 3252 sanctum,
1309 3185 1570 3254 etjustum
1597 3199 1649 3241 et
1672 3189 1863 3243 bonum
1961 3195 2076 3232 sum
2107 3182 2170 3232 ⁷⁸.
2202 3181 2328 3247 Ego.
2363 3200 2381 3232 ι
2416 3181 2580 3245 Quis?
2600 3185 2787 3235 Anima
2821 3187 2936 3236 sine
2964 3186 3124 3237 dubio
3151 3199 3266 3252 quac
3290 3183 3491 3237 fecerat

301 3283 385 3336 sit
418 3279 588 3349 (quod
616 3278 758 3329 enim
793 3274 1036 3340 prohibet
1065 3278 1292 3336 malum,
1333 3277 1634 3329 necessario
1668 3277 1862 3330 bonum
1962 3268 2119 3338 583
2153 3272 2288 3336 quod
2323 3270 2434 3323 ﬁeri
2466 3271 2548 3323 lex
2577 3273 2787 3324 velabat
2819 3291 2831 3326 :
2869 3291 2886 3323 ι
2909 3275 3095 3327 Anima
3116 3293 3134 3326 ι
3167 3278 3303 3329 enim
3339 3293 3488 3344 «quae

301 3369 452 3437 est),
488 3368 616 3419 dum
651 3363 982 3432 prohibendo
1023 3362 1500 3434 concupiscentiam
1535 3363 1702 3431 magis
1744 3378 1860 3416 eam
1961 3371 2166 3424 peccat,
2189 3379 2208 3409 ι
2249 3369 2305 3411 ut
2335 3361 2587 3429 propheta
2623 3363 2752 3414 dicit
2781 3364 2879 3432 (5),
2917 3381 2936 3414 ι
2963 3367 3073 3431 ipsa
3110 3367 3363 3419 morietur
3385 3367 3482 3419 τ’.»

302 3464 586 3527 provocat
616 3463 676 3506 et
715 3450 1043 3515 inflammat,
1071 3464 1168 3517 per
1194 3449 1388 3502 bonum
1421 3450 1548 3504 mihi
1590 3462 1862 3519 cperatum
1961 3453 2233 3506 Inventum
2284 3467 2365 3507 est
2414 3469 2540 3523 ergo
2576 3459 2879 3509 mandatum
2910 3460 3048 3525 quod
3095 3460 3270 3514 datum
3320 3460 3489 3515 fuerat

303 3559 400 3602 est
436 3552 689 3597 mortem.
722 3541 926 3593 lndicat
975 3547 1151 3592 tamen
1183 3539 1459 3606 Apostolus
1494 3539 1544 3592 in
1595 3540 1697 3602 liis,
1726 3543 1863 3607 quod
1966 3542 2030 3593 ad
2077 3544 2263 3605 vitam,
2314 3545 2503 3595 anima:
2550 3545 2772 3606 scilicet,
2831 3557 2887 3597 ut
2933 3563 3045 3598 eam
3089 3547 3298 3602 doceret
3327 3563 3485 3616 opera

303 3636 481 3702 origo
516 3630 722 3700 peccati
765 3644 829 3682 ex
862 3627 1290 3694 concupiscentia
1316 3639 1432 3681 orta
1462 3631 1552 3694 sit,
1585 3631 1706 3683 dum
1739 3647 1863 3699 pro-
1960 3631 2099 3690 vitae,
2117 3632 2340 3684 cessisse
2365 3633 2413 3684 ei
2440 3633 2504 3685 ad
2533 3643 2776 3695 mortem,
2802 3635 2922 3686 dum
2963 3637 3227 3701 prohibita
3249 3654 3350 3690 non
3381 3646 3487 3691 tam

305 3727 548 3780 liibente
568 3720 680 3790 (98)
714 3720 826 3786 lege
857 3719 968 3771 sive
993 3717 1174 3786 Moysi,
1201 3733 1316 3784 qua:
1340 3719 1506 3773 dicit:
1541 3737 1559 3770 ‹
1595 3718 1704 3773 Non
1737 3735 1864 3773 con-
1961 3719 2176 3786 refugit,
2212 3733 2366 3786 quam
2415 3722 2689 3773 ardentius
2739 3725 2958 3789 expetit.
3001 3724 3174 3778 Movet
3199 3741 3281 3779 me
3311 3738 3487 3780 tamen

305 3814 576 3883 ουρίωεε
600 3811 666 3872 ⁷³,
710 3827 730 3860 ι
761 3809 875 3862 sive
901 3809 1085 3872 etiam,
1119 3816 1177 3860 ut
1199 3823 1354 3874 supra
1382 3810 1738 3876 exposuimus,
1769 3826 1864 3863 na-
1961 3807 2014 3860 in
2047 3808 2132 3860 his
2161 3809 2429 3874 quouiodo
2476 3809 2670 3862 dixerit
2696 3823 2968 3876 peccatum
3007 3825 3267 3866 mortuum
3295 3829 3413 3868 esse
3437 3828 3490 3869 et

306 3906 606 3965 turali.eo
638 3902 1026 3956 contentiosius
1049 3901 1193 3967 quod
1241 3901 1550 3967 prohibetur
1576 3905 1858 3968 expetitur.
1960 3896 2217 3948 revixisse
2243 3895 2340 3966 (4).
2403 3895 2623 3950 Videtur
2669 3898 2808 3949 enim
2855 3901 2978 3966 quia
3025 3917 3126 3954 nou
3175 3906 3340 3970 possit
3384 3905 3487 3957 dici

306 3995 620 4049 Sciendum
652 4004 784 4045 sane
819 3999 901 4043 est
921 3991 1059 4056 quod
1092 3990 1520 4056 concupiscentia
1563 3991 1652 4043 hic
1683 3991 1858 4046 culpa.
1961 3994 2228 4036 mortuum
2260 3986 2357 4038 nisi
2387 3988 2525 4052 quod
2564 3987 2846 4054 aliquando
2895 3993 3116 4052 vixerit,
3159 4004 3214 4044 et
3251 4005 3490 4060 postmo-

305 4084 446 4139 liilis
479 4082 722 4149 ponitur.
757 4079 849 4132 Est
877 4087 1052 4130 autem
1081 4079 1130 4128 in
1162 4078 1345 4131 multis
1372 4087 1426 4132 et
1455 4080 1748 4141 laudabilis,
1765 4083 1863 4137 sic-
1959 4075 2080 4127 dum
2123 4075 2224 4126 vita
2257 4082 2506 4127 caruerit.
2548 4075 2650 4130 Sed
2691 4089 2745 4130 et
2794 4081 2890 4133 hoc
2937 4083 3104 4148 ipsum
3151 4085 3292 4150 quod
3340 4085 3489 4150 dicit,

303 4185 373 4228 υι
437 4184 608 4239 supra
685 4167 1016 4221 ostendimus
1065 4165 1191 4235 (99).
1225 4187 1243 4217 ι
1281 4169 1406 4222 Sine
1437 4169 1547 4233 lege
1575 4170 1715 4222 enim
1739 4184 1862 4236 pec-
1963 4179 1984 4213 ι
2021 4163 2269 4224 ιεενὶςὶιη
2311 4180 2412 4216 non
2463 4181 2628 4232 nuper
2668 4168 2843 4220 datam
2885 4171 3082 4232 vitam,
3127 4173 3218 4224 sed
3258 4176 3489 4240 priorem

300 4270 503 4318 catum
546 4267 817 4312 inci-tuum
844 4264 945 4309 est.
989 4254 1097 4322 Ego
1125 4268 1298 4312 autem
1327 4259 1564 4311 vivebam
1597 4261 1712 4312 sine
1749 4260 1860 4328 lege
1892 4247 1932 4300 Ῑ)
1964 4253 2219 4306 τθάάίιθιη
2244 4253 2399 4306 άθθθι
2427 4273 2441 4307 ε
2474 4255 2586 4322 ipse
2611 4257 2751 4309 θιιίιιι
2777 4274 2975 4322 sermo»
3005 4278 3023 4309 ε
3063 4263 3280 4328 “Vix”.
3317 4283 3335 4315 ι
3377 4279 3492 4316 τυτ-

383 4397 435 4428 ⁷³
469 4390 649 4514 Εέοά.
675 4404 772 4452 xx,
797 4386 882 4440 16.
957 4385 1075 4418 ⁷⁸⁸⁷⁸
1104 4387 1252 4441 Rom.
1283 4405 1373 4452 vti,
1403 4391 1558 4444 8-10.
1629 4389 1675 4421 ⁷⁸
1701 4390 1867 4445 Exod.

387 4480 474 4514 111.
548 4497 564 4512 ο

1975 4403 2013 4449 l,
2045 4386 2131 4440 15.
2201 4387 2246 4417 ⁷⁷
2273 4386 2464 4456 Philip.
2492 4403 2572 4453 ιιι,
2596 4387 2650 4441 5.
2724 4389 3039 4456 "Bonum,
3069 4395 3144 4446 ll).
3219 4359 3263 4428 θ’
3297 4397 3488 4453 Ezech.

303 4480 474 4526 xviii,
507 4480 564 4514 4».

387 4570 504 4641 (91)
544 4565 729 4641 aliast
760 4580 779 4613 ι
817 4578 919 4615 non
958 4562 1222 4622 novimus;
1263 4579 1281 4610 ι
1319 4560 1421 4640 al.,
1465 4579 1498 4639 t’
1522 4576 1621 4614 non
1655 4565 1864 4615 noveri-

306 4630 521 4694 rntis.'i
563 4632 782 4687 Deinde.
825 4652 842 4676 ο
892 4642 944 4682 et
985 4645 1086 4681 non
1137 4643 1163 4678 a
1209 4630 1536 4681 conscientia
1578 4643 1790 4692 nostra,
1837 4650 1855 4681 ι

301 4720 425 4764 etc.
469 4704 582 4756 Sed
617 4703 850 4770 potiores
882 4714 1005 4751 mss.
1034 4698 1198 4749 nostri
1237 4710 1290 4748 et
1327 4697 1572 4749 Rabauus
1611 4700 1862 4753 omittunt

309 4795 336 4830 C
374 4790 508 4828 11011.
561 4792 579 4820 ι

1967 4562 2157 4634 dianus
2201 4561 2397 4613 omittit
2437 4579 2456 4611 ι
2498 4578 2598 4615 non
2637 4583 2655 4616 ι
2699 4577 2819 4619 ante
2867 4586 2884 4618 ι
2933 4569 3244 4634 satisfaciat,
3299 4591 3319 4621 ι
3355 4575 3493 4628 sicut

1964 4639 2019 4682 et
2052 4630 2296 4680 liabanus
2317 4641 2370 4680 et
2399 4645 2583 4685 omnes
2613 4649 2738 4684 mss.
2773 4639 2955 4688 nostri.

2033 4696 2141 4765 (98)
2175 4697 2312 4766 liditi
2347 4701 2499 4758 male,
2536 4717 2554 4748 ι
2582 4704 2907 4766 prohibetur.
2946 4723 2964 4754 ι

2033 4767 2140 4834 (99)
2170 4765 2350 4838 Editi,_
2378 4783 2405 4838 t_
2432 4777 2514 4820 est
2555 4765 2729 4820 autem
2771 4781 2826 4821 et
2867 4771 2917 4822 iit
2954 4771 3130 4824 multis
3180 4772 3492 4838 laudabilis,

387 4842 506 4910 (92)
540 4840 632 4890 Sic
662 4851 790 4888 mss.
821 4845 872 4888 et
916 4835 1178 4910 ftalmpus.
1213 4831 1345 4884 Editi
1374 4849 1516 4896 vero,
1552 4851 1569 4883 ι
1603 4833 1859 4903 Loquitur
1963 4831 2100 4910 sicut
2122 4831 2277 4910 siqua
2301 4834 2552 4910 diximus.
2591 4853 2609 4884 ι

304 4900 466 4969 enim
488 4900 640 4962 intra
668 4920 763 4975 nos
785 4902 1128 4975 conscientia.
1163 4921 1181 4952 ›
1211 4971 1222 4975 _
1354 4967 1386 4975 η
1426 4969 1438 4975 _
1698 4900 1709 4903 ⁷
2032 4905 2106 4975 (vi)
2135 4900 2264 4954 Cum
2292 4905 2446 4953 etiam
2471 4907 2774 4970 exemplum,
2802 4913 2905 4956 etc.
2937 4903 3064 4957 Vide
3089 4919 3281 4973 supra,
3313 4907 3415 4964 lib.
3443 4925 3499 4975 ν,

391 4980 509 5050 (95)
554 4973 715 5050 fiditi,
755 4991 774 5022 ‹
801 4972 920 5050 _Hoc
944 4985 1068 5037 ergo
1092 4971 1315 5050 estrdum
1337 4967 1482 5050 dicit,
1520 4987 1540 5020 ι
1567 4979 1673 5050 etc.
1807 5041 1820 5050 _
1959 4987 2014 5024 n.

393 5037 510 5119 (94)
540 5042 708 5119 Anim"
749 5058 766 5090 α
800 5041 907 5119 ξρεε
939 5050 1112 5119 amen,
1145 5040 1338 5119 ειίωιλ,
1374 5053 1392 5085 ι
1427 5047 1532 5089 etc,
1572 5039 1699 5119 Mss,
1733 5041 1854 5108 qui.
1960 5107 1972 5119 _
2028 5041 2104 5109 (2)
2145 5039 2232 5092 Sic
2262 5051 2386 5090 mss.
2417 5037 2894 5119 et_[lahati.t'ts,‘.riisi
2918 5039 3055 5104 quod
3081 5040 3278 5119 haheat
3305 5059 3339 5117 ο(
3372 5047 3504 5108 quia

310 5105 447 5171 (laiu
482 5105 539 5168 et
566 5110 729 5172 editi,
771 5127 788 5158 ‹
821 5105 988 5175 ipsam
1029 5116 1203 5158 autem
1243 5106 1400 5158 etiam
1429 5105 1855 5175 mandatum'ap—

1979 5105 2059 5170 ex,
2086 5105 2115 5158 ’i
2151 5123 2297 5174 pro-t
2336 5119 2450 5172 qua:
2476 5107 2576 5156 lex.
2608 5124 2626 5154 ι
2658 5106 2801 5175 ΑΕιΙὶιὶ
2827 5120 2973 5175 vero,
3013 5125 3029 5155 ι
3064 5108 3346 5172 prohibuit
3373 5105 3509 5160 eou-

311 5185 506 5252 pellat,
558 5192 680 5231 cum
719 5172 995 5242 ait,’quia
1049 5175 1343 5236 occasione,
1375 5189 1395 5222 ι
1435 5181 1538 5226 etc.
1579 5172 1854 5231 Manifeste
1958 5172 2737 5244 cupiscentiam,coepitquelex
2763 5172 2918 5224 veluti
2934 5183 3198 5228 mortuum
3221 5176 3514 5231 suscitare

312 5253 595 5308 redundat
618 5259 720 5297 vox
757 5265 774 5294 ‹
806 5253 1002 5296 autem.
1034 5260 1051 5291 ι
1960 5258 2253 5312 peccatum.
2292 5260 2310 5290 ι

389 5319 506 5388 (95)
536 5315 696 5388 ξξιξξιξ,
730 5331 748 5361 ι
785 5315 1136 5388 γεεικξιηιειιιθτιΣ
1163 5327 1184 5388 _i
1961 5307 1974 5312 ⁷
2009 5313 2101 5388 ,(5)
2138 5311 2204 5363 Ut
2229 5308 2469 5378 propheta
2498 5307 2642 5361 dicit.
2683 5307 2804 5359 llaec
2834 5310 2994 5361 verba
3031 5312 3426 5365 desiderantur
3464 5313 3520 5364 iu

392 5378 508 5456 (96)
538 5383 698 5456 lgditi,
737 5394 1036 5456 perperam,
1069 5395 1086 5424 ‹
1121 5378 1240 5430 Ideo
1272 5390 1516 5456 namque.
1550 5395 1580 5456 i
1957 5378 2131 5456 edit-iis.

395 5446 512 5523 (9⁷)
562 5446 784 5523 Edidi}
830 5450 1104 5523 υβῖωηηθη
1150 5447 1607 5523 (Ιιιίξίιξίειξιῃευνίι.
1647 5455 1852 5523 ιιῑηηίυη
1959 5517 1972 5523 _
2000 5448 2102 5523 ii)
2143 5446 2294 5507 Editi,
2330 5465 2351 5498 α
2386 5446 2559 5498 Movet
2591 5458 2672 5496 me
2708 5453 2877 5522 tamen
2902 5451 3173 5511 quomodo
3206 5447 3434 5504 δίκαι-η
3471 5453 3528 5506 in

314 5512 505 5580 solum
532 5512 976 5584 concnpisceuliw
1011 5527 1109 5562 non
1152 5512 1472 5576 satisfaciat,
1507 5531 1526 5563 ι
1556 5528 1656 5572 etc,
1691 5518 1852 5571 satu-

1972 5512 2044 5571 iis
2067 5512 2336 5587 peccatum
2368 5525 2634 5569 mortuum
2667 5514 2932 5566 revixiSse.
2977 5531 2997 5562 ι
