  <div class='ocr_page' id='page_1' title='image "/cluster/home/n/w/nwhite01/storage/ocr_20150623/14 (Origen; pt. 4)/nyp.33433081862280/553.png"; bbox 0 0 3894 6248; ppageno 0'>
   <div class='ocr_carea' id='block_1_1' title="bbox 413 217 553 273">
    <p class='ocr_par' dir='ltr' id='par_1_1' title="bbox 413 217 553 273">
     <span class='ocr_line' id='line_1_1' title="bbox 413 217 553 273; baseline 0.007 -1"><span class='ocrx_word' id='word_1_1' title='bbox 413 217 553 273; x_wconf 77' lang='grc'><strong>1085</strong></span> 
     </span>
    </p>
   </div>
   <div class='ocr_carea' id='block_1_2' title="bbox 1847 205 2156 261">
    <p class='ocr_par' dir='ltr' id='par_1_2' title="bbox 1847 205 2156 261">
     <span class='ocr_line' id='line_1_2' title="bbox 1847 205 2156 261; baseline -0.003 0"><span class='ocrx_word' id='word_1_2' title='bbox 1847 205 2156 261; x_wconf 72' lang='lat' dir='ltr'><strong>ORIGENIS</strong></span> 
     </span>
    </p>
   </div>
   <div class='ocr_carea' id='block_1_3' title="bbox 3567 177 3704 235">
    <p class='ocr_par' dir='ltr' id='par_1_3' title="bbox 3567 177 3704 235">
     <span class='ocr_line' id='line_1_3' title="bbox 3567 177 3704 235; baseline 0.015 -2"><span class='ocrx_word' id='word_1_3' title='bbox 3567 177 3704 235; x_wconf 59' lang='grc' dir='ltr'><strong>ποθι</strong></span> 
     </span>
    </p>
   </div>
   <div class='ocr_carea' id='block_1_4' title="bbox 408 293 3706 391">
    <p class='ocr_par' dir='ltr' id='par_1_4' title="bbox 408 293 3706 391">
     <span class='ocr_line' id='line_1_4' title="bbox 408 293 3706 391; baseline -0.011 -5"><span class='ocrx_word' id='word_1_4' title='bbox 408 346 527 386; x_wconf 77' lang='lat' dir='ltr'><strong>sum</strong></span> <span class='ocrx_word' id='word_1_5' title='bbox 555 325 750 380; x_wconf 78' lang='lat' dir='ltr'><strong>vixisse</strong></span> <span class='ocrx_word' id='word_1_6' title='bbox 782 321 1063 391; x_wconf 83' lang='lat' dir='ltr'><strong>signiﬁcat.</strong></span> <span class='ocrx_word' id='word_1_7' title='bbox 1103 319 1158 374; x_wconf 90' lang='lat' dir='ltr'><strong>Si</strong></span> <span class='ocrx_word' id='word_1_8' title='bbox 1183 333 1311 388; x_wconf 88' lang='lat' dir='ltr'><strong>ergo</strong></span> <span class='ocrx_word' id='word_1_9' title='bbox 1342 320 1393 371; x_wconf 93' lang='lat' dir='ltr'><strong>in</strong></span> <span class='ocrx_word' id='word_1_10' title='bbox 1428 320 1603 372; x_wconf 88' lang='lat' dir='ltr'><strong>anima</strong></span> <span class='ocrx_word' id='word_1_11' title='bbox 1632 317 1824 373; x_wconf 90' lang='lat' dir='ltr'><strong>dieitur</strong></span> <span class='ocrx_word' id='word_1_12' title='bbox 1845 333 1929 372; x_wconf 90' lang='lat' dir='ltr'><strong>re-</strong></span> <span class='ocrx_word' id='word_1_13' title='bbox 1955 321 2001 373; x_wconf 86' lang='lat' dir='ltr'><strong>A</strong></span> <span class='ocrx_word' id='word_1_14' title='bbox 2029 329 2254 370; x_wconf 88' lang='lat' dir='ltr'><strong>reretur.</strong></span> <span class='ocrx_word' id='word_1_15' title='bbox 2293 313 2398 368; x_wconf 86' lang='lat' dir='ltr'><strong>Sed</strong></span> <span class='ocrx_word' id='word_1_16' title='bbox 2438 327 2504 366; x_wconf 88' lang='lat' dir='ltr'><strong>ne</strong></span> <span class='ocrx_word' id='word_1_17' title='bbox 2547 309 2677 379; x_wconf 90' lang='lat' dir='ltr'><strong>quis</strong></span> <span class='ocrx_word' id='word_1_18' title='bbox 2705 307 2795 378; x_wconf 85' lang='lat'><strong>(9)</strong></span> <span class='ocrx_word' id='word_1_19' title='bbox 2825 306 2949 358; x_wconf 85' lang='lat' dir='ltr'><strong>hoc</strong></span> <span class='ocrx_word' id='word_1_20' title='bbox 2986 297 3284 391; x_wconf 76' lang='lat' dir='ltr'><strong>mandato</strong></span> <span class='ocrx_word' id='word_1_21' title='bbox 3333 293 3706 391; x_wconf 51' lang='lat' dir='ltr'><strong>legis-ascri-</strong></span> 
     </span>
    </p>
   </div>
   <div class='ocr_carea' id='block_1_5' title="bbox 412 408 1925 479">
    <p class='ocr_par' dir='ltr' id='par_1_5' title="bbox 412 408 1925 479">
     <span class='ocr_line' id='line_1_5' title="bbox 412 408 1925 479; baseline -0.008 -8"><span class='ocrx_word' id='word_1_22' title='bbox 412 419 609 471; x_wconf 79' lang='lat' dir='ltr'><strong>vixisse</strong></span> <span class='ocrx_word' id='word_1_23' title='bbox 655 421 970 479; x_wconf 82' lang='lat' dir='ltr'><strong>peccatum,</strong></span> <span class='ocrx_word' id='word_1_24' title='bbox 1005 408 1271 475; x_wconf 88' lang='lat' dir='ltr'><strong>quomodo</strong></span> <span class='ocrx_word' id='word_1_25' title='bbox 1315 408 1368 460; x_wconf 88' lang='lat' dir='ltr'><strong>hi</strong></span> <span class='ocrx_word' id='word_1_26' title='bbox 1418 408 1484 460; x_wconf 91' lang='lat' dir='ltr'><strong>de</strong></span> <span class='ocrx_word' id='word_1_27' title='bbox 1526 408 1629 460; x_wconf 93' lang='lat' dir='ltr'><strong>hoc</strong></span> <span class='ocrx_word' id='word_1_28' title='bbox 1677 421 1925 461; x_wconf 80' lang='lat' dir='ltr'><strong>sermone</strong></span> 
     </span>
    </p>
   </div>
   <div class='ocr_carea' id='block_1_6' title="bbox 407 496 1925 573">
    <p class='ocr_par' dir='ltr' id='par_1_6' title="bbox 407 496 1925 573">
     <span class='ocr_line' id='line_1_6' title="bbox 407 496 1925 573; baseline -0.007 -14"><span class='ocrx_word' id='word_1_29' title='bbox 407 502 638 573; x_wconf 85' lang='lat' dir='ltr'><strong>Apostoli</strong></span> <span class='ocrx_word' id='word_1_30' title='bbox 679 513 785 568; x_wconf 88' lang='lat' dir='ltr'><strong>quo</strong></span> <span class='ocrx_word' id='word_1_31' title='bbox 827 497 934 559; x_wconf 90' lang='lat' dir='ltr'><strong>ait,</strong></span> <span class='ocrx_word' id='word_1_32' title='bbox 976 513 995 546; x_wconf 67' lang='grc' dir='ltr'><strong><em>ο</em></strong></span> <span class='ocrx_word' id='word_1_33' title='bbox 1028 496 1138 563; x_wconf 86' lang='lat' dir='ltr'><strong>Ego</strong></span> <span class='ocrx_word' id='word_1_34' title='bbox 1185 505 1358 549; x_wconf 90' lang='lat' dir='ltr'><strong>autem</strong></span> <span class='ocrx_word' id='word_1_35' title='bbox 1388 497 1629 550; x_wconf 82' lang='lat' dir='ltr'><strong>vivebam</strong></span> <span class='ocrx_word' id='word_1_36' title='bbox 1663 496 1777 549; x_wconf 83' lang='lat' dir='ltr'><strong>sine</strong></span> <span class='ocrx_word' id='word_1_37' title='bbox 1808 496 1925 562; x_wconf 89' lang='lat' dir='ltr'><strong>lege</strong></span> 
     </span>
    </p>
   </div>
   <div class='ocr_carea' id='block_1_7' title="bbox 409 585 1923 658">
    <p class='ocr_par' dir='ltr' id='par_1_7' title="bbox 409 585 1923 658">
     <span class='ocr_line' id='line_1_7' title="bbox 409 585 1923 658; baseline -0.005 -14"><span class='ocrx_word' id='word_1_38' title='bbox 409 589 706 658; x_wconf 84' lang='lat' dir='ltr'><strong>aliquando,</strong></span> <span class='ocrx_word' id='word_1_39' title='bbox 742 605 763 638; x_wconf 75' lang='grc' dir='ltr'><strong><em>ι</em></strong></span> <span class='ocrx_word' id='word_1_40' title='bbox 797 587 984 650; x_wconf 84' lang='lat' dir='ltr'><strong>dogma</strong></span> <span class='ocrx_word' id='word_1_41' title='bbox 1015 585 1540 654; x_wconf 82' lang='grc' dir='ltr'><strong>μετενσωματὼσεως</strong></span> <span class='ocrx_word' id='word_1_42' title='bbox 1563 586 1923 648; x_wconf 90' lang='lat' dir='ltr'><strong>introducunt,</strong></span> 
     </span>
    </p>
   </div>
   <div class='ocr_carea' id='block_1_8' title="bbox 407 674 1924 747">
    <p class='ocr_par' dir='ltr' id='par_1_8' title="bbox 407 674 1924 747">
     <span class='ocr_line' id='line_1_8' title="bbox 407 674 1924 747; baseline -0.003 -17"><span class='ocrx_word' id='word_1_43' title='bbox 407 679 543 747; x_wconf 88' lang='lat' dir='ltr'><strong>quod</strong></span> <span class='ocrx_word' id='word_1_44' title='bbox 572 677 776 730; x_wconf 86' lang='lat' dir='ltr'><strong>animas</strong></span> <span class='ocrx_word' id='word_1_45' title='bbox 811 674 1077 728; x_wconf 91' lang='lat' dir='ltr'><strong>hominum</strong></span> <span class='ocrx_word' id='word_1_46' title='bbox 1107 675 1251 742; x_wconf 89' lang='lat' dir='ltr'><strong>prius</strong></span> <span class='ocrx_word' id='word_1_47' title='bbox 1280 674 1330 726; x_wconf 92' lang='lat' dir='ltr'><strong>in</strong></span> <span class='ocrx_word' id='word_1_48' title='bbox 1353 675 1639 742; x_wconf 84' lang='lat' dir='ltr'><strong>pecudibus</strong></span> <span class='ocrx_word' id='word_1_49' title='bbox 1660 713 1675 739; x_wconf 92' lang='lat'><strong>,</strong></span> <span class='ocrx_word' id='word_1_50' title='bbox 1702 674 1785 727; x_wconf 90' lang='lat' dir='ltr'><strong>vel</strong></span> <span class='ocrx_word' id='word_1_51' title='bbox 1816 675 1924 726; x_wconf 90' lang='lat' dir='ltr'><strong>avi-</strong></span> 
     </span>
    </p>
   </div>
   <div class='ocr_carea' id='block_1_9' title="bbox 404 760 1925 832">
    <p class='ocr_par' dir='ltr' id='par_1_9' title="bbox 404 760 1925 832">
     <span class='ocr_line' id='line_1_9' title="bbox 404 760 1925 832; baseline -0.001 -14"><span class='ocrx_word' id='word_1_52' title='bbox 404 767 537 830; x_wconf 84' lang='lat' dir='ltr'><strong>bus,</strong></span> <span class='ocrx_word' id='word_1_53' title='bbox 578 776 667 818; x_wconf 90' lang='lat' dir='ltr'><strong>aut</strong></span> <span class='ocrx_word' id='word_1_54' title='bbox 709 764 940 832; x_wconf 77' lang='lat' dir='ltr'><strong>piscibus</strong></span> <span class='ocrx_word' id='word_1_55' title='bbox 983 763 1138 816; x_wconf 90' lang='lat' dir='ltr'><strong>docet</strong></span> <span class='ocrx_word' id='word_1_56' title='bbox 1174 760 1336 816; x_wconf 88' lang='lat' dir='ltr'><strong>fuisse</strong></span> <span class='ocrx_word' id='word_1_57' title='bbox 1359 801 1376 826; x_wconf 92' lang='lat'><strong>,</strong></span> <span class='ocrx_word' id='word_1_58' title='bbox 1406 772 1460 815; x_wconf 91' lang='lat' dir='ltr'><strong>et</strong></span> <span class='ocrx_word' id='word_1_59' title='bbox 1487 763 1566 817; x_wconf 90' lang='lat' dir='ltr'><strong>sic</strong></span> <span class='ocrx_word' id='word_1_60' title='bbox 1592 766 1658 816; x_wconf 91' lang='lat' dir='ltr'><strong>ad</strong></span> <span class='ocrx_word' id='word_1_61' title='bbox 1688 763 1925 816; x_wconf 87' lang='lat' dir='ltr'><strong>homines</strong></span> 
     </span>
    </p>
   </div>
   <div class='ocr_carea' id='block_1_10' title="bbox 403 851 1925 920">
    <p class='ocr_par' dir='ltr' id='par_1_10' title="bbox 403 851 1925 920">
     <span class='ocr_line' id='line_1_10' title="bbox 403 851 1925 920; baseline -0.002 -15"><span class='ocrx_word' id='word_1_62' title='bbox 403 853 614 908; x_wconf 88' lang='lat' dir='ltr'><strong>venisse</strong></span> <span class='ocrx_word' id='word_1_63' title='bbox 645 870 659 908; x_wconf 89' lang='lat'><strong>:</strong></span> <span class='ocrx_word' id='word_1_64' title='bbox 692 862 745 908; x_wconf 87' lang='lat' dir='ltr'><strong>et</strong></span> <span class='ocrx_word' id='word_1_65' title='bbox 769 862 1048 919; x_wconf 84' lang='lat' dir='ltr'><strong>propterea</strong></span> <span class='ocrx_word' id='word_1_66' title='bbox 1082 851 1156 919; x_wconf 87' lang='grc'><strong>(5)</strong></span> <span class='ocrx_word' id='word_1_67' title='bbox 1187 851 1382 905; x_wconf 79' lang='lat' dir='ltr'><strong>dixisse</strong></span> <span class='ocrx_word' id='word_1_68' title='bbox 1401 852 1734 920; x_wconf 84' lang='lat' dir='ltr'><strong>Apostolum,</strong></span> <span class='ocrx_word' id='word_1_69' title='bbox 1767 869 1786 901; x_wconf 73' lang='grc' dir='ltr'><strong>ε</strong></span> <span class='ocrx_word' id='word_1_70' title='bbox 1816 851 1925 920; x_wconf 86' lang='lat' dir='ltr'><strong>Ego</strong></span> 
     </span>
    </p>
   </div>
   <div class='ocr_carea' id='block_1_11' title="bbox 401 941 1923 1011">
    <p class='ocr_par' dir='ltr' id='par_1_11' title="bbox 401 941 1923 1011">
     <span class='ocr_line' id='line_1_11' title="bbox 401 941 1923 1011; baseline -0.001 -18"><span class='ocrx_word' id='word_1_71' title='bbox 401 952 575 996; x_wconf 90' lang='lat' dir='ltr'><strong>autem</strong></span> <span class='ocrx_word' id='word_1_72' title='bbox 626 942 864 997; x_wconf 84' lang='lat' dir='ltr'><strong>vivebam</strong></span> <span class='ocrx_word' id='word_1_73' title='bbox 912 945 1027 1002; x_wconf 85' lang='lat' dir='ltr'><strong>sine</strong></span> <span class='ocrx_word' id='word_1_74' title='bbox 1075 943 1191 1011; x_wconf 87' lang='lat' dir='ltr'><strong>lege</strong></span> <span class='ocrx_word' id='word_1_75' title='bbox 1241 941 1556 1009; x_wconf 86' lang='lat' dir='ltr'><strong>aliquando,</strong></span> <span class='ocrx_word' id='word_1_76' title='bbox 1603 960 1621 991; x_wconf 87' lang='grc'><strong>›</strong></span> <span class='ocrx_word' id='word_1_77' title='bbox 1654 941 1805 1010; x_wconf 90' lang='lat' dir='ltr'><strong>quasi</strong></span> <span class='ocrx_word' id='word_1_78' title='bbox 1834 941 1923 1008; x_wconf 90' lang='lat' dir='ltr'><strong>qui</strong></span> 
     </span>
    </p>
   </div>
   <div class='ocr_carea' id='block_1_12' title="bbox 401 1030 1928 1098">
    <p class='ocr_par' dir='ltr' id='par_1_12' title="bbox 401 1030 1928 1098">
     <span class='ocr_line' id='line_1_12' title="bbox 401 1030 1928 1098; baseline 0 -16"><span class='ocrx_word' id='word_1_79' title='bbox 401 1037 684 1097; x_wconf 85' lang='lat' dir='ltr'><strong>antequam</strong></span> <span class='ocrx_word' id='word_1_80' title='bbox 718 1030 770 1083; x_wconf 93' lang='lat' dir='ltr'><strong>in</strong></span> <span class='ocrx_word' id='word_1_81' title='bbox 799 1031 898 1083; x_wconf 82' lang='lat' dir='ltr'><strong>huc</strong></span> <span class='ocrx_word' id='word_1_82' title='bbox 920 1045 1112 1098; x_wconf 89' lang='lat' dir='ltr'><strong>corpus</strong></span> <span class='ocrx_word' id='word_1_83' title='bbox 1137 1032 1342 1085; x_wconf 84' lang='lat' dir='ltr'><strong>veniret</strong></span> <span class='ocrx_word' id='word_1_84' title='bbox 1365 1032 1651 1084; x_wconf 88' lang='lat' dir='ltr'><strong>humanum</strong></span> <span class='ocrx_word' id='word_1_85' title='bbox 1673 1070 1688 1093; x_wconf 93' lang='lat'><strong>,</strong></span> <span class='ocrx_word' id='word_1_86' title='bbox 1735 1032 1928 1086; x_wconf 82' lang='lat' dir='ltr'><strong>vixerit</strong></span> 
     </span>
    </p>
   </div>
   <div class='ocr_carea' id='block_1_13' title="bbox 401 1118 1926 1191">
    <p class='ocr_par' dir='ltr' id='par_1_13' title="bbox 401 1118 1926 1191">
     <span class='ocr_line' id='line_1_13' title="bbox 401 1118 1926 1191; baseline 0.001 -20"><span class='ocrx_word' id='word_1_87' title='bbox 401 1118 454 1172; x_wconf 92' lang='lat' dir='ltr'><strong>in</strong></span> <span class='ocrx_word' id='word_1_88' title='bbox 483 1133 546 1173; x_wconf 91' lang='lat' dir='ltr'><strong>eo</strong></span> <span class='ocrx_word' id='word_1_89' title='bbox 575 1119 764 1174; x_wconf 87' lang='lat' dir='ltr'><strong>ordine</strong></span> <span class='ocrx_word' id='word_1_90' title='bbox 788 1120 956 1191; x_wconf 87' lang='lat' dir='ltr'><strong>(verbi</strong></span> <span class='ocrx_word' id='word_1_91' title='bbox 987 1121 1177 1188; x_wconf 85' lang='lat' dir='ltr'><strong>gratia)</strong></span> <span class='ocrx_word' id='word_1_92' title='bbox 1208 1131 1297 1172; x_wconf 91' lang='lat' dir='ltr'><strong>aut</strong></span> <span class='ocrx_word' id='word_1_93' title='bbox 1329 1121 1502 1173; x_wconf 89' lang='lat' dir='ltr'><strong>avium</strong></span> <span class='ocrx_word' id='word_1_94' title='bbox 1522 1160 1538 1184; x_wconf 97' lang='lat'><strong>,</strong></span> <span class='ocrx_word' id='word_1_95' title='bbox 1585 1130 1674 1173; x_wconf 89' lang='lat' dir='ltr'><strong>aut</strong></span> <span class='ocrx_word' id='word_1_96' title='bbox 1721 1122 1926 1174; x_wconf 88' lang='lat' dir='ltr'><strong>anima-</strong></span> 
     </span>
    </p>
   </div>
   <div class='ocr_carea' id='block_1_14' title="bbox 399 1208 1927 1276">
    <p class='ocr_par' dir='ltr' id='par_1_14' title="bbox 399 1208 1927 1276">
     <span class='ocr_line' id='line_1_14' title="bbox 399 1208 1927 1276; baseline 0.002 -15"><span class='ocrx_word' id='word_1_97' title='bbox 399 1208 567 1272; x_wconf 88' lang='lat' dir='ltr'><strong>lium,</strong></span> <span class='ocrx_word' id='word_1_98' title='bbox 625 1210 714 1264; x_wconf 92' lang='lat' dir='ltr'><strong>ubi</strong></span> <span class='ocrx_word' id='word_1_99' title='bbox 764 1209 850 1264; x_wconf 85' lang='lat' dir='ltr'><strong>lex</strong></span> <span class='ocrx_word' id='word_1_100' title='bbox 901 1211 1040 1264; x_wconf 73' lang='lat' dir='ltr'><strong>trulla</strong></span> <span class='ocrx_word' id='word_1_101' title='bbox 1098 1210 1398 1264; x_wconf 85' lang='lat' dir='ltr'><strong>haberetur.</strong></span> <span class='ocrx_word' id='word_1_102' title='bbox 1469 1210 1780 1276; x_wconf 88' lang='lat' dir='ltr'><strong>Quomodo,</strong></span> <span class='ocrx_word' id='word_1_103' title='bbox 1848 1212 1927 1264; x_wconf 87' lang='lat' dir='ltr'><strong>in-</strong></span> 
     </span>
    </p>
   </div>
   <div class='ocr_carea' id='block_1_15' title="bbox 399 1300 1924 1372">
    <p class='ocr_par' dir='ltr' id='par_1_15' title="bbox 399 1300 1924 1372">
     <span class='ocr_line' id='line_1_15' title="bbox 399 1300 1924 1372; baseline 0.001 -21"><span class='ocrx_word' id='word_1_104' title='bbox 399 1314 560 1368; x_wconf 85' lang='lat' dir='ltr'><strong>quam</strong></span> <span class='ocrx_word' id='word_1_105' title='bbox 594 1300 706 1372; x_wconf 89' lang='lat'><strong>(6),</strong></span> <span class='ocrx_word' id='word_1_106' title='bbox 756 1301 822 1354; x_wconf 89' lang='lat' dir='ltr'><strong>ad</strong></span> <span class='ocrx_word' id='word_1_107' title='bbox 869 1301 969 1354; x_wconf 90' lang='lat' dir='ltr'><strong>hoc</strong></span> <span class='ocrx_word' id='word_1_108' title='bbox 1017 1309 1262 1368; x_wconf 90' lang='lat' dir='ltr'><strong>poterunt</strong></span> <span class='ocrx_word' id='word_1_109' title='bbox 1304 1301 1661 1367; x_wconf 91' lang='lat' dir='ltr'><strong>respondere,</strong></span> <span class='ocrx_word' id='word_1_110' title='bbox 1706 1315 1826 1353; x_wconf 87' lang='lat' dir='ltr'><strong>cum</strong></span> <span class='ocrx_word' id='word_1_111' title='bbox 1872 1301 1924 1354; x_wconf 91' lang='lat' dir='ltr'><strong>in</strong></span> 
     </span>
    </p>
   </div>
   <div class='ocr_carea' id='block_1_16' title="bbox 399 1391 1926 1458">
    <p class='ocr_par' dir='ltr' id='par_1_16' title="bbox 399 1391 1926 1458">
     <span class='ocr_line' id='line_1_16' title="bbox 399 1391 1926 1458; baseline 0.001 -16"><span class='ocrx_word' id='word_1_112' title='bbox 399 1391 576 1444; x_wconf 88' lang='lat' dir='ltr'><strong>anima</strong></span> <span class='ocrx_word' id='word_1_113' title='bbox 604 1405 708 1444; x_wconf 92' lang='lat' dir='ltr'><strong>non</strong></span> <span class='ocrx_word' id='word_1_114' title='bbox 737 1405 903 1458; x_wconf 88' lang='lat' dir='ltr'><strong>nuper</strong></span> <span class='ocrx_word' id='word_1_115' title='bbox 933 1400 1208 1455; x_wconf 90' lang='lat' dir='ltr'><strong>exortmn,</strong></span> <span class='ocrx_word' id='word_1_116' title='bbox 1236 1392 1327 1444; x_wconf 91' lang='lat' dir='ltr'><strong>sed</strong></span> <span class='ocrx_word' id='word_1_117' title='bbox 1352 1392 1492 1458; x_wconf 91' lang='lat' dir='ltr'><strong>quod</strong></span> <span class='ocrx_word' id='word_1_118' title='bbox 1518 1401 1635 1444; x_wconf 89' lang='lat' dir='ltr'><strong>erat</strong></span> <span class='ocrx_word' id='word_1_119' title='bbox 1664 1402 1926 1444; x_wconf 92' lang='lat' dir='ltr'><strong>mortuum</strong></span> 
     </span>
    </p>
   </div>
   <div class='ocr_carea' id='block_1_17' title="bbox 400 1479 1926 1550">
    <p class='ocr_par' dir='ltr' id='par_1_17' title="bbox 400 1479 1926 1550">
     <span class='ocr_line' id='line_1_17' title="bbox 400 1479 1926 1550; baseline -0.001 -15"><span class='ocrx_word' id='word_1_120' title='bbox 400 1480 542 1535; x_wconf 89' lang='lat' dir='ltr'><strong>dicat</strong></span> <span class='ocrx_word' id='word_1_121' title='bbox 567 1479 826 1533; x_wconf 79' lang='lat' dir='ltr'><strong>revixisse</strong></span> <span class='ocrx_word' id='word_1_122' title='bbox 845 1480 1158 1546; x_wconf 86' lang='lat' dir='ltr'><strong>peccatum?</strong></span> <span class='ocrx_word' id='word_1_123' title='bbox 1188 1481 1250 1532; x_wconf 83' lang='lat' dir='ltr'><strong>Et</strong></span> <span class='ocrx_word' id='word_1_124' title='bbox 1272 1489 1474 1533; x_wconf 90' lang='lat' dir='ltr'><strong>certum</strong></span> <span class='ocrx_word' id='word_1_125' title='bbox 1497 1491 1579 1535; x_wconf 91' lang='lat' dir='ltr'><strong>est</strong></span> <span class='ocrx_word' id='word_1_126' title='bbox 1603 1482 1742 1549; x_wconf 91' lang='lat' dir='ltr'><strong>quod</strong></span> <span class='ocrx_word' id='word_1_127' title='bbox 1766 1480 1811 1534; x_wconf 88' lang='lat' dir='ltr'><strong>is</strong></span> <span class='ocrx_word' id='word_1_128' title='bbox 1835 1481 1926 1550; x_wconf 89' lang='lat' dir='ltr'><strong>qui</strong></span> 
     </span>
    </p>
   </div>
   <div class='ocr_carea' id='block_1_18' title="bbox 402 1569 1925 1640">
    <p class='ocr_par' dir='ltr' id='par_1_18' title="bbox 402 1569 1925 1640">
     <span class='ocr_line' id='line_1_18' title="bbox 402 1569 1925 1640; baseline -0.001 -15"><span class='ocrx_word' id='word_1_129' title='bbox 402 1570 709 1632; x_wconf 82' lang='lat' dir='ltr'><strong>reviviscit,</strong></span> <span class='ocrx_word' id='word_1_130' title='bbox 741 1569 876 1622; x_wconf 86' lang='lat' dir='ltr'><strong>vixit</strong></span> <span class='ocrx_word' id='word_1_131' title='bbox 905 1570 1210 1637; x_wconf 89' lang='lat' dir='ltr'><strong>aliquando.</strong></span> <span class='ocrx_word' id='word_1_132' title='bbox 1250 1570 1526 1638; x_wconf 85' lang='lat' dir='ltr'><strong>Nunquam</strong></span> <span class='ocrx_word' id='word_1_133' title='bbox 1576 1585 1704 1640; x_wconf 88' lang='lat' dir='ltr'><strong>ergo</strong></span> <span class='ocrx_word' id='word_1_134' title='bbox 1749 1573 1925 1624; x_wconf 89' lang='lat' dir='ltr'><strong>anima</strong></span> 
     </span>
    </p>
   </div>
   <div class='ocr_carea' id='block_1_19' title="bbox 2026 382 3706 470">
    <p class='ocr_par' dir='ltr' id='par_1_19' title="bbox 2026 382 3706 470">
     <span class='ocr_line' id='line_1_19' title="bbox 2026 382 3706 470; baseline -0.011 -13"><span class='ocrx_word' id='word_1_135' title='bbox 2026 405 2176 457; x_wconf 86' lang='lat' dir='ltr'><strong>heret</strong></span> <span class='ocrx_word' id='word_1_136' title='bbox 2198 443 2213 467; x_wconf 94' lang='lat'><strong>,</strong></span> <span class='ocrx_word' id='word_1_137' title='bbox 2258 403 2394 470; x_wconf 93' lang='lat' dir='ltr'><strong>quod</strong></span> <span class='ocrx_word' id='word_1_138' title='bbox 2429 398 2732 454; x_wconf 88' lang='lat' dir='ltr'><strong>occasione</strong></span> <span class='ocrx_word' id='word_1_139' title='bbox 2766 387 3060 463; x_wconf 65' lang='lat' dir='ltr'><strong>praecepti</strong></span> <span class='ocrx_word' id='word_1_140' title='bbox 3096 401 3132 438; x_wconf 86' lang='lat' dir='ltr'><strong>a</strong></span> <span class='ocrx_word' id='word_1_141' title='bbox 3169 392 3439 452; x_wconf 85' lang='lat' dir='ltr'><strong>peccato</strong></span> <span class='ocrx_word' id='word_1_142' title='bbox 3465 382 3588 451; x_wconf 73' lang='lat' dir='ltr'><strong>(l0)</strong></span> <span class='ocrx_word' id='word_1_143' title='bbox 3618 399 3706 439; x_wconf 58' lang='lat' dir='ltr'><strong>se-</strong></span> 
     </span>
    </p>
   </div>
   <div class='ocr_carea' id='block_1_20' title="bbox 2027 472 3710 546">
    <p class='ocr_par' dir='ltr' id='par_1_20' title="bbox 2027 472 3710 546">
     <span class='ocr_line' id='line_1_20' title="bbox 2027 472 3710 546; baseline -0.011 -3"><span class='ocrx_word' id='word_1_144' title='bbox 2027 491 2185 543; x_wconf 91' lang='lat' dir='ltr'><strong>ducta</strong></span> <span class='ocrx_word' id='word_1_145' title='bbox 2211 500 2292 546; x_wconf 89' lang='lat' dir='ltr'><strong>est</strong></span> <span class='ocrx_word' id='word_1_146' title='bbox 2320 490 2498 542; x_wconf 88' lang='lat' dir='ltr'><strong>anima</strong></span> <span class='ocrx_word' id='word_1_147' title='bbox 2523 497 2578 540; x_wconf 92' lang='lat' dir='ltr'><strong>et</strong></span> <span class='ocrx_word' id='word_1_148' title='bbox 2611 484 2811 539; x_wconf 88' lang='lat' dir='ltr'><strong>occisa</strong></span> <span class='ocrx_word' id='word_1_149' title='bbox 2837 517 2854 544; x_wconf 90' lang='lat'><strong>,</strong></span> <span class='ocrx_word' id='word_1_150' title='bbox 2911 473 3242 544; x_wconf 70' lang='lat' dir='ltr'><strong>subjungit</strong></span> <span class='ocrx_word' id='word_1_151' title='bbox 3289 472 3636 539; x_wconf 72' lang='lat' dir='ltr'><strong>Apostolus,</strong></span> <span class='ocrx_word' id='word_1_152' title='bbox 3657 483 3710 526; x_wconf 90' lang='lat' dir='ltr'><strong>et</strong></span> 
     </span>
    </p>
   </div>
   <div class='ocr_carea' id='block_1_21' title="bbox 2027 563 3707 647">
    <p class='ocr_par' dir='ltr' id='par_1_21' title="bbox 2027 563 3707 647">
     <span class='ocr_line' id='line_1_21' title="bbox 2027 563 3707 647; baseline -0.009 -13"><span class='ocrx_word' id='word_1_153' title='bbox 2027 582 2202 634; x_wconf 88' lang='lat' dir='ltr'><strong>dicit:</strong></span> <span class='ocrx_word' id='word_1_154' title='bbox 2244 597 2263 630; x_wconf 73' lang='grc' dir='ltr'>ι</span> <span class='ocrx_word' id='word_1_155' title='bbox 2303 581 2486 647; x_wconf 82' lang='lat' dir='ltr'><strong>itaque</strong></span> <span class='ocrx_word' id='word_1_156' title='bbox 2536 579 2626 630; x_wconf 86' lang='lat' dir='ltr'><strong>lex</strong></span> <span class='ocrx_word' id='word_1_157' title='bbox 2674 573 2917 643; x_wconf 81' lang='lat' dir='ltr'><strong>quidem</strong></span> <span class='ocrx_word' id='word_1_158' title='bbox 2973 575 3196 620; x_wconf 82' lang='lat' dir='ltr'><strong>sancta</strong></span> <span class='ocrx_word' id='word_1_159' title='bbox 3224 603 3246 628; x_wconf 87' lang='lat'><strong>,</strong></span> <span class='ocrx_word' id='word_1_160' title='bbox 3284 573 3351 617; x_wconf 76' lang='lat' dir='ltr'><strong>et</strong></span> <span class='ocrx_word' id='word_1_161' title='bbox 3381 563 3707 620; x_wconf 84' lang='lat' dir='ltr'><strong>mandatum</strong></span> 
     </span>
    </p>
   </div>
   <div class='ocr_carea' id='block_1_22' title="bbox 2028 656 3712 736">
    <p class='ocr_par' dir='ltr' id='par_1_22' title="bbox 2028 656 3712 736">
     <span class='ocr_line' id='line_1_22' title="bbox 2028 656 3712 736; baseline -0.008 -13"><span class='ocrx_word' id='word_1_162' title='bbox 2028 679 2293 735; x_wconf 89' lang='lat' dir='ltr'><strong>sanctum,</strong></span> <span class='ocrx_word' id='word_1_163' title='bbox 2345 678 2400 722; x_wconf 89' lang='lat' dir='ltr'><strong>et</strong></span> <span class='ocrx_word' id='word_1_164' title='bbox 2441 668 2678 736; x_wconf 88' lang='lat' dir='ltr'><strong>justum,</strong></span> <span class='ocrx_word' id='word_1_165' title='bbox 2709 673 2769 716; x_wconf 90' lang='lat' dir='ltr'><strong>et</strong></span> <span class='ocrx_word' id='word_1_166' title='bbox 2803 661 3059 714; x_wconf 91' lang='lat' dir='ltr'><strong>bonum.</strong></span> <span class='ocrx_word' id='word_1_167' title='bbox 3104 675 3128 708; x_wconf 77' lang='grc' dir='ltr'><strong><em>ι</em></strong></span> <span class='ocrx_word' id='word_1_168' title='bbox 3173 656 3420 710; x_wconf 85' lang='lat' dir='ltr'><strong>Bonum</strong></span> <span class='ocrx_word' id='word_1_169' title='bbox 3474 668 3712 724; x_wconf 73' lang='lat' dir='ltr'><strong>namque</strong></span> 
     </span>
    </p>
   </div>
   <div class='ocr_carea' id='block_1_23' title="bbox 2028 741 3711 821">
    <p class='ocr_par' dir='ltr' id='par_1_23' title="bbox 2028 741 3711 821">
     <span class='ocr_line' id='line_1_23' title="bbox 2028 741 3711 821; baseline -0.01 -8"><span class='ocrx_word' id='word_1_170' title='bbox 2028 767 2111 813; x_wconf 85' lang='lat' dir='ltr'><strong>est</strong></span> <span class='ocrx_word' id='word_1_171' title='bbox 2154 759 2481 821; x_wconf 89' lang='lat' dir='ltr'><strong>mandatum,</strong></span> <span class='ocrx_word' id='word_1_172' title='bbox 2533 763 2590 809; x_wconf 93' lang='lat' dir='ltr'><strong>et</strong></span> <span class='ocrx_word' id='word_1_173' title='bbox 2635 753 2724 806; x_wconf 85' lang='lat' dir='ltr'><strong>lex</strong></span> <span class='ocrx_word' id='word_1_174' title='bbox 2755 757 2966 804; x_wconf 87' lang='lat' dir='ltr'><strong>sancta</strong></span> <span class='ocrx_word' id='word_1_175' title='bbox 3000 754 3126 800; x_wconf 85' lang='lat' dir='ltr'><strong>est.</strong></span> <span class='ocrx_word' id='word_1_176' title='bbox 3173 743 3356 798; x_wconf 87' lang='lat' dir='ltr'><strong>Bona</strong></span> <span class='ocrx_word' id='word_1_177' title='bbox 3388 741 3548 796; x_wconf 89' lang='lat' dir='ltr'><strong>enim</strong></span> <span class='ocrx_word' id='word_1_178' title='bbox 3577 757 3711 810; x_wconf 76' lang='lat' dir='ltr'><strong>prte-</strong></span> 
     </span>
    </p>
   </div>
   <div class='ocr_carea' id='block_1_24' title="bbox 2028 834 3714 917">
    <p class='ocr_par' dir='ltr' id='par_1_24' title="bbox 2028 834 3714 917">
     <span class='ocr_line' id='line_1_24' title="bbox 2028 834 3714 917; baseline -0.008 -15"><span class='ocrx_word' id='word_1_179' title='bbox 2028 848 2189 917; x_wconf 90' lang='lat' dir='ltr'><strong>cipit,</strong></span> <span class='ocrx_word' id='word_1_180' title='bbox 2235 857 2291 902; x_wconf 92' lang='lat' dir='ltr'><strong>et</strong></span> <span class='ocrx_word' id='word_1_181' title='bbox 2333 848 2600 901; x_wconf 88' lang='lat' dir='ltr'><strong>bonorum</strong></span> <span class='ocrx_word' id='word_1_182' title='bbox 2647 841 3104 898; x_wconf 82' lang='lat' dir='ltr'><strong>observantiam</strong></span> <span class='ocrx_word' id='word_1_183' title='bbox 3169 836 3455 890; x_wconf 80' lang='lat' dir='ltr'><strong>mandat.</strong></span> <span class='ocrx_word' id='word_1_184' title='bbox 3505 853 3527 885; x_wconf 74' lang='grc' dir='ltr'>ι</span> <span class='ocrx_word' id='word_1_185' title='bbox 3562 834 3714 900; x_wconf 83' lang='lat' dir='ltr'><strong>Quod</strong></span> 
     </span>
    </p>
   </div>
   <div class='ocr_carea' id='block_1_25' title="bbox 2028 922 3710 1004">
    <p class='ocr_par' dir='ltr' id='par_1_25' title="bbox 2028 922 3710 1004">
     <span class='ocr_line' id='line_1_25' title="bbox 2028 922 3710 1004; baseline -0.006 -15"><span class='ocrx_word' id='word_1_186' title='bbox 2028 950 2208 1004; x_wconf 66' lang='lat' dir='ltr'><strong>ergo,»</strong></span> <span class='ocrx_word' id='word_1_187' title='bbox 2242 935 2438 1004; x_wconf 90' lang='lat' dir='ltr'><strong>inquit,</strong></span> <span class='ocrx_word' id='word_1_188' title='bbox 2478 951 2495 982; x_wconf 76' lang='grc' dir='ltr'>ι</span> <span class='ocrx_word' id='word_1_189' title='bbox 2529 935 2736 986; x_wconf 88' lang='lat' dir='ltr'><strong>bonum</strong></span> <span class='ocrx_word' id='word_1_190' title='bbox 2770 938 2886 996; x_wconf 90' lang='lat' dir='ltr'><strong>est,</strong></span> <span class='ocrx_word' id='word_1_191' title='bbox 2921 928 3079 983; x_wconf 81' lang='lat' dir='ltr'><strong>mihi</strong></span> <span class='ocrx_word' id='word_1_192' title='bbox 3115 939 3298 981; x_wconf 86' lang='lat' dir='ltr'><strong>mors</strong></span> <span class='ocrx_word' id='word_1_193' title='bbox 3333 923 3469 978; x_wconf 72' lang='lat' dir='ltr'><strong>est?</strong></span> <span class='ocrx_word' id='word_1_194' title='bbox 3501 922 3710 979; x_wconf 67' lang='lat' dir='ltr'><strong>Absit.)</strong></span> 
     </span>
    </p>
   </div>
   <div class='ocr_carea' id='block_1_26' title="bbox 2028 1019 3717 1092">
    <p class='ocr_par' dir='ltr' id='par_1_26' title="bbox 2028 1019 3717 1092">
     <span class='ocr_line' id='line_1_26' title="bbox 2028 1019 3717 1092; baseline -0.006 -12"><span class='ocrx_word' id='word_1_195' title='bbox 2028 1024 2398 1092; x_wconf 83' lang='lat' dir='ltr'><strong>Objectionem</strong></span> <span class='ocrx_word' id='word_1_196' title='bbox 2449 1022 2659 1077; x_wconf 78' lang='lat' dir='ltr'><strong>refellit</strong></span> <span class='ocrx_word' id='word_1_197' title='bbox 2707 1019 3060 1075; x_wconf 83' lang='lat' dir='ltr'><strong>necessario</strong></span> <span class='ocrx_word' id='word_1_198' title='bbox 3118 1025 3636 1085; x_wconf 78' lang='lat' dir='ltr'><strong>consurgentem,</strong></span> <span class='ocrx_word' id='word_1_199' title='bbox 3665 1027 3717 1072; x_wconf 90' lang='lat' dir='ltr'><strong>et</strong></span> 
     </span>
    </p>
   </div>
   <div class='ocr_carea' id='block_1_27' title="bbox 2029 1105 3715 1181">
    <p class='ocr_par' dir='ltr' id='par_1_27' title="bbox 2029 1105 3715 1181">
     <span class='ocr_line' id='line_1_27' title="bbox 2029 1105 3715 1181; baseline -0.005 -13"><span class='ocrx_word' id='word_1_200' title='bbox 2029 1115 2197 1168; x_wconf 88' lang='lat' dir='ltr'><strong>dicit:</strong></span> <span class='ocrx_word' id='word_1_201' title='bbox 2234 1113 2351 1168; x_wconf 82' lang='lat' dir='ltr'><strong>Non</strong></span> <span class='ocrx_word' id='word_1_202' title='bbox 2381 1112 2524 1181; x_wconf 92' lang='lat' dir='ltr'><strong>quod</strong></span> <span class='ocrx_word' id='word_1_203' title='bbox 2552 1111 2768 1165; x_wconf 90' lang='lat' dir='ltr'><strong>bonum</strong></span> <span class='ocrx_word' id='word_1_204' title='bbox 2821 1109 2974 1177; x_wconf 82' lang='lat' dir='ltr'><strong>legis</strong></span> <span class='ocrx_word' id='word_1_205' title='bbox 3025 1115 3096 1161; x_wconf 88' lang='lat' dir='ltr'><strong>et</strong></span> <span class='ocrx_word' id='word_1_206' title='bbox 3147 1105 3436 1160; x_wconf 85' lang='lat' dir='ltr'><strong>mandati</strong></span> <span class='ocrx_word' id='word_1_207' title='bbox 3482 1115 3715 1162; x_wconf 84' lang='lat' dir='ltr'><strong>mortem</strong></span> 
     </span>
    </p>
   </div>
   <div class='ocr_carea' id='block_1_28' title="bbox 2030 1199 3711 1272">
    <p class='ocr_par' dir='ltr' id='par_1_28' title="bbox 2030 1199 3711 1272">
     <span class='ocr_line' id='line_1_28' title="bbox 2030 1199 3711 1272; baseline -0.007 -10"><span class='ocrx_word' id='word_1_208' title='bbox 2030 1208 2159 1263; x_wconf 91' lang='lat' dir='ltr'><strong>mihi</strong></span> <span class='ocrx_word' id='word_1_209' title='bbox 2207 1206 2488 1271; x_wconf 89' lang='lat' dir='ltr'><strong>intulerit;</strong></span> <span class='ocrx_word' id='word_1_210' title='bbox 2545 1223 2565 1256; x_wconf 79' lang='grc' dir='ltr'>ι</span> <span class='ocrx_word' id='word_1_211' title='bbox 2595 1204 2694 1259; x_wconf 91' lang='lat' dir='ltr'><strong>sed</strong></span> <span class='ocrx_word' id='word_1_212' title='bbox 2743 1212 3071 1272; x_wconf 86' lang='lat' dir='ltr'><strong>peccatum</strong></span> <span class='ocrx_word' id='word_1_213' title='bbox 3097 1239 3116 1265; x_wconf 94' lang='lat'><strong>,</strong></span> <span class='ocrx_word' id='word_1_214' title='bbox 3158 1218 3185 1252; x_wconf 72' lang='grc' dir='ltr'><strong><em>ι</em></strong></span> <span class='ocrx_word' id='word_1_215' title='bbox 3255 1199 3503 1268; x_wconf 88' lang='lat' dir='ltr'><strong>inquit,</strong></span> <span class='ocrx_word' id='word_1_216' title='bbox 3545 1217 3568 1251; x_wconf 74' lang='grc' dir='ltr'>ι</span> <span class='ocrx_word' id='word_1_217' title='bbox 3599 1207 3661 1252; x_wconf 88' lang='lat' dir='ltr'><strong>ut</strong></span> <span class='ocrx_word' id='word_1_218' title='bbox 3692 1217 3711 1251; x_wconf 76' lang='grc' dir='ltr'><strong><em>ι</em></strong></span> 
     </span>
    </p>
   </div>
   <div class='ocr_carea' id='block_1_29' title="bbox 2028 1290 3714 1370">
    <p class='ocr_par' dir='ltr' id='par_1_29' title="bbox 2028 1290 3714 1370">
     <span class='ocr_line' id='line_1_29' title="bbox 2028 1290 3714 1370; baseline -0.005 -18"><span class='ocrx_word' id='word_1_219' title='bbox 2028 1314 2188 1370; x_wconf 86' lang='lat' dir='ltr'><strong>quam</strong></span> <span class='ocrx_word' id='word_1_220' title='bbox 2219 1299 2462 1368; x_wconf 90' lang='lat' dir='ltr'><strong>iniquum</strong></span> <span class='ocrx_word' id='word_1_221' title='bbox 2493 1297 2567 1350; x_wconf 88' lang='lat' dir='ltr'><strong>sit</strong></span> <span class='ocrx_word' id='word_1_222' title='bbox 2602 1314 2622 1347; x_wconf 86' lang='grc'><strong>‹</strong></span> <span class='ocrx_word' id='word_1_223' title='bbox 2667 1301 2952 1364; x_wconf 87' lang='lat' dir='ltr'><strong>appareat</strong></span> <span class='ocrx_word' id='word_1_224' title='bbox 2977 1330 2998 1358; x_wconf 89' lang='lat'><strong>,</strong></span> <span class='ocrx_word' id='word_1_225' title='bbox 3031 1307 3153 1362; x_wconf 88' lang='lat' dir='ltr'><strong>per</strong></span> <span class='ocrx_word' id='word_1_226' title='bbox 3186 1291 3425 1348; x_wconf 86' lang='lat' dir='ltr'><strong>bonum</strong></span> <span class='ocrx_word' id='word_1_227' title='bbox 3465 1290 3602 1344; x_wconf 78' lang='lat' dir='ltr'><strong>mibi</strong></span> <span class='ocrx_word' id='word_1_228' title='bbox 3633 1291 3714 1344; x_wconf 87' lang='lat' dir='ltr'><strong>in-</strong></span> 
     </span>
    </p>
   </div>
   <div class='ocr_carea' id='block_1_30' title="bbox 2032 1384 3715 1458">
    <p class='ocr_par' dir='ltr' id='par_1_30' title="bbox 2032 1384 3715 1458">
     <span class='ocr_line' id='line_1_30' title="bbox 2032 1384 3715 1458; baseline -0.005 -15"><span class='ocrx_word' id='word_1_229' title='bbox 2032 1390 2150 1445; x_wconf 89' lang='lat' dir='ltr'><strong>tulit</strong></span> <span class='ocrx_word' id='word_1_230' title='bbox 2177 1400 2402 1444; x_wconf 90' lang='lat' dir='ltr'><strong>mortem</strong></span> <span class='ocrx_word' id='word_1_231' title='bbox 2435 1388 2577 1458; x_wconf 75' lang='lat' dir='ltr'><strong>(il).</strong></span> <span class='ocrx_word' id='word_1_232' title='bbox 2613 1405 2635 1438; x_wconf 72' lang='grc' dir='ltr'><strong><em>ι</em></strong></span> <span class='ocrx_word' id='word_1_233' title='bbox 2675 1386 2899 1441; x_wconf 86' lang='lat' dir='ltr'><strong>Bonum</strong></span> <span class='ocrx_word' id='word_1_234' title='bbox 2935 1397 3228 1452; x_wconf 86' lang='lat' dir='ltr'><strong>namque</strong></span> <span class='ocrx_word' id='word_1_235' title='bbox 3264 1393 3366 1437; x_wconf 84' lang='lat' dir='ltr'><strong>est</strong></span> <span class='ocrx_word' id='word_1_236' title='bbox 3397 1384 3715 1436; x_wconf 84' lang='lat' dir='ltr'><strong>mandatum</strong></span> 
     </span>
    </p>
   </div>
   <div class='ocr_carea' id='block_1_31' title="bbox 2029 1472 3717 1538">
    <p class='ocr_par' dir='ltr' id='par_1_31' title="bbox 2029 1472 3717 1538">
     <span class='ocr_line' id='line_1_31' title="bbox 2029 1472 3717 1538; baseline -0.005 -4"><span class='ocrx_word' id='word_1_237' title='bbox 2029 1495 2150 1534; x_wconf 90' lang='lat' dir='ltr'><strong>cum</strong></span> <span class='ocrx_word' id='word_1_238' title='bbox 2194 1487 2492 1534; x_wconf 88' lang='lat' dir='ltr'><strong>servatur:</strong></span> <span class='ocrx_word' id='word_1_239' title='bbox 2527 1477 2573 1531; x_wconf 91' lang='lat' dir='ltr'><strong>si</strong></span> <span class='ocrx_word' id='word_1_240' title='bbox 2625 1490 2764 1531; x_wconf 92' lang='lat' dir='ltr'><strong>vero</strong></span> <span class='ocrx_word' id='word_1_241' title='bbox 2811 1490 2936 1528; x_wconf 89' lang='lat' dir='ltr'><strong>non</strong></span> <span class='ocrx_word' id='word_1_242' title='bbox 2983 1482 3340 1538; x_wconf 84' lang='lat' dir='ltr'><strong>servetur,</strong></span> <span class='ocrx_word' id='word_1_243' title='bbox 3400 1472 3717 1527; x_wconf 75' lang='lat' dir='ltr'><strong>necessario</strong></span> 
     </span>
    </p>
   </div>
   <div class='ocr_carea' id='block_1_32' title="bbox 2030 1563 3716 1636">
    <p class='ocr_par' dir='ltr' id='par_1_32' title="bbox 2030 1563 3716 1636">
     <span class='ocr_line' id='line_1_32' title="bbox 2030 1563 3716 1636; baseline 0.001 -15"><span class='ocrx_word' id='word_1_244' title='bbox 2030 1569 2225 1622; x_wconf 91' lang='lat' dir='ltr'><strong>malum</strong></span> <span class='ocrx_word' id='word_1_245' title='bbox 2277 1569 2384 1621; x_wconf 90' lang='lat' dir='ltr'><strong>erit</strong></span> <span class='ocrx_word' id='word_1_246' title='bbox 2430 1567 2506 1620; x_wconf 89' lang='lat' dir='ltr'><strong>illi</strong></span> <span class='ocrx_word' id='word_1_247' title='bbox 2564 1567 2663 1635; x_wconf 90' lang='lat' dir='ltr'><strong>qui</strong></span> <span class='ocrx_word' id='word_1_248' title='bbox 2710 1565 3050 1635; x_wconf 88' lang='lat' dir='ltr'><strong>perdiderit</strong></span> <span class='ocrx_word' id='word_1_249' title='bbox 3107 1566 3382 1619; x_wconf 86' lang='lat' dir='ltr'><strong>bonum.</strong></span> <span class='ocrx_word' id='word_1_250' title='bbox 3452 1563 3547 1620; x_wconf 83' lang='lat' dir='ltr'><strong>Fit</strong></span> <span class='ocrx_word' id='word_1_251' title='bbox 3592 1581 3716 1636; x_wconf 87' lang='lat' dir='ltr'><strong>ergo</strong></span> 
     </span>
    </p>
   </div>
   <div class='ocr_carea' id='block_1_33' title="bbox 403 1646 3713 1727">
    <p class='ocr_par' dir='ltr' id='par_1_33' title="bbox 403 1646 3713 1727">
     <span class='ocr_line' id='line_1_33' title="bbox 403 1646 3713 1727; baseline -0.001 -14"><span class='ocrx_word' id='word_1_252' title='bbox 403 1660 456 1713; x_wconf 87' lang='lat' dir='ltr'><strong>in</strong></span> <span class='ocrx_word' id='word_1_253' title='bbox 499 1675 564 1715; x_wconf 88' lang='lat' dir='ltr'><strong>eo</strong></span> <span class='ocrx_word' id='word_1_254' title='bbox 590 1659 780 1714; x_wconf 91' lang='lat' dir='ltr'><strong>ordine</strong></span> <span class='ocrx_word' id='word_1_255' title='bbox 827 1658 991 1714; x_wconf 81' lang='lat' dir='ltr'><strong>fuisse</strong></span> <span class='ocrx_word' id='word_1_256' title='bbox 1019 1660 1285 1714; x_wconf 88' lang='lat' dir='ltr'><strong>videbitur</strong></span> <span class='ocrx_word' id='word_1_257' title='bbox 1307 1700 1322 1725; x_wconf 93' lang='lat'><strong>,</strong></span> <span class='ocrx_word' id='word_1_258' title='bbox 1369 1663 1456 1715; x_wconf 86' lang='lat' dir='ltr'><strong>ubi</strong></span> <span class='ocrx_word' id='word_1_259' title='bbox 1502 1669 1777 1727; x_wconf 89' lang='lat' dir='ltr'><strong>peccatum</strong></span> <span class='ocrx_word' id='word_1_260' title='bbox 1817 1663 1932 1717; x_wconf 92' lang='lat' dir='ltr'><strong>sine</strong></span> <span class='ocrx_word' id='word_1_261' title='bbox 1959 1646 2002 1700; x_wconf 81' lang='grc' dir='ltr'><strong>Β</strong></span> <span class='ocrx_word' id='word_1_262' title='bbox 2035 1676 2054 1709; x_wconf 77' lang='grc' dir='ltr'><strong><em>ι</em></strong></span> <span class='ocrx_word' id='word_1_263' title='bbox 2091 1659 2262 1725; x_wconf 91' lang='lat' dir='ltr'><strong>ipsum</strong></span> <span class='ocrx_word' id='word_1_264' title='bbox 2296 1665 2582 1725; x_wconf 88' lang='lat' dir='ltr'><strong>peccatum</strong></span> <span class='ocrx_word' id='word_1_265' title='bbox 2619 1669 2790 1724; x_wconf 90' lang='lat' dir='ltr'><strong>supra</strong></span> <span class='ocrx_word' id='word_1_266' title='bbox 2822 1653 3081 1708; x_wconf 90' lang='lat' dir='ltr'><strong>modum</strong></span> <span class='ocrx_word' id='word_1_267' title='bbox 3125 1665 3433 1723; x_wconf 81' lang='lat' dir='ltr'><strong>peccator</strong></span> <span class='ocrx_word' id='word_1_268' title='bbox 3467 1673 3489 1705; x_wconf 70' lang='grc' dir='ltr'><strong><em>ι</em></strong></span> <span class='ocrx_word' id='word_1_269' title='bbox 3520 1671 3592 1708; x_wconf 84' lang='lat' dir='ltr'><strong>ex</strong></span> <span class='ocrx_word' id='word_1_270' title='bbox 3622 1671 3713 1711; x_wconf 86' lang='lat' dir='ltr'><strong>oc-</strong></span> 
     </span>
    </p>
   </div>
   <div class='ocr_carea' id='block_1_34' title="bbox 403 1747 1930 1817">
    <p class='ocr_par' dir='ltr' id='par_1_34' title="bbox 403 1747 1930 1817">
     <span class='ocr_line' id='line_1_34' title="bbox 403 1747 1930 1817; baseline 0.003 -15"><span class='ocrx_word' id='word_1_271' title='bbox 403 1748 520 1815; x_wconf 90' lang='lat' dir='ltr'><strong>lege</strong></span> <span class='ocrx_word' id='word_1_272' title='bbox 551 1762 650 1802; x_wconf 90' lang='lat' dir='ltr'><strong>nec</strong></span> <span class='ocrx_word' id='word_1_273' title='bbox 677 1747 840 1802; x_wconf 81' lang='lat' dir='ltr'><strong>fuisse</strong></span> <span class='ocrx_word' id='word_1_274' title='bbox 885 1750 1092 1817; x_wconf 90' lang='lat' dir='ltr'><strong>potuit,</strong></span> <span class='ocrx_word' id='word_1_275' title='bbox 1121 1763 1216 1802; x_wconf 90' lang='lat' dir='ltr'><strong>nec</strong></span> <span class='ocrx_word' id='word_1_276' title='bbox 1247 1752 1460 1806; x_wconf 83' lang='lat' dir='ltr'><strong>vixisse.</strong></span> <span class='ocrx_word' id='word_1_277' title='bbox 1501 1751 1624 1805; x_wconf 66' lang='lat' dir='ltr'><strong>Haac</strong></span> <span class='ocrx_word' id='word_1_278' title='bbox 1651 1753 1930 1806; x_wconf 89' lang='lat' dir='ltr'><strong>adversum</strong></span> 
     </span>
    </p>
   </div>
   <div class='ocr_carea' id='block_1_35' title="bbox 401 1836 1927 1909">
    <p class='ocr_par' dir='ltr' id='par_1_35' title="bbox 401 1836 1927 1909">
     <span class='ocr_line' id='line_1_35' title="bbox 401 1836 1927 1909; baseline 0.003 -19"><span class='ocrx_word' id='word_1_279' title='bbox 401 1836 521 1892; x_wconf 90' lang='lat' dir='ltr'><strong>illos</strong></span> <span class='ocrx_word' id='word_1_280' title='bbox 547 1838 688 1891; x_wconf 90' lang='lat' dir='ltr'><strong>dicta</strong></span> <span class='ocrx_word' id='word_1_281' title='bbox 723 1838 830 1890; x_wconf 89' lang='lat' dir='ltr'><strong>sint</strong></span> <span class='ocrx_word' id='word_1_282' title='bbox 854 1876 868 1900; x_wconf 92' lang='lat'><strong>,</strong></span> <span class='ocrx_word' id='word_1_283' title='bbox 918 1839 1006 1903; x_wconf 85' lang='lat' dir='ltr'><strong>qui</strong></span> <span class='ocrx_word' id='word_1_284' title='bbox 1034 1838 1267 1906; x_wconf 86' lang='lat' dir='ltr'><strong>Apostoli</strong></span> <span class='ocrx_word' id='word_1_285' title='bbox 1309 1853 1608 1893; x_wconf 91' lang='lat' dir='ltr'><strong>sermonem</strong></span> <span class='ocrx_word' id='word_1_286' title='bbox 1640 1841 1703 1892; x_wconf 88' lang='lat' dir='ltr'><strong>ad</strong></span> <span class='ocrx_word' id='word_1_287' title='bbox 1739 1843 1927 1909; x_wconf 84' lang='lat' dir='ltr'><strong>dogma</strong></span> 
     </span>
    </p>
   </div>
   <div class='ocr_carea' id='block_1_36' title="bbox 405 1925 1927 1998">
    <p class='ocr_par' dir='ltr' id='par_1_36' title="bbox 405 1925 1927 1998">
     <span class='ocr_line' id='line_1_36' title="bbox 405 1925 1927 1998; baseline 0.003 -18"><span class='ocrx_word' id='word_1_288' title='bbox 405 1926 622 1992; x_wconf 91' lang='lat' dir='ltr'><strong>impium</strong></span> <span class='ocrx_word' id='word_1_289' title='bbox 649 1925 884 1978; x_wconf 89' lang='lat' dir='ltr'><strong>trahunt.</strong></span> <span class='ocrx_word' id='word_1_290' title='bbox 925 1925 1032 1979; x_wconf 86' lang='lat' dir='ltr'><strong>Nos</strong></span> <span class='ocrx_word' id='word_1_291' title='bbox 1073 1936 1248 1980; x_wconf 90' lang='lat' dir='ltr'><strong>autem</strong></span> <span class='ocrx_word' id='word_1_292' title='bbox 1297 1937 1519 1982; x_wconf 89' lang='lat' dir='ltr'><strong>mortem</strong></span> <span class='ocrx_word' id='word_1_293' title='bbox 1566 1929 1703 1984; x_wconf 89' lang='lat' dir='ltr'><strong>hanc</strong></span> <span class='ocrx_word' id='word_1_294' title='bbox 1729 1933 1927 1998; x_wconf 87' lang='lat' dir='ltr'><strong>peccati</strong></span> 
     </span>
    </p>
   </div>
   <div class='ocr_carea' id='block_1_37' title="bbox 402 2013 1931 2086">
    <p class='ocr_par' dir='ltr' id='par_1_37' title="bbox 402 2013 1931 2086">
     <span class='ocr_line' id='line_1_37' title="bbox 402 2013 1931 2086; baseline 0.006 -20"><span class='ocrx_word' id='word_1_295' title='bbox 402 2013 655 2067; x_wconf 83' lang='lat' dir='ltr'><strong>beneﬁcio</strong></span> <span class='ocrx_word' id='word_1_296' title='bbox 686 2015 774 2078; x_wconf 82' lang='lat' dir='ltr'><strong>Dei</strong></span> <span class='ocrx_word' id='word_1_297' title='bbox 805 2016 979 2068; x_wconf 84' lang='lat' dir='ltr'><strong>datam</strong></span> <span class='ocrx_word' id='word_1_298' title='bbox 1022 2017 1246 2069; x_wconf 90' lang='lat' dir='ltr'><strong>dicimus</strong></span> <span class='ocrx_word' id='word_1_299' title='bbox 1293 2026 1529 2085; x_wconf 91' lang='lat' dir='ltr'><strong>tempore</strong></span> <span class='ocrx_word' id='word_1_300' title='bbox 1556 2033 1619 2071; x_wconf 91' lang='lat' dir='ltr'><strong>eo</strong></span> <span class='ocrx_word' id='word_1_301' title='bbox 1638 2056 1653 2079; x_wconf 91' lang='lat'><strong>,</strong></span> <span class='ocrx_word' id='word_1_302' title='bbox 1683 2035 1787 2086; x_wconf 89' lang='lat' dir='ltr'><strong>quo</strong></span> <span class='ocrx_word' id='word_1_303' title='bbox 1817 2022 1931 2075; x_wconf 87' lang='lat' dir='ltr'><strong>sine</strong></span> 
     </span>
    </p>
   </div>
   <div class='ocr_carea' id='block_1_38' title="bbox 403 2101 1931 2174">
    <p class='ocr_par' dir='ltr' id='par_1_38' title="bbox 403 2101 1931 2174">
     <span class='ocr_line' id='line_1_38' title="bbox 403 2101 1931 2174; baseline 0.007 -22"><span class='ocrx_word' id='word_1_304' title='bbox 403 2101 516 2170; x_wconf 86' lang='lat' dir='ltr'><strong>lege</strong></span> <span class='ocrx_word' id='word_1_305' title='bbox 546 2101 874 2156; x_wconf 86' lang='lat' dir='ltr'><strong>vivebamus.</strong></span> <span class='ocrx_word' id='word_1_306' title='bbox 898 2103 1046 2166; x_wconf 86' lang='lat' dir='ltr'><strong>Quod</strong></span> <span class='ocrx_word' id='word_1_307' title='bbox 1074 2112 1127 2156; x_wconf 92' lang='lat' dir='ltr'><strong>et</strong></span> <span class='ocrx_word' id='word_1_308' title='bbox 1151 2104 1195 2156; x_wconf 89' lang='lat' dir='ltr'><strong>si</strong></span> <span class='ocrx_word' id='word_1_309' title='bbox 1224 2104 1468 2158; x_wconf 89' lang='lat' dir='ltr'><strong>veniente</strong></span> <span class='ocrx_word' id='word_1_310' title='bbox 1494 2106 1760 2170; x_wconf 88' lang='lat' dir='ltr'><strong>mandato,</strong></span> <span class='ocrx_word' id='word_1_311' title='bbox 1790 2108 1931 2174; x_wconf 91' lang='lat' dir='ltr'><strong>quod</strong></span> 
     </span>
    </p>
   </div>
   <div class='ocr_carea' id='block_1_39' title="bbox 407 2191 1932 2258">
    <p class='ocr_par' dir='ltr' id='par_1_39' title="bbox 407 2191 1932 2258">
     <span class='ocr_line' id='line_1_39' title="bbox 407 2191 1932 2258; baseline 0.007 -18"><span class='ocrx_word' id='word_1_312' title='bbox 407 2208 427 2240; x_wconf 73' lang='grc' dir='ltr'><strong>ε</strong></span> <span class='ocrx_word' id='word_1_313' title='bbox 460 2199 513 2244; x_wconf 93' lang='lat' dir='ltr'><strong>et</strong></span> <span class='ocrx_word' id='word_1_314' title='bbox 539 2202 801 2252; x_wconf 91' lang='lat' dir='ltr'><strong>sanctum,</strong></span> <span class='ocrx_word' id='word_1_315' title='bbox 830 2201 883 2244; x_wconf 91' lang='lat' dir='ltr'><strong>et</strong></span> <span class='ocrx_word' id='word_1_316' title='bbox 904 2193 1126 2258; x_wconf 88' lang='lat' dir='ltr'><strong>justum,</strong></span> <span class='ocrx_word' id='word_1_317' title='bbox 1158 2203 1211 2245; x_wconf 89' lang='lat' dir='ltr'><strong>et</strong></span> <span class='ocrx_word' id='word_1_318' title='bbox 1238 2191 1430 2245; x_wconf 90' lang='lat' dir='ltr'><strong>bonum</strong></span> <span class='ocrx_word' id='word_1_319' title='bbox 1465 2202 1564 2255; x_wconf 91' lang='lat' dir='ltr'><strong>est,</strong></span> <span class='ocrx_word' id='word_1_320' title='bbox 1603 2211 1623 2245; x_wconf 76' lang='grc' dir='ltr'><strong><em>ι</em></strong></span> <span class='ocrx_word' id='word_1_321' title='bbox 1665 2197 1932 2250; x_wconf 91' lang='lat' dir='ltr'><strong>reviviscit</strong></span> 
     </span>
    </p>
   </div>
   <div class='ocr_carea' id='block_1_40' title="bbox 403 2283 1929 2352">
    <p class='ocr_par' dir='ltr' id='par_1_40' title="bbox 403 2283 1929 2352">
     <span class='ocr_line' id='line_1_40' title="bbox 403 2283 1929 2352; baseline 0.002 -17"><span class='ocrx_word' id='word_1_322' title='bbox 403 2283 456 2335; x_wconf 91' lang='lat' dir='ltr'><strong>in</strong></span> <span class='ocrx_word' id='word_1_323' title='bbox 487 2285 637 2336; x_wconf 82' lang='lat' dir='ltr'><strong>nobis</strong></span> <span class='ocrx_word' id='word_1_324' title='bbox 662 2293 960 2351; x_wconf 89' lang='lat' dir='ltr'><strong>peccatmn,</strong></span> <span class='ocrx_word' id='word_1_325' title='bbox 981 2293 1033 2336; x_wconf 90' lang='lat' dir='ltr'><strong>et</strong></span> <span class='ocrx_word' id='word_1_326' title='bbox 1059 2284 1254 2337; x_wconf 90' lang='lat' dir='ltr'><strong>occidit</strong></span> <span class='ocrx_word' id='word_1_327' title='bbox 1282 2299 1380 2336; x_wconf 93' lang='lat' dir='ltr'><strong>nos</strong></span> <span class='ocrx_word' id='word_1_328' title='bbox 1413 2285 1458 2352; x_wconf 78' lang='grc' dir='ltr'><strong>(ι</strong></span> <span class='ocrx_word' id='word_1_329' title='bbox 1492 2295 1766 2352; x_wconf 90' lang='lat' dir='ltr'><strong>peccatum</strong></span> <span class='ocrx_word' id='word_1_330' title='bbox 1790 2287 1929 2340; x_wconf 91' lang='lat' dir='ltr'><strong>enim</strong></span> 
     </span>
    </p>
   </div>
   <div class='ocr_carea' id='block_1_41' title="bbox 402 2373 1933 2444">
    <p class='ocr_par' dir='ltr' id='par_1_41' title="bbox 402 2373 1933 2444">
     <span class='ocr_line' id='line_1_41' title="bbox 402 2373 1933 2444; baseline 0.005 -22"><span class='ocrx_word' id='word_1_331' title='bbox 402 2383 617 2441; x_wconf 88' lang='lat' dir='ltr'><strong>accepta</strong></span> <span class='ocrx_word' id='word_1_332' title='bbox 646 2373 921 2426; x_wconf 89' lang='lat' dir='ltr'><strong>occasione</strong></span> <span class='ocrx_word' id='word_1_333' title='bbox 951 2386 1046 2439; x_wconf 91' lang='lat' dir='ltr'><strong>per</strong></span> <span class='ocrx_word' id='word_1_334' title='bbox 1068 2375 1372 2425; x_wconf 88' lang='lat' dir='ltr'><strong>mandatum</strong></span> <span class='ocrx_word' id='word_1_335' title='bbox 1398 2375 1604 2427; x_wconf 81' lang='lat' dir='ltr'><strong>seduxit</strong></span> <span class='ocrx_word' id='word_1_336' title='bbox 1630 2391 1731 2439; x_wconf 92' lang='lat' dir='ltr'><strong>me,</strong></span> <span class='ocrx_word' id='word_1_337' title='bbox 1758 2387 1810 2428; x_wconf 91' lang='lat' dir='ltr'><strong>et</strong></span> <span class='ocrx_word' id='word_1_338' title='bbox 1839 2392 1933 2444; x_wconf 90' lang='lat' dir='ltr'><strong>per</strong></span> 
     </span>
    </p>
   </div>
   <div class='ocr_carea' id='block_1_42' title="bbox 406 2458 1932 2529">
    <p class='ocr_par' dir='ltr' id='par_1_42' title="bbox 406 2458 1932 2529">
     <span class='ocr_line' id='line_1_42' title="bbox 406 2458 1932 2529; baseline 0.006 -22"><span class='ocrx_word' id='word_1_339' title='bbox 406 2458 532 2511; x_wconf 91' lang='lat' dir='ltr'><strong>illud</strong></span> <span class='ocrx_word' id='word_1_340' title='bbox 585 2459 782 2512; x_wconf 91' lang='lat' dir='ltr'><strong>occidit</strong></span> <span class='ocrx_word' id='word_1_341' title='bbox 814 2458 859 2528; x_wconf 72' lang='grc' dir='ltr'>ι)</span> <span class='ocrx_word' id='word_1_342' title='bbox 889 2474 989 2512; x_wconf 91' lang='lat' dir='ltr'><strong>non</strong></span> <span class='ocrx_word' id='word_1_343' title='bbox 1018 2469 1097 2511; x_wconf 89' lang='lat' dir='ltr'><strong>cst</strong></span> <span class='ocrx_word' id='word_1_344' title='bbox 1139 2459 1406 2512; x_wconf 83' lang='lat' dir='ltr'><strong>accusatio</strong></span> <span class='ocrx_word' id='word_1_345' title='bbox 1441 2462 1670 2513; x_wconf 83' lang='lat' dir='ltr'><strong>mandati</strong></span> <span class='ocrx_word' id='word_1_346' title='bbox 1706 2477 1797 2529; x_wconf 91' lang='lat' dir='ltr'><strong>per</strong></span> <span class='ocrx_word' id='word_1_347' title='bbox 1832 2463 1932 2517; x_wconf 90' lang='lat' dir='ltr'><strong>hoc</strong></span> 
     </span>
    </p>
   </div>
   <div class='ocr_carea' id='block_1_43' title="bbox 404 2549 1931 2617">
    <p class='ocr_par' dir='ltr' id='par_1_43' title="bbox 404 2549 1931 2617">
     <span class='ocr_line' id='line_1_43' title="bbox 404 2549 1931 2617; baseline 0.006 -18"><span class='ocrx_word' id='word_1_348' title='bbox 404 2551 543 2614; x_wconf 90' lang='lat' dir='ltr'><strong>quod</strong></span> <span class='ocrx_word' id='word_1_349' title='bbox 581 2551 912 2602; x_wconf 85' lang='lat' dir='ltr'><strong>occasionem</strong></span> <span class='ocrx_word' id='word_1_350' title='bbox 940 2564 1040 2616; x_wconf 88' lang='lat' dir='ltr'><strong>qua</strong></span> <span class='ocrx_word' id='word_1_351' title='bbox 1068 2549 1264 2602; x_wconf 91' lang='lat' dir='ltr'><strong>occidit</strong></span> <span class='ocrx_word' id='word_1_352' title='bbox 1299 2566 1384 2603; x_wconf 89' lang='lat' dir='ltr'><strong>me</strong></span> <span class='ocrx_word' id='word_1_353' title='bbox 1422 2561 1694 2617; x_wconf 90' lang='lat' dir='ltr'><strong>peccatum</strong></span> <span class='ocrx_word' id='word_1_354' title='bbox 1721 2555 1931 2608; x_wconf 89' lang='lat' dir='ltr'><strong>venisse</strong></span> 
     </span>
    </p>
   </div>
   <div class='ocr_carea' id='block_1_44' title="bbox 403 2639 1930 2708">
    <p class='ocr_par' dir='ltr' id='par_1_44' title="bbox 403 2639 1930 2708">
     <span class='ocr_line' id='line_1_44' title="bbox 403 2639 1930 2708; baseline 0.005 -17"><span class='ocrx_word' id='word_1_355' title='bbox 403 2639 530 2691; x_wconf 87' lang='lat' dir='ltr'><strong>dicit</strong></span> <span class='ocrx_word' id='word_1_356' title='bbox 573 2653 638 2690; x_wconf 89' lang='lat' dir='ltr'><strong>ex</strong></span> <span class='ocrx_word' id='word_1_357' title='bbox 683 2641 964 2700; x_wconf 91' lang='lat' dir='ltr'><strong>mandato,</strong></span> <span class='ocrx_word' id='word_1_358' title='bbox 996 2640 1085 2692; x_wconf 90' lang='lat' dir='ltr'><strong>sed</strong></span> <span class='ocrx_word' id='word_1_359' title='bbox 1129 2640 1242 2691; x_wconf 54' lang='lat' dir='ltr'><strong>huic</strong></span> <span class='ocrx_word' id='word_1_360' title='bbox 1277 2650 1360 2692; x_wconf 92' lang='lat' dir='ltr'><strong>est</strong></span> <span class='ocrx_word' id='word_1_361' title='bbox 1393 2642 1520 2693; x_wconf 91' lang='lat' dir='ltr'><strong>dicti</strong></span> <span class='ocrx_word' id='word_1_362' title='bbox 1563 2642 1719 2708; x_wconf 89' lang='lat' dir='ltr'><strong>hujus</strong></span> <span class='ocrx_word' id='word_1_363' title='bbox 1743 2659 1930 2698; x_wconf 89' lang='lat' dir='ltr'><strong>conse-</strong></span> 
     </span>
    </p>
   </div>
   <div class='ocr_carea' id='block_1_45' title="bbox 403 2726 1930 2797">
    <p class='ocr_par' dir='ltr' id='par_1_45' title="bbox 403 2726 1930 2797">
     <span class='ocr_line' id='line_1_45' title="bbox 403 2726 1930 2797; baseline 0.008 -23"><span class='ocrx_word' id='word_1_364' title='bbox 403 2727 640 2791; x_wconf 79' lang='lat' dir='ltr'><strong>quentia.</strong></span> <span class='ocrx_word' id='word_1_365' title='bbox 699 2726 804 2779; x_wconf 85' lang='lat' dir='ltr'><strong>Lex</strong></span> <span class='ocrx_word' id='word_1_366' title='bbox 854 2729 1048 2780; x_wconf 89' lang='lat' dir='ltr'><strong>dicitur</strong></span> <span class='ocrx_word' id='word_1_367' title='bbox 1075 2744 1192 2795; x_wconf 64' lang='lat' dir='ltr'><strong>quas</strong></span> <span class='ocrx_word' id='word_1_368' title='bbox 1225 2730 1377 2781; x_wconf 86' lang='lat' dir='ltr'><strong>docet</strong></span> <span class='ocrx_word' id='word_1_369' title='bbox 1417 2729 1541 2796; x_wconf 90' lang='lat' dir='ltr'><strong>quid</strong></span> <span class='ocrx_word' id='word_1_370' title='bbox 1571 2730 1685 2783; x_wconf 87' lang='lat' dir='ltr'><strong>ﬁeri</strong></span> <span class='ocrx_word' id='word_1_371' title='bbox 1721 2732 1930 2797; x_wconf 84' lang='lat' dir='ltr'><strong>debeat,</strong></span> 
     </span>
    </p>
   </div>
   <div class='ocr_carea' id='block_1_46' title="bbox 401 2813 1932 2885">
    <p class='ocr_par' dir='ltr' id='par_1_46' title="bbox 401 2813 1932 2885">
     <span class='ocr_line' id='line_1_46' title="bbox 401 2813 1932 2885; baseline 0.009 -25"><span class='ocrx_word' id='word_1_372' title='bbox 401 2813 526 2880; x_wconf 83' lang='lat' dir='ltr'><strong>quid</strong></span> <span class='ocrx_word' id='word_1_373' title='bbox 559 2815 765 2878; x_wconf 84' lang='lat' dir='ltr'><strong>caveri;</strong></span> <span class='ocrx_word' id='word_1_374' title='bbox 801 2827 855 2867; x_wconf 90' lang='lat' dir='ltr'><strong>et</strong></span> <span class='ocrx_word' id='word_1_375' title='bbox 895 2831 1110 2868; x_wconf 77' lang='lat' dir='ltr'><strong>necesse</strong></span> <span class='ocrx_word' id='word_1_376' title='bbox 1141 2825 1221 2868; x_wconf 89' lang='lat' dir='ltr'><strong>est</strong></span> <span class='ocrx_word' id='word_1_377' title='bbox 1246 2827 1300 2868; x_wconf 91' lang='lat' dir='ltr'><strong>ut</strong></span> <span class='ocrx_word' id='word_1_378' title='bbox 1325 2818 1451 2870; x_wconf 89' lang='lat' dir='ltr'><strong>illud</strong></span> <span class='ocrx_word' id='word_1_379' title='bbox 1487 2818 1624 2885; x_wconf 91' lang='lat' dir='ltr'><strong>quod</strong></span> <span class='ocrx_word' id='word_1_380' title='bbox 1651 2820 1826 2872; x_wconf 90' lang='lat' dir='ltr'><strong>caveri</strong></span> <span class='ocrx_word' id='word_1_381' title='bbox 1853 2822 1932 2874; x_wconf 91' lang='lat' dir='ltr'><strong>di-</strong></span> 
     </span>
    </p>
   </div>
   <div class='ocr_carea' id='block_1_47' title="bbox 400 2904 1927 2975">
    <p class='ocr_par' dir='ltr' id='par_1_47' title="bbox 400 2904 1927 2975">
     <span class='ocr_line' id='line_1_47' title="bbox 400 2904 1927 2975; baseline 0.007 -21"><span class='ocrx_word' id='word_1_382' title='bbox 400 2905 496 2966; x_wconf 90' lang='lat' dir='ltr'><strong>cit,</strong></span> <span class='ocrx_word' id='word_1_383' title='bbox 525 2904 744 2958; x_wconf 89' lang='lat' dir='ltr'><strong>edoceat</strong></span> <span class='ocrx_word' id='word_1_384' title='bbox 775 2905 848 2974; x_wconf 91' lang='lat'><strong>(7)</strong></span> <span class='ocrx_word' id='word_1_385' title='bbox 883 2906 1038 2974; x_wconf 88' lang='lat' dir='ltr'><strong>quale</strong></span> <span class='ocrx_word' id='word_1_386' title='bbox 1064 2909 1153 2969; x_wconf 89' lang='lat' dir='ltr'><strong>sit,</strong></span> <span class='ocrx_word' id='word_1_387' title='bbox 1202 2922 1305 2973; x_wconf 94' lang='lat' dir='ltr'><strong>quo</strong></span> <span class='ocrx_word' id='word_1_388' title='bbox 1334 2923 1428 2975; x_wconf 90' lang='lat' dir='ltr'><strong>per</strong></span> <span class='ocrx_word' id='word_1_389' title='bbox 1453 2909 1554 2963; x_wconf 91' lang='lat' dir='ltr'><strong>hoc</strong></span> <span class='ocrx_word' id='word_1_390' title='bbox 1577 2910 1755 2964; x_wconf 87' lang='lat' dir='ltr'><strong>caveri</strong></span> <span class='ocrx_word' id='word_1_391' title='bbox 1789 2910 1927 2964; x_wconf 81' lang='lat' dir='ltr'><strong>faci-</strong></span> 
     </span>
    </p>
   </div>
   <div class='ocr_carea' id='block_1_48' title="bbox 2030 1744 3712 1816">
    <p class='ocr_par' dir='ltr' id='par_1_48' title="bbox 2030 1744 3712 1816">
     <span class='ocr_line' id='line_1_48' title="bbox 2030 1744 3712 1816; baseline 0.002 -17"><span class='ocrx_word' id='word_1_392' title='bbox 2030 1747 2248 1800; x_wconf 89' lang='lat' dir='ltr'><strong>casione</strong></span> <span class='ocrx_word' id='word_1_393' title='bbox 2293 1746 2557 1799; x_wconf 89' lang='lat' dir='ltr'><strong>mandati.</strong></span> <span class='ocrx_word' id='word_1_394' title='bbox 2603 1744 2872 1798; x_wconf 88' lang='lat' dir='ltr'><strong>Diximus</strong></span> <span class='ocrx_word' id='word_1_395' title='bbox 2913 1752 2982 1798; x_wconf 91' lang='lat' dir='ltr'><strong>et</strong></span> <span class='ocrx_word' id='word_1_396' title='bbox 3017 1746 3331 1812; x_wconf 80' lang='lat' dir='ltr'><strong>superius</strong></span> <span class='ocrx_word' id='word_1_397' title='bbox 3384 1748 3540 1814; x_wconf 91' lang='lat' dir='ltr'><strong>quod</strong></span> <span class='ocrx_word' id='word_1_398' title='bbox 3566 1750 3712 1816; x_wconf 81' lang='lat' dir='ltr'><strong>quasi</strong></span> 
     </span>
    </p>
   </div>
   <div class='ocr_carea' id='block_1_49' title="bbox 2028 1836 3710 1907">
    <p class='ocr_par' dir='ltr' id='par_1_49' title="bbox 2028 1836 3710 1907">
     <span class='ocr_line' id='line_1_49' title="bbox 2028 1836 3710 1907; baseline 0.002 -17"><span class='ocrx_word' id='word_1_399' title='bbox 2028 1851 2313 1905; x_wconf 90' lang='lat' dir='ltr'><strong>personam</strong></span> <span class='ocrx_word' id='word_1_400' title='bbox 2364 1836 2590 1890; x_wconf 85' lang='lat' dir='ltr'><strong>ﬁnxerit</strong></span> <span class='ocrx_word' id='word_1_401' title='bbox 2644 1836 2918 1904; x_wconf 90' lang='lat' dir='ltr'><strong>peccati,</strong></span> <span class='ocrx_word' id='word_1_402' title='bbox 2964 1844 3035 1890; x_wconf 85' lang='lat' dir='ltr'><strong>et</strong></span> <span class='ocrx_word' id='word_1_403' title='bbox 3082 1836 3168 1890; x_wconf 88' lang='lat' dir='ltr'><strong>de</strong></span> <span class='ocrx_word' id='word_1_404' title='bbox 3204 1836 3339 1904; x_wconf 76' lang='lat' dir='ltr'><strong>ipsa</strong></span> <span class='ocrx_word' id='word_1_405' title='bbox 3373 1837 3533 1891; x_wconf 84' lang='lat' dir='ltr'><strong>dicat</strong></span> <span class='ocrx_word' id='word_1_406' title='bbox 3560 1853 3710 1907; x_wconf 82' lang='lat' dir='ltr'><strong>supra</strong></span> 
     </span>
    </p>
   </div>
   <div class='ocr_carea' id='block_1_50' title="bbox 2029 1922 3710 1995">
    <p class='ocr_par' dir='ltr' id='par_1_50' title="bbox 2029 1922 3710 1995">
     <span class='ocr_line' id='line_1_50' title="bbox 2029 1922 3710 1995; baseline 0.004 -18"><span class='ocrx_word' id='word_1_407' title='bbox 2029 1926 2240 1978; x_wconf 89' lang='lat' dir='ltr'><strong>modum</strong></span> <span class='ocrx_word' id='word_1_408' title='bbox 2289 1934 2630 1992; x_wconf 89' lang='lat' dir='ltr'><strong>peccatorem</strong></span> <span class='ocrx_word' id='word_1_409' title='bbox 2663 1922 2947 1979; x_wconf 74' lang='lat' dir='ltr'><strong>effectum</strong></span> <span class='ocrx_word' id='word_1_410' title='bbox 3002 1924 3224 1994; x_wconf 85' lang='lat' dir='ltr'><strong>ipsum</strong></span> <span class='ocrx_word' id='word_1_411' title='bbox 3264 1936 3574 1995; x_wconf 79' lang='lat' dir='ltr'><strong>peccatum</strong></span> <span class='ocrx_word' id='word_1_412' title='bbox 3600 1967 3617 1993; x_wconf 90' lang='lat'><strong>,</strong></span> <span class='ocrx_word' id='word_1_413' title='bbox 3650 1929 3710 1983; x_wconf 87' lang='lat' dir='ltr'><strong>de</strong></span> 
     </span>
    </p>
   </div>
   <div class='ocr_carea' id='block_1_51' title="bbox 2030 2013 3708 2081">
    <p class='ocr_par' dir='ltr' id='par_1_51' title="bbox 2030 2013 3708 2081">
     <span class='ocr_line' id='line_1_51' title="bbox 2030 2013 3708 2081; baseline 0.004 -16"><span class='ocrx_word' id='word_1_414' title='bbox 2030 2014 2182 2081; x_wconf 89' lang='lat' dir='ltr'><strong>cujus</strong></span> <span class='ocrx_word' id='word_1_415' title='bbox 2205 2027 2435 2080; x_wconf 90' lang='lat' dir='ltr'><strong>persona</strong></span> <span class='ocrx_word' id='word_1_416' title='bbox 2465 2013 2753 2080; x_wconf 90' lang='lat' dir='ltr'><strong>loquitur,</strong></span> <span class='ocrx_word' id='word_1_417' title='bbox 2783 2028 2858 2067; x_wconf 82' lang='lat' dir='ltr'><strong>ex</strong></span> <span class='ocrx_word' id='word_1_418' title='bbox 2897 2015 3265 2070; x_wconf 87' lang='lat' dir='ltr'><strong>occasione</strong></span> <span class='ocrx_word' id='word_1_419' title='bbox 3296 2019 3578 2071; x_wconf 87' lang='lat' dir='ltr'><strong>mandati.</strong></span> <span class='ocrx_word' id='word_1_420' title='bbox 3618 2019 3708 2072; x_wconf 63' lang='lat' dir='ltr'><strong>Hi.</strong></span> 
     </span>
    </p>
   </div>
   <div class='ocr_carea' id='block_1_52' title="bbox 2031 2101 3707 2182">
    <p class='ocr_par' dir='ltr' id='par_1_52' title="bbox 2031 2101 3707 2182">
     <span class='ocr_line' id='line_1_52' title="bbox 2031 2101 3707 2182; baseline 0.005 -27"><span class='ocrx_word' id='word_1_421' title='bbox 2031 2118 2128 2155; x_wconf 92' lang='lat' dir='ltr'><strong>nus</strong></span> <span class='ocrx_word' id='word_1_422' title='bbox 2164 2103 2303 2154; x_wconf 91' lang='lat' dir='ltr'><strong>enim</strong></span> <span class='ocrx_word' id='word_1_423' title='bbox 2336 2102 2544 2169; x_wconf 85' lang='lat' dir='ltr'><strong>peccati</strong></span> <span class='ocrx_word' id='word_1_424' title='bbox 2567 2109 2656 2182; x_wconf 82' lang='lat' dir='ltr'><strong>est</strong></span> <span class='ocrx_word' id='word_1_425' title='bbox 2688 2101 2809 2172; x_wconf 74' lang='grc'><strong>(12)</strong></span> <span class='ocrx_word' id='word_1_426' title='bbox 2834 2141 2852 2164; x_wconf 85' lang='grc'><em>,</em></span> <span class='ocrx_word' id='word_1_427' title='bbox 2890 2101 2944 2156; x_wconf 90' lang='lat' dir='ltr'><strong>si</strong></span> <span class='ocrx_word' id='word_1_428' title='bbox 2980 2103 3043 2156; x_wconf 87' lang='lat' dir='ltr'><strong>id</strong></span> <span class='ocrx_word' id='word_1_429' title='bbox 3079 2104 3259 2172; x_wconf 85' lang='lat' dir='ltr'><strong>quod</strong></span> <span class='ocrx_word' id='word_1_430' title='bbox 3298 2121 3422 2161; x_wconf 89' lang='lat' dir='ltr'><strong>non</strong></span> <span class='ocrx_word' id='word_1_431' title='bbox 3461 2107 3707 2175; x_wconf 84' lang='lat' dir='ltr'><strong>prohibe-</strong></span> 
     </span>
    </p>
   </div>
   <div class='ocr_carea' id='block_1_53' title="bbox 2028 2189 3708 2253">
    <p class='ocr_par' dir='ltr' id='par_1_53' title="bbox 2028 2189 3708 2253">
     <span class='ocr_line' id='line_1_53' title="bbox 2028 2189 3708 2253; baseline 0.005 -9"><span class='ocrx_word' id='word_1_432' title='bbox 2028 2200 2116 2245; x_wconf 90' lang='lat' dir='ltr'><strong>tur</strong></span> <span class='ocrx_word' id='word_1_433' title='bbox 2147 2192 2417 2245; x_wconf 89' lang='lat' dir='ltr'><strong>admittas.</strong></span> <span class='ocrx_word' id='word_1_434' title='bbox 2463 2189 2522 2244; x_wconf 92' lang='lat' dir='ltr'><strong>Si</strong></span> <span class='ocrx_word' id='word_1_435' title='bbox 2559 2206 2698 2245; x_wconf 91' lang='lat' dir='ltr'><strong>vcro</strong></span> <span class='ocrx_word' id='word_1_436' title='bbox 2731 2193 2922 2246; x_wconf 87' lang='lat' dir='ltr'><strong>vetita</strong></span> <span class='ocrx_word' id='word_1_437' title='bbox 2951 2202 3022 2246; x_wconf 91' lang='lat' dir='ltr'><strong>et</strong></span> <span class='ocrx_word' id='word_1_438' title='bbox 3047 2193 3398 2250; x_wconf 84' lang='lat' dir='ltr'><strong>interdicta</strong></span> <span class='ocrx_word' id='word_1_439' title='bbox 3428 2200 3708 2253; x_wconf 82' lang='lat' dir='ltr'><strong>commise-</strong></span> 
     </span>
    </p>
   </div>
   <div class='ocr_carea' id='block_1_54' title="bbox 2031 2283 3705 2360">
    <p class='ocr_par' dir='ltr' id='par_1_54' title="bbox 2031 2283 3705 2360">
     <span class='ocr_line' id='line_1_54' title="bbox 2031 2283 3705 2360; baseline 0.005 -23"><span class='ocrx_word' id='word_1_440' title='bbox 2031 2284 2127 2348; x_wconf 90' lang='lat' dir='ltr'><strong>ris,</strong></span> <span class='ocrx_word' id='word_1_441' title='bbox 2158 2298 2314 2350; x_wconf 90' lang='lat' dir='ltr'><strong>supra</strong></span> <span class='ocrx_word' id='word_1_442' title='bbox 2349 2283 2567 2336; x_wconf 91' lang='lat' dir='ltr'><strong>modum</strong></span> <span class='ocrx_word' id='word_1_443' title='bbox 2589 2322 2606 2344; x_wconf 96' lang='lat'><strong>,</strong></span> <span class='ocrx_word' id='word_1_444' title='bbox 2636 2291 2697 2336; x_wconf 91' lang='lat' dir='ltr'><strong>ut</strong></span> <span class='ocrx_word' id='word_1_445' title='bbox 2731 2283 2814 2336; x_wconf 89' lang='lat' dir='ltr'><strong>ita</strong></span> <span class='ocrx_word' id='word_1_446' title='bbox 2849 2283 3092 2350; x_wconf 88' lang='lat' dir='ltr'><strong>dicam,</strong></span> <span class='ocrx_word' id='word_1_447' title='bbox 3121 2299 3429 2356; x_wconf 85' lang='lat' dir='ltr'><strong>peccator</strong></span> <span class='ocrx_word' id='word_1_448' title='bbox 3453 2305 3516 2346; x_wconf 89' lang='lat' dir='ltr'><strong>es</strong></span> <span class='ocrx_word' id='word_1_449' title='bbox 3545 2309 3560 2346; x_wconf 91' lang='lat'>:</span> <span class='ocrx_word' id='word_1_450' title='bbox 3593 2293 3705 2360; x_wconf 75' lang='lat' dir='ltr'><strong>quia</strong></span> 
     </span>
    </p>
   </div>
   <div class='ocr_carea' id='block_1_55' title="bbox 2033 2372 3708 2444">
    <p class='ocr_par' dir='ltr' id='par_1_55' title="bbox 2033 2372 3708 2444">
     <span class='ocr_line' id='line_1_55' title="bbox 2033 2372 3708 2444; baseline 0.007 -21"><span class='ocrx_word' id='word_1_451' title='bbox 2033 2387 2134 2424; x_wconf 93' lang='lat' dir='ltr'><strong>non</strong></span> <span class='ocrx_word' id='word_1_452' title='bbox 2159 2372 2338 2424; x_wconf 88' lang='lat' dir='ltr'><strong>solum</strong></span> <span class='ocrx_word' id='word_1_453' title='bbox 2371 2372 2703 2425; x_wconf 85' lang='lat' dir='ltr'><strong>commisisti</strong></span> <span class='ocrx_word' id='word_1_454' title='bbox 2756 2373 2920 2439; x_wconf 91' lang='lat' dir='ltr'><strong>quod</strong></span> <span class='ocrx_word' id='word_1_455' title='bbox 2975 2389 3108 2426; x_wconf 89' lang='lat' dir='ltr'><strong>non</strong></span> <span class='ocrx_word' id='word_1_456' title='bbox 3165 2377 3482 2444; x_wconf 85' lang='lat' dir='ltr'><strong>debuisti,</strong></span> <span class='ocrx_word' id='word_1_457' title='bbox 3532 2383 3624 2434; x_wconf 89' lang='lat' dir='ltr'><strong>sed</strong></span> <span class='ocrx_word' id='word_1_458' title='bbox 3659 2391 3708 2435; x_wconf 78' lang='lat' dir='ltr'><strong>et</strong></span> 
     </span>
    </p>
   </div>
   <div class='ocr_carea' id='block_1_56' title="bbox 2028 2461 3706 2528">
    <p class='ocr_par' dir='ltr' id='par_1_56' title="bbox 2028 2461 3706 2528">
     <span class='ocr_line' id='line_1_56' title="bbox 2028 2461 3706 2528; baseline 0.008 -17"><span class='ocrx_word' id='word_1_459' title='bbox 2028 2471 2344 2528; x_wconf 82' lang='lat' dir='ltr'><strong>praeceptum</strong></span> <span class='ocrx_word' id='word_1_460' title='bbox 2396 2461 2798 2528; x_wconf 69' lang='lat' dir='ltr'><strong>praevaricatus</strong></span> <span class='ocrx_word' id='word_1_461' title='bbox 2855 2477 2950 2516; x_wconf 89' lang='lat' dir='ltr'><strong>es.</strong></span> <span class='ocrx_word' id='word_1_462' title='bbox 3001 2461 3194 2528; x_wconf 87' lang='lat' dir='ltr'><strong>Quod</strong></span> <span class='ocrx_word' id='word_1_463' title='bbox 3235 2477 3443 2522; x_wconf 89' lang='lat' dir='ltr'><strong>autem</strong></span> <span class='ocrx_word' id='word_1_464' title='bbox 3487 2471 3706 2524; x_wconf 84' lang='lat' dir='ltr'><strong>diximus</strong></span> 
     </span>
    </p>
   </div>
   <div class='ocr_carea' id='block_1_57' title="bbox 2035 2537 3707 2620">
    <p class='ocr_par' dir='ltr' id='par_1_57' title="bbox 2035 2537 3707 2620">
     <span class='ocr_line' id='line_1_57' title="bbox 2035 2537 3707 2620; baseline 0.01 -20"><span class='ocrx_word' id='word_1_465' title='bbox 2035 2567 2053 2600; x_wconf 75' lang='grc' dir='ltr'>ι</span> <span class='ocrx_word' id='word_1_466' title='bbox 2087 2561 2361 2617; x_wconf 87' lang='lat' dir='ltr'><strong>peccatum</strong></span> <span class='ocrx_word' id='word_1_467' title='bbox 2395 2561 2677 2620; x_wconf 88' lang='lat' dir='ltr'><strong>peccator,</strong></span> <span class='ocrx_word' id='word_1_468' title='bbox 2715 2571 2736 2604; x_wconf 75' lang='grc' dir='ltr'><strong><em>ι</em></strong></span> <span class='ocrx_word' id='word_1_469' title='bbox 2795 2555 3154 2613; x_wconf 87' lang='lat' dir='ltr'><strong>maluimus</strong></span> <span class='ocrx_word' id='word_1_470' title='bbox 3201 2562 3423 2615; x_wconf 85' lang='lat' dir='ltr'><strong>vitium</strong></span> <span class='ocrx_word' id='word_1_471' title='bbox 3455 2537 3707 2617; x_wconf 71' lang='lat' dir='ltr'><strong>sermonis</strong></span> 
     </span>
    </p>
   </div>
   <div class='ocr_carea' id='block_1_58' title="bbox 2031 2639 3705 2721">
    <p class='ocr_par' dir='ltr' id='par_1_58' title="bbox 2031 2639 3705 2721">
     <span class='ocr_line' id='line_1_58' title="bbox 2031 2639 3705 2721; baseline 0.01 -30"><span class='ocrx_word' id='word_1_472' title='bbox 2031 2639 2294 2705; x_wconf 84' lang='lat' dir='ltr'><strong>recipere,</strong></span> <span class='ocrx_word' id='word_1_473' title='bbox 2317 2656 2478 2707; x_wconf 87' lang='lat' dir='ltr'><strong>quam</strong></span> <span class='ocrx_word' id='word_1_474' title='bbox 2505 2657 2733 2696; x_wconf 90' lang='lat' dir='ltr'><strong>sensum</strong></span> <span class='ocrx_word' id='word_1_475' title='bbox 2757 2646 3052 2714; x_wconf 85' lang='lat' dir='ltr'><strong>Apostoli</strong></span> <span class='ocrx_word' id='word_1_476' title='bbox 3100 2664 3234 2704; x_wconf 90' lang='lat' dir='ltr'><strong>non</strong></span> <span class='ocrx_word' id='word_1_477' title='bbox 3279 2652 3514 2720; x_wconf 89' lang='lat' dir='ltr'><strong>integre</strong></span> <span class='ocrx_word' id='word_1_478' title='bbox 3538 2655 3705 2721; x_wconf 88' lang='lat' dir='ltr'><strong>expri-</strong></span> 
     </span>
    </p>
   </div>
   <div class='ocr_carea' id='block_1_59' title="bbox 2032 2731 3706 2808">
    <p class='ocr_par' dir='ltr' id='par_1_59' title="bbox 2032 2731 3706 2808">
     <span class='ocr_line' id='line_1_59' title="bbox 2032 2731 3706 2808; baseline 0.01 -28"><span class='ocrx_word' id='word_1_479' title='bbox 2032 2742 2177 2782; x_wconf 91' lang='lat' dir='ltr'><strong>mere</strong></span> <span class='ocrx_word' id='word_1_480' title='bbox 2209 2744 2224 2780; x_wconf 91' lang='lat'><strong>:</strong></span> <span class='ocrx_word' id='word_1_481' title='bbox 2260 2731 2380 2796; x_wconf 87' lang='lat' dir='ltr'><strong>quia</strong></span> <span class='ocrx_word' id='word_1_482' title='bbox 2417 2731 2469 2782; x_wconf 91' lang='lat' dir='ltr'><strong>in</strong></span> <span class='ocrx_word' id='word_1_483' title='bbox 2507 2731 2712 2788; x_wconf 91' lang='lat' dir='ltr'><strong>Latino</strong></span> <span class='ocrx_word' id='word_1_484' title='bbox 2759 2751 3061 2794; x_wconf 89' lang='lat' dir='ltr'><strong>sermone</strong></span> <span class='ocrx_word' id='word_1_485' title='bbox 3112 2746 3595 2808; x_wconf 81' lang='lat' dir='ltr'><strong>angustavitnos</strong></span> <span class='ocrx_word' id='word_1_486' title='bbox 3623 2761 3706 2796; x_wconf 89' lang='lat' dir='ltr'><strong>no-</strong></span> 
     </span>
    </p>
   </div>
   <div class='ocr_carea' id='block_1_60' title="bbox 2031 2820 3708 2907">
    <p class='ocr_par' dir='ltr' id='par_1_60' title="bbox 2031 2820 3708 2907">
     <span class='ocr_line' id='line_1_60' title="bbox 2031 2820 3708 2907; baseline 0.012 -38"><span class='ocrx_word' id='word_1_487' title='bbox 2031 2833 2152 2870; x_wconf 91' lang='lat' dir='ltr'><strong>men</strong></span> <span class='ocrx_word' id='word_1_488' title='bbox 2187 2820 2416 2886; x_wconf 88' lang='lat' dir='ltr'><strong>peccati,</strong></span> <span class='ocrx_word' id='word_1_489' title='bbox 2436 2824 2584 2888; x_wconf 91' lang='lat' dir='ltr'><strong>quod</strong></span> <span class='ocrx_word' id='word_1_490' title='bbox 2617 2833 2823 2880; x_wconf 90' lang='lat' dir='ltr'><strong>neutro</strong></span> <span class='ocrx_word' id='word_1_491' title='bbox 2847 2843 3092 2895; x_wconf 78' lang='lat' dir='ltr'><strong>genere</strong></span> <span class='ocrx_word' id='word_1_492' title='bbox 3122 2833 3482 2887; x_wconf 83' lang='lat' dir='ltr'><strong>declinatur</strong></span> <span class='ocrx_word' id='word_1_493' title='bbox 3514 2848 3529 2882; x_wconf 88' lang='lat'><strong>:</strong></span> <span class='ocrx_word' id='word_1_494' title='bbox 3560 2833 3708 2907; x_wconf 64' lang='grc'><strong>586</strong></span> 
     </span>
    </p>
   </div>
   <div class='ocr_carea' id='block_1_61' title="bbox 2033 2905 3704 2988">
    <p class='ocr_par' dir='ltr' id='par_1_61' title="bbox 2033 2905 3704 2988">
     <span class='ocr_line' id='line_1_61' title="bbox 2033 2905 3704 2988; baseline 0.014 -31"><span class='ocrx_word' id='word_1_495' title='bbox 2033 2905 2082 2958; x_wconf 92' lang='lat' dir='ltr'><strong>in</strong></span> <span class='ocrx_word' id='word_1_496' title='bbox 2105 2905 2291 2960; x_wconf 67' lang='lat' dir='ltr'><strong>Grazco</strong></span> <span class='ocrx_word' id='word_1_497' title='bbox 2320 2922 2446 2960; x_wconf 89' lang='lat' dir='ltr'><strong>vero</strong></span> <span class='ocrx_word' id='word_1_498' title='bbox 2471 2910 2803 2965; x_wconf 81' lang='lat' dir='ltr'><strong>femininum</strong></span> <span class='ocrx_word' id='word_1_499' title='bbox 2828 2919 3190 2982; x_wconf 88' lang='lat' dir='ltr'><strong>est;etideo</strong></span> <span class='ocrx_word' id='word_1_500' title='bbox 3209 2931 3577 2988; x_wconf 83' lang='lat' dir='ltr'><strong>peccatorem</strong></span> <span class='ocrx_word' id='word_1_501' title='bbox 3596 2905 3704 2980; x_wconf 75' lang='lat' dir='ltr'><strong>euut</strong></span> 
     </span>
    </p>
   </div>
   <div class='ocr_carea' id='block_1_62' title="bbox 401 2985 3706 3085">
    <p class='ocr_par' dir='ltr' id='par_1_62' title="bbox 401 2985 3706 3085">
     <span class='ocr_line' id='line_1_62' title="bbox 401 2985 3706 3085; baseline 0.009 -45"><span class='ocrx_word' id='word_1_502' title='bbox 401 2990 510 3044; x_wconf 80' lang='lat' dir='ltr'><strong>Iius-</strong></span> <span class='ocrx_word' id='word_1_503' title='bbox 529 2993 715 3059; x_wconf 91' lang='lat' dir='ltr'><strong>possit.</strong></span> <span class='ocrx_word' id='word_1_504' title='bbox 755 2992 920 3046; x_wconf 81' lang='lat' dir='ltr'><strong>Nemo</strong></span> <span class='ocrx_word' id='word_1_505' title='bbox 963 2994 1104 3046; x_wconf 91' lang='lat' dir='ltr'><strong>enim</strong></span> <span class='ocrx_word' id='word_1_506' title='bbox 1149 3002 1320 3061; x_wconf 83' lang='lat' dir='ltr'><strong>potest</strong></span> <span class='ocrx_word' id='word_1_507' title='bbox 1361 2996 1529 3048; x_wconf 90' lang='lat' dir='ltr'><strong>vitare</strong></span> <span class='ocrx_word' id='word_1_508' title='bbox 1570 2997 1707 3062; x_wconf 87' lang='lat' dir='ltr'><strong>quod</strong></span> <span class='ocrx_word' id='word_1_509' title='bbox 1739 2998 1925 3051; x_wconf 89' lang='lat' dir='ltr'><strong>nescit.</strong></span> <span class='ocrx_word' id='word_1_510' title='bbox 1953 2985 1995 3040; x_wconf 84' lang='lat' dir='ltr'><strong><em>C</em></strong></span> <span class='ocrx_word' id='word_1_511' title='bbox 2032 3009 2127 3046; x_wconf 87' lang='lat' dir='ltr'><strong>nos</strong></span> <span class='ocrx_word' id='word_1_512' title='bbox 2153 2995 2536 3063; x_wconf 86' lang='lat' dir='ltr'><strong>appellavimus</strong></span> <span class='ocrx_word' id='word_1_513' title='bbox 2571 3016 2584 3051; x_wconf 90' lang='lat'><strong>:</strong></span> <span class='ocrx_word' id='word_1_514' title='bbox 2625 3015 2756 3054; x_wconf 91' lang='lat' dir='ltr'><strong>nam</strong></span> <span class='ocrx_word' id='word_1_515' title='bbox 2797 3002 2884 3056; x_wconf 90' lang='lat' dir='ltr'><strong>ibi</strong></span> <span class='ocrx_word' id='word_1_516' title='bbox 2922 2985 3271 3073; x_wconf 80' lang='lat' dir='ltr'><strong>peccatrix</strong></span> <span class='ocrx_word' id='word_1_517' title='bbox 3323 3015 3593 3082; x_wconf 81' lang='lat' dir='ltr'><strong>appellari</strong></span> <span class='ocrx_word' id='word_1_518' title='bbox 3621 3031 3706 3085; x_wconf 85' lang='lat' dir='ltr'><strong>po-</strong></span> 
     </span>
    </p>
   </div>
   <div class='ocr_carea' id='block_1_63' title="bbox 402 3080 1927 3154">
    <p class='ocr_par' dir='ltr' id='par_1_63' title="bbox 402 3080 1927 3154">
     <span class='ocr_line' id='line_1_63' title="bbox 402 3080 1927 3154; baseline 0.003 -20"><span class='ocrx_word' id='word_1_519' title='bbox 402 3080 456 3134; x_wconf 83' lang='lat' dir='ltr'><strong>Si</strong></span> <span class='ocrx_word' id='word_1_520' title='bbox 479 3082 604 3149; x_wconf 80' lang='lat' dir='ltr'><strong>quis</strong></span> <span class='ocrx_word' id='word_1_521' title='bbox 634 3097 760 3149; x_wconf 87' lang='lat' dir='ltr'><strong>ergo</strong></span> <span class='ocrx_word' id='word_1_522' title='bbox 793 3083 1008 3136; x_wconf 90' lang='lat' dir='ltr'><strong>edoctus</strong></span> <span class='ocrx_word' id='word_1_523' title='bbox 1034 3098 1127 3151; x_wconf 90' lang='lat' dir='ltr'><strong>pcr</strong></span> <span class='ocrx_word' id='word_1_524' title='bbox 1156 3083 1320 3150; x_wconf 89' lang='lat' dir='ltr'><strong>legem</strong></span> <span class='ocrx_word' id='word_1_525' title='bbox 1361 3085 1515 3152; x_wconf 89' lang='lat' dir='ltr'><strong>quale</strong></span> <span class='ocrx_word' id='word_1_526' title='bbox 1543 3087 1613 3139; x_wconf 91' lang='lat' dir='ltr'><strong>sit</strong></span> <span class='ocrx_word' id='word_1_527' title='bbox 1637 3086 1764 3139; x_wconf 90' lang='lat' dir='ltr'><strong>illud</strong></span> <span class='ocrx_word' id='word_1_528' title='bbox 1791 3091 1927 3154; x_wconf 92' lang='lat' dir='ltr'><strong>quod</strong></span> 
     </span>
    </p>
   </div>
   <div class='ocr_carea' id='block_1_64' title="bbox 399 3173 1927 3243">
    <p class='ocr_par' dir='ltr' id='par_1_64' title="bbox 399 3173 1927 3243">
     <span class='ocr_line' id='line_1_64' title="bbox 399 3173 1927 3243; baseline 0.005 -20"><span class='ocrx_word' id='word_1_529' title='bbox 399 3188 589 3226; x_wconf 85' lang='lat' dir='ltr'><strong>cavere</strong></span> <span class='ocrx_word' id='word_1_530' title='bbox 619 3173 798 3234; x_wconf 90' lang='lat' dir='ltr'><strong>debet,</strong></span> <span class='ocrx_word' id='word_1_531' title='bbox 841 3189 946 3226; x_wconf 90' lang='lat' dir='ltr'><strong>non</strong></span> <span class='ocrx_word' id='word_1_532' title='bbox 978 3184 1085 3226; x_wconf 90' lang='lat' dir='ltr'><strong>tam</strong></span> <span class='ocrx_word' id='word_1_533' title='bbox 1117 3184 1324 3239; x_wconf 80' lang='lat' dir='ltr'><strong>caveat,</strong></span> <span class='ocrx_word' id='word_1_534' title='bbox 1366 3192 1522 3243; x_wconf 90' lang='lat' dir='ltr'><strong>quam</strong></span> <span class='ocrx_word' id='word_1_535' title='bbox 1555 3177 1718 3230; x_wconf 84' lang='lat' dir='ltr'><strong>faciat</strong></span> <span class='ocrx_word' id='word_1_536' title='bbox 1761 3179 1886 3230; x_wconf 90' lang='lat' dir='ltr'><strong>illud</strong></span> <span class='ocrx_word' id='word_1_537' title='bbox 1914 3196 1927 3243; x_wconf 94' lang='lat'>;</span> 
     </span>
    </p>
   </div>
   <div class='ocr_carea' id='block_1_65' title="bbox 399 3263 1929 3332">
    <p class='ocr_par' dir='ltr' id='par_1_65' title="bbox 399 3263 1929 3332">
     <span class='ocr_line' id='line_1_65' title="bbox 399 3263 1929 3332; baseline 0.005 -18"><span class='ocrx_word' id='word_1_538' title='bbox 399 3263 679 3316; x_wconf 84' lang='lat' dir='ltr'><strong>occasione</strong></span> <span class='ocrx_word' id='word_1_539' title='bbox 704 3263 915 3330; x_wconf 90' lang='lat' dir='ltr'><strong>quidem</strong></span> <span class='ocrx_word' id='word_1_540' title='bbox 949 3264 1080 3332; x_wconf 82' lang='lat' dir='ltr'><strong>legis</strong></span> <span class='ocrx_word' id='word_1_541' title='bbox 1109 3279 1210 3317; x_wconf 91' lang='lat' dir='ltr'><strong>non</strong></span> <span class='ocrx_word' id='word_1_542' title='bbox 1257 3265 1514 3318; x_wconf 71' lang='lat' dir='ltr'><strong>facienda:</strong></span> <span class='ocrx_word' id='word_1_543' title='bbox 1543 3268 1618 3320; x_wconf 92' lang='lat' dir='ltr'><strong>rei</strong></span> <span class='ocrx_word' id='word_1_544' title='bbox 1653 3268 1929 3322; x_wconf 89' lang='lat' dir='ltr'><strong>scientiam</strong></span> 
     </span>
    </p>
   </div>
   <div class='ocr_carea' id='block_1_66' title="bbox 400 3353 1929 3422">
    <p class='ocr_par' dir='ltr' id='par_1_66' title="bbox 400 3353 1929 3422">
     <span class='ocr_line' id='line_1_66' title="bbox 400 3353 1929 3422; baseline 0.007 -19"><span class='ocrx_word' id='word_1_545' title='bbox 400 3353 669 3406; x_wconf 88' lang='lat' dir='ltr'><strong>videbitur</strong></span> <span class='ocrx_word' id='word_1_546' title='bbox 710 3355 980 3422; x_wconf 90' lang='lat' dir='ltr'><strong>accepisse</strong></span> <span class='ocrx_word' id='word_1_547' title='bbox 1025 3372 1038 3408; x_wconf 87' lang='lat'><strong>:</strong></span> <span class='ocrx_word' id='word_1_548' title='bbox 1078 3355 1170 3409; x_wconf 90' lang='lat' dir='ltr'><strong>sed</strong></span> <span class='ocrx_word' id='word_1_549' title='bbox 1197 3355 1280 3408; x_wconf 90' lang='lat' dir='ltr'><strong>lex</strong></span> <span class='ocrx_word' id='word_1_550' title='bbox 1310 3371 1413 3410; x_wconf 92' lang='lat' dir='ltr'><strong>non</strong></span> <span class='ocrx_word' id='word_1_551' title='bbox 1452 3357 1654 3411; x_wconf 92' lang='lat' dir='ltr'><strong>idcirco</strong></span> <span class='ocrx_word' id='word_1_552' title='bbox 1685 3373 1803 3412; x_wconf 86' lang='lat' dir='ltr'><strong>eum</strong></span> <span class='ocrx_word' id='word_1_553' title='bbox 1831 3359 1929 3414; x_wconf 85' lang='lat' dir='ltr'><strong>do-</strong></span> 
     </span>
    </p>
   </div>
   <div class='ocr_carea' id='block_1_67' title="bbox 401 3443 1928 3516">
    <p class='ocr_par' dir='ltr' id='par_1_67' title="bbox 401 3443 1928 3516">
     <span class='ocr_line' id='line_1_67' title="bbox 401 3443 1928 3516; baseline 0.005 -20"><span class='ocrx_word' id='word_1_554' title='bbox 401 3452 588 3498; x_wconf 88' lang='lat' dir='ltr'><strong>cuerat</strong></span> <span class='ocrx_word' id='word_1_555' title='bbox 618 3453 679 3496; x_wconf 91' lang='lat' dir='ltr'><strong>ut</strong></span> <span class='ocrx_word' id='word_1_556' title='bbox 707 3443 909 3498; x_wconf 84' lang='lat' dir='ltr'><strong>faceret</strong></span> <span class='ocrx_word' id='word_1_557' title='bbox 939 3447 1079 3512; x_wconf 89' lang='lat' dir='ltr'><strong>quod</strong></span> <span class='ocrx_word' id='word_1_558' title='bbox 1109 3461 1215 3500; x_wconf 93' lang='lat' dir='ltr'><strong>non</strong></span> <span class='ocrx_word' id='word_1_559' title='bbox 1239 3449 1482 3511; x_wconf 90' lang='lat' dir='ltr'><strong>debebat,</strong></span> <span class='ocrx_word' id='word_1_560' title='bbox 1517 3459 1571 3502; x_wconf 89' lang='lat' dir='ltr'><strong>et</strong></span> <span class='ocrx_word' id='word_1_561' title='bbox 1599 3460 1928 3516; x_wconf 89' lang='lat' dir='ltr'><strong>moreretur;</strong></span> 
     </span>
    </p>
   </div>
   <div class='ocr_carea' id='block_1_68' title="bbox 401 3533 1929 3606">
    <p class='ocr_par' dir='ltr' id='par_1_68' title="bbox 401 3533 1929 3606">
     <span class='ocr_line' id='line_1_68' title="bbox 401 3533 1929 3606; baseline 0.004 -20"><span class='ocrx_word' id='word_1_562' title='bbox 401 3535 494 3586; x_wconf 89' lang='lat' dir='ltr'><strong>sed</strong></span> <span class='ocrx_word' id='word_1_563' title='bbox 522 3542 577 3585; x_wconf 91' lang='lat' dir='ltr'><strong>ut</strong></span> <span class='ocrx_word' id='word_1_564' title='bbox 606 3548 710 3587; x_wconf 91' lang='lat' dir='ltr'><strong>non</strong></span> <span class='ocrx_word' id='word_1_565' title='bbox 735 3533 954 3599; x_wconf 81' lang='lat' dir='ltr'><strong>faceret,</strong></span> <span class='ocrx_word' id='word_1_566' title='bbox 989 3543 1042 3590; x_wconf 92' lang='lat' dir='ltr'><strong>et</strong></span> <span class='ocrx_word' id='word_1_567' title='bbox 1066 3536 1284 3590; x_wconf 90' lang='lat' dir='ltr'><strong>viveret.</strong></span> <span class='ocrx_word' id='word_1_568' title='bbox 1332 3537 1420 3590; x_wconf 86' lang='lat' dir='ltr'><strong>Sic</strong></span> <span class='ocrx_word' id='word_1_569' title='bbox 1441 3553 1568 3606; x_wconf 87' lang='lat' dir='ltr'><strong>ergo</strong></span> <span class='ocrx_word' id='word_1_570' title='bbox 1611 3556 1629 3588; x_wconf 85' lang='grc'><strong>‹</strong></span> <span class='ocrx_word' id='word_1_571' title='bbox 1653 3549 1929 3605; x_wconf 88' lang='lat' dir='ltr'><strong>peccatmn</strong></span> 
     </span>
    </p>
   </div>
   <div class='ocr_carea' id='block_1_69' title="bbox 401 3621 1932 3696">
    <p class='ocr_par' dir='ltr' id='par_1_69' title="bbox 401 3621 1932 3696">
     <span class='ocr_line' id='line_1_69' title="bbox 401 3621 1932 3696; baseline 0.005 -22"><span class='ocrx_word' id='word_1_572' title='bbox 401 3621 682 3676; x_wconf 85' lang='lat' dir='ltr'><strong>occasione</strong></span> <span class='ocrx_word' id='word_1_573' title='bbox 710 3631 926 3691; x_wconf 86' lang='lat' dir='ltr'><strong>accepta</strong></span> <span class='ocrx_word' id='word_1_574' title='bbox 947 3637 1040 3690; x_wconf 92' lang='lat' dir='ltr'><strong>per</strong></span> <span class='ocrx_word' id='word_1_575' title='bbox 1064 3625 1372 3678; x_wconf 89' lang='lat' dir='ltr'><strong>mandatum</strong></span> <span class='ocrx_word' id='word_1_576' title='bbox 1401 3627 1614 3679; x_wconf 88' lang='lat' dir='ltr'><strong>seduxit</strong></span> <span class='ocrx_word' id='word_1_577' title='bbox 1635 3642 1737 3691; x_wconf 90' lang='lat' dir='ltr'><strong>me,</strong></span> <span class='ocrx_word' id='word_1_578' title='bbox 1761 3637 1814 3680; x_wconf 90' lang='lat' dir='ltr'><strong>et</strong></span> <span class='ocrx_word' id='word_1_579' title='bbox 1841 3643 1932 3696; x_wconf 88' lang='lat' dir='ltr'><strong>per</strong></span> 
     </span>
    </p>
   </div>
   <div class='ocr_carea' id='block_1_70' title="bbox 404 3711 1930 3786">
    <p class='ocr_par' dir='ltr' id='par_1_70' title="bbox 404 3711 1930 3786">
     <span class='ocr_line' id='line_1_70' title="bbox 404 3711 1930 3786; baseline 0.004 -22"><span class='ocrx_word' id='word_1_580' title='bbox 404 3711 528 3764; x_wconf 84' lang='lat' dir='ltr'><strong>illud</strong></span> <span class='ocrx_word' id='word_1_581' title='bbox 561 3711 775 3766; x_wconf 89' lang='lat' dir='ltr'><strong>occidit.</strong></span> <span class='ocrx_word' id='word_1_582' title='bbox 799 3732 818 3765; x_wconf 73' lang='grc' dir='ltr'><strong>ο</strong></span> <span class='ocrx_word' id='word_1_583' title='bbox 860 3715 966 3767; x_wconf 88' lang='lat' dir='ltr'><strong>Aut</strong></span> <span class='ocrx_word' id='word_1_584' title='bbox 999 3724 1143 3768; x_wconf 91' lang='lat' dir='ltr'><strong>certe</strong></span> <span class='ocrx_word' id='word_1_585' title='bbox 1168 3715 1288 3782; x_wconf 92' lang='lat' dir='ltr'><strong>quia</strong></span> <span class='ocrx_word' id='word_1_586' title='bbox 1316 3716 1452 3768; x_wconf 84' lang='lat' dir='ltr'><strong>dixit</strong></span> <span class='ocrx_word' id='word_1_587' title='bbox 1479 3716 1576 3786; x_wconf 89' lang='lat'><strong>(8),</strong></span> <span class='ocrx_word' id='word_1_588' title='bbox 1611 3734 1628 3768; x_wconf 73' lang='grc' dir='ltr'>ι</span> <span class='ocrx_word' id='word_1_589' title='bbox 1651 3717 1930 3770; x_wconf 83' lang='lat' dir='ltr'><strong>Peccatum</strong></span> 
     </span>
    </p>
   </div>
   <div class='ocr_carea' id='block_1_71' title="bbox 403 3803 1925 3874">
    <p class='ocr_par' dir='ltr' id='par_1_71' title="bbox 403 3803 1925 3874">
     <span class='ocr_line' id='line_1_71' title="bbox 403 3803 1925 3874; baseline 0.003 -21"><span class='ocrx_word' id='word_1_590' title='bbox 403 3816 498 3870; x_wconf 93' lang='lat' dir='ltr'><strong>per</strong></span> <span class='ocrx_word' id='word_1_591' title='bbox 525 3803 828 3856; x_wconf 84' lang='lat' dir='ltr'><strong>mandatum</strong></span> <span class='ocrx_word' id='word_1_592' title='bbox 871 3806 1081 3858; x_wconf 87' lang='lat' dir='ltr'><strong>seduxit</strong></span> <span class='ocrx_word' id='word_1_593' title='bbox 1121 3819 1224 3869; x_wconf 92' lang='lat' dir='ltr'><strong>me,</strong></span> <span class='ocrx_word' id='word_1_594' title='bbox 1257 3815 1310 3858; x_wconf 90' lang='lat' dir='ltr'><strong>et</strong></span> <span class='ocrx_word' id='word_1_595' title='bbox 1357 3807 1621 3874; x_wconf 75' lang='lat' dir='ltr'><strong>per-illud</strong></span> <span class='ocrx_word' id='word_1_596' title='bbox 1648 3809 1864 3873; x_wconf 85' lang='lat' dir='ltr'><strong>occidit,</strong></span> <span class='ocrx_word' id='word_1_597' title='bbox 1906 3827 1925 3858; x_wconf 76' lang='grc' dir='ltr'><strong><em>ι</em></strong></span> 
     </span>
    </p>
   </div>
   <div class='ocr_carea' id='block_1_72' title="bbox 403 3893 1932 3962">
    <p class='ocr_par' dir='ltr' id='par_1_72' title="bbox 403 3893 1932 3962">
     <span class='ocr_line' id='line_1_72' title="bbox 403 3893 1932 3962; baseline 0.009 -23"><span class='ocrx_word' id='word_1_598' title='bbox 403 3901 579 3959; x_wconf 88' lang='lat' dir='ltr'><strong>potest</strong></span> <span class='ocrx_word' id='word_1_599' title='bbox 602 3893 687 3946; x_wconf 93' lang='lat' dir='ltr'><strong>hic</strong></span> <span class='ocrx_word' id='word_1_600' title='bbox 720 3911 738 3944; x_wconf 76' lang='grc' dir='ltr'>ι</span> <span class='ocrx_word' id='word_1_601' title='bbox 771 3903 1046 3962; x_wconf 90' lang='lat' dir='ltr'><strong>peccatum</strong></span> <span class='ocrx_word' id='word_1_602' title='bbox 1073 3912 1092 3945; x_wconf 77' lang='grc' dir='ltr'><strong><em>ι</em></strong></span> <span class='ocrx_word' id='word_1_603' title='bbox 1129 3895 1211 3949; x_wconf 88' lang='lat' dir='ltr'><strong>vel</strong></span> <span class='ocrx_word' id='word_1_604' title='bbox 1238 3895 1408 3962; x_wconf 90' lang='lat' dir='ltr'><strong>ipsum</strong></span> <span class='ocrx_word' id='word_1_605' title='bbox 1435 3907 1704 3951; x_wconf 87' lang='lat' dir='ltr'><strong>auctorem</strong></span> <span class='ocrx_word' id='word_1_606' title='bbox 1736 3897 1932 3952; x_wconf 90' lang='lat' dir='ltr'><strong>dixisse</strong></span> 
     </span>
    </p>
   </div>
   <div class='ocr_carea' id='block_1_73' title="bbox 402 3981 1933 4050">
    <p class='ocr_par' dir='ltr' id='par_1_73' title="bbox 402 3981 1933 4050">
     <span class='ocr_line' id='line_1_73' title="bbox 402 3981 1933 4050; baseline 0.003 -16"><span class='ocrx_word' id='word_1_607' title='bbox 402 3981 642 4048; x_wconf 86' lang='lat' dir='ltr'><strong>peccati,</strong></span> <span class='ocrx_word' id='word_1_608' title='bbox 673 3981 738 4036; x_wconf 91' lang='lat' dir='ltr'><strong>de</strong></span> <span class='ocrx_word' id='word_1_609' title='bbox 782 3997 887 4050; x_wconf 91' lang='lat' dir='ltr'><strong>quo</strong></span> <span class='ocrx_word' id='word_1_610' title='bbox 928 3983 1183 4048; x_wconf 90' lang='lat' dir='ltr'><strong>scriptum</strong></span> <span class='ocrx_word' id='word_1_611' title='bbox 1225 3993 1306 4036; x_wconf 90' lang='lat' dir='ltr'><strong>est</strong></span> <span class='ocrx_word' id='word_1_612' title='bbox 1343 4002 1356 4038; x_wconf 92' lang='lat'><strong>:</strong></span> <span class='ocrx_word' id='word_1_613' title='bbox 1397 4002 1416 4034; x_wconf 74' lang='grc' dir='ltr'><strong>ε</strong></span> <span class='ocrx_word' id='word_1_614' title='bbox 1450 3983 1684 4050; x_wconf 88' lang='lat' dir='ltr'><strong>Serpens</strong></span> <span class='ocrx_word' id='word_1_615' title='bbox 1724 3985 1933 4038; x_wconf 84' lang='lat' dir='ltr'><strong>seduxit</strong></span> 
     </span>
    </p>
   </div>
   <div class='ocr_carea' id='block_1_74' title="bbox 401 4067 1932 4141">
    <p class='ocr_par' dir='ltr' id='par_1_74' title="bbox 401 4067 1932 4141">
     <span class='ocr_line' id='line_1_74' title="bbox 401 4067 1932 4141; baseline 0.005 -21"><span class='ocrx_word' id='word_1_616' title='bbox 401 4082 486 4120; x_wconf 92' lang='lat' dir='ltr'><strong>me</strong></span> <span class='ocrx_word' id='word_1_617' title='bbox 515 4067 560 4098; x_wconf 79' lang='grc'>⁸⁸</span> <span class='ocrx_word' id='word_1_618' title='bbox 592 4087 607 4122; x_wconf 89' lang='lat'><strong>:</strong></span> <span class='ocrx_word' id='word_1_619' title='bbox 645 4087 666 4120; x_wconf 73' lang='grc' dir='ltr'><strong><em>ι</em></strong></span> <span class='ocrx_word' id='word_1_620' title='bbox 706 4071 786 4123; x_wconf 93' lang='lat' dir='ltr'><strong>vel</strong></span> <span class='ocrx_word' id='word_1_621' title='bbox 817 4071 977 4123; x_wconf 90' lang='lat' dir='ltr'><strong>etiam</strong></span> <span class='ocrx_word' id='word_1_622' title='bbox 1008 4088 1289 4140; x_wconf 89' lang='lat' dir='ltr'><strong>personam</strong></span> <span class='ocrx_word' id='word_1_623' title='bbox 1316 4072 1532 4126; x_wconf 83' lang='lat' dir='ltr'><strong>ﬁnxisse</strong></span> <span class='ocrx_word' id='word_1_624' title='bbox 1559 4074 1786 4140; x_wconf 90' lang='lat' dir='ltr'><strong>peccati,</strong></span> <span class='ocrx_word' id='word_1_625' title='bbox 1815 4089 1932 4141; x_wconf 66' lang='lat' dir='ltr'><strong>qua:</strong></span> 
     </span>
    </p>
   </div>
   <div class='ocr_carea' id='block_1_75' title="bbox 400 4157 1931 4228">
    <p class='ocr_par' dir='ltr' id='par_1_75' title="bbox 400 4157 1931 4228">
     <span class='ocr_line' id='line_1_75' title="bbox 400 4157 1931 4228; baseline 0.005 -21"><span class='ocrx_word' id='word_1_626' title='bbox 400 4158 514 4210; x_wconf 88' lang='lat' dir='ltr'><strong>visa</strong></span> <span class='ocrx_word' id='word_1_627' title='bbox 543 4159 614 4212; x_wconf 91' lang='lat' dir='ltr'><strong>sit</strong></span> <span class='ocrx_word' id='word_1_628' title='bbox 645 4157 913 4212; x_wconf 86' lang='lat' dir='ltr'><strong>hominem</strong></span> <span class='ocrx_word' id='word_1_629' title='bbox 953 4162 1226 4214; x_wconf 85' lang='lat' dir='ltr'><strong>seduxisse</strong></span> <span class='ocrx_word' id='word_1_630' title='bbox 1271 4165 1552 4214; x_wconf 90' lang='lat' dir='ltr'><strong>occasione</strong></span> <span class='ocrx_word' id='word_1_631' title='bbox 1582 4162 1844 4228; x_wconf 85' lang='lat' dir='ltr'><strong>mandati,</strong></span> <span class='ocrx_word' id='word_1_632' title='bbox 1875 4173 1931 4215; x_wconf 90' lang='lat' dir='ltr'><strong>ut</strong></span> 
     </span>
    </p>
   </div>
   <div class='ocr_carea' id='block_1_76' title="bbox 395 4245 1931 4314">
    <p class='ocr_par' dir='ltr' id='par_1_76' title="bbox 395 4245 1931 4314">
     <span class='ocr_line' id='line_1_76' title="bbox 395 4245 1931 4314; baseline 0.005 -17"><span class='ocrx_word' id='word_1_633' title='bbox 395 4260 615 4299; x_wconf 86' lang='lat' dir='ltr'><strong>suavem</strong></span> <span class='ocrx_word' id='word_1_634' title='bbox 640 4245 840 4300; x_wconf 80' lang='lat' dir='ltr'><strong>faceret</strong></span> <span class='ocrx_word' id='word_1_635' title='bbox 868 4249 1372 4314; x_wconf 82' lang='lat' dir='ltr'><strong>concupiscentiam,</strong></span> <span class='ocrx_word' id='word_1_636' title='bbox 1388 4258 1441 4301; x_wconf 89' lang='lat' dir='ltr'><strong>et</strong></span> <span class='ocrx_word' id='word_1_637' title='bbox 1463 4249 1638 4300; x_wconf 90' lang='lat' dir='ltr'><strong>anima</strong></span> <span class='ocrx_word' id='word_1_638' title='bbox 1663 4250 1786 4302; x_wconf 92' lang='lat' dir='ltr'><strong>dum</strong></span> <span class='ocrx_word' id='word_1_639' title='bbox 1809 4265 1931 4304; x_wconf 86' lang='lat' dir='ltr'><strong>sua-</strong></span> 
     </span>
    </p>
   </div>
   <div class='ocr_carea' id='block_1_77' title="bbox 399 4335 1928 4404">
    <p class='ocr_par' dir='ltr' id='par_1_77' title="bbox 399 4335 1928 4404">
     <span class='ocr_line' id='line_1_77' title="bbox 399 4335 1928 4404; baseline 0.007 -21"><span class='ocrx_word' id='word_1_640' title='bbox 399 4335 565 4387; x_wconf 87' lang='lat' dir='ltr'><strong>vitate</strong></span> <span class='ocrx_word' id='word_1_641' title='bbox 627 4335 1075 4402; x_wconf 64' lang='lat' dir='ltr'><strong>concupiscentiae</strong></span> <span class='ocrx_word' id='word_1_642' title='bbox 1142 4336 1476 4400; x_wconf 87' lang='lat' dir='ltr'><strong>delectatur,</strong></span> <span class='ocrx_word' id='word_1_643' title='bbox 1527 4339 1928 4404; x_wconf 70' lang='lat' dir='ltr'><strong>praevaricando</strong></span> 
     </span>
    </p>
   </div>
   <div class='ocr_carea' id='block_1_78' title="bbox 401 4423 1930 4494">
    <p class='ocr_par' dir='ltr' id='par_1_78' title="bbox 401 4423 1930 4494">
     <span class='ocr_line' id='line_1_78' title="bbox 401 4423 1930 4494; baseline 0.007 -20"><span class='ocrx_word' id='word_1_644' title='bbox 401 4423 708 4475; x_wconf 88' lang='lat' dir='ltr'><strong>mandatum</strong></span> <span class='ocrx_word' id='word_1_645' title='bbox 734 4425 876 4492; x_wconf 90' lang='lat' dir='ltr'><strong>quod</strong></span> <span class='ocrx_word' id='word_1_646' title='bbox 908 4424 1139 4488; x_wconf 91' lang='lat' dir='ltr'><strong>dicebat,</strong></span> <span class='ocrx_word' id='word_1_647' title='bbox 1189 4443 1208 4475; x_wconf 79' lang='grc' dir='ltr'>ι</span> <span class='ocrx_word' id='word_1_648' title='bbox 1237 4441 1338 4480; x_wconf 91' lang='lat' dir='ltr'><strong>non</strong></span> <span class='ocrx_word' id='word_1_649' title='bbox 1368 4428 1732 4494; x_wconf 88' lang='lat' dir='ltr'><strong>concupisces,</strong></span> <span class='ocrx_word' id='word_1_650' title='bbox 1770 4447 1790 4480; x_wconf 72' lang='grc' dir='ltr'><strong>ι</strong></span> <span class='ocrx_word' id='word_1_651' title='bbox 1818 4446 1930 4485; x_wconf 79' lang='lat' dir='ltr'><strong>mo-</strong></span> 
     </span>
    </p>
   </div>
   <div class='ocr_carea' id='block_1_79' title="bbox 466 4512 907 4580">
    <p class='ocr_par' dir='ltr' id='par_1_79' title="bbox 466 4512 907 4580">
     <span class='ocr_line' id='line_1_79' title="bbox 466 4512 907 4580; baseline 0.009 -15"><span class='ocrx_word' id='word_1_652' title='bbox 466 4513 514 4545; x_wconf 79' lang='grc'><strong>⁸⁰</strong></span> <span class='ocrx_word' id='word_1_653' title='bbox 541 4512 677 4568; x_wconf 89' lang='lat' dir='ltr'><strong>Gen.</strong></span> <span class='ocrx_word' id='word_1_654' title='bbox 715 4529 796 4580; x_wconf 85' lang='lat' dir='ltr'><strong>nt,</strong></span> <span class='ocrx_word' id='word_1_655' title='bbox 821 4515 907 4569; x_wconf 77' lang='grc'><strong>15.</strong></span> 
     </span>
    </p>
   </div>
   <div class='ocr_carea' id='block_1_80' title="bbox 471 4609 1929 4684">
    <p class='ocr_par' dir='ltr' id='par_1_80' title="bbox 471 4609 1929 4684">
     <span class='ocr_line' id='line_1_80' title="bbox 471 4609 1929 4684; baseline 0.006 -21"><span class='ocrx_word' id='word_1_656' title='bbox 471 4609 550 4681; x_wconf 81' lang='grc'><strong>(5)</strong></span> <span class='ocrx_word' id='word_1_657' title='bbox 592 4609 681 4662; x_wconf 90' lang='lat' dir='ltr'><strong>Sic</strong></span> <span class='ocrx_word' id='word_1_658' title='bbox 723 4625 856 4684; x_wconf 70' lang='lat' dir='ltr'><strong>mss.</strong></span> <span class='ocrx_word' id='word_1_659' title='bbox 900 4611 1129 4684; x_wconf 83' lang='lat' dir='ltr'><strong>codices.</strong></span> <span class='ocrx_word' id='word_1_660' title='bbox 1168 4612 1304 4667; x_wconf 87' lang='lat' dir='ltr'><strong>Editi</strong></span> <span class='ocrx_word' id='word_1_661' title='bbox 1332 4629 1491 4684; x_wconf 80' lang='lat' dir='ltr'><strong>v_ero,</strong></span> <span class='ocrx_word' id='word_1_662' title='bbox 1525 4635 1543 4666; x_wconf 77' lang='grc' dir='ltr'>ι</span> <span class='ocrx_word' id='word_1_663' title='bbox 1577 4618 1838 4684; x_wconf 82' lang='lat' dir='ltr'><strong>quomodo</strong></span> <span class='ocrx_word' id='word_1_664' title='bbox 1865 4620 1929 4672; x_wconf 92' lang='lat' dir='ltr'><strong>de</strong></span> 
     </span>
    </p>
   </div>
   <div class='ocr_carea' id='block_1_81' title="bbox 401 4679 1929 4751">
    <p class='ocr_par' dir='ltr' id='par_1_81' title="bbox 401 4679 1929 4751">
     <span class='ocr_line' id='line_1_81' title="bbox 401 4679 1929 4751; baseline 0.003 -18"><span class='ocrx_word' id='word_1_665' title='bbox 401 4679 504 4751; x_wconf 85' lang='lat' dir='ltr'><strong>hoc</strong></span> <span class='ocrx_word' id='word_1_666' title='bbox 533 4679 797 4751; x_wconf 75' lang='lat' dir='ltr'><strong>sermone</strong></span> <span class='ocrx_word' id='word_1_667' title='bbox 830 4680 1112 4751; x_wconf 66' lang='lat' dir='ltr'><strong>Apostolus</strong></span> <span class='ocrx_word' id='word_1_668' title='bbox 1154 4683 1228 4733; x_wconf 86' lang='lat' dir='ltr'><strong>ait</strong></span> <span class='ocrx_word' id='word_1_669' title='bbox 1279 4700 1291 4735; x_wconf 92' lang='lat'><strong>:</strong></span> <span class='ocrx_word' id='word_1_670' title='bbox 1340 4681 1448 4751; x_wconf 90' lang='lat' dir='ltr'><strong>Ego</strong></span> <span class='ocrx_word' id='word_1_671' title='bbox 1487 4679 1657 4736; x_wconf 80' lang='lat' dir='ltr'><strong>autém</strong></span> <span class='ocrx_word' id='word_1_672' title='bbox 1697 4688 1929 4738; x_wconf 81' lang='lat' dir='ltr'><strong>vivebam</strong></span> 
     </span>
    </p>
   </div>
   <div class='ocr_carea' id='block_1_82' title="bbox 396 4747 1929 4821">
    <p class='ocr_par' dir='ltr' id='par_1_82' title="bbox 396 4747 1929 4821">
     <span class='ocr_line' id='line_1_82' title="bbox 396 4747 1929 4821; baseline 0.007 -23"><span class='ocrx_word' id='word_1_673' title='bbox 396 4749 506 4821; x_wconf 63' lang='lat' dir='ltr'><strong>sine</strong></span> <span class='ocrx_word' id='word_1_674' title='bbox 551 4747 659 4821; x_wconf 62' lang='lat' dir='ltr'><strong>lege</strong></span> <span class='ocrx_word' id='word_1_675' title='bbox 715 4748 1016 4821; x_wconf 72' lang='lat' dir='ltr'><strong>aliquando.</strong></span> <span class='ocrx_word' id='word_1_676' title='bbox 1077 4747 1415 4821; x_wconf 70' lang='lat' dir='ltr'><strong>Respondent</strong></span> <span class='ocrx_word' id='word_1_677' title='bbox 1463 4753 1929 4821; x_wconf 75' lang='lat' dir='ltr'><strong>l’ythagorizantes</strong></span> 
     </span>
    </p>
   </div>
   <div class='ocr_carea' id='block_1_83' title="bbox 399 4816 1929 4890">
    <p class='ocr_par' dir='ltr' id='par_1_83' title="bbox 399 4816 1929 4890">
     <span class='ocr_line' id='line_1_83' title="bbox 399 4816 1929 4890; baseline 0.005 -22"><span class='ocrx_word' id='word_1_678' title='bbox 399 4816 632 4890; x_wconf 67' lang='lat' dir='ltr'><strong>luet-elici</strong></span> <span class='ocrx_word' id='word_1_679' title='bbox 673 4817 771 4890; x_wconf 78' lang='lat' dir='ltr'><strong>qui</strong></span> <span class='ocrx_word' id='word_1_680' title='bbox 793 4818 983 4890; x_wconf 78' lang='lat' dir='ltr'><strong>docent</strong></span> <span class='ocrx_word' id='word_1_681' title='bbox 1027 4821 1234 4890; x_wconf 81' lang='lat' dir='ltr'><strong>animas</strong></span> <span class='ocrx_word' id='word_1_682' title='bbox 1269 4816 1539 4890; x_wconf 81' lang='lat' dir='ltr'><strong>horninum</strong></span> <span class='ocrx_word' id='word_1_683' title='bbox 1569 4816 1715 4888; x_wconf 78' lang='lat' dir='ltr'><strong>prius</strong></span> <span class='ocrx_word' id='word_1_684' title='bbox 1750 4838 1798 4872; x_wconf 83' lang='grc' dir='ltr'><strong>ιιι</strong></span> <span class='ocrx_word' id='word_1_685' title='bbox 1837 4838 1929 4890; x_wconf 87' lang='lat' dir='ltr'><strong>pe-</strong></span> 
     </span>
    </p>
   </div>
   <div class='ocr_carea' id='block_1_84' title="bbox 397 4885 1927 4954">
    <p class='ocr_par' dir='ltr' id='par_1_84' title="bbox 397 4885 1927 4954">
     <span class='ocr_line' id='line_1_84' title="bbox 397 4885 1927 4954; baseline 0.007 -21"><span class='ocrx_word' id='word_1_686' title='bbox 397 4885 621 4954; x_wconf 78' lang='lat' dir='ltr'><strong>cudibus</strong></span> <span class='ocrx_word' id='word_1_687' title='bbox 643 4886 988 4954; x_wconf 28' lang='lat' dir='ltr'><strong>,‘velavibus</strong></span> <span class='ocrx_word' id='word_1_688' title='bbox 1008 4923 1022 4946; x_wconf 92' lang='lat'><strong>,</strong></span> <span class='ocrx_word' id='word_1_689' title='bbox 1058 4897 1145 4938; x_wconf 86' lang='lat' dir='ltr'><strong>aut</strong></span> <span class='ocrx_word' id='word_1_690' title='bbox 1182 4888 1413 4954; x_wconf 86' lang='lat' dir='ltr'><strong>piscibus</strong></span> <span class='ocrx_word' id='word_1_691' title='bbox 1441 4885 1634 4952; x_wconf 78' lang='lat' dir='ltr'><strong>luisse,</strong></span> <span class='ocrx_word' id='word_1_692' title='bbox 1663 4903 1717 4942; x_wconf 93' lang='lat' dir='ltr'><strong>et</strong></span> <span class='ocrx_word' id='word_1_693' title='bbox 1754 4885 1927 4944; x_wconf 53' lang='lat' dir='ltr'><strong>sic&#39;ad</strong></span> 
     </span>
    </p>
   </div>
   <div class='ocr_carea' id='block_1_85' title="bbox 398 4951 1428 5019">
    <p class='ocr_par' dir='ltr' id='par_1_85' title="bbox 398 4951 1428 5019">
     <span class='ocr_line' id='line_1_85' title="bbox 398 4951 1428 5019; baseline 0.004 -15"><span class='ocrx_word' id='word_1_694' title='bbox 398 4951 643 5005; x_wconf 83' lang='lat' dir='ltr'><strong>homines</strong></span> <span class='ocrx_word' id='word_1_695' title='bbox 669 4951 904 5016; x_wconf 88' lang='lat' dir='ltr'><strong>ﬂuxisse,</strong></span> <span class='ocrx_word' id='word_1_696' title='bbox 939 4951 1233 5019; x_wconf 78' lang='lat' dir='ltr'><strong>propterea,</strong></span> <span class='ocrx_word' id='word_1_697' title='bbox 1278 4974 1295 5005; x_wconf 65' lang='grc' dir='ltr'><strong><em>ι</em></strong></span> <span class='ocrx_word' id='word_1_698' title='bbox 1325 4970 1428 5010; x_wconf 91' lang='lat' dir='ltr'><strong>etc.</strong></span> 
     </span>
    </p>
   </div>
   <div class='ocr_carea' id='block_1_86' title="bbox 489 5021 1262 5089">
    <p class='ocr_par' dir='ltr' id='par_1_86' title="bbox 489 5021 1262 5089">
     <span class='ocr_line' id='line_1_86' title="bbox 489 5021 1262 5089; baseline 0.005 -16"><span class='ocrx_word' id='word_1_699' title='bbox 489 5022 543 5088; x_wconf 85' lang='grc'><strong>6)</strong></span> <span class='ocrx_word' id='word_1_700' title='bbox 579 5021 740 5089; x_wconf 69' lang='lat' dir='ltr'><strong>Editi,</strong></span> <span class='ocrx_word' id='word_1_701' title='bbox 771 5039 790 5070; x_wconf 75' lang='grc' dir='ltr'>ι</span> <span class='ocrx_word' id='word_1_702' title='bbox 824 5021 1014 5089; x_wconf 87' lang='lat' dir='ltr'><strong>inquit,</strong></span> <span class='ocrx_word' id='word_1_703' title='bbox 1051 5040 1070 5072; x_wconf 83' lang='grc'>›</span> <span class='ocrx_word' id='word_1_704' title='bbox 1109 5025 1262 5076; x_wconf 85' lang='lat' dir='ltr'><strong>male.</strong></span> 
     </span>
    </p>
   </div>
   <div class='ocr_carea' id='block_1_87' title="bbox 468 5021 1926 5162">
    <p class='ocr_par' dir='ltr' id='par_1_87' title="bbox 468 5021 1926 5162">
     <span class='ocr_line' id='line_1_87' title="bbox 489 5021 1262 5089; baseline 0.005 -16"><span class='ocrx_word' id='word_1_705' title='bbox 489 5022 543 5088; x_wconf 85' lang='grc'><strong>6)</strong></span> <span class='ocrx_word' id='word_1_706' title='bbox 579 5021 740 5082; x_wconf 87' lang='lat' dir='ltr'><strong>Editi,</strong></span> <span class='ocrx_word' id='word_1_707' title='bbox 771 5039 790 5070; x_wconf 75' lang='grc' dir='ltr'>ι</span> <span class='ocrx_word' id='word_1_708' title='bbox 824 5021 1014 5089; x_wconf 87' lang='lat' dir='ltr'><strong>inquit,</strong></span> <span class='ocrx_word' id='word_1_709' title='bbox 1051 5040 1070 5072; x_wconf 83' lang='grc'>›</span> <span class='ocrx_word' id='word_1_710' title='bbox 1109 5025 1262 5076; x_wconf 85' lang='lat' dir='ltr'><strong>male.</strong></span> 
     </span>
     <span class='ocr_line' id='line_1_88' title="bbox 468 5021 1926 5162; baseline 0.004 -21"><span class='ocrx_word' id='word_1_711' title='bbox 468 5021 678 5162; x_wconf 41' lang='grc' dir='ltr'><strong>ἦλθες</strong></span> <span class='ocrx_word' id='word_1_712' title='bbox 699 5100 844 5143; x_wconf 90' lang='lat' dir='ltr'><strong>recte</strong></span> <span class='ocrx_word' id='word_1_713' title='bbox 870 5105 974 5162; x_wconf 68' lang='lat' dir='ltr'><strong>ms.</strong></span> <span class='ocrx_word' id='word_1_714' title='bbox 997 5107 1149 5162; x_wconf 34' lang='lat' dir='ltr'><strong>Aunus</strong></span> <span class='ocrx_word' id='word_1_715' title='bbox 1181 5093 1379 5162; x_wconf 71' lang='lat' dir='ltr'><strong>Regius</strong></span> <span class='ocrx_word' id='word_1_716' title='bbox 1408 5108 1551 5146; x_wconf 93' lang='lat' dir='ltr'><strong>num.</strong></span> <span class='ocrx_word' id='word_1_717' title='bbox 1585 5093 1740 5147; x_wconf 77' lang='grc'>1659.</span> <span class='ocrx_word' id='word_1_718' title='bbox 1781 5092 1926 5147; x_wconf 87' lang='lat' dir='ltr'><strong>Alter</strong></span> 
     </span>
    </p>
   </div>
   <div class='ocr_carea' id='block_1_88' title="bbox 398 5157 1930 5229">
    <p class='ocr_par' dir='ltr' id='par_1_88' title="bbox 398 5157 1930 5229">
     <span class='ocr_line' id='line_1_89' title="bbox 398 5157 1930 5229; baseline 0.005 -22"><span class='ocrx_word' id='word_1_719' title='bbox 398 5169 527 5229; x_wconf 81' lang='lat' dir='ltr'><strong>vero</strong></span> <span class='ocrx_word' id='word_1_720' title='bbox 551 5157 746 5229; x_wconf 61' lang='lat' dir='ltr'><strong>[tegius</strong></span> <span class='ocrx_word' id='word_1_721' title='bbox 779 5174 926 5229; x_wconf 89' lang='lat' dir='ltr'><strong>num.</strong></span> <span class='ocrx_word' id='word_1_722' title='bbox 956 5158 1110 5222; x_wconf 72' lang='grc'><strong>1641,</strong></span> <span class='ocrx_word' id='word_1_723' title='bbox 1146 5179 1166 5210; x_wconf 72' lang='grc' dir='ltr'><strong><em>ι</em></strong></span> <span class='ocrx_word' id='word_1_724' title='bbox 1195 5171 1244 5214; x_wconf 90' lang='lat' dir='ltr'><strong>et</strong></span> <span class='ocrx_word' id='word_1_725' title='bbox 1265 5157 1490 5215; x_wconf 69' lang='lat' dir='ltr'><strong>necesse</strong></span> <span class='ocrx_word' id='word_1_726' title='bbox 1514 5163 1639 5214; x_wconf 92' lang='lat' dir='ltr'><strong>illud</strong></span> <span class='ocrx_word' id='word_1_727' title='bbox 1664 5163 1805 5229; x_wconf 91' lang='lat' dir='ltr'><strong>quod</strong></span> <span class='ocrx_word' id='word_1_728' title='bbox 1841 5177 1930 5214; x_wconf 91' lang='lat' dir='ltr'><strong>ca-</strong></span> 
     </span>
    </p>
   </div>
   <div class='ocr_carea' id='block_1_89' title="bbox 399 5225 1932 5295">
    <p class='ocr_par' dir='ltr' id='par_1_89' title="bbox 399 5225 1932 5295">
     <span class='ocr_line' id='line_1_90' title="bbox 399 5225 1932 5295; baseline 0.008 -25"><span class='ocrx_word' id='word_1_729' title='bbox 399 5225 512 5276; x_wconf 84' lang='lat' dir='ltr'><strong>veri</strong></span> <span class='ocrx_word' id='word_1_730' title='bbox 545 5226 695 5286; x_wconf 91' lang='lat' dir='ltr'><strong>dicit,</strong></span> <span class='ocrx_word' id='word_1_731' title='bbox 731 5233 787 5278; x_wconf 90' lang='lat' dir='ltr'><strong>ut</strong></span> <span class='ocrx_word' id='word_1_732' title='bbox 818 5228 1026 5291; x_wconf 88' lang='lat' dir='ltr'><strong>doceat,</strong></span> <span class='ocrx_word' id='word_1_733' title='bbox 1067 5247 1084 5280; x_wconf 72' lang='grc' dir='ltr'>ι</span> <span class='ocrx_word' id='word_1_734' title='bbox 1119 5240 1225 5282; x_wconf 88' lang='lat' dir='ltr'><strong>etc.</strong></span> <span class='ocrx_word' id='word_1_735' title='bbox 1265 5229 1400 5282; x_wconf 87' lang='lat' dir='ltr'><strong>Editi</strong></span> <span class='ocrx_word' id='word_1_736' title='bbox 1428 5240 1480 5283; x_wconf 91' lang='lat' dir='ltr'><strong>et</strong></span> <span class='ocrx_word' id='word_1_737' title='bbox 1513 5225 1780 5295; x_wconf 77' lang='lat' dir='ltr'><strong>Rabauus,</strong></span> <span class='ocrx_word' id='word_1_738' title='bbox 1823 5248 1842 5278; x_wconf 85' lang='grc'><strong>«</strong></span> <span class='ocrx_word' id='word_1_739' title='bbox 1877 5241 1932 5282; x_wconf 90' lang='lat' dir='ltr'><strong>et</strong></span> 
     </span>
    </p>
   </div>
   <div class='ocr_carea' id='block_1_90' title="bbox 401 5295 1932 5367">
    <p class='ocr_par' dir='ltr' id='par_1_90' title="bbox 401 5295 1932 5367">
     <span class='ocr_line' id='line_1_91' title="bbox 401 5295 1932 5367; baseline 0.007 -27"><span class='ocrx_word' id='word_1_740' title='bbox 401 5304 615 5367; x_wconf 71' lang='lat' dir='ltr'><strong>necesse</strong></span> <span class='ocrx_word' id='word_1_741' title='bbox 657 5301 743 5367; x_wconf 73' lang='lat' dir='ltr'><strong>est</strong></span> <span class='ocrx_word' id='word_1_742' title='bbox 779 5295 904 5367; x_wconf 78' lang='lat' dir='ltr'><strong>illud</strong></span> <span class='ocrx_word' id='word_1_743' title='bbox 955 5307 1012 5349; x_wconf 90' lang='lat' dir='ltr'><strong>ut</strong></span> <span class='ocrx_word' id='word_1_744' title='bbox 1055 5301 1228 5350; x_wconf 84' lang='lat' dir='ltr'><strong>caveri</strong></span> <span class='ocrx_word' id='word_1_745' title='bbox 1268 5300 1410 5351; x_wconf 84' lang='lat' dir='ltr'><strong>dicat</strong></span> <span class='ocrx_word' id='word_1_746' title='bbox 1458 5298 1769 5367; x_wconf 80' lang='lat' dir='ltr'><strong>(Rabanus,</strong></span> <span class='ocrx_word' id='word_1_747' title='bbox 1818 5316 1835 5347; x_wconf 72' lang='grc' dir='ltr'><strong>ε</strong></span> <span class='ocrx_word' id='word_1_748' title='bbox 1877 5308 1932 5350; x_wconf 84' lang='grc' dir='ltr'><strong>ιιι</strong></span> 
     </span>
    </p>
   </div>
   <div class='ocr_carea' id='block_1_91' title="bbox 400 5360 1506 5436">
    <p class='ocr_par' dir='ltr' id='par_1_91' title="bbox 400 5360 1506 5436">
     <span class='ocr_line' id='line_1_92' title="bbox 400 5360 1506 5436; baseline 0.012 -30"><span class='ocrx_word' id='word_1_749' title='bbox 400 5360 540 5436; x_wconf 64' lang='lat' dir='ltr'><strong>quod</strong></span> <span class='ocrx_word' id='word_1_750' title='bbox 570 5362 745 5436; x_wconf 69' lang='lat' dir='ltr'><strong>caveri</strong></span> <span class='ocrx_word' id='word_1_751' title='bbox 776 5364 902 5436; x_wconf 80' lang='lat' dir='ltr'><strong>dicit</strong></span> <span class='ocrx_word' id='word_1_752' title='bbox 950 5369 994 5436; x_wconf 73' lang='grc' dir='ltr'>ι)</span> <span class='ocrx_word' id='word_1_753' title='bbox 1029 5381 1079 5420; x_wconf 87' lang='lat' dir='ltr'><strong>et</strong></span> <span class='ocrx_word' id='word_1_754' title='bbox 1104 5369 1309 5429; x_wconf 89' lang='lat' dir='ltr'><strong>doceat,</strong></span> <span class='ocrx_word' id='word_1_755' title='bbox 1350 5385 1366 5416; x_wconf 72' lang='grc' dir='ltr'><strong>ι</strong></span> <span class='ocrx_word' id='word_1_756' title='bbox 1402 5360 1506 5419; x_wconf 79' lang='lat' dir='ltr'><strong>etc.</strong></span> 
     </span>
    </p>
   </div>
   <div class='ocr_carea' id='block_1_92' title="bbox 405 5425 1931 5548">
    <p class='ocr_par' dir='ltr' id='par_1_92' title="bbox 405 5425 1931 5548">
     <span class='ocr_line' id='line_1_93' title="bbox 405 5425 1931 5548; baseline 0.003 -67"><span class='ocrx_word' id='word_1_757' title='bbox 405 5425 746 5548; x_wconf 28' lang='lat' dir='ltr'><strong>“fliﬁiiixﬁias,</strong></span> <span class='ocrx_word' id='word_1_758' title='bbox 787 5433 917 5486; x_wconf 65' lang='lat' dir='ltr'><strong>«Aut</strong></span> <span class='ocrx_word' id='word_1_759' title='bbox 941 5425 1084 5489; x_wconf 81' lang='lat' dir='ltr'><strong>certe</strong></span> <span class='ocrx_word' id='word_1_760' title='bbox 1109 5425 1370 5505; x_wconf 51' lang='lat' dir='ltr'><strong>quia(a&#39;t.,</strong></span> <span class='ocrx_word' id='word_1_761' title='bbox 1404 5453 1421 5485; x_wconf 75' lang='grc' dir='ltr'>ι</span> <span class='ocrx_word' id='word_1_762' title='bbox 1443 5437 1581 5504; x_wconf 90' lang='lat' dir='ltr'><strong>quod</strong></span> <span class='ocrx_word' id='word_1_763' title='bbox 1616 5435 1663 5503; x_wconf 72' lang='grc' dir='ltr'>ι)</span> <span class='ocrx_word' id='word_1_764' title='bbox 1686 5435 1931 5502; x_wconf 81' lang='lat' dir='ltr'><strong>frequen-</strong></span> 
     </span>
    </p>
   </div>
   <div class='ocr_carea' id='block_1_93' title="bbox 2035 3094 2152 3138">
    <p class='ocr_par' dir='ltr' id='par_1_93' title="bbox 2035 3094 2152 3138">
     <span class='ocr_line' id='line_1_94' title="bbox 2035 3094 2152 3138; baseline 0.026 -3"><span class='ocrx_word' id='word_1_765' title='bbox 2035 3094 2152 3138; x_wconf 72' lang='lat' dir='ltr'><strong>test.</strong></span> 
     </span>
    </p>
   </div>
   <div class='ocr_carea' id='block_1_94' title="bbox 2100 3175 3704 3266">
    <p class='ocr_par' dir='ltr' id='par_1_94' title="bbox 2100 3175 3704 3266">
     <span class='ocr_line' id='line_1_95' title="bbox 2100 3175 3704 3266; baseline 0.014 -36"><span class='ocrx_word' id='word_1_766' title='bbox 2100 3177 2153 3230; x_wconf 88' lang='lat'><strong>9.</strong></span> <span class='ocrx_word' id='word_1_767' title='bbox 2197 3194 2214 3225; x_wconf 76' lang='grc' dir='ltr'><strong><em>ι</em></strong></span> <span class='ocrx_word' id='word_1_768' title='bbox 2239 3175 2453 3233; x_wconf 92' lang='lat' dir='ltr'><strong>Scimus</strong></span> <span class='ocrx_word' id='word_1_769' title='bbox 2477 3183 2624 3234; x_wconf 91' lang='lat' dir='ltr'><strong>enim</strong></span> <span class='ocrx_word' id='word_1_770' title='bbox 2653 3185 2785 3252; x_wconf 87' lang='lat' dir='ltr'><strong>quia</strong></span> <span class='ocrx_word' id='word_1_771' title='bbox 2823 3185 2925 3239; x_wconf 81' lang='lat' dir='ltr'><strong>lex</strong></span> <span class='ocrx_word' id='word_1_772' title='bbox 2960 3189 3286 3258; x_wconf 86' lang='lat' dir='ltr'><strong>spiritalis</strong></span> <span class='ocrx_word' id='word_1_773' title='bbox 3320 3205 3416 3249; x_wconf 90' lang='lat' dir='ltr'><strong>est</strong></span> <span class='ocrx_word' id='word_1_774' title='bbox 3444 3211 3461 3250; x_wconf 91' lang='lat'>:</span> <span class='ocrx_word' id='word_1_775' title='bbox 3496 3213 3596 3266; x_wconf 83' lang='lat' dir='ltr'><strong>ego</strong></span> <span class='ocrx_word' id='word_1_776' title='bbox 3620 3214 3704 3252; x_wconf 82' lang='lat' dir='ltr'><strong>au-</strong></span> 
     </span>
    </p>
   </div>
   <div class='ocr_carea' id='block_1_95' title="bbox 2034 3270 3704 3354">
    <p class='ocr_par' dir='ltr' id='par_1_95' title="bbox 2034 3270 3704 3354">
     <span class='ocr_line' id='line_1_96' title="bbox 2034 3270 3704 3354; baseline 0.015 -35"><span class='ocrx_word' id='word_1_777' title='bbox 2034 3278 2136 3321; x_wconf 91' lang='lat' dir='ltr'><strong>tem</strong></span> <span class='ocrx_word' id='word_1_778' title='bbox 2172 3270 2410 3325; x_wconf 89' lang='lat' dir='ltr'><strong>carnalis</strong></span> <span class='ocrx_word' id='word_1_779' title='bbox 2439 3287 2584 3336; x_wconf 89' lang='lat' dir='ltr'><strong>sum,</strong></span> <span class='ocrx_word' id='word_1_780' title='bbox 2627 3279 3022 3334; x_wconf 85' lang='lat' dir='ltr'><strong>venundatus</strong></span> <span class='ocrx_word' id='word_1_781' title='bbox 3077 3283 3203 3337; x_wconf 89' lang='lat' dir='ltr'><strong>sub</strong></span> <span class='ocrx_word' id='word_1_782' title='bbox 3261 3299 3530 3352; x_wconf 87' lang='lat' dir='ltr'><strong>peccato.</strong></span> <span class='ocrx_word' id='word_1_783' title='bbox 3570 3289 3704 3354; x_wconf 84' lang='lat' dir='ltr'><strong>Quod</strong></span> 
     </span>
    </p>
   </div>
   <div class='ocr_carea' id='block_1_96' title="bbox 2029 3359 3704 3449">
    <p class='ocr_par' dir='ltr' id='par_1_96' title="bbox 2029 3359 3704 3449">
     <span class='ocr_line' id='line_1_97' title="bbox 2029 3359 3704 3449; baseline 0.014 -38"><span class='ocrx_word' id='word_1_784' title='bbox 2029 3359 2166 3411; x_wconf 87' lang='lat' dir='ltr'><strong>enim</strong></span> <span class='ocrx_word' id='word_1_785' title='bbox 2199 3372 2411 3426; x_wconf 89' lang='lat' dir='ltr'><strong>operor,</strong></span> <span class='ocrx_word' id='word_1_786' title='bbox 2431 3361 2624 3429; x_wconf 85' lang='lat' dir='ltr'><strong>ignoro</strong></span> <span class='ocrx_word' id='word_1_787' title='bbox 2645 3379 2790 3418; x_wconf 89' lang='lat' dir='ltr'><strong>:non</strong></span> <span class='ocrx_word' id='word_1_788' title='bbox 2811 3367 2988 3422; x_wconf 88' lang='lat' dir='ltr'><strong>enim</strong></span> <span class='ocrx_word' id='word_1_789' title='bbox 3093 3376 3272 3440; x_wconf 88' lang='lat' dir='ltr'><strong>quod</strong></span> <span class='ocrx_word' id='word_1_790' title='bbox 3307 3376 3442 3431; x_wconf 90' lang='lat' dir='ltr'><strong>volo</strong></span> <span class='ocrx_word' id='word_1_791' title='bbox 3469 3379 3704 3449; x_wconf 76' lang='lat' dir='ltr'><strong>(13),boc</strong></span> 
     </span>
    </p>
   </div>
   <div class='ocr_carea' id='block_1_97' title="bbox 2029 3450 3702 3539">
    <p class='ocr_par' dir='ltr' id='par_1_97' title="bbox 2029 3450 3702 3539">
     <span class='ocr_line' id='line_1_98' title="bbox 2029 3450 3702 3539; baseline 0.016 -40"><span class='ocrx_word' id='word_1_792' title='bbox 2029 3465 2162 3515; x_wconf 81' lang='lat' dir='ltr'><strong>ago;</strong></span> <span class='ocrx_word' id='word_1_793' title='bbox 2199 3450 2290 3501; x_wconf 91' lang='lat' dir='ltr'><strong>sed</strong></span> <span class='ocrx_word' id='word_1_794' title='bbox 2322 3452 2461 3517; x_wconf 87' lang='lat' dir='ltr'><strong>quod</strong></span> <span class='ocrx_word' id='word_1_795' title='bbox 2491 3453 2602 3514; x_wconf 92' lang='lat' dir='ltr'><strong>odi,</strong></span> <span class='ocrx_word' id='word_1_796' title='bbox 2634 3453 2772 3508; x_wconf 93' lang='lat' dir='ltr'><strong>illud</strong></span> <span class='ocrx_word' id='word_1_797' title='bbox 2804 3456 2996 3511; x_wconf 81' lang='lat' dir='ltr'><strong>facio.</strong></span> <span class='ocrx_word' id='word_1_798' title='bbox 3040 3462 3112 3517; x_wconf 90' lang='lat' dir='ltr'><strong>Si</strong></span> <span class='ocrx_word' id='word_1_799' title='bbox 3148 3479 3365 3522; x_wconf 89' lang='lat' dir='ltr'><strong>autem</strong></span> <span class='ocrx_word' id='word_1_800' title='bbox 3401 3474 3549 3539; x_wconf 90' lang='lat' dir='ltr'><strong>quod</strong></span> <span class='ocrx_word' id='word_1_801' title='bbox 3574 3472 3702 3534; x_wconf 87' lang='lat' dir='ltr'><strong>uolo,</strong></span> 
     </span>
    </p>
   </div>
   <div class='ocr_carea' id='block_1_98' title="bbox 2030 3536 3702 3622">
    <p class='ocr_par' dir='ltr' id='par_1_98' title="bbox 2030 3536 3702 3622">
     <span class='ocr_line' id='line_1_99' title="bbox 2030 3536 3702 3622; baseline 0.014 -35"><span class='ocrx_word' id='word_1_802' title='bbox 2030 3536 2158 3590; x_wconf 82' lang='lat' dir='ltr'><strong>illud</strong></span> <span class='ocrx_word' id='word_1_803' title='bbox 2189 3537 2348 3602; x_wconf 79' lang='lat' dir='ltr'><strong>facio,</strong></span> <span class='ocrx_word' id='word_1_804' title='bbox 2385 3543 2667 3595; x_wconf 87' lang='lat' dir='ltr'><strong>consentio</strong></span> <span class='ocrx_word' id='word_1_805' title='bbox 2698 3543 2833 3612; x_wconf 83' lang='lat' dir='ltr'><strong>legi,</strong></span> <span class='ocrx_word' id='word_1_806' title='bbox 2877 3553 3202 3615; x_wconf 89' lang='lat' dir='ltr'><strong>quoniam</strong></span> <span class='ocrx_word' id='word_1_807' title='bbox 3252 3536 3545 3614; x_wconf 32' lang='lat' dir='ltr'><strong>bonavest.</strong></span> <span class='ocrx_word' id='word_1_808' title='bbox 3569 3559 3702 3622; x_wconf 78' lang='lat' dir='ltr'><strong>Nunc</strong></span> 
     </span>
    </p>
   </div>
   <div class='ocr_carea' id='block_1_99' title="bbox 2036 3626 3702 3718">
    <p class='ocr_par' dir='ltr' id='par_1_99' title="bbox 2036 3626 3702 3718">
     <span class='ocr_line' id='line_1_100' title="bbox 2036 3626 3702 3718; baseline 0.013 -39"><span class='ocrx_word' id='word_1_809' title='bbox 2036 3637 2212 3718; x_wconf 86' lang='lat' dir='ltr'><strong>autem</strong></span> <span class='ocrx_word' id='word_1_810' title='bbox 2253 3626 2362 3692; x_wconf 88' lang='lat' dir='ltr'><strong>jam</strong></span> <span class='ocrx_word' id='word_1_811' title='bbox 2393 3643 2497 3681; x_wconf 90' lang='lat' dir='ltr'><strong>non</strong></span> <span class='ocrx_word' id='word_1_812' title='bbox 2538 3645 2638 3698; x_wconf 85' lang='lat' dir='ltr'><strong>ego</strong></span> <span class='ocrx_word' id='word_1_813' title='bbox 2681 3646 2900 3698; x_wconf 91' lang='lat' dir='ltr'><strong>operor</strong></span> <span class='ocrx_word' id='word_1_814' title='bbox 2935 3636 3144 3706; x_wconf 88' lang='lat' dir='ltr'><strong>illud,</strong></span> <span class='ocrx_word' id='word_1_815' title='bbox 3191 3649 3304 3701; x_wconf 89' lang='lat' dir='ltr'><strong>sed</strong></span> <span class='ocrx_word' id='word_1_816' title='bbox 3334 3654 3490 3718; x_wconf 87' lang='lat' dir='ltr'><strong>quod</strong></span> <span class='ocrx_word' id='word_1_817' title='bbox 3516 3649 3702 3704; x_wconf 75' lang='lat' dir='ltr'><strong>habitat</strong></span> 
     </span>
    </p>
   </div>
   <div class='ocr_carea' id='block_1_100' title="bbox 2031 3716 3698 3798">
    <p class='ocr_par' dir='ltr' id='par_1_100' title="bbox 2031 3716 3698 3798">
     <span class='ocr_line' id='line_1_101' title="bbox 2031 3716 3698 3798; baseline 0.014 -30"><span class='ocrx_word' id='word_1_818' title='bbox 2031 3716 2082 3768; x_wconf 92' lang='lat' dir='ltr'><strong>in</strong></span> <span class='ocrx_word' id='word_1_819' title='bbox 2116 3729 2200 3766; x_wconf 89' lang='lat' dir='ltr'><strong>me</strong></span> <span class='ocrx_word' id='word_1_820' title='bbox 2229 3725 2533 3782; x_wconf 88' lang='lat' dir='ltr'><strong>peccatum.</strong></span> <span class='ocrx_word' id='word_1_821' title='bbox 2579 3720 2710 3774; x_wconf 89' lang='lat' dir='ltr'><strong>Scio</strong></span> <span class='ocrx_word' id='word_1_822' title='bbox 2761 3726 2929 3779; x_wconf 88' lang='lat' dir='ltr'><strong>enim</strong></span> <span class='ocrx_word' id='word_1_823' title='bbox 2990 3735 3157 3798; x_wconf 86' lang='lat' dir='ltr'><strong>quia</strong></span> <span class='ocrx_word' id='word_1_824' title='bbox 3219 3716 3373 3792; x_wconf 49' lang='lat' dir='ltr'><strong>non_</strong></span> <span class='ocrx_word' id='word_1_825' title='bbox 3413 3742 3618 3795; x_wconf 87' lang='lat' dir='ltr'><strong>habitat</strong></span> <span class='ocrx_word' id='word_1_826' title='bbox 3656 3742 3698 3792; x_wconf 90' lang='lat' dir='ltr'><strong>in</strong></span> 
     </span>
    </p>
   </div>
   <div class='ocr_carea' id='block_1_101' title="bbox 2030 3803 3700 3883">
    <p class='ocr_par' dir='ltr' id='par_1_101' title="bbox 2030 3803 3700 3883">
     <span class='ocr_line' id='line_1_102' title="bbox 2030 3803 3700 3883; baseline 0.016 -30"><span class='ocrx_word' id='word_1_827' title='bbox 2030 3818 2136 3865; x_wconf 83' lang='lat' dir='ltr'><strong>tne,</strong></span> <span class='ocrx_word' id='word_1_828' title='bbox 2174 3803 2274 3856; x_wconf 87' lang='lat' dir='ltr'><strong>hoc</strong></span> <span class='ocrx_word' id='word_1_829' title='bbox 2299 3812 2383 3857; x_wconf 90' lang='lat' dir='ltr'><strong>est</strong></span> <span class='ocrx_word' id='word_1_830' title='bbox 2411 3805 2464 3858; x_wconf 90' lang='lat' dir='ltr'><strong>in</strong></span> <span class='ocrx_word' id='word_1_831' title='bbox 2495 3819 2665 3862; x_wconf 91' lang='lat' dir='ltr'><strong>carne</strong></span> <span class='ocrx_word' id='word_1_832' title='bbox 2690 3825 2844 3873; x_wconf 83' lang='lat' dir='ltr'><strong>mea,</strong></span> <span class='ocrx_word' id='word_1_833' title='bbox 2874 3813 3159 3874; x_wconf 86' lang='lat' dir='ltr'><strong>bonum.</strong></span> <span class='ocrx_word' id='word_1_834' title='bbox 3237 3825 3412 3881; x_wconf 77' lang='lat' dir='ltr'><strong>Velle</strong></span> <span class='ocrx_word' id='word_1_835' title='bbox 3438 3829 3585 3883; x_wconf 90' lang='lat' dir='ltr'><strong>enim</strong></span> <span class='ocrx_word' id='word_1_836' title='bbox 3617 3828 3700 3880; x_wconf 57' lang='lat' dir='ltr'><strong>ad.</strong></span> 
     </span>
    </p>
   </div>
   <div class='ocr_carea' id='block_1_102' title="bbox 2025 3891 3700 3972">
    <p class='ocr_par' dir='ltr' id='par_1_102' title="bbox 2025 3891 3700 3972">
     <span class='ocr_line' id='line_1_103' title="bbox 2025 3891 3700 3972; baseline 0.009 -27"><span class='ocrx_word' id='word_1_837' title='bbox 2025 3891 2170 3958; x_wconf 81' lang='lat' dir='ltr'><strong>jacet</strong></span> <span class='ocrx_word' id='word_1_838' title='bbox 2201 3894 2331 3946; x_wconf 90' lang='lat' dir='ltr'><strong>mihi</strong></span> <span class='ocrx_word' id='word_1_839' title='bbox 2380 3911 2395 3946; x_wconf 93' lang='lat'><strong>:</strong></span> <span class='ocrx_word' id='word_1_840' title='bbox 2445 3894 2708 3960; x_wconf 82' lang='lat' dir='ltr'><strong>perﬁcere</strong></span> <span class='ocrx_word' id='word_1_841' title='bbox 2753 3910 2958 3956; x_wconf 81' lang='lat' dir='ltr'><strong>autem</strong></span> <span class='ocrx_word' id='word_1_842' title='bbox 3027 3907 3281 3967; x_wconf 83' lang='lat' dir='ltr'><strong>bonum</strong></span> <span class='ocrx_word' id='word_1_843' title='bbox 3318 3931 3436 3972; x_wconf 79' lang='grc' dir='ltr'><strong>ηοη</strong></span> <span class='ocrx_word' id='word_1_844' title='bbox 3481 3917 3700 3971; x_wconf 66' lang='lat' dir='ltr'><strong>invenio,</strong></span> 
     </span>
    </p>
   </div>
   <div class='ocr_carea' id='block_1_103' title="bbox 2029 3982 3702 4076">
    <p class='ocr_par' dir='ltr' id='par_1_103' title="bbox 2029 3982 3702 4076">
     <span class='ocr_line' id='line_1_104' title="bbox 2029 3982 3702 4076; baseline 0.015 -42"><span class='ocrx_word' id='word_1_845' title='bbox 2029 3982 2142 4036; x_wconf 85' lang='lat' dir='ltr'><strong>Non</strong></span> <span class='ocrx_word' id='word_1_846' title='bbox 2173 3985 2315 4036; x_wconf 93' lang='lat' dir='ltr'><strong>enim</strong></span> <span class='ocrx_word' id='word_1_847' title='bbox 2347 3985 2491 4052; x_wconf 91' lang='lat' dir='ltr'><strong>quod</strong></span> <span class='ocrx_word' id='word_1_848' title='bbox 2521 3987 2646 4039; x_wconf 87' lang='lat' dir='ltr'><strong>volo</strong></span> <span class='ocrx_word' id='word_1_849' title='bbox 2679 3987 3171 4066; x_wconf 58' lang='lat' dir='ltr'><strong>facio,bonum;</strong></span> <span class='ocrx_word' id='word_1_850' title='bbox 3225 4006 3341 4060; x_wconf 86' lang='lat' dir='ltr'><strong>sed</strong></span> <span class='ocrx_word' id='word_1_851' title='bbox 3399 4009 3547 4076; x_wconf 87' lang='lat' dir='ltr'><strong>quod</strong></span> <span class='ocrx_word' id='word_1_852' title='bbox 3592 4007 3702 4062; x_wconf 91' lang='lat' dir='ltr'><strong>nolo</strong></span> 
     </span>
    </p>
   </div>
   <div class='ocr_carea' id='block_1_104' title="bbox 2031 4072 3701 4169">
    <p class='ocr_par' dir='ltr' id='par_1_104' title="bbox 2031 4072 3701 4169">
     <span class='ocr_line' id='line_1_105' title="bbox 2031 4072 3701 4169; baseline 0.012 -48"><span class='ocrx_word' id='word_1_853' title='bbox 2031 4072 2248 4169; x_wconf 84' lang='lat' dir='ltr'><strong>malum,</strong></span> <span class='ocrx_word' id='word_1_854' title='bbox 2288 4073 2391 4169; x_wconf 79' lang='lat' dir='ltr'><strong>hoc</strong></span> <span class='ocrx_word' id='word_1_855' title='bbox 2416 4089 2537 4141; x_wconf 86' lang='lat' dir='ltr'><strong>ago.</strong></span> <span class='ocrx_word' id='word_1_856' title='bbox 2583 4076 2644 4130; x_wconf 78' lang='lat' dir='ltr'><strong>Si</strong></span> <span class='ocrx_word' id='word_1_857' title='bbox 2671 4087 3042 4158; x_wconf 65' lang='lat' dir='ltr'><strong>autem&#39;(14)</strong></span> <span class='ocrx_word' id='word_1_858' title='bbox 3079 4097 3256 4160; x_wconf 88' lang='lat' dir='ltr'><strong>quod</strong></span> <span class='ocrx_word' id='word_1_859' title='bbox 3300 4072 3464 4163; x_wconf 78' lang='lat' dir='ltr'><strong>nolo,</strong></span> <span class='ocrx_word' id='word_1_860' title='bbox 3507 4114 3602 4169; x_wconf 85' lang='lat' dir='ltr'><strong>ego</strong></span> <span class='ocrx_word' id='word_1_861' title='bbox 3630 4100 3701 4151; x_wconf 79' lang='lat' dir='ltr'><strong>ia.</strong></span> 
     </span>
    </p>
   </div>
   <div class='ocr_carea' id='block_1_105' title="bbox 2031 4161 3700 4254">
    <p class='ocr_par' dir='ltr' id='par_1_105' title="bbox 2031 4161 3700 4254">
     <span class='ocr_line' id='line_1_106' title="bbox 2031 4161 3700 4254; baseline 0.019 -41"><span class='ocrx_word' id='word_1_862' title='bbox 2031 4161 2138 4224; x_wconf 89' lang='lat' dir='ltr'><strong>cio,</strong></span> <span class='ocrx_word' id='word_1_863' title='bbox 2173 4175 2276 4213; x_wconf 89' lang='lat' dir='ltr'><strong>non</strong></span> <span class='ocrx_word' id='word_1_864' title='bbox 2300 4162 2410 4228; x_wconf 91' lang='lat' dir='ltr'><strong>jam</strong></span> <span class='ocrx_word' id='word_1_865' title='bbox 2444 4178 2548 4232; x_wconf 90' lang='lat' dir='ltr'><strong>ego</strong></span> <span class='ocrx_word' id='word_1_866' title='bbox 2579 4179 2791 4232; x_wconf 91' lang='lat' dir='ltr'><strong>operor</strong></span> <span class='ocrx_word' id='word_1_867' title='bbox 2819 4171 2994 4238; x_wconf 87' lang='lat' dir='ltr'><strong>illud,</strong></span> <span class='ocrx_word' id='word_1_868' title='bbox 3053 4182 3169 4235; x_wconf 89' lang='lat' dir='ltr'><strong>sed</strong></span> <span class='ocrx_word' id='word_1_869' title='bbox 3203 4188 3377 4254; x_wconf 89' lang='lat' dir='ltr'><strong>quod</strong></span> <span class='ocrx_word' id='word_1_870' title='bbox 3426 4161 3633 4242; x_wconf 71' lang='lat' dir='ltr'><strong>habitat</strong></span> <span class='ocrx_word' id='word_1_871' title='bbox 3656 4189 3700 4241; x_wconf 88' lang='lat' dir='ltr'><strong>in</strong></span> 
     </span>
    </p>
   </div>
   <div class='ocr_carea' id='block_1_106' title="bbox 2036 4255 3700 4342">
    <p class='ocr_par' dir='ltr' id='par_1_106' title="bbox 2036 4255 3700 4342">
     <span class='ocr_line' id='line_1_107' title="bbox 2036 4255 3700 4342; baseline 0.016 -40"><span class='ocrx_word' id='word_1_872' title='bbox 2036 4266 2122 4304; x_wconf 89' lang='lat' dir='ltr'><strong>me</strong></span> <span class='ocrx_word' id='word_1_873' title='bbox 2154 4263 2451 4318; x_wconf 91' lang='lat' dir='ltr'><strong>peccatum.</strong></span> <span class='ocrx_word' id='word_1_874' title='bbox 2493 4255 2728 4310; x_wconf 90' lang='lat' dir='ltr'><strong>Invenio</strong></span> <span class='ocrx_word' id='word_1_875' title='bbox 2775 4260 2966 4328; x_wconf 87' lang='lat' dir='ltr'><strong>igitur</strong></span> <span class='ocrx_word' id='word_1_876' title='bbox 3007 4266 3216 4339; x_wconf 84' lang='lat' dir='ltr'><strong>legem</strong></span> <span class='ocrx_word' id='word_1_877' title='bbox 3249 4317 3269 4342; x_wconf 86' lang='lat'><strong>,</strong></span> <span class='ocrx_word' id='word_1_878' title='bbox 3320 4278 3538 4332; x_wconf 78' lang='lat' dir='ltr'><strong>volenti</strong></span> <span class='ocrx_word' id='word_1_879' title='bbox 3585 4278 3700 4331; x_wconf 84' lang='lat' dir='ltr'><strong>mihi</strong></span> 
     </span>
    </p>
   </div>
   <div class='ocr_carea' id='block_1_107' title="bbox 2032 4341 3710 4438">
    <p class='ocr_par' dir='ltr' id='par_1_107' title="bbox 2032 4341 3710 4438">
     <span class='ocr_line' id='line_1_108' title="bbox 2032 4341 3710 4438; baseline 0.02 -45"><span class='ocrx_word' id='word_1_880' title='bbox 2032 4341 2209 4393; x_wconf 82' lang='lat' dir='ltr'><strong>facere</strong></span> <span class='ocrx_word' id='word_1_881' title='bbox 2239 4341 2437 4396; x_wconf 87' lang='lat' dir='ltr'><strong>bonum</strong></span> <span class='ocrx_word' id='word_1_882' title='bbox 2462 4382 2478 4407; x_wconf 90' lang='lat'><strong>,</strong></span> <span class='ocrx_word' id='word_1_883' title='bbox 2512 4347 2781 4412; x_wconf 90' lang='lat' dir='ltr'><strong>quoniam</strong></span> <span class='ocrx_word' id='word_1_884' title='bbox 2815 4353 2964 4408; x_wconf 87' lang='lat' dir='ltr'><strong>mihi</strong></span> <span class='ocrx_word' id='word_1_885' title='bbox 3004 4341 3260 4418; x_wconf 13' lang='lat' dir='ltr'><strong>malum,</strong></span> <span class='ocrx_word' id='word_1_886' title='bbox 3285 4369 3542 4438; x_wconf 70' lang='lat' dir='ltr'><strong>adiacet.</strong></span> <span class='ocrx_word' id='word_1_887' title='bbox 3580 4369 3710 4424; x_wconf 79' lang='lat' dir='ltr'><strong>Con-</strong></span> 
     </span>
    </p>
   </div>
   <div class='ocr_carea' id='block_1_108' title="bbox 2037 4429 3704 4516">
    <p class='ocr_par' dir='ltr' id='par_1_108' title="bbox 2037 4429 3704 4516">
     <span class='ocr_line' id='line_1_109' title="bbox 2037 4429 3704 4516; baseline 0.018 -35"><span class='ocrx_word' id='word_1_888' title='bbox 2037 4429 2272 4484; x_wconf 86' lang='lat' dir='ltr'><strong>delector</strong></span> <span class='ocrx_word' id='word_1_889' title='bbox 2299 4432 2442 4484; x_wconf 90' lang='lat' dir='ltr'><strong>enim</strong></span> <span class='ocrx_word' id='word_1_890' title='bbox 2477 4433 2580 4503; x_wconf 83' lang='lat' dir='ltr'><strong>legi</strong></span> <span class='ocrx_word' id='word_1_891' title='bbox 2623 4435 2726 4492; x_wconf 87' lang='lat' dir='ltr'><strong>Dei</strong></span> <span class='ocrx_word' id='word_1_892' title='bbox 2760 4453 3104 4506; x_wconf 89' lang='lat' dir='ltr'><strong>secundum</strong></span> <span class='ocrx_word' id='word_1_893' title='bbox 3148 4429 3515 4516; x_wconf 72' lang='lat' dir='ltr'><strong>interiorem</strong></span> <span class='ocrx_word' id='word_1_894' title='bbox 3549 4460 3704 4514; x_wconf 84' lang='lat' dir='ltr'><strong>homi-</strong></span> 
     </span>
    </p>
   </div>
   <div class='ocr_carea' id='block_1_109' title="bbox 2099 4615 3705 4704">
    <p class='ocr_par' dir='ltr' id='par_1_109' title="bbox 2099 4615 3705 4704">
     <span class='ocr_line' id='line_1_110' title="bbox 2099 4615 3705 4704; baseline 0.012 -30"><span class='ocrx_word' id='word_1_895' title='bbox 2099 4615 2578 4704; x_wconf 24' lang='lat' dir='ltr'><strong>(QiLQui&#39;szDeest</strong></span> <span class='ocrx_word' id='word_1_896' title='bbox 2739 4625 2940 4685; x_wconf 88' lang='lat' dir='ltr'><strong>editis.</strong></span> <span class='ocrx_word' id='word_1_897' title='bbox 3007 4633 3184 4692; x_wconf 88' lang='lat' dir='ltr'><strong>Alias</strong></span> <span class='ocrx_word' id='word_1_898' title='bbox 3208 4679 3230 4704; x_wconf 88' lang='lat'><strong>,</strong></span> <span class='ocrx_word' id='word_1_899' title='bbox 3302 4661 3327 4694; x_wconf 70' lang='grc' dir='ltr'>ι</span> <span class='ocrx_word' id='word_1_900' title='bbox 3365 4642 3482 4699; x_wconf 83' lang='lat' dir='ltr'><strong>Sed</strong></span> <span class='ocrx_word' id='word_1_901' title='bbox 3515 4661 3584 4702; x_wconf 70' lang='lat' dir='ltr'><strong>ne</strong></span> <span class='ocrx_word' id='word_1_902' title='bbox 3613 4650 3705 4704; x_wconf 61' lang='lat' dir='ltr'><strong>hoc</strong></span> 
     </span>
    </p>
   </div>
   <div class='ocr_carea' id='block_1_110' title="bbox 2026 4685 3114 4762">
    <p class='ocr_par' dir='ltr' id='par_1_110' title="bbox 2026 4685 3114 4762">
     <span class='ocr_line' id='line_1_111' title="bbox 2026 4685 3114 4762; baseline 0.034 -40"><span class='ocrx_word' id='word_1_903' title='bbox 2026 4686 2283 4762; x_wconf 43' lang='lat' dir='ltr'><strong>&quot;laudato</strong></span> <span class='ocrx_word' id='word_1_904' title='bbox 2304 4685 2438 4751; x_wconf 78' lang='lat' dir='ltr'><strong>legis</strong></span> <span class='ocrx_word' id='word_1_905' title='bbox 2469 4689 2884 4762; x_wconf 66' lang='lat' dir='ltr'><strong>ascriberctur,</strong></span> <span class='ocrx_word' id='word_1_906' title='bbox 2936 4719 2956 4751; x_wconf 72' lang='grc' dir='ltr'><strong><em>ι</em></strong></span> <span class='ocrx_word' id='word_1_907' title='bbox 2991 4685 3114 4758; x_wconf 70' lang='lat' dir='ltr'><strong>etc.</strong></span> 
     </span>
    </p>
   </div>
   <div class='ocr_carea' id='block_1_111' title="bbox 2096 4752 3535 4839">
    <p class='ocr_par' dir='ltr' id='par_1_111' title="bbox 2096 4752 3535 4839">
     <span class='ocr_line' id='line_1_112' title="bbox 2096 4752 3535 4839; baseline 0.03 -43"><span class='ocrx_word' id='word_1_908' title='bbox 2250 4755 2556 4839; x_wconf 39' lang='grc' dir='ltr'><strong>ᾼρεςεαίρ.</strong></span> <span class='ocrx_word' id='word_1_909' title='bbox 2597 4752 3302 4839; x_wconf 42' lang='lat' dir='ltr'><strong>Desideratttr‘in‘antea</strong></span> <span class='ocrx_word' id='word_1_910' title='bbox 3338 4785 3535 4839; x_wconf 89' lang='lat' dir='ltr'><strong>editis.</strong></span> 
     </span>
    </p>
   </div>
   <div class='ocr_carea' id='block_1_112' title="bbox 2097 4822 3698 4913">
    <p class='ocr_par' dir='ltr' id='par_1_112' title="bbox 2097 4822 3698 4913">
     <span class='ocr_line' id='line_1_113' title="bbox 2097 4822 3698 4913; baseline 0.022 -41"><span class='ocrx_word' id='word_1_911' title='bbox 2097 4823 2142 4913; x_wconf 57' lang='lat' dir='ltr'><strong>il</strong></span> <span class='ocrx_word' id='word_1_912' title='bbox 2245 4823 2436 4913; x_wconf 35' lang='lat' dir='ltr'><strong>ﬁlias,“</strong></span> <span class='ocrx_word' id='word_1_913' title='bbox 2448 4824 2595 4913; x_wconf 53' lang='lat' dir='ltr'><strong>ilNlon</strong></span> <span class='ocrx_word' id='word_1_914' title='bbox 2627 4835 2786 4913; x_wconf 63' lang='lat' dir='ltr'><strong>quod</strong></span> <span class='ocrx_word' id='word_1_915' title='bbox 2813 4822 3323 4913; x_wconf 53' lang='grc' dir='ltr'><strong>ιξιιιιιίιιίῖθξῖένέι</strong></span> <span class='ocrx_word' id='word_1_916' title='bbox 3339 4822 3698 4909; x_wconf 34' lang='lat' dir='ltr'><strong>“uitiatum:</strong></span> 
     </span>
    </p>
   </div>
   <div class='ocr_carea' id='block_1_113' title="bbox 2027 4890 3700 4992">
    <p class='ocr_par' dir='ltr' id='par_1_113' title="bbox 2027 4890 3700 4992">
     <span class='ocr_line' id='line_1_114' title="bbox 2027 4890 3700 4992; baseline 0.006 0"><span class='ocrx_word' id='word_1_917' title='bbox 2027 4890 2129 4992; x_wconf 67' lang='lat'><strong>533:.</strong></span> <span class='ocrx_word' id='word_1_918' title='bbox 2163 4890 2725 4992; x_wconf 55' lang='lat'><strong>:.§333.‘3&#39;:22.£’°:1‘£‘31</strong></span> <span class='ocrx_word' id='word_1_919' title='bbox 2740 4903 2899 4992; x_wconf 53' lang='lat' dir='ltr'><strong>[ﬁgis</strong></span> <span class='ocrx_word' id='word_1_920' title='bbox 2920 4890 3700 4992; x_wconf 54' lang='grc' dir='ltr'><strong>ιι)ἒίιῐῖυῖιῖιῧῗι’λῖἷῖ“ῗὸιῖῖἶιῖ</strong></span> 
     </span>
    </p>
   </div>
   <div class='ocr_carea' id='block_1_114' title="bbox 2025 4959 3702 5062">
    <p class='ocr_par' dir='ltr' id='par_1_114' title="bbox 2025 4959 3702 5062">
     <span class='ocr_line' id='line_1_115' title="bbox 2025 4959 3702 5062; baseline 0.003 0"><span class='ocrx_word' id='word_1_921' title='bbox 2025 4973 2136 5062; x_wconf 63' lang='lat'><strong>:12:</strong></span> <span class='ocrx_word' id='word_1_922' title='bbox 2163 4959 2367 5062; x_wconf 55' lang='lat' dir='ltr'><strong>b21221</strong></span> <span class='ocrx_word' id='word_1_923' title='bbox 2394 4959 2906 5062; x_wconf 59' lang='grc' dir='ltr'><strong>¹εῖξίῑξιηπξξευξάῐιςί</strong></span> <span class='ocrx_word' id='word_1_924' title='bbox 2922 4959 2971 5046; x_wconf 58' lang='lat' dir='ltr'><strong>si</strong></span> <span class='ocrx_word' id='word_1_925' title='bbox 2986 4959 3351 5062; x_wconf 55' lang='lat' dir='ltr'><strong>“i&#39;é&#39;iiiééii‘;</strong></span> <span class='ocrx_word' id='word_1_926' title='bbox 3375 4959 3496 5047; x_wconf 68' lang='lat' dir='ltr'><strong>‘s‘é‘d</strong></span> <span class='ocrx_word' id='word_1_927' title='bbox 3517 4959 3702 5062; x_wconf 58' lang='lat'><strong>.3322:</strong></span> 
     </span>
    </p>
   </div>
   <div class='ocr_carea' id='block_1_115' title="bbox 2027 5036 3693 5128">
    <p class='ocr_par' dir='ltr' id='par_1_115' title="bbox 2027 5036 3693 5128">
     <span class='ocr_line' id='line_1_116' title="bbox 2027 5036 3693 5128; baseline 0.015 0"><span class='ocrx_word' id='word_1_928' title='bbox 2027 5036 2394 5128; x_wconf 65' lang='lat' dir='ltr'><strong>ii&#39;&quot;&quot;..‘.&#39;.&quot;!.‘f.‘!:</strong></span> <span class='ocrx_word' id='word_1_929' title='bbox 2420 5040 2785 5128; x_wconf 43' lang='lat'><strong>3:39.399.</strong></span> <span class='ocrx_word' id='word_1_930' title='bbox 2805 5036 3079 5128; x_wconf 55' lang='lat' dir='ltr'><strong>minium</strong></span> <span class='ocrx_word' id='word_1_931' title='bbox 3114 5036 3216 5120; x_wconf 68' lang='grc' dir='ltr'><strong>είίέ</strong></span> <span class='ocrx_word' id='word_1_932' title='bbox 3239 5036 3693 5128; x_wconf 67' lang='grc' dir='ltr'><strong>“ὶ›ῖετ”ὗ“ὀιτιῖὲιῖ“ι</strong></span> 
     </span>
    </p>
   </div>
   <div class='ocr_carea' id='block_1_116' title="bbox 2023 5095 3698 5202">
    <p class='ocr_par' dir='ltr' id='par_1_116' title="bbox 2023 5095 3698 5202">
     <span class='ocr_line' id='line_1_117' title="bbox 2059 5095 3693 5144; baseline 0.006 -34"><span class='ocrx_word' id='word_1_933' title='bbox 2059 5095 2071 5144; x_wconf 79' lang='grc' dir='ltr'><strong>Ι</strong></span> <span class='ocrx_word' id='word_1_934' title='bbox 2270 5095 2283 5096; x_wconf 45' lang='grc' dir='ltr'>ί</span> <span class='ocrx_word' id='word_1_935' title='bbox 2348 5099 2358 5109; x_wconf 84' lang='grc'><strong>.</strong></span> <span class='ocrx_word' id='word_1_936' title='bbox 2420 5099 2430 5110; x_wconf 77' lang='lat'><strong>.</strong></span> <span class='ocrx_word' id='word_1_937' title='bbox 2481 5102 2491 5112; x_wconf 87' lang='lat'><strong>.</strong></span> <span class='ocrx_word' id='word_1_938' title='bbox 2632 5095 2647 5105; x_wconf 95' lang='lat'><strong>-</strong></span> <span class='ocrx_word' id='word_1_939' title='bbox 2745 5112 2757 5122; x_wconf 70' lang='grc'><em>,</em></span> <span class='ocrx_word' id='word_1_940' title='bbox 2809 5095 3079 5116; x_wconf 54' lang='grc' dir='ltr'><strong>““·““ι“·“····</strong></span> <span class='ocrx_word' id='word_1_941' title='bbox 3115 5095 3216 5120; x_wconf 72' lang='grc' dir='ltr'><strong>ιιι-νς</strong></span> <span class='ocrx_word' id='word_1_942' title='bbox 3279 5095 3378 5128; x_wconf 61' lang='grc' dir='ltr'><strong>γε·</strong></span> <span class='ocrx_word' id='word_1_943' title='bbox 3421 5095 3693 5128; x_wconf 56' lang='lat' dir='ltr'><strong>&quot;unum&quot;!</strong></span> 
     </span>
     <span class='ocr_line' id='line_1_118' title="bbox 2023 5105 3698 5202; baseline 0 0"><span class='ocrx_word' id='word_1_944' title='bbox 2023 5105 2942 5202; x_wconf 42' lang='lat' dir='ltr'><strong>ini}.3311‘?!“.‘.&#39;.&#39;.1fl‘i&#39;i{‘2f_‘_‘vPe&quot;</strong></span> <span class='ocrx_word' id='word_1_945' title='bbox 2971 5122 3212 5202; x_wconf 65' lang='lat' dir='ltr'><strong>b9&#39;wm-</strong></span> <span class='ocrx_word' id='word_1_946' title='bbox 3228 5145 3251 5177; x_wconf 64' lang='grc' dir='ltr'>θ</span> <span class='ocrx_word' id='word_1_947' title='bbox 3292 5132 3390 5185; x_wconf 75' lang='lat' dir='ltr'><strong>AL</strong></span> <span class='ocrx_word' id='word_1_948' title='bbox 3427 5145 3520 5187; x_wconf 74' lang='grc' dir='ltr'><strong>ἰιι</strong></span> <span class='ocrx_word' id='word_1_949' title='bbox 3543 5151 3698 5202; x_wconf 78' lang='lat' dir='ltr'><strong>quam</strong></span> 
     </span>
    </p>
   </div>
   <div class='ocr_carea' id='block_1_117' title="bbox 2022 5163 3698 5281">
    <p class='ocr_par' dir='ltr' id='par_1_117' title="bbox 2022 5163 3698 5281">
     <span class='ocr_line' id='line_1_119' title="bbox 2022 5163 3698 5215; baseline 0.001 -30"><span class='ocrx_word' id='word_1_950' title='bbox 2022 5163 2097 5215; x_wconf 68' lang='lat' dir='ltr'><strong>ini</strong></span> <span class='ocrx_word' id='word_1_951' title='bbox 2290 5163 2298 5164; x_wconf 46' lang='grc' dir='ltr'>ί</span> <span class='ocrx_word' id='word_1_952' title='bbox 2323 5169 2332 5177; x_wconf 76' lang='grc' dir='ltr'>ι</span> <span class='ocrx_word' id='word_1_953' title='bbox 2519 5163 2529 5168; x_wconf 91' lang='grc'>·</span> <span class='ocrx_word' id='word_1_954' title='bbox 2595 5193 2604 5201; x_wconf 34' lang='grc'><strong>1</strong></span> <span class='ocrx_word' id='word_1_955' title='bbox 2724 5163 2817 5176; x_wconf 35' lang='grc' dir='ltr'><strong>θην</strong></span> <span class='ocrx_word' id='word_1_956' title='bbox 2839 5163 2932 5185; x_wconf 72' lang='grc' dir='ltr'><strong>ι”ν“</strong></span> <span class='ocrx_word' id='word_1_957' title='bbox 2973 5163 3251 5178; x_wconf 77' lang='grc' dir='ltr'><strong>υυυυ-υο-</strong></span> <span class='ocrx_word' id='word_1_958' title='bbox 3292 5163 3390 5185; x_wconf 76' lang='lat' dir='ltr'><strong>al.</strong></span> <span class='ocrx_word' id='word_1_959' title='bbox 3427 5163 3520 5187; x_wconf 76' lang='grc' dir='ltr'><strong>ἰιι</strong></span> <span class='ocrx_word' id='word_1_960' title='bbox 3543 5163 3698 5202; x_wconf 71' lang='lat' dir='ltr'><strong>quam</strong></span> 
     </span>
     <span class='ocr_line' id='line_1_120' title="bbox 2103 5177 3698 5274; baseline 0.004 -24"><span class='ocrx_word' id='word_1_961' title='bbox 2103 5179 2266 5230; x_wconf 72' lang='lat' dir='ltr'><strong>quum</strong></span> <span class='ocrx_word' id='word_1_962' title='bbox 2291 5177 2363 5219; x_wconf 66' lang='grc' dir='ltr'><strong>⁵η</strong></span> <span class='ocrx_word' id='word_1_963' title='bbox 2395 5185 2846 5250; x_wconf 62' lang='grc' dir='ltr'><strong>θθεθοδθθτθιιὶν</strong></span> <span class='ocrx_word' id='word_1_964' title='bbox 2875 5204 2984 5257; x_wconf 77' lang='lat' dir='ltr'><strong>per</strong></span> <span class='ocrx_word' id='word_1_965' title='bbox 3015 5196 3256 5263; x_wconf 85' lang='lat' dir='ltr'><strong>bonum,</strong></span> <span class='ocrx_word' id='word_1_966' title='bbox 3283 5219 3304 5250; x_wconf 73' lang='grc' dir='ltr'><strong>ι</strong></span> <span class='ocrx_word' id='word_1_967' title='bbox 3331 5202 3479 5256; x_wconf 86' lang='lat' dir='ltr'><strong>mihi</strong></span> <span class='ocrx_word' id='word_1_968' title='bbox 3509 5220 3698 5274; x_wconf 74' lang='lat' dir='ltr'><strong>opera-</strong></span> 
     </span>
     <span class='ocr_line' id='line_1_121' title="bbox 2025 5239 2600 5281; baseline 0 0"><span class='ocrx_word' id='word_1_969' title='bbox 2025 5239 2134 5281; x_wconf 83' lang='lat' dir='ltr'><strong>lllm</strong></span> <span class='ocrx_word' id='word_1_970' title='bbox 2167 5243 2252 5281; x_wconf 87' lang='lat' dir='ltr'><strong>est</strong></span> <span class='ocrx_word' id='word_1_971' title='bbox 2285 5250 2514 5281; x_wconf 80' lang='lat' dir='ltr'><strong>nman</strong></span> <span class='ocrx_word' id='word_1_972' title='bbox 2580 5262 2600 5281; x_wconf 76' lang='grc' dir='ltr'>ι</span> 
     </span>
    </p>
   </div>
   <div class='ocr_carea' id='block_1_118' title="bbox 2049 5243 2600 5297">
    <p class='ocr_par' dir='ltr' id='par_1_118' title="bbox 2049 5243 2600 5297">
     <span class='ocr_line' id='line_1_122' title="bbox 2049 5243 2600 5297; baseline 0.024 -16"><span class='ocrx_word' id='word_1_973' title='bbox 2049 5247 2134 5282; x_wconf 88' lang='lat' dir='ltr'><strong>um</strong></span> <span class='ocrx_word' id='word_1_974' title='bbox 2167 5243 2252 5286; x_wconf 86' lang='lat' dir='ltr'><strong>est</strong></span> <span class='ocrx_word' id='word_1_975' title='bbox 2285 5250 2541 5297; x_wconf 86' lang='lat' dir='ltr'><strong>mortem.</strong></span> <span class='ocrx_word' id='word_1_976' title='bbox 2580 5262 2600 5294; x_wconf 75' lang='grc' dir='ltr'><strong><em>ι</em></strong></span> 
     </span>
    </p>
   </div>
  </div>
