3894 6238
319 266 464 324 1085

1249 265 1594 322 COMMENT.
1633 263 1700 320 1N
1737 264 1949 321 EPIST.
1976 265 2065 319 AD
2095 264 2259 322 ROM.
2296 265 2422 321 LIB.
2449 262 2537 321 Vl.

3329 260 3468 320 1086

316 398 441 439 nem
490 400 508 438 :
545 381 698 437 video
742 391 918 438 autem
953 385 1108 439 aliam
1139 383 1306 454 legem
1340 385 1391 437 in
1423 385 1673 439 membris
1717 385 1848 439 meis
1876 393 1920 444 Α
1947 383 2096 449 Quod
2127 400 2255 440 vero
2297 385 2458 450 dicit,
2496 401 2516 436 ι
2550 383 2660 453 Ego
2690 391 2865 437 autem
2910 379 3140 437 carnalis
3167 371 3298 437 sum
3319 423 3334 448 ,
3373 397 3468 437 ve-

318 481 706 543 repugnantem
731 473 830 543 legi
858 475 1050 529 mentis
1076 488 1204 527 mere
1221 512 1236 536 ,
1262 484 1315 526 et
1339 474 1601 542 captivum
1631 487 1714 527 me
1749 474 1847 527 du-

323 572 537 618 centem
568 564 618 616 in
652 563 762 632 lege
789 565 1024 632 peccati,
1069 577 1186 632 qua;
1219 571 1301 615 est
1329 563 1383 615 in
1413 563 1662 616 membris
1694 562 1845 616 meis.

317 651 485 706 Miser
505 666 603 720 ego
627 653 807 715 homo,
839 655 958 720 quis
985 669 1066 707 me
1097 654 1341 708 liberabit
1370 654 1434 706 de
1461 666 1682 720 corpore
1707 668 1850 705 mor-

317 743 388 796 tis
421 741 618 809 bujus?
645 741 828 796 Gratia
860 743 950 797 Dei
981 743 1091 811 (15)
1132 757 1227 812 per
1254 741 1430 796 Jesum
1455 741 1722 796 Christum
1747 742 1849 796 Do-

316 831 521 884 minum
565 839 805 884 nostrum
831 832 876 864 ⁸¹
906 873 920 887 .
953 851 972 883 »
1024 833 1079 888 Si
1127 833 1209 888 cui
1258 833 1393 886 forte
1431 831 1518 886 illa
1564 832 1846 901 expositio,

313 933 474 987 quam
520 920 587 973 de
631 919 805 987 legum
851 922 1158 976 diversitate
1200 924 1544 988 tenebamus,
1591 922 1850 976 violenter

313 1019 642 1078 praesumpta
687 1010 1001 1075 videbatur,
1033 1011 1274 1065 advertat
1301 1026 1439 1065 nunc
1479 1013 1531 1064 in
1565 1013 1666 1064 hoc
1707 1012 1850 1079 capi-

313 1099 446 1164 tulo,
477 1099 748 1166 quomodo
777 1099 890 1168 (16)
918 1115 1018 1152 non
1051 1100 1218 1154 solum
1245 1100 1442 1168 legum,
1470 1101 1560 1154 sed
1590 1109 1644 1155 et
1674 1115 1850 1168 perso-

313 1202 506 1242 narum
537 1189 830 1242 diversitas
857 1190 1230 1244 introducitur.
1288 1191 1418 1245 Nam
1450 1191 1645 1245 Paulus
1672 1191 1760 1259 qui
1795 1191 1847 1243 in

311 1278 433 1332 aliis
465 1277 609 1331 dixit
637 1279 681 1310 ³³
706 1316 723 1343 ,
763 1297 782 1329 ‹
815 1277 922 1333 Nos
948 1281 1088 1332 enim
1115 1281 1165 1333 in
1197 1293 1358 1335 carne
1382 1282 1712 1336 ambulantes
1741 1296 1843 1335 non

311 1367 607 1421 secundum
697 1381 912 1421 carnem
955 1368 1244 1424 militamus
1284 1370 1394 1441 (17)
1417 1412 1432 1432 .
1469 1389 1488 1422 »
1525 1372 1576 1424 in
1604 1371 1846 1438 praesenti

311 1457 429 1512 loco
475 1457 612 1511 dicit
655 1472 715 1512 se
756 1473 876 1513 esse
921 1458 1186 1512 carnalem
1236 1476 1250 1512 :
1293 1468 1346 1513 et
1381 1460 1468 1514 hic
1497 1459 1596 1513 sub
1629 1467 1849 1527 peccato

310 1546 443 1600 dicit
473 1558 532 1599 se
565 1559 688 1600 esse
715 1548 1096 1609 venundatum,
1148 1548 1235 1616 qui
1284 1547 1338 1600 in
1378 1547 1496 1601 aliis
1529 1547 1660 1600 dixit
1685 1545 1794 1616 (18)
1830 1563 1844 1598 :

315 1650 334 1684 ι
365 1631 546 1687 Pretio
593 1634 757 1700 empti
809 1634 940 1688 estis
960 1635 1039 1700 ³³;
1082 1653 1101 1684 »
1142 1643 1196 1688 et
1242 1635 1430 1689 iterum
1476 1651 1493 1689 :
1555 1653 1574 1686 ε
1605 1634 1848 1690 Christus

1951 473 2214 527 nundatus
2259 474 2359 528 sub
2404 482 2641 541 peccato,
2674 491 2693 524 »
2732 473 2817 526 hic
2854 472 2964 540 jam
3009 481 3256 539 tanquam
3283 472 3471 526 ductor

1950 561 2206 616 Ecclesia:
2235 576 2513 630 personam
2537 563 2587 616 in
2620 563 2960 631 semetipsum
2990 561 3211 628 suscipit
3233 561 3471 614 infirmo-

1949 666 2100 714 rum;
2136 660 2352 718 propter
2381 651 2520 718 quod
2572 659 2627 704 et
2671 650 2794 704 alibi
2845 649 2982 703 dixit
3014 665 3030 702 :
3068 666 3087 699 ι
3120 647 3311 702 Factus
3355 662 3470 701 sum

1951 741 2176 794 infirmis
2203 739 2444 795 infirmus
2463 779 2479 804 ,
2515 749 2574 794 ut
2601 739 2838 794 infirmos
2867 739 3107 793 lucrarer
3129 739 3196 790 ".
3223 755 3243 788 »
3295 738 3360 792 Et
3385 737 3474 791 hic

1949 843 2076 896 ergo
2103 829 2482 884 inﬁrmioribus
2511 829 2844 898 quibusque,
2880 828 2931 882 id
2955 835 3037 882 est
3059 826 3392 890 carnalibus,
3422 835 3476 881 et

1949 920 2038 988 qui
2078 921 2177 974 sub
2223 929 2445 988 peccato
2487 917 2772 972 venundati
2819 925 2973 981 sunt,
3021 915 3247 971 eﬂicitur
3282 915 3476 970 Paulus

1951 1008 2186 1066 carnalis
2223 1018 2277 1061 et
2300 1009 2398 1066 sub
2425 1015 2646 1077 peccato
2671 1007 3027 1070 venundatus,
3070 1015 3123 1061 et
3154 1006 3386 1073 loquitur
3413 1019 3475 1060 ea

1949 1113 2066 1166 quae
2095 1097 2199 1152 illis
2227 1099 2371 1167 loqui
2399 1098 2563 1153 moris
2591 1105 2676 1150 est
2706 1096 2790 1150 vel
2815 1097 3171 1151 excusationis
3218 1095 3300 1150 vel
3327 1097 3480 1150 incu-

1951 1189 2175 1243 sationis
2221 1188 2462 1242 obtentu.
2513 1187 2601 1239 Ait
2627 1200 2755 1254 ergo
2791 1187 2856 1241 de
2895 1201 2953 1240 se
2993 1186 3101 1256 (26)
3133 1196 3379 1256 tanquam
3410 1202 3478 1242 ex

1951 1291 2178 1346 persona
2230 1277 2445 1331 illorum
2475 1275 2696 1343 loquens
2742 1293 2756 1329 :
2815 1294 2834 1327 ι
2876 1276 2985 1344 Ego
3034 1286 3208 1330 autem
3249 1277 3477 1331 carnalis

1951 1382 2089 1431 sum,
2135 1368 2469 1422 venundatus
2495 1366 2594 1420 sub
2623 1374 2838 1435 peccato
2869 1383 2884 1420 :
2921 1368 3019 1422 hoc
3065 1377 3145 1422 est
3189 1369 3475 1422 secundum

1950 1471 2167 1511 carnem
2195 1457 2406 1522 vivens,
2433 1466 2486 1510 et
2517 1459 2568 1512 in
2596 1459 2798 1526 peccati
2825 1467 3139 1526 potestatem
3167 1457 3398 1512 libidinis
3423 1466 3480 1513 et

1952 1547 2397 1616 concupiscentiae
2427 1547 2598 1616 pretio
2643 1549 2912 1602 redactus.
2958 1565 2977 1598 ι
3008 1546 3158 1610 Quod
3185 1546 3324 1600 enim
3348 1560 3477 1614 ope-

1955 1648 2044 1688 ror
2076 1634 2278 1702 ignoro.
2338 1634 2452 1688 Non
2479 1635 2624 1688 enim
2675 1635 2814 1703 quod
2861 1633 2978 1688 volo
3019 1633 3186 1698 facio;
3219 1634 3310 1687 sed
3337 1633 3477 1701 quod

310 1733 406 1774 nos
433 1718 665 1775 redemit
697 1721 778 1787 “;
815 1741 834 1773 »
881 1731 936 1775 et
980 1736 1191 1775 rursum
1221 1722 1272 1775 in
1303 1722 1423 1777 aliis
1457 1723 1584 1776 dicit
1613 1741 1628 1777 :
1668 1741 1687 1774 ι
1723 1722 1853 1776 Vivo
1881 1719 1925 1772 B
1950 1724 2034 1779 odi
2057 1763 2073 1787 ,
2104 1725 2207 1779 hoc
2231 1739 2350 1792 ago.
2389 1743 2408 1776 »
2443 1724 2593 1790 Quod
2621 1739 2749 1792 ergo
2772 1724 2879 1790 ait,
2913 1725 3040 1792 quia
3071 1742 3090 1775 ι
3126 1724 3306 1789 ignoro
3336 1726 3476 1788 quod

313 1820 517 1874 autem,
556 1823 668 1864 non
693 1810 802 1879 jam
827 1825 949 1880 ego,
980 1812 1107 1864 vivit
1136 1825 1264 1866 vero
1294 1811 1344 1864 in
1377 1827 1460 1866 me
1480 1813 1722 1867 Christus
1746 1815 1843 1866 ⁸⁵.»

311 1897 374 1950 Et
406 1897 607 1952 iterum
635 1900 724 1966 qui
761 1900 857 1962 ait,
889 1917 908 1951 ‹
939 1898 1162 1969 Propter
1185 1900 1562 1955 inhabitantetn
1597 1903 1848 1970 Spiritum

313 1986 429 2054 ejus
451 1987 505 2040 in
539 2003 559 2038 »
605 1987 764 2042 nobis
790 1987 868 2054 ⁸⁸,
908 2003 1049 2042 nunc
1079 1989 1206 2042 dicit
1238 2006 1253 2041 :
1296 2007 1314 2039 ι
1351 1988 1483 2054 Quia
1511 2005 1614 2044 non
1645 1991 1852 2045 habitat

309 2076 362 2128 in
389 2089 512 2137 me,
554 2075 663 2130 hoc
711 2085 794 2130 est
832 2075 886 2129 in
924 2090 1088 2132 carne
1121 2091 1234 2129 mea
1263 2116 1278 2142 ,
1312 2077 1527 2132 bonum.
1565 2097 1584 2129 »
1623 2079 1773 2146 Quod
1805 2082 1848 2135 si

309 2178 409 2217 non
442 2162 655 2217 habitat
679 2165 731 2218 in
760 2179 922 2219 carne
951 2163 1064 2233 ejus
1091 2166 1308 2230 bonum,
1338 2169 1602 2234 quomodo
1630 2169 1758 2222 dicit
1781 2169 1849 2234 ⁸⁷,

309 2254 433 2322 quia
462 2269 666 2322 corpus
693 2263 932 2309 nostrum
962 2255 1074 2324 (19)
1099 2255 1346 2324 templum
1374 2267 1456 2311 est
1489 2259 1610 2321 Dei,
1642 2268 1696 2312 et
1720 2267 1852 2312 tem-

309 2344 447 2410 plum
482 2345 722 2412 Spiritus
748 2347 958 2400 sancti?
993 2347 1096 2401 Sed
1120 2356 1174 2401 et
1202 2357 1396 2402 czetera
1426 2349 1476 2401 in
1520 2347 1714 2417 quibus
1741 2349 1850 2420 (20)

308 2435 592 2488 conﬁtetur
622 2450 652 2487 a
683 2435 796 2505 lege
828 2450 945 2504 quae
975 2438 1028 2490 in
1063 2438 1317 2492 membris
1359 2441 1472 2494 suis
1512 2451 1624 2504 est,
1671 2449 1726 2495 et
1769 2455 1852 2495 re-

312 2534 508 2593 pugnat
533 2525 643 2594 legi
688 2528 883 2580 mentis
917 2542 1029 2581 suae
1054 2567 1068 2592 ,
1100 2529 1362 2598 captivum
1391 2530 1509 2582 duci
1542 2545 1600 2585 se
1646 2532 1697 2583 in
1736 2531 1851 2597 lege

311 2615 509 2681 peccati
537 2614 605 2678 ⁸⁸,
639 2615 909 2682 quomodo
936 2616 1237 2685 apostolica:
1274 2618 1588 2672 convenient
1621 2619 1734 2688 (21)
1768 2620 1852 2672 di-

310 2705 493 2771 gnitati
515 2743 529 2766 ,
555 2716 612 2757 et
642 2705 806 2758 Paulo
831 2708 1095 2774 praecipue
1120 2743 1138 2770 ,
1167 2709 1217 2761 in
1243 2723 1348 2776 quo
1371 2709 1614 2764 Christus
1642 2719 1695 2764 et
1719 2711 1850 2764 vivit

309 2805 361 2846 et
385 2795 657 2862 loquitur?
697 2795 802 2850 Sed
831 2797 1139 2866 colligamus
1165 2814 1229 2852 ex
1271 2799 1354 2853 his
1394 2802 1657 2868 quomodo
1687 2801 1849 2870 moris

309 2895 389 2939 est
423 2885 722 2956 Scriptura:
749 2890 940 2943 divinae
982 2899 1035 2943 et
1065 2906 1318 2958 personas
1359 2891 1586 2943 latenter
1608 2929 1624 2954 ,
1656 2900 1709 2945 et
1742 2906 1845 2955 res,

310 2984 362 3028 ﬁt
391 2990 581 3031 causas
605 2979 673 3030 de
699 2980 892 3046 quibus
927 2979 1106 3033 dicere
1133 2981 1361 3046 videtur,
1393 2993 1447 3035 et
1471 2983 1683 3034 nomina
1711 2997 1851 3036 com-

308 3074 532 3128 mutare,
561 3067 675 3120 imo
698 3070 875 3134 potius
900 3070 1100 3124 eisdem
1127 3071 1426 3124 nominibus
1455 3071 1506 3124 in
1543 3071 1662 3126 aliis
1686 3082 1844 3140 atque

304 3153 422 3208 aliis
453 3157 616 3211 rebus
644 3160 720 3211 uti
741 3198 757 3220 ,
797 3168 850 3211 ut
883 3160 934 3213 in
964 3161 1205 3228 praesenti
1248 3162 1362 3216 loco
1402 3162 1793 3230 ait-Apostolus
1825 3185 1839 3220 :

310 3260 333 3294 r
363 3244 574 3310 Scimus
603 3248 751 3300 enim
786 3247 909 3316 quia
944 3249 1028 3303 lex
1056 3251 1313 3319 spiritalis
1339 3261 1436 3305 est.
1476 3270 1496 3303 »
1532 3251 1643 3307 Hoc
1669 3253 1842 3306 adhuc

302 3331 416 3408 (~22)
444 3337 586 3405 quod
618 3336 755 3390 dixit
779 3355 791 3390 :
823 3356 842 3388 ι
874 3337 1082 3394 Scimus
1105 3342 1228 3408 quia
1253 3341 1335 3394 lex
1363 3342 1614 3410 spiritalis
1635 3342 1790 3404 est",
1815 3359 1836 3392 »

303 3426 586 3494 apostolica
635 3427 956 3480 auctoritate
1004 3430 1334 3496 pronuntiat.
1393 3430 1506 3483 Non
1553 3431 1694 3484 enim
1740 3430 1842 3485 scit

304 3515 470 3585 legem
496 3516 796 3583 spiritalem
822 3531 942 3570 esse
971 3518 1059 3585 qui
1090 3518 1323 3573 carnalis
1352 3528 1462 3582 est,
1502 3529 1558 3574 et
1586 3521 1684 3574 sub
1713 3536 1838 3588 pec-

304 3616 420 3660 cato
447 3607 790 3662 venundatus
819 3617 932 3673 est;
969 3609 1061 3663 sed
1088 3609 1177 3677 qui
1212 3610 1370 3663 habet
1405 3610 1456 3662 in
1493 3626 1552 3664 se
1583 3609 1838 3679 Spiritum

305 3695 432 3762 Dei,
477 3697 568 3752 ille
595 3698 702 3752 scit
745 3698 869 3766 quia
910 3698 991 3751 lex
1026 3698 1136 3767 (2'5)
1175 3699 1424 3765 spiritalis
1451 3709 1530 3753 est
1561 3717 1576 3754 :
1609 3701 1746 3768 quod
1777 3701 1842 3754 de

303 3782 467 3856 Moysi
497 3787 615 3854 lege
669 3788 921 3840 convenit
951 3787 1168 3840 dictum.
1203 3788 1316 3854 Ipsa
1349 3803 1578 3857 namque
1619 3798 1702 3843 est
1725 3803 1843 3858 quae

303 3877 350 3930 ei
377 3879 469 3948 qui
498 3876 828 3947 Spiritaliter
856 3876 998 3928 illam
1028 3877 1275 3945 intelligit
1297 3876 1431 3947 (24),
1465 3877 1549 3931 lex
1590 3879 1842 3946 Spiritalis

299 3976 401 4030 est,
429 3977 484 4022 et
517 3967 754 4036 Spiritus
783 3965 1092 4029 vivificaris;
1123 3966 1212 4033 qui
1247 3980 1371 4020 vero
1415 3967 1718 4030 carnaliter,
1756 3971 1839 4021 lex

299 4053 490 4107 littera:
535 4062 593 4107 et
644 4051 820 4104 littera
869 4051 1120 4105 occidens
1173 4065 1290 4105 esse
1341 4063 1670 4107 memoratur
1705 4054 1836 4123 (25).

366 4188 413 4220 ﬂ
463 4186 628 4242 Rom.
666 4201 760 4247 vn,
791 4185 876 4238 14.
949 4187 992 4216 θ’
1024 4185 1060 4237 ll
1095 4185 1218 4239 Cor.
1255 4203 1285 4238 x
1309 4227 1324 4252 ,
1365 4188 1420 4247 3.

299 4271 413 4324 vm,
443 4257 532 4310 11.

1517 4189 1563 4220 ⁸³
1592 4189 1612 4242 ι
1640 4189 1768 4243 Cor.
1808 4205 1906 4256 vn,
1931 4192 2019 4244 23.
2090 4192 2134 4221 ⁸⁸
2167 4189 2340 4243 Calat.
2378 4189 2571 4254 ttt,1'.’».

613 4254 658 4286 ⁸⁷
687 4254 708 4307 l
733 4255 854 4308 Cor.
886 4270 958 4317 vt,
990 4255 1075 4308 19.
1150 4254 1195 4285 ⁸⁸
1225 4254 1379 4310 Rom.
1407 4272 1504 4322 vu,
1530 4258 1619 4311 25.
1692 4260 1736 4290 ⁸⁸
1771 4259 1844 4313 Ro

1966 4276 2059 4323 vu,
2086 4259 2173 4312 14.
2243 4259 2291 4290 ⁹⁰
2320 4258 2480 4312 lCor.
2505 4274 2582 4324 tx,
2607 4257 2696 4311 22.
2770 4259 2814 4291 ⁹¹
2846 4257 3030 4312 Matth.
3076 4272 3126 4320 v,
3156 4256 3244 4310 37.

1948 1830 2192 1883 operor,»
2225 1830 2327 1868 non
2362 1823 2536 1867 tamen
2569 1829 2678 1868 rem
2703 1815 2870 1880 ipsam
2894 1828 3056 1882 quam
3082 1821 3332 1880 operatur
3359 1812 3479 1880 quis

1948 1905 2176 1972 ignorat,
2197 1902 2321 1956 licet
2347 1901 2577 1956 carnalis
2601 1901 2689 1961 sit,
2723 1902 2814 1955 sed
2839 1916 3050 1955 causam
3079 1900 3156 1954 rei
3185 1915 3342 1968 quam
3369 1901 3480 1968 agit

1949 1994 2145 2047 dicitur
2187 1993 2432 2061 ignorare
2456 1991 2589 2060 (27).
2627 1991 2776 2056 Quod
2808 2005 2935 2044 vero
2971 1990 3101 2044 dicit
3132 1988 3264 2058 (28),
3304 2008 3323 2040 ι
3363 1988 3476 2042 Non

1946 2084 2085 2137 enim
2119 2084 2260 2150 quod
2289 2082 2408 2134 volo
2434 2097 2563 2148 ago;
2617 2081 2713 2134 sed
2756 2081 2895 2148 quod
2924 2080 3042 2144 odi,
3081 2080 3206 2132 illud
3241 2079 3410 2143 facio,
3453 2097 3475 2132 »

1947 2174 2184 2228 ostendit
2217 2174 2358 2240 quod
2389 2171 2516 2225 licet
2540 2172 2775 2224 carnalis
2803 2171 2892 2233 sit,
2936 2177 2992 2224 et
3016 2171 3114 2224 sub
3141 2179 3358 2238 peccato
3391 2184 3481 2224 vo-

1948 2263 2214 2317 nundatus
2239 2263 2329 2330 qui
2362 2262 2474 2314 haec
2505 2260 2767 2328 loquitur,
2816 2269 2990 2313 tamen
3031 2259 3192 2312 etiam
3230 2259 3480 2313 resistere

1947 2352 2330 2422 aliquantulum
2358 2350 2502 2404 vitiis
2525 2359 2746 2404 conetur
2767 2389 2782 2410 .
2818 2349 2950 2417 legis
2982 2347 3186 2402 scilicet
3220 2347 3481 2402 naturalis

1948 2445 2230 2508 instinctu,
2259 2445 2352 2497 sed
2381 2445 2624 2497 vincatur
2651 2458 2680 2495 a
2720 2443 2862 2496 vitiis
2894 2451 2948 2495 et
2973 2441 3306 2510 opprimatur
3337 2439 3479 2492 invi-

1948 2543 2034 2587 tus
2058 2534 2168 2601 (29)
2199 2550 2214 2586 :
2249 2543 2308 2586 ut
2336 2547 2475 2602 saepe
2515 2533 2712 2586 accidit
2757 2533 2924 2601 (verbi
2960 2531 3154 2600 gratia)
3189 2546 3309 2585 cum
3351 2545 3478 2598 pro-

1947 2625 2095 2690 ponit
2122 2623 2242 2691 quis
2271 2624 2533 2690 patienter
2561 2623 2702 2677 ferre
2747 2623 3092 2692 instigantem
3121 2636 3197 2683 se,
3226 2630 3280 2674 et
3309 2622 3374 2673 ad
3400 2621 3481 2673 ul-

1947 2712 2130 2765 timutn
2159 2713 2391 2766 vincitur
2422 2712 2694 2766 iracundia
2717 2752 2734 2777 ,
2783 2720 2838 2765 et
2863 2711 3065 2778 patitur
3099 2710 3201 2764 hoc
3233 2709 3426 2762 invitus
3461 2725 3478 2762 :

1948 2803 2194 2855 irascitur
2240 2816 2370 2870 ergo
2415 2803 2574 2854 etiam
2611 2817 2729 2855 cum
2778 2801 2912 2854 nolit
2962 2800 3142 2852 irasci.
3204 2798 3314 2852 Hoc
3339 2797 3477 2852 idem

1946 2895 2104 2946 etiam
2139 2893 2344 2946 timoris
2368 2892 2498 2944 vitio
2532 2893 2779 2945 accidere
2809 2890 2965 2955 solet,
2999 2898 3059 2942 ut
3082 2897 3264 2944 contra
3299 2890 3480 2942 volun-

1951 2989 2110 3032 tatem
2157 2979 2277 3047 quis
2319 2987 2460 3032 mctu
2511 2988 2565 3032 et
2617 2978 2898 3030 formidine
2949 2984 3243 3040 terreatur;
3277 2975 3379 3029 hoc
3423 2984 3479 3027 et

1950 3069 2000 3120 in
2063 3068 2292 3121 elatione
2357 3065 2515 3121 subiti
2583 3067 2664 3121 vel
2733 3067 2984 3134 in0pinati
3057 3066 3274 3119 honoris
3338 3080 3478 3133 saepe

1945 3157 2102 3226 585
2125 3158 2401 3224 contingit,
2434 3166 2490 3210 ut
2513 3157 2844 3224 arrogantior
2873 3156 2962 3208 (iat
2988 3155 3122 3224 (29*)
3147 3164 3201 3209 et
3225 3155 3478 3208 tumidior

1945 3263 2105 3316 quam
2136 3248 2266 3300 vult.
2312 3247 2552 3300 Vincitur
2595 3260 2723 3315 ergo
2750 3246 2802 3298 in
2847 3246 2930 3300 his
2972 3244 3194 3314 singulis
3219 3245 3310 3312 qui
3346 3259 3475 3296 non-

1946 3339 2068 3391 dum
2101 3337 2351 3404 spiritalis
2383 3345 2483 3400 est,
2516 3337 2677 3390 etiam
2719 3345 2904 3388 contra
2936 3336 3259 3388 voluntatem
3295 3349 3313 3388 :
3353 3333 3475 3400 quia

1944 3428 2191 3481 voluntas
2221 3426 2321 3479 ista
2347 3427 2580 3480 nondum
2627 3427 2699 3478 ita
2731 3424 2898 3486 fortis,
2927 3434 2981 3478 et
3018 3425 3090 3476 ita
3125 3424 3339 3477 robusta
3372 3430 3475 3484 est,

1944 3527 2002 3570 ut
2045 3515 2262 3570 definiat
2304 3516 2440 3584 apud
2486 3531 2540 3569 se
2566 3529 2734 3584 usque
2770 3515 2835 3568 ad
2878 3523 3101 3568 mortem
3133 3527 3230 3582 pro
3253 3513 3478 3566 veritate

1945 3607 2260 3662 certandum
2288 3623 2302 3671 ;
2329 3621 2425 3660 nec
2450 3607 2568 3659 talis
2593 3614 2674 3660 est
2692 3621 2809 3675 quae
2835 3605 2996 3667 dicat,
3022 3622 3042 3656 ι
3068 3605 3181 3668 Est,
3203 3613 3323 3668 est;
3348 3619 3476 3665 non,
3519 3591 3522 3595 ’

1945 3713 2047 3750 non
2073 3697 2116 3728 ⁹¹
2151 3715 2164 3760 ;
2200 3715 2218 3746 »
2245 3705 2298 3749 et
2335 3697 2452 3750 ideo
2482 3711 2584 3748 non
2611 3704 2788 3763 potest
2825 3695 3035 3761 operari
3063 3709 3180 3761 qua:
3217 3693 3343 3755 vult,
3379 3693 3474 3746 sed

1944 3802 2062 3854 quae
2083 3801 2189 3839 non
2222 3787 2350 3838 vult.
2386 3784 2584 3838 Tamen
2612 3799 2677 3838 ex
2705 3798 2765 3838 ea
2793 3791 2943 3852 parte
2965 3797 3071 3851 qua
3097 3797 3199 3836 non
3225 3783 3337 3834 vult
3365 3797 3477 3836 ma-

1943 3876 2072 3941 lum,
2093 3875 2358 3928 consentit
2385 3874 2486 3940 legi
2527 3873 2616 3927 Dei
2651 3874 2772 3940 quia
2801 3875 2936 3926 bona
2965 3881 3066 3934 est,
3095 3887 3211 3939 quae
3235 3869 3478 3938 prohibet

1945 3967 2140 4018 malum
2165 3982 2179 4028 ;
2211 3974 2265 4017 et
2286 3965 2336 4016 in
2360 3964 2754 4017 consonantiam
2783 3964 3063 4030 quamdam
3097 3961 3164 4014 ad
3192 3961 3361 4029 legem
3383 3959 3473 4012 Dei

1945 4056 2028 4109 lex
2058 4054 2315 4108 naturalis
2337 4054 2620 4108 adducitur
2647 4053 2778 4123 ('50),
2809 4063 2868 4107 ut
2893 4053 3075 4108 eadem
3099 4051 3286 4115 velint,
3309 4056 3473 4118 atque

2657 4190 2703 4221 ⁸⁵
2741 4188 2911 4244 Galal.
2959 4203 3028 4251 ll,
3059 4187 3148 4241 20.
3237 4186 3283 4218 ⁸⁸
3316 4185 3472 4241 Rom.

365 4368 480 4438 (15)
518 4364 691 4438 Editi,
733 4381 754 4438 ε
772 4371 826 4438 et
851 4363 1207 4438 captivantem
1237 4365 1404 4438 mein
1437 4366 1555 4438 lege
1586 4370 1839 4435 peccati,»
1877 4368 1920 4421 D
2020 4367 2130 4438 (25)
2154 4366 2276 4438 lies.
2300 4365 2711 4438 Desideraturin
2732 4366 2891 4420 editis
2910 4375 2962 4420 et
2985 4365 3033 4418 in
3062 4365 3324 4438 plerisque
3344 4381 3470 4438 mss.

295 4433 400 4491 etc'.
440 4433 669 4495 Deinde,
709 4433 927 4484 «Infelix
957 4448 1052 4500 ego
1074 4433 1232 4487 homo
1258 4436 1374 4499 quis
1401 4451 1482 4487 me
1497 4433 1752 4490 iiber-abit
1781 4439 1846 4492 de

295 4519 523 4570 corpore
552 4501 748 4572 mortis
773 4501 962 4572 hujus?
999 4500 1178 4554 Gratia
1209 4503 1323 4567 Dei,
1358 4522 1376 4553 »
1411 4514 1515 4556 etc.
1557 4504 1656 4558 Ms.
1688 4522 1845 4572 unus,

300 4592 319 4622 ι
355 4569 456 4625 nisi
487 4572 666 4638 gratia
697 4569 816 4638 Dei,
843 4588 861 4619 »
895 4578 997 4638 etc.

363 4635 679 4711 (16)_Editi,
704 4636 789 4711 gSi
811 4640 892 4691 cui
916 4635 1335 4711 (Genebrardus,
1363 4639 1522 4711 «sicut
1539 4639 1592 4711 »)_
1617 4641 1842 4698 forte....

297 4707 627 4776 praesumpta
671 4707 913 4760 videatur
939 4748 956 4772 ,
991 4707 1236 4758 advertat
1278 4723 1419 4760 nunc
1468 4708 1519 4760 in
1567 4709 1841 4777 Apostolo,

294 4779 589 4846 quomodo,
624 4795 645 4826 »
683 4785 786 4828 etc.
1133 4842 1165 4846 _
1247 4843 1258 4846 _
1551 4784 1582 4846 ρ

368 4847 484 4912 (17)
527 4844 622 4897 Sic
653 4851 798 4896 recte
826 4857 927 4895 ms.
957 4857 1092 4896 uritis
1132 4842 1325 4910 Regius
1360 4858 1503 4894 nttm.
1543 4843 1695 4896 1639.
1732 4846 1846 4900 Ca:-

297 4917 394 4967 teri
433 4929 567 4967 vero
598 4927 732 4964 mss.
771 4912 1053 4975 Bahanus,
1085 4921 1137 4963 et
1165 4913 1315 4976 editi,
1344 4926 1642 4977 perperam,
1677 4929 1695 4960 ι
1731 4914 1842 4968 Νοη

295 4982 441 5035 enim
471 4981 773 5036 secundum
805 4994 1019 5052 carnem
1056 4979 1316 5042 viximus,
1349 4995 1446 5032 nec
1471 4979 1588 5048 (aL.
1619 4997 1640 5029 ι
1673 4986 1763 5035 sed
1795 4986 1843 5052 »)

293 5052 596 5104 secundum
631 5063 846 5101 carnem
882 5049 1222 5100 militamus.»

366 5119 481 5188 (18)
522 5117 690 5188 Editi,
732 5117 965 5188 inquiin
993 5117 1095 5168 alio
1119 5116 1273 5169 dixit.
1306 5132 1324 5164 »
1364 5113 1462 5166 Ms.
1489 5130 1626 5171 unus
1651 5127 1704 5170 et
1739 5117 1846 5172 Ra-

296 5184 489 5251 bunus',
527 5203 547 5236 ι
584 5185 683 5251 qui
707 5185 824 5237 aliis
849 5184 1074 5237 dixerat.
1111 5203 1130 5234 »
1805 5221 1811 5227 .

367 5255 481 5325 (19)
519 5254 698 5315 Alias,
734 5272 752 5303 ι
790 5253 1051 5306 inhabitat
1084 5255 1136 5305 in
1167 5265 1328 5305 carne
1351 5252 1544 5304 bonum
1566 5289 1581 5304 .
1603 5289 1618 5304 .
1640 5290 1654 5304 .
1675 5289 1690 5305 .
1717 5255 1844 5322 quia

294 5337 526 5388 corpora
561 5330 774 5390 nostra,
811 5339 828 5368 »
861 5327 964 5372 etc.

366 5393 480 5462 (20)
518 5389 664 5462 Editi
694 5388 900 5462 e‘t’mss.
925 5389 1134 5454 quidam
1163 5402 1434 5456 perperam
1463 5388 1675 5454 habent,
1708 5389 1840 5446 «Sed

297 5470 349 5512 et
376 5457 531 5515 certe
560 5461 613 5512 in
643 5457 856 5524 quibus,
893 5474 910 5504 »
949 5466 1050 5510 etc.

366 5530 481 5598 (21)
519 5529 696 5598 Alias,
728 5544 745 5574 ι
779 5526 1113 5598 ςριινεῃῇυηι.
1153 5543 1172 5574 »

520 5595 693 5660 Editi,
733 5612 751 5644 ί
785 5592 883 5646 llic
915 5595 1100 5646 adhuc.
1137 5611 1156 5643 »

2018 4435 2126 4505 (24)
2168 4435 2256 4487 Sic
2276 4451 2379 4505 nis.
2415 4451 2567 4487 unus.
2601 4435 2769 4505 Alias
2802 4451 2958 4505 vero,
2988 4452 3036 4505 At
3083 4450 3196 4500 qute
3219 4435 3323 4505 ltis_
3353 4435 3471 4502 (aL,

1951 4525 1968 4556 ι
2004 4502 2121 4572 quae
2158 4505 2209 4556 in
2234 4504 2316 4556 his
2337 4504 2385 4572 »)
2410 4505 2496 4570 qui
2533 4504 2844 4570 spiritaliter
2876 4502 3190 4570 intelligunt.
3232 4521 3250 4553 »
3294 4503 3472 4556 Raba-

1944 4590 2066 4636 ttus,
2111 4592 2129 4622 ι
2157 4587 2274 4640 quae
2304 4573 2390 4626 hic
2430 4589 2458 4623 a
2489 4574 2683 4639 quihtts
2723 4572 3035 4638 spiritaliter
3083 4573 3407 4640 intelligitur.
3445 4590 3467 4623 »

2014 4641 2125 4711 (25)
2150 4642 2307 4711 (Alias
2330 4682 2353 4711 ,_
2378 4659 2395 4689 ι
2437 4640 2517 4711 lex
2555 4641 3018 4711 littera-,_occitleiis
3061 4655 3180 4692 esse
3207 4654 3471 4692 memora-

1946 4708 2049 4762 tnr.
2083 4728 2102 4759 »
2132 4709 2212 4760 ΑΙ.
2238 4748 2253 4773 ,
2289 4727 2306 4759 ε
2341 4709 2425 4761 lex
2457 4708 2647 4762 littera:
2671 4719 2723 4762 et
2748 4709 2829 4763 lex
2857 4708 3105 4762 occidens
3129 4723 3247 4761 esse
3272 4721 3474 4761 memo-
3515 4767 3517 4770 ,

1946 4788 2112 4831 ratur.
2153 4796 2170 4828 »

2013 4847 2122 4916 (26)
2157 4845 2233 4900 De
2279 4862 2351 4898 se.
2405 4844 2528 4899 Haec
2560 4845 2719 4897 verba
2766 4846 2958 4898 desunt
3009 4844 3061 4895 in
3110 4841 3261 4896 libris
3312 4851 3471 4897 antea

1943 4919 2119 4968 editis.

2014 4981 2124 5052 (9.7)
2161 4983 2286 5036 Mss.
2329 4983 2438 5035 fere
2470 4994 2654 5034 omnes
2676 5021 2690 5045 ,
2722 4979 2968 5052 Rabanus
2998 4986 3048 5030 et
3091 4977 3218 5030 editi
3249 4975 3471 5052 habent,

1948 5069 1968 5102 ‹
2001 5043 2137 5116 tant';
2169 5070 2187 5102 »
2221 5052 2312 5103 sed
2343 5064 2606 5121 ms._uutts
2639 5043 2782 5101 rccte
2808 5048 2953 5115 legit,
2991 5063 3010 5096 α
3043 5056 3236 5121 tamen.
3273 5061 3292 5092 »
3317 5043 3474 5121 .Alter

1945 5137 2043 5174 tns.
2077 5112 2254 5181 habet,
2288 5132 2425 5169 «non
2441 5117 2568 5168 dicit
2597 5112 3217 5183 tanquamsemetipsum
3239 5112 3332 5177 qui
3362 5112 3474 5179 jam

1943 5201 2195 5257 Operam:
2221 5189 2341 5253 quis
2375 5187 2600 5257 ignoret,
2637 5194 2796 5257 rete.

2159 5255 2320 5327 Editi,
2355 5271 2376 5327 ξ
2408 5253 2557 5327 Quod
2587 5252 2727 5327 erl‘lil‘ll
2763 5252 2908 5305 dicit.
2949 5269 2966 5301 »
3194 5313 3236 5327 ,γ

2013 5316 2122 5396 (29)
2173 5325 2294 5376 Mss.
2320 5321 2578 5390 plerique,
2608 5318 2856 5372 Rabanns
2883 5331 2936 5372 ct
2962 5316 3114 5378 editi,
3153 5329 3173 5362 ‹
3194 5316 3246 5364 in
3271 5316 3474 5374 vitiis,»

1946 5396 2102 5448 male.
2165 5397 2176 5412 ’

2013 5445 2141 5529 (29')
2176 5459 2338 5529 Alias,
2369 5475 2385 5506 ι
2425 5457 2524 5521 sit;
2557 5475 2575 5507 »
2604 5456 2694 5517 al.,
2729 5473 2747 5504 ‹
2786 5456 2904 5529 quis
2942 5456 3048 5506 fiat.
3082 5468 3101 5498 »
3136 5445 3244 5501 Sed
3289 5455 3484 5495 omnes

1949 5548 2073 5586 :nss.
2105 5525 2154 5581 et
2189 5528 2438 5580 Ruhantts
2461 5529 2711 5577 omittunt
2737 5541 2754 5573 ι
2788 5525 2925 5592 quis.
2961 5541 2979 5572 »

2021 5599 2126 5666 (50)
2155 5597 2312 5662 Edili,
2335 5613 2352 5646 t
2387 5593 2627 5648 Adducit.
2659 5610 2676 5643 ν
