3894 6246
361 247 494 304 1087

361 452 454 506 Dei
507 446 887 507 consentimus,
931 440 1124 495 malum
1161 454 1288 508 ergo
1332 440 1470 508 quod
1508 437 1751 496 facimus,
1784 449 1886 486 non

355 541 463 607 jam
492 551 585 589 nos
617 534 688 596 id,
729 533 820 586 sed
847 539 1121 602 peccatum
1151 529 1288 595 quod
1319 527 1369 579 in
1397 527 1552 579 nobis
1577 534 1677 582 est.
1701 537 1888 590 opera-

358 637 462 686 tur,
493 625 540 677 id
568 635 650 677 est
679 622 760 674 lex
793 629 847 674 et
873 619 1116 673 voluntas
1148 619 1344 680 carnis,
1382 631 1499 683 qua!
1527 617 1764 682 captivos
1793 625 1888 663 uos

357 713 498 766 ducit
538 713 587 764 in
635 711 743 776 lege
779 710 977 778 peccati
1009 723 1125 777 qua:
1173 707 1222 759 iu
1268 698 1518 759 membris
1544 713 1625 756 est
1657 700 1788 773 (5i).
1824 699 1890 752 Et

357 803 444 854 hic
488 799 696 866 quidem
743 797 936 850 Paulus
973 797 1203 850 carnalis
1249 791 1394 854 dicit,
1427 793 1550 861 quia
1586 809 1604 842 ο
1634 790 1740 858 jam
1784 805 1884 843 non

354 905 453 955 ego
494 903 684 956 operor
710 887 856 948 illud,
895 888 989 940 sed
1035 885 1174 952 quod
1221 883 1424 937 habitat
1473 882 1526 935 in
1576 895 1660 934 me
1703 893 1887 948 pecca-

356 988 484 1032 tum.
538 997 557 1029 ι
621 976 818 1030 Paulus
856 990 982 1029 vero
1015 973 1269 1043 spiritalis
1311 974 1365 1026 in
1409 972 1529 1025 aliis
1564 970 1729 1033 dicit,
1763 968 1885 1036 quia

359 1082 378 1115 ι
406 1063 760 1116 abundantius
783 1077 941 1130 quam
970 1077 1157 1116 omnes
1177 1063 1250 1114 illi
1276 1061 1509 1114 laboravi
1541 1076 1556 1123 ;
1584 1073 1684 1111 non
1710 1066 1885 1110 autem

353 1168 473 1222 ego,
505 1153 597 1206 sed
629 1153 800 1220 gratia
837 1153 927 1205 Dci
964 1168 1170 1206 mecum
1200 1155 1266 1204 ".
1302 1171 1320 1203 ι
1359 1148 1427 1202 llt
1454 1164 1581 1217 ergo
1611 1149 1712 1201 iste
1747 1147 1890 1199 labo-

352 1229 439 1295 res
461 1257 584 1296 suos
625 1257 726 1295 non
753 1242 877 1307 sibi,
909 1244 1000 1298 sed
1022 1244 1206 1309 gratia:
1247 1243 1363 1304 Dei,
1390 1254 1508 1309 qua:
1533 1239 1584 1295 in
1625 1239 1738 1305 ipso
1758 1250 1886 1304 ope-

353 1331 594 1396 rabatur,
620 1331 858 1395 ascribit,
877 1333 948 1384 ita
977 1340 1030 1384 et
1055 1331 1142 1382 ille
1161 1329 1388 1383 carnalis
1410 1341 1571 1396 Opera
1603 1341 1706 1378 non
1745 1324 1885 1376 bona

351 1433 456 1477 non
485 1420 608 1484 sibi,
639 1425 732 1476 sed
769 1432 1008 1490 peccato,
1038 1422 1176 1490 quod
1211 1421 1260 1472 iu
1302 1435 1360 1473 se
1386 1420 1594 1472 habitat
1621 1425 1678 1470 et
1705 1429 1891 1483 opera-

354 1525 473 1580 tur,
503 1517 834 1568 adnumerat.
872 1514 995 1568 ldeo
1037 1528 1164 1582 ergo
1214 1512 1386 1565 dicit:
1425 1528 1444 1562 ι
1497 1509 1610 1562 Non
1636 1508 1743 1575 jam
1787 1520 1888 1576 ego

351 1618 542 1670 operor
565 1604 713 1667 illud,
750 1605 840 1657 sed
871 1603 1010 1668 quod
1045 1602 1246 1655 habitat
1270 1601 1320 1652 iu
1351 1614 1437 1653 me
1459 1607 1753 1667 peccatum.
1773 1595 1887 1648 Non

351 1695 489 1748 enim
524 1693 727 1748 habitat
748 1694 798 1746 in
827 1708 932 1754 me,
965 1695 1064 1746 hoc
1083 1705 1164 1743 est
1201 1691 1251 1742 iu
1283 1704 1443 1743 carne
1477 1703 1612 1750 mea,
1642 1689 1674 1740 b

353 1781 594 1836 Nondum
621 1786 762 1836 enim
803 1785 854 1834 in
896 1797 959 1836 eo
985 1782 1227 1835 Christus
1259 1778 1540 1841 inhabitat,
1581 1790 1750 1844 neque
1771 1787 1892 1828 cor-

352 1890 452 1942 pus
484 1875 597 1938 ejus
646 1873 902 1939 templum
957 1873 1050 1926 Dei
1088 1880 1168 1925 est
1203 1870 1333 1940 (32).
1371 1868 1749 1923 Verumtamen
1786 1881 1892 1919 non

354 1977 730 2032 usquequaque
765 1963 873 2025 hic,
923 1962 1072 2028 cujus
1107 1975 1331 2029 persona
1381 1957 1716 2027 proponitur,
1761 1957 1892 2010 alie-

354 2071 453 2108 nus
481 2062 562 2106 est
593 2066 624 2105 a
654 2053 829 2116 bonis,
864 2052 955 2104 sed
989 2049 1263 2117 preposito
1287 2047 1504 2116 quidem
1533 2055 1589 2099 et
1620 2045 1892 2098 voluntate

351 2143 514 2210 cmpit
557 2142 692 2193 bona
740 2139 1033 2208 requirere,
1067 2138 1298 2190 nondum
1337 2141 1514 2187 tamen
1555 2144 1730 2203 potest
1753 2134 1889 2186 bona

354 2231 510 2282 rebus
541 2238 596 2281 et
626 2229 876 2296 operibus
912 2227 1180 2280 obtinere.
1205 2225 1300 2279 Est
1328 2226 1470 2279 enim
1501 2223 1622 2276 talis
1651 2224 1888 2290 quaedam

353 2317 633 2370 inﬁrmitas
660 2317 711 2370 iu
743 2317 825 2370 his
842 2315 931 2377 qui
960 2315 1106 2367 initia
1133 2313 1498 2367 cenversionis
1529 2312 1813 2379 accipiunt,
1835 2321 1892 2364 ut

351 2395 472 2460 cum
495 2406 620 2461 velit
644 2407 762 2475 quis
791 2405 900 2476 (55)
929 2406 1104 2459 statim
1135 2406 1312 2458 facere
1337 2419 1494 2456 omne
1521 2403 1659 2468 quod
1696 2404 1886 2454 bonum

353 2507 464 2560 est,
506 2511 609 2549 non
645 2496 822 2550 statim
855 2495 1177 2548 voluntatem
1216 2501 1467 2560 sequatur
1491 2490 1728 2546 eli‘ectus.
1756 2489 1886 2542 Nam

353 2594 407 2639 et
435 2583 546 2657 (54)
581 2587 865 2639 meditatus
893 2583 1030 2652 apud
1072 2583 1417 2650 semetipsum
1461 2581 1700 2635 decernit
1720 2579 1887 2648 (verbi

357 2676 536 2737 causa)
572 2685 628 2726 ut
657 2689 758 2726 non
783 2675 1061 2735 irascatur,
1079 2682 1132 2725 et
1159 2673 1257 2726 hoc
1280 2672 1332 2725 in
1362 2671 1630 2724 voluntate
1662 2669 1845 2722 deﬁnit
1871 2683 1885 2718 :

357 2765 448 2818 sed
475 2766 721 2832 quoniam
761 2764 912 2830 longo
941 2778 1036 2816 usu
1069 2771 1124 2815 et
1164 2762 1544 2816 consuetudine
1577 2759 1782 2814 diutina
1814 2757 1889 2810 vi-

359 2856 489 2908 tium
548 2857 598 2908 in
653 2869 718 2909 eo
773 2853 1065 2907 iracundia:
1136 2853 1462 2905 dominatum
1511 2861 1627 2915 est,
1673 2848 1888 2905 obsistit

354 2947 512 2997 etiam
543 2945 798 2997 voluntati
824 2951 877 2995 et
913 2942 1188 3010 proposito
1216 2958 1232 3002 ;
1264 2956 1326 2994 ac
1357 2940 1517 2994 solito
1541 2940 1641 2994 sibi
1671 2955 1764 2992 usa
1798 2939 1885 2990 iti-

355 3049 481 3087 nere
509 3032 618 3102 (55)
648 3034 726 3086 vis
764 3031 962 3106 luroris
985 3031 1232 3098 erumpit.
1265 3028 1527 3082 Similiter
1551 3028 1658 3096 agit
1681 3035 1734 3080 et
1764 3026 1884 3078 libi-

354 3125 491 3176 dinis
519 3124 722 3175 vitium.
757 3120 877 3174 Pari
914 3135 1124 3188 quoque
1173 3119 1571 3172 consuetudinis
1621 3118 1803 3170 morbo
1837 3129 1890 3171 et

356 3215 684 3268 mendacium
725 3214 974 3280 subripit,
1017 3211 1241 3265 formido
1286 3211 1519 3264 deterret
1559 3225 1572 3273 ;
1606 3218 1659 3263 et
1709 3210 1762 3262 in
1809 3217 1890 3264 his

354 3305 578 3376 singulis
627 3305 724 3359 iste
773 3305 864 3372 qui
895 3307 1001 3375 jam
1050 3303 1202 3357 initia
1254 3301 1622 3355 conversiOuis
1671 3300 1887 3369 accipit,

354 3406 720 3462 competenter
763 3398 913 3456 dicit,
938 3395 1063 3463 quia
1095 3416 1114 3448 r
1149 3391 1285 3445 velle
1319 3392 1526 3457 adjacet
1560 3388 1889 3458 mihi,pcrii-

356 3501 478 3539 cere
504 3496 678 3539 autem
705 3485 896 3538 bonum
931 3500 1032 3538 non
1063 3482 1292 3535 invenio.
1323 3479 1432 3533 Non
1465 3479 1604 3534 enim
1633 3481 1772 3546 quod
1797 3493 1891 3532 vo-

357 3577 408 3627 lo
429 3575 644 3637 bonum,
668 3576 768 3629 hoc
788 3591 885 3644 ago
915 3592 930 3638 ;
961 3576 1050 3630 sed
1083 3573 1226 3641 quod
1261 3571 1349 3625 odi
1381 3568 1599 3634 malum,
1629 3568 1756 3622 illud
1809 3567 1888 3622 fa-

357 3663 460 3718 cio.
497 3682 514 3713 ι
548 3663 692 3727 Quod
734 3665 776 3718 si
801 3664 1059 3732 judicium
1104 3664 1168 3716 de
1212 3661 1354 3714 bono
1399 3657 1560 3710 habet
1606 3656 1887 3720 voluntas,

357 3752 682 3804 censuetudo
707 3761 882 3804 autem
905 3749 1196 3804 carnalium
1219 3748 1493 3810 vitiorum;
1511 3761 1628 3813 qua:
1659 3744 1743 3798 lex
1770 3759 1893 3798 car-

358 3841 442 3893 uis
483 3840 564 3892 vel
612 3840 692 3894 lex
727 3841 1084 3895 membrorum
1126 3838 1392 3908 appellata
1426 3844 1542 3900 est,
1576 3834 1789 3889 obsistit
1838 3843 1892 3888 et

357 3929 606 3997 subripit,
629 3946 693 3985 ex
714 3944 777 3983 eo
807 3930 948 3998 quod
989 3929 1110 3982 boni
1139 3927 1460 3981 voluntatem
1508 3923 1620 3993 (56)
1651 3938 1798 3989 gero,
1829 3921 1894 3976 li—

356 4029 443 4072 cet
475 4034 627 4086 agam
659 4020 816 4083 mala,
839 4029 1010 4072 tamen
1035 4017 1158 4086 quia
1183 4017 1378 4070 invitus
1407 4029 1526 4081 ago,
1556 4031 1574 4064 ι
1614 4013 1892 4067 consentio

356 4107 456 4178 legi
503 4108 593 4162 Dei
631 4108 877 4175 quoniam
913 4108 1047 4160 bona
1086 4115 1184 4158 est.
1229 4121 1247 4154 ι
1299 4104 1398 4156 Odi
1439 4103 1578 4154 enim
1637 4101 1794 4166 mala,
1839 4111 1892 4153 et

357 4200 513 4266 cupio
540 4214 696 4266 agere
717 4200 849 4252 bona
882 4213 997 4264 quae
1022 4194 1289 4261 lexiubet.
1321 4193 1470 4258 Quod
1513 4192 1558 4244 si
1591 4200 1777 4245 contra
1801 4206 1893 4244 vo-

1773 223 2083 284 ORlGENlS

361 365 546 418 eadem
593 358 784 412 nolint.
831 353 981 420 Quod
1012 352 1057 405 si
1093 349 1382 405 secundum
1419 348 1743 402 voluntatem
1789 344 1890 411 legi
1919 351 1966 401 Α
1993 334 2248 407 peccandi
2293 339 2587 420 peccatum
2631 334 2767 377 nom

2772 315 2992 373 inavit.
3028 330 3051 363 ι
3107 304 3377 364 Invenio
3410 302 3595 372 igitur
3623 301 3702 356 le-

1987 391 2128 495 gem,
2157 391 2358 476 volenti
2395 420 2530 473 mihi
2563 417 2755 471 facere
2789 413 3048 495 bonum,
3085 400 3250 495 quia
3283 394 3446 495 mihi
3483 391 3705 495 adiacet

1987 483 2207 569 malum.
2238 509 2601 565 Condelector
2627 504 2782 558 enim
2832 497 2953 566 legi
2996 492 3108 547 Dei
3161 485 3520 543 secundum
3553 483 3701 538 inte-

1985 607 2184 658 riorem
2223 601 2517 654 hominem.
2567 615 2589 649 ι
2629 595 2700 648 Et
2752 593 2810 645 in
2856 589 2981 650 liis,
3012 594 3081 637 ut
3122 593 3300 648 saepe
3340 577 3401 630 in
3440 573 3702 644 superio-

1989 695 2135 746 ribus
2165 691 2274 760 (57)
2304 686 2786 745 commonuimus,
2825 693 2951 733 non
2988 674 3305 728 videntur
3326 665 3706 760 elocutiones

1987 751 2194 850 integre
2224 751 2508 846 explicari,
2537 773 2640 828 sed
2671 764 3218 850 coniunctionum“
3241 753 3347 809 vel
3405 751 3706 850 abund-an-

1989 840 2206 932 tia,vvel
2243 840 2679 936 prbprietatibus
2715 851 3028 924 impediri.
3069 845 3222 901 Tali
3258 840 3705 936 ergouqttodam

1984 928 2172 1015 ordine
2200 928 2380 1026 legere
2405 953 2674 1008 debemus
2696 989 2712 1010 ,
2746 955 2812 1000 ut
2847 940 3230 998 intellectus
3268 933 3540 987 lucidior
3567 928 3704 983 ﬁat:

1987 1048 2171 1117 Igitur,
2205 1021 2330 1113 quia
2362 1042 2566 1097 malum
2601 1039 2740 1092 milti
2779 1035 3054 1103 adiacet,
3091 1026 3350 1117 volens~
3377 1021 3708 1117 facere—bo-

1988 1115 2112 1190 num
2141 1135 2354 1188 invenio
2385 1133 2562 1200 legem
2593 1130 2717 1191 Dei,
2751 1136 2811 1180 et
2833 1121 3260 1179 condelector
3295 1115 3354 1189 ei
3388 1115 3706 1168 secundum

1988 1225 2298 1279 interiorem
2336 1221 2638 1276 hominem.
2679 1219 2788 1272 Per
2814 1213 2980 1281 quod
3022 1207 3350 1271 ostendit,
3385 1204 3529 1274 quia
3567 1204 3708 1257 inte-

1987 1315 2098 1368 rior
2150 1316 2349 1372 homo.
2398 1312 2501 1365 hoc
2549 1319 2638 1362 est
2683 1307 2970 1360 voluntas
3025 1312 3097 1355 et
3156 1300 3556 1368 propositum
3602 1308 3708 1362 quo

1987 1403 2195 1457 initium
2232 1401 2430 1469 accipit
2469 1399 2726 1453 converti
2759 1397 2835 1450 ad
2875 1393 3264 1454 Dominum,
3293 1390 3417 1459 legi
3454 1389 3561 1442 Dei
3584 1403 3709 1441 eon-

1987 1494 2168 1556 sentit,
2195 1501 2248 1545 et
2289 1491 2598 1544 delectatur
2641 1489 2696 1541 in
2737 1503 2830 1542 ea.
2899 1485 3059 1550 Sed,
3111 1493 3188 1538 ut
3226 1482 3528 1550 superius
3573 1479 3709 1534 dixi-

1989 1595 2127 1644 mus,
2156 1595 2261 1634 non
2295 1580 2480 1633 statim
2514 1589 2574 1630 ut
2608 1577 2982 1632 voluntatem
3045 1575 3206 1640 quis
3249 1572 3544 1626 habuerit
3582 1585 3709 1624 eoe-

1675 1700 1887 1740 οηηηω
1927 1678 1966 1731 Β
1994 1670 2127 1722 verti
2167 1670 2233 1721 ad
2284 1667 2448 1729 bona,
2484 1666 2655 1719 etiam
2693 1675 2836 1716 usus
2879 1661 3035 1714 boui
3091 1658 3325 1726 operis
3369 1658 3708 1712 subsecutus

1989 1769 2091 1812 est.
2123 1758 2237 1812 Cita
2261 1757 2408 1810 enim
2444 1769 2534 1809 res
2559 1765 2645 1808 est
2673 1755 2980 1816 voluntas,
3013 1762 3083 1805 et
3113 1751 3264 1804 sine
3293 1749 3708 1816 impedimento

1989 1850 2359 1911 convertitur;
2393 1862 2533 1914 opus
2578 1859 2719 1898 vero
2762 1845 3018 1897 tardum
3062 1853 3198 1903 est,
3236 1841 3391 1910 quia
3420 1848 3483 1896 et
3525 1856 3704 1906 usum,

1989 1951 2042 1994 et
2075 1951 2271 2003 artem,
2316 1948 2371 1994 et
2417 1938 2666 1992 laborem
2719 1936 2986 2002 requirit
3049 1933 3404 2002 operandi.
3445 1933 3608 1999 Quod
3651 1944 3705 1987 ut

1988 2035 2289 2087 evidentius
2327 2033 2442 2095 ﬁat,
2475 2040 2702 2083 utamur
2729 2029 2918 2082 etiam
2968 2028 3418 2082 similitudine
3447 2029 3696 2094 exempli.

1995 2122 2150 2175 Verbi
2179 2123 2369 2190 gratia,
2399 2121 2515 2174 vult
2539 2121 2666 2189 quis
2703 2121 2956 2188 sapiens
2987 2120 3170 2183 ﬁeri,
3223 2135 3347 2174 nec
3377 2129 3570 2174 tamen
3596 2132 3701 2173 sta-

1990 2212 2083 2264 tim
2115 2221 2171 2264 ut
2197 2210 2385 2272 voluit,
2411 2212 2634 2279 sapiens
2662 2211 2916 2266 elfectus
2937 2222 3045 2266 est
3071 2229 3091 2277 ;
3119 2212 3240 2265 sed
3281 2211 3567 2264 voluntas
3592 2211 3702 2278 qui-

1988 2302 2106 2355 dem
2135 2299 2434 2367 praecessit,
2466 2314 2571 2354 nec
2615 2301 2744 2354 sine
2793 2301 3145 2356 voluntate
3205 2302 3444 2371 aliquis
3472 2301 3594 2355 ﬁeri
3621 2316 3702 2355 5:-

1987 2391 2139 2458 piens
2188 2398 2399 2458 potest;
2443 2389 2542 2442 sed
2593 2399 2785 2444 tamen
2843 2407 2994 2445 cum
3050 2393 3368 2446 voluntas
3425 2391 3698 2450 adfuerit.

1988 2479 2320 2532 adhibendus
2357 2488 2442 2532 est
2473 2479 2665 2545 labor,
2690 2481 2999 2545 studium,
3037 2482 3447 2544 sollicitudo,
3484 2481 3700 2550 vigilia,

1987 2566 2250 2627 doctrina,
2285 2566 2600 2631 institutio;
2633 2579 2693 2623 et
2724 2570 2827 2622 vix
2869 2570 3246 2638 aliquando
3297 2589 3414 2626 usu
3453 2573 3623 2641 longe
3653 2580 3704 2624 et

1987 2656 2326 2709 meditatione
2354 2657 2618 2711 continua
2659 2660 2908 2727 sapiens
2957 2660 3282 2715 efﬁcitur.
3319 2660 3442 2716 Iste
3484 2677 3617 2731 ergo
3637 2661 3704 2716 ab

1988 2747 2136 2800 initio
2163 2747 2380 2814 quidem
2415 2747 2610 2800 statim
2645 2749 3031 2805 voluntatem
3075 2753 3321 2808 habuit
3348 2763 3416 2807 ut
3441 2763 3593 2808 esset
3621 2768 3702 2806 sa.

1985 2836 2155 2904 piens,
2181 2837 2271 2888 sed
2299 2852 2403 2889 nou
2452 2839 2642 2890 statim
2693 2840 2890 2893 adfuit
2923 2842 2984 2895 ei
3023 2858 3202 2911 opus
3238 2845 3573 2913 sapientiae.
3601 2842 3702 2898 Sed

1985 2932 2039 2977 et
2072 2925 2123 2977 iu
2154 2938 2218 2978 ω
2257 2922 2422 2994 586
2465 2927 2587 2994 ipso
2621 2940 2759 2980 cum
2804 2932 3116 2986 eruditur
3153 2945 3230 2989 ut
3281 2937 3534 3004 sapiens
3584 2936 3698 2996 ﬁat,

1987 3024 2184 3084 quanta
2205 3015 2368 3068 stulte
2399 3025 2455 3068 et
2488 3027 2689 3072 contra
2723 3022 3114 3089 sapientiam
3152 3030 3365 3097 gessit
3396 3027 3520 3100 (58)
3555 3030 3569 3082 l
3601 3027 3698 3095 Qui
3772 3075 3774 3078 ,

1991 3114 2167 3156 tamen
2203 3103 2507 3172 intelligere
2529 3105 2762 3174 quidem
2803 3113 3022 3177 potuit
3057 3129 3265 3182 quam
3310 3118 3499 3171 stulte
3527 3133 3702 3186 gesse-

1988 3194 2059 3248 rit
2085 3208 2098 3243 :
2122 3194 2354 3248 habebat
2383 3195 2528 3248 enim
2564 3196 2830 3265 (59ljam
2868 3206 3171 3258 studium
3210 3208 3537 3276 sapientia:
3563 3224 3578 3271 ;
3603 3222 3699 3262 non

1990 3292 2168 3337 tamen
2194 3283 2266 3336 ita
2288 3282 2400 3350 jam
2433 3286 2654 3352 sapiens
2679 3298 2836 3353 erat,
2870 3301 2942 3345 ut
2976 3308 3223 3350 cavere
3250 3307 3470 3365 posset
3493 3297 3700 3366 nequid

1991 3374 2303 3443 insipienter
2327 3375 2672 3432 admitteret.
2703 3378 2820 3434 Iste
2843 3387 3016 3437 ordo
3058 3395 3126 3440 et
3169 3388 3252 3442 de
3283 3388 3578 3456 pudicitia
3609 3387 3698 3441 ln-

1990 3467 2193 3520 beudus
2218 3475 2322 3530 est,
2353 3468 2494 3534 quod
2527 3483 2637 3522 non
2663 3472 2874 3525 statim
2901 3476 3064 3543 quis
3097 3489 3171 3532 ut
3195 3479 3473 3536 voluerit
3507 3480 3702 3551 pudici-

1989 3559 2116 3612 tiam
2147 3559 2407 3626 proliteri,
2427 3561 2592 3614 etiam
2634 3575 2817 3630 Opere
2854 3564 3162 3634 implebit
3191 3581 3268 3627 ut
3303 3572 3491 3626 nullis
3510 3585 3701 3628 concu-

1987 3648 2261 3717 piscentia:
2288 3649 2527 3704 stimulis
2571 3651 2850 3719 agitetur.
2871 3653 2986 3710 Sic
3017 3668 3089 3712 et
3113 3662 3194 3716 de
3229 3663 3696 3725 mansuetudine,

1990 3749 2044 3791 et
2067 3739 2131 3792 de
2155 3738 2437 3806 patientia,
2464 3747 2521 3793 et
2565 3740 2635 3795 de
2678 3741 2950 3812 singulis
2987 3749 3370 3821 quibusque
3404 3752 3699 3806 virtutibus

1989 3831 2263 3884 sciendum
2287 3839 2389 3893 est.
2414 3829 2471 3883 tn
2495 3831 2699 3898 quibus
2729 3837 3044 3894 omnibus
3068 3842 3196 3897 dici
3231 3848 3548 3909 convenit,
3579 3847 3699 3914 quia

1995 3937 2014 3969 ‹
2049 3918 2389 3973 condeleetor
2420 3919 2524 3988 legi
2570 3919 2693 3983 Dei,
2737 3940 2759 3973 ι
2821 3924 2949 3982 hoc
2987 3942 3094 3986 est
3163 3936 3537 4000 virtutibus.
3565 3953 3583 3985 ι
3617 3950 3699 3988 se-

1990 4009 2220 4062 cundum
2262 4009 2580 4063 interiorem
2614 4011 2956 4073 hominem.
3001 4019 3215 4079 Video
3277 4038 3490 4080 autem
3545 4026 3698 4079 aliam

1992 4096 2160 4163 legem
2191 4096 2243 4149 in
2301 4097 2560 4151 membris
2599 4099 2766 4163 mei‘s,
2805 4118 3294 4178 repugnantem
3355 4116 3471 4186 legi
3510 4117 3702 4168 mentis

1994 4200 2147 4250 luem,
2167 4196 2220 4238 et
2243 4187 2516 4254 captivum
2547 4203 2636 4242 me
2660 4189 2993 4251 ducentem
3032 4201 3100 4255 in
3128 4203 3280 4274 lege
3319 4209 3573 4274 peccati,
3593 4223 3704 4275 qua:

357 4288 613 4342 lnutatem
652 4289 784 4341 mala
823 4305 921 4355 ago
945 4328 960 4349 ,
1005 4291 1176 4340 victus
1208 4283 1594 4340 consuetudine
1641 4285 1886 4336 vitiorqu
1922 4308 1964 4362 ι)
1994 4286 2073 4328 est
2105 4275 2156 4327 in
2189 4277 2449 4331 membris
2476 4279 2640 4332 meis.
2679 4297 2699 4330 ι
2739 4281 2920 4348 Quod
2961 4303 3160 4360 supra
3208 4297 3468 4353 dixem;
3512 4316 3534 4350 ι
3575 4299 3704 4350 “ue

360 4395 563 4445 usuque
584 4379 857 4446 peccandi,
887 4397 904 4428 ‹
943 4393 1044 4430 non
1079 4378 1186 4442 jam
1217 4391 1336 4445 ego,
1371 4395 1390 4428 ι
1421 4375 1522 4429 boc
1543 4385 1640 4434 est,
1669 4374 1888 4426 interior

363 4467 538 4530 homo,
577 4483 597 4516 ι
638 4467 776 4534 quod
798 4466 994 4518 bonum
1023 4464 1160 4528 volo,
1181 4465 1280 4518 hoc
1313 4463 1487 4527 facio;
1513 4462 1605 4515 sed
1628 4462 1766 4526 quod
1796 4460 1891 4512 ha-

361 4554 498 4608 bitat
543 4555 594 4606 in
647 4569 730 4607 me
767 4565 1066 4622 peccatum.
1102 4571 1121 4604 ι
1163 4551 1614 4607 Consuetudinem
1665 4562 1891 4616 namque

427 4689 475 4723 ³⁸
509 4689 526 4742 l
563 4687 687 4744 Cor.
731 4703 821 4753 xv,
856 4687 940 4741 10.

430 4804 540 4872 (51)
575 4803 702 4868 Qua:
728 4805 782 4856 iu
812 4803 1068 4857 membris.
1100 4802 1224 4857 Haec
1264 4797 1814 4872 verba_desiderautt1r
1841 4796 1892 4848 in

362 4863 541 4994 fditis',
571 4863 660 4936 qui
710 4881 894 4941 postea
944 4874 1168 4937 habent,
1217 4890 1234 4922 ι
1271 4869 1337 4924 Et
1380 4869 1496 4931 hic,
1544 4867 1594 4920 id
1639 4876 1721 4918 est
1759 4863 1897 4918 Pau-

387 4959 468 4994 us.
509 4959 528 4992 ι
561 4951 664 4994 etc.

387 4959 468 5000 us,
509 4959 528 4992 ι
561 4951 664 4995 etc.

434 4999 544 5077 (32)
584 5010 750 5073 Alias,
793 5026 812 5060 ι
849 5009 1100 5076 templum
1135 5017 1215 5062 est
1249 5007 1480 5074 Spiritus
1509 5003 1699 5059 sancti.
1732 5019 1751 5053 ›
1789 4999 1893 5055 Sed

365 5079 600 5146 potiores
631 5095 758 5133 mss.
785 5089 838 5131 et
868 5078 1121 5131 Rabanus
1145 5089 1200 5130 ut
1232 5078 1284 5130 in
1312 5087 1481 5146 textu.

437 5144 547 5216 (55)
584 5146 764 5216 Alias.
799 5163 830 5216 ¢_
863 5147 1010 5198 initia
1043 5143 1461 5216 conversationis
1504 5139 1792 5208 accipiunt,
1839 5148 1896 5193 ut

368 5212 488 5264 cuiu
517 5212 680 5265 velint
709 5214 940 5280 quidem,
989 5233 1005 5264 ι
1034 5225 1162 5278 elc.,
1188 5213 1342 5266 male.

412 5280 550 5357 _(3i)
589 5277 750 5344 Editi,
784 5300 803 5333 ι
843 5284 1098 5357 mediator
1127 5277 1261 5348 apud
1307 5280 1643 5357 semetipsum
1694 5277 1896 5357 discer-

375 5347 538 5426 νῆις)
572 5364 669 5402 ms.
704 5365 877 5426 unus,
911 5369 928 5399 ε
965 5347 1248 5426 meditatur
1281 5351 1417 5417 apud
1441 5349 1778 5414 seu’tetipsum
1805 5347 1894 5398 de-

373 5419 544 5485 cernit
568 5431 642 5485 υ
671 5419 764 5478 a|.,
789 5435 808 5468 ι
849 5420 1204 5485 decernitque.
1239 5437 1258 5468 ι

407 5547 421 5559 η
592 5483 682 5535 Sic
709 5501 806 5538 ms.
837 5479 1186 5559 unuslicgius
1215 5502 1360 5559 num.
1389 5485 1516 5559 l65‘d
1535 5498 1603 5559 ac
1629 5482 1894 5559 Raliauus.

384 5546 697 5614 Editi'vero,
729 5569 747 5601 ι
779 5562 833 5606 et
870 5546 1099 5610 insolita"
1123 5557 1226 5611 sibi
1273 5569 1456 5608 rursus
1489 5554 1700 5606 itinera.
1733 5569 1750 5600 ι
1787 5550 1896 5612 AL,

1992 4366 2131 4420 enim
2162 4366 2361 4420 bonum
2415 4367 2632 4436 adiacet
2672 4372 2845 4437 mihi,
2906 4395 2929 4428 ι
2977 4379 3086 4436 Iiic
3141 4387 3539 4444 voluntatem
3587 4387 3706 4442 boni

1994 4453 2157 4522 legem
2188 4454 2386 4507 mentis
2415 4455 2730 4510 nominavit
2768 4475 2787 4523 ;
2825 4476 2968 4530 quae
3012 4467 3114 4522 lex
3159 4478 3415 4530 mentis
3449 4475 3709 4530 convenit

1993 4558 2113 4597 cum
2145 4542 2261 4612 lege
2309 4545 2428 4611 Dei,
2475 4553 2532 4599 et
2567 4552 2874 4607 consentit
2901 4555 2988 4612 ei.
3034 4557 3165 4616 Sed
3221 4580 3484 4621 rursum
3532 4577 3710 4621 motus

1999 4815 2019 4847 c
2057 4798 2133 4881 A‘c
2161 4797 2321 4881 solito
2349 4799 2452 4852 sibi
2480 4801 2709 4861 itinere.
2745 4826 2766 4859 ι
2809 4809 2936 4874 AL,
2975 4832 3000 4868 ι
3039 4832 3118 4873 ac
3142 4822 3346 4879 solito
3375 4826 3497 4881 sibi
3529 4837 3590 4880 et
3622 4841 3710 4878 ειε-

1993 4876 2148 4920 sueto
2186 4876 2406 4921 Itinere.
2439 4888 2455 4919 Ι

2089 4933 2177 4994 56)
2216 4934 2391 4994 Edill.
2424 4955 2442 4988 ε
2477 4939 2619 4992 bona
2651 4944 2961 4994 voluntate
3011 4954 3134 4994 (mc
3205 4977 3375 4994 Iun-un
3432 4984 3453 4994 -
3508 4967 3635 4994 tm...

1995 4933 2962 5075 voiggiagwi)agimafmum‘e
3011 4954 3162 5026 (mso
3205 4977 3380 5019 unus
3431 4984 3454 5018 ι
3507 4967 3707 5022 bonam

2572 5079 2801 5170 ill-“llis
2830 5103 3005 5159 vero,
3033 5103 3102 5170 ut
3166 5103 3503 5170 superius,
3538 5126 3560 5158 ι
3596 5117 3706 5161 etc.

1997 5141 2198 5233 00:33::
2221 5159 2587 5233 ιιξξχιιιξιξξκ]
2628 5152 2719 5233 vel
2754 5141 3503 5233 ῑιιιριοον’τῑειειίι›ἳᾟέζ’ῗδ’

2283 5213 2294 5224 .
2531 5214 2544 5226 .
2705 5223 2717 5234 ,
2783 5208 3370 5233 ή-ἰνννινιονηιιυ-υιιδο
3421 5208 3444 5227 σ

2706 5231 3064 5328 Ῥιῗῗάθίῖέ
3079 5241 3188 5328 _
3312 5243 3374 5328 ειη
3392 5258 3481 5328 .θο
3508 5245 3632 5315 ipso
3657 5245 3706 5314 ἢ

1994 5288 2242 5383 ἵξιζιξξξξξξ
2268 5288 2900 5383 νιᾏεξγὶιζιιῆ-ίξεξξτῂυοέι
2923 5288 3282 5383 aiiié‘sn'ilié
3312 5288 3478 5379 ’(ὶὶιῖῖ
3492 5288 3705 5383 (2375"?-

1997 5349 2778 5452 a--:_.:vas2sa
2817 5373 3002 5452 suae
3037 5380 3090 5452 ρ)
3118 5391 3176 5434 ει

2187 5435 2576 5558 i:Lquze
2631 5440 2837 5493 tamen
2908 5424 3242 5523 intelligere

2070 5556 2214 5614 (59Y
2237 5560 2418 5621 Emm.
2450 5567 2612 5624 Deest
2636 5570 2696 5626 iu
2725 5577 2936 5639 editis.
