3894 6270
330 324 360 378 1
373 328 490 380 089

1273 327 1616 384 COMMENT.
1657 326 1722 381 IN
1764 323 1972 378 EPIST.
2002 323 2092 377 AD
2130 325 2288 378 ROM.
2326 325 2451 380 LIB.
2493 326 2582 383 Vl.

3369 323 3500 389 {09C

327 439 590 510 corporis
618 450 670 496 et
698 442 716 508 (
733 439 836 511 40)
881 445 1142 498 desideria
1192 445 1368 497 carnis
1410 444 1576 511 legem
1618 442 1874 495 tnetnhro-
1902 441 1945 496 A
1971 437 2107 489 sicut
2127 453 2260 491 onus
2281 453 2438 506 grave
2461 448 2688 505 gravata:
2711 449 2832 494 sunt
2853 455 3008 508 super
3031 457 3133 497 me.
3157 444 3496 515 Computrue-

325 543 465 580 rum
499 530 650 590 dicit,
682 545 798 599 qua:
824 535 1087 599 captivam
1111 534 1253 584 ducit
1286 533 1535 591 animam,
1570 539 1622 582 et
1671 529 1872 597 peccati

323 619 552 687 legibus
583 621 783 674 subdit.
809 622 1025 675 Certum
1059 637 1140 678 εει
1183 638 1410 687 namque
1435 621 1572 689 quod
1611 622 1872 675 desideria

319 709 523 761 carnis
563 711 796 762 animam
847 713 1054 763 trahant
1083 711 1189 781 (Η)
1221 713 1283 764 ad
1329 722 1630 778 peccatum,
1658 720 1712 764 et
1757 725 1872 763 eam

317 797 549 865 legibus
568 799 686 868 ejus
715 799 941 853 subdant
973 817 986 852 :
1011 812 1063 854 et
1091 804 1226 855 sicut
1253 803 1335 856 lex
1361 804 1568 866 mentis,
1592 818 1710 871 qum
1743 819 1871 856 con-

313 889 502 942 sentit
532 905 658 943 cum
687 890 801 958 lege
825 887 1230 950 Dei,sianimam
1251 897 1469 959 potuerit
1499 893 1757 954 obtinere,
1785 893 1874 945 ad-

312 974 483 1026 ducit
513 989 636 1028 eam
662 978 727 1029 ad
748 978 912 1044 legem
949 977 1061 1042 Dei,
1103 981 1170 1030 ita
1196 988 1249 1032 et
1281 987 1362 1032 lex
1384 995 1502 1048 qure
1533 981 1584 1033 in
1619 982 1871 1034 membris

311 1070 430 1120 est,
457 1069 511 1114 et
537 1064 967 1132 concupiscentia
1002 1067 1198 1130 carnis,
1231 1067 1275 1121 si
1307 1070 1582 1122 seduxerit
1611 1071 1866 1136 animam,

311 1150 538 1213 peccati
571 1165 689 1204 eam
729 1153 939 1220 legibus
973 1158 1178 1209 subdet.
1212 1156 1315 1210 Sed
1353 1172 1471 1212 cum
1514 1159 1624 1212 haec
1655 1159 1866 1224 Paulus,

307 1251 607 1305 assumpta
637 1242 909 1309 fragiliore
943 1259 1190 1310 persona,
1225 1247 1360 1299 intra
1393 1247 1656 1302 hominem
1683 1251 1866 1304 haberi

304 1328 626 1380 certamina
659 1330 771 1400 (42)
797 1333 1082 1394 docuisset,
1121 1345 1174 1387 et
1197 1337 1518 1390 ostendisset
1544 1341 1680 1406 quod
1705 1341 1865 1393 etiam

302 1429 507 1470 contra
544 1423 869 1475 voluntatem
905 1431 999 1492 per
1035 1425 1294 1478 desideria
1338 1429 1514 1481 carnis
1552 1431 1728 1481 anima
1766 1446 1860 1483 usu

305 1509 432 1576 ipso
463 1510 727 1576 peccandi
761 1511 814 1564 in
863 1515 1066 1580 peccati
1089 1514 1206 1580 jura
1243 1526 1556 1584 raperetur,
1599 1518 1865 1575 exclama-

304 1599 465 1651 tione
502 1600 674 1652 utitur
721 1601 894 1655 adhuc
931 1619 996 1654 ex
1032 1618 1252 1669 persona
1294 1601 1435 1658 illius
1462 1620 1620 1672 quem
1664 1607 1865 1660 descri-

299 1687 415 1752 psit
455 1686 600 1756 (43),
630 1696 684 1741 et
713 1687 842 1741 dicit
869 1707 882 1741 :
919 1708 937 1740 ι
969 1691 1128 1744 Miser
1153 1706 1248 1759 ego
1287 1694 1442 1747 homo
1470 1695 1482 1746 ι
1517 1695 1648 1768 Quis
1680 1712 1763 1750 me
1796 1697 1859 1749 li-

1975 536 2099 578 runt
2123 537 2173 578 et
2203 541 2375 579 exesae
2407 539 2528 580 sunt
2551 531 2827 584 cicatrices
2856 546 2986 586 mea:
3023 549 3049 585 a
3087 533 3222 588 facie
3246 537 3498 605 insipien-

1975 619 2060 670 tia:
2108 631 2256 669 mete.
2287 617 2514 672 llliseriis
2555 619 2778 674 alllictus
2821 636 2959 683 sum,
2990 632 3043 677 et
3091 637 3340 680 curvatus
3381 641 3501 680 sum

1973 721 2136 770 usque
2165 709 2216 760 in
2249 708 2402 760 linem
2453 709 2585 778 (48),
2625 729 2642 761 ι
2682 719 2735 764 et
2770 722 2957 764 czetera
3004 715 3195 780 quilms
3247 729 3378 782 pene
3415 717 3500 770 in-

1974 802 2115 860 teger
2164 795 2250 848 hic
2287 796 2539 848 scribitur
2571 795 2833 851 Psalmus.
2868 800 3017 864 Quod
3061 801 3103 852 si
3153 801 3290 856 forte
3337 802 3496 858 alicui

1969 884 2231 936 videbitur
2261 885 2370 938 ha-c
2408 885 2569 937 David
2623 887 2788 951 magis
2820 888 2886 940 de
2937 892 3253 956 semetipso,
3289 907 3386 960 pro
3417 893 3501 948 his

1969 987 2084 1039 qum
2109 974 2409 1027 acciderant
2441 974 2510 1036 ei,
2555 976 2733 1029 dicere
2775 977 3030 1044 potuisse,
3061 996 3217 1044 quam
3252 983 3316 1032 de
3357 982 3496 1047 aliis,

1968 1065 2090 1130 quid
2115 1065 2270 1116 etiam
2294 1065 2357 1117 de
2385 1065 2597 1118 Daniele
2619 1067 2876 1136 dicemus,
2907 1069 3054 1137 cujus
3079 1083 3350 1136 pec-ratum
3377 1073 3498 1138 qui-

1967 1154 2082 1205 dem
2126 1153 2326 1206 nullum
2366 1155 2596 1208 refertur
2629 1155 2739 1223 (49)
2775 1158 3199 1223 exhomologesis
3237 1170 3411 1214 tamen
3442 1159 3496 1214 in

1959 1240 2177 1306 jejuniis
2212 1252 2262 1294 et
2287 1243 2460 1293 cilicio
2492 1255 2543 1295 ct
2570 1245 2746 1296 cinere
2768 1247 3104 1311 describitur,
3133 1259 3185 1300 et
3204 1251 3375 1302 oratio
3402 1252 3496 1302 huc

1956 1313 2203 1379 jusutodi,
2227 1318 2279 1369 in
2299 1335 2398 1387 qua
2420 1322 2558 1376 inter
2579 1336 2766 1379 caetera
2792 1329 2948 1382 etiam
2974 1333 3087 1386 hare
3119 1336 3244 1390 dicit
3267 1357 3279 1390 :
3309 1359 3327 1388 ι
3359 1340 3489 1393 Pec-

1959 1405 2212 1469 cavimus,
2235 1408 2561 1479 iniquitatem
2582 1415 2822 1483 fecimus,
2843 1422 3035 1490 injustc
3056 1427 3278 1495 egimus,
3303 1431 3486 1500 impie-

1965 1515 2124 1560 tatem
2152 1511 2531 1575 commisimus,
2557 1523 2609 1564 et
2634 1514 2993 1576 discessimus,
3030 1526 3082 1568 et
3109 1517 3491 1571 declinavimus

1961 1614 1990 1652 a
2015 1601 2278 1655 mandatis
2301 1604 2403 1657 tuis
2424 1615 2471 1658 et
2502 1621 2530 1657 a
2557 1607 2780 1672 judiciis
2812 1607 2936 1671 tuis,
2963 1617 3016 1661 et
3053 1624 3155 1660 non
3196 1610 3490 1662 audivimus

1961 1702 2144 1742 servos
2173 1700 2291 1744 tuos
2320 1694 2622 1760 prophetas,
2645 1695 2732 1761 qui
2775 1694 3122 1761 loquebantur
3143 1697 3294 1750 nobis
3315 1699 3365 1749 in
3397 1713 3489 1750 no—

300 1775 532 1832 berabit
556 1779 622 1829 de
655 1790 878 1844 corpore
913 1779 1096 1832 mortis
1132 1779 1332 1846 hujus?
1367 1799 1386 1832 ο
1423 1761 1575 1837 Videt
1610 1798 1668 1837 se
1699 1785 1861 1839 mise-
1891 1761 1934 1816 Β
1961 1779 2101 1832 mine
2123 1787 2230 1841 tuo,
2264 1791 2316 1833 et
2349 1784 2580 1849 regibus,
2612 1793 2664 1836 et
2694 1785 3025 1852 principibus
3065 1788 3262 1840 nostris
3285 1788 3414 1857 (50),
3436 1799 3487 1843 et

302 1881 451 1930 rum,
491 1867 641 1919 intra
670 1882 828 1935 quem
860 1877 934 1921 tot
963 1867 1105 1937 leges
1151 1871 1251 1924 sibi
1280 1872 1504 1926 invicem
1543 1887 1855 1944 repugnant,

299 1965 384 2009 tot
429 1957 622 2022 pratia
655 1969 1102 2013 commoventur:
1138 1978 1156 2011 ι
1194 1960 1401 2028 Pugnat
1445 1978 1572 2018 caro
1604 1966 1856 2022 adversus

297 2047 590 2114 spiritum,
619 2047 842 2115 spiritus
881 2058 1058 2102 autem
1086 2051 1342 2105 adversus
1365 2055 1638 2106 carnem”
1667 2072 1682 2108 :
1721 2074 1738 2106 ι
1770 2056 1854 2110 lex

294 2136 495 2203 quaein
535 2137 791 2190 membris
813 2147 895 2192 est
919 2149 1175 2208 repugnat
1207 2143 1304 2210 legi
1339 2144 1551 2206 mentis,
1576 2155 1628 2198 et
1649 2147 1854 2214 captiva

297 2228 520 2281 ducitur
555 2228 730 2282 anima
765 2229 816 2283 in
847 2229 962 2298 lege
998 2233 1226 2298 peccati,
1260 2243 1314 2287 et
1353 2235 1450 2287 sub
1473 2235 1600 2305 jugo
1633 2237 1746 2303 ejus
1775 2237 1855 2292 ef-

296 2315 505 2378 licitur,
543 2318 704 2370 etiam
751 2333 873 2373 cum
905 2319 1129 2372 interior
1162 2321 1322 2374 homo
1352 2322 1444 2374 Dei
1487 2322 1600 2391 lege
1627 2324 1853 2380 delecte-

299 2415 390 2458 tur
421 2420 438 2458 :
467 2407 746 2473 quomodo
768 2407 819 2460 in
845 2408 926 2461 his
953 2416 1028 2461 tot
1055 2419 1110 2462 et
1145 2411 1336 2463 talibus
1380 2412 1532 2467 malis
1556 2427 1662 2466 non
1697 2414 1852 2469 mise-

294 2509 416 2546 rum
453 2511 517 2549 se
558 2497 702 2550 dicat
734 2499 910 2560 homo,
936 2510 988 2550 et
1022 2501 1073 2553 in
1110 2515 1332 2568 corpore
1363 2502 1550 2557 mortis
1574 2503 1850 2558 habitare?

293 2585 492 2639 Merito
557 2601 789 2655 namque
823 2603 1019 2656 corpus
1061 2589 1248 2642 mortis
1292 2589 1604 2658 appellatur,
1646 2593 1699 2643 in
1743 2605 1848 2658 quo

290 2674 510 2728 habitat
555 2687 834 2744 peccatum
877 2679 1016 2746 quod
1066 2680 1255 2733 mortis
1293 2688 1376 2734 est
1422 2693 1602 2732 causa.
1646 2679 1732 2732 Fit
1761 2695 1848 2733 er-

289 2780 358 2833 go
380 2765 495 2833 (44)
539 2767 864 2822 exclamatio
897 2771 1010 2823 haec
1033 2784 1095 2824 ex
1135 2787 1360 2838 persona
1392 2772 1532 2826 illius
1563 2788 1716 2842 quem
1741 2775 1844 2828 ini-

289 2855 362 2907 tia
387 2857 618 2923 quidem
650 2858 1014 2912 conversionis
1043 2863 1313 2929 accepisse
1343 2863 1594 2917 describit
1615 2865 1841 2932 Aposto-

287 2944 395 3009 lus,
430 2947 483 2998 iu
525 2961 590 2999 eo
634 2947 774 3015 quod
813 2947 1058 3003 voluntas
1106 2951 1154 3004 ei
1192 2949 1301 3020 (l5)
1335 2953 1541 3021 adjacet
1582 2955 1724 3018 boni,
1751 2954 1842 3008 sed

292 3034 536 3086 nondum
586 3034 640 3087 in
672 3033 919 3089 eﬂ‘ectum
952 3039 1156 3090 venerit
1185 3039 1330 3094 boni.
1362 3039 1479 3093 Non
1516 3041 1657 3094 enim
1690 3042 1841 3095 inve-

293 3122 366 3174 nil
394 3124 660 3189 perlicere
684 3126 878 3179 bonum
928 3127 1054 3194 quia
1087 3128 1316 3180 nondum
1347 3128 1399 3181 in
1436 3143 1500 3183 eo
1529 3145 1653 3184 usus
1685 3130 1844 3184 inole-

291 3222 444 3264 verat
474 3215 908 3282 exercitiumque
938 3219 1212 3271 virtutum.
1250 3217 1621 3286 Respondetur:-
1646 3234 1771 3272 vero
1796 3219 1842 3273 ei

288 3303 355 3354 ad
383 3303 486 3356 hoc
511 3305 659 3371 quod
684 3305 924 3359 dixerat:
949 3325 966 3357 ι
999 3307 1126 3372 Quis
1153 3323 1240 3361 me
1259 3307 1506 3361 liberabit
1535 3309 1599 3360 de
1619 3321 1840 3376 corpore

289 3398 482 3450 mortis
507 3397 714 3463 hujus?
742 3415 765 3448 ι
789 3397 900 3463 jam
934 3413 1036 3451 non
1071 3413 1136 3450 ex
1157 3397 1296 3450 illius
1324 3413 1546 3465 persona
1575 3399 1709 3466 (46),
1739 3399 1833 3452 sed

287 3497 353 3536 ex
391 3485 692 3552 apostolica
747 3486 1106 3539 auctoritate:
1140 3503 1159 3536 ι
1191 3485 1371 3540 Gratia
1406 3486 1495 3539 Dei
1531 3502 1623 3556 per
1657 3488 1837 3542 Jesum

286 3572 569 3627 Christum
606 3575 884 3628 Dominum
918 3586 1178 3630 nostrum.
1223 3593 1241 3625 ι
1280 3574 1430 3630 Unde
1457 3588 1676 3645 apparet
1697 3578 1838 3646 quod

284 3674 574 3732 propterea
613 3666 726 3718 haec
755 3665 933 3718 omnia
963 3666 1247 3734 descripsit
1279 3667 1582 3734 Apostolus,
1615 3679 1668 3721 et
1699 3667 1836 3722 mala

281 3772 406 3826 qua:
447 3759 597 3812 intra
641 3773 739 3811 nos
769 3756 1060 3825 agebantur
1079 3756 1193 3826 (47)
1229 3759 1494 3826 exposuit,
1524 3767 1581 3811 ut
1620 3760 1685 3811 ad
1715 3757 1838 3811 ulti-

285 3864 429 3902 mum
459 3851 774 3904 ostenderet
808 3859 863 3902 et
887 3849 1097 3902 doceret
1124 3849 1188 3901 de
1213 3849 1424 3916 quantis
1457 3863 1551 3902 nos
1585 3848 1759 3911 malis,
1781 3858 1836 3902 et

281 3941 350 3992 de
376 3940 604 4007 quantis
643 3939 907 3993 mortibus
951 3939 1198 3993 Christus
1234 3940 1446 4006 eripuit.
1475 3939 1624 4005 Quod
1656 3949 1830 3994 autem

283 4027 458 4083 moris
478 4033 554 4088 sit
573 4032 630 4086 in
650 4029 943 4100 Scripturis
1011 4029 1204 4084 divinis
1238 4039 1450 4081 sanctos
1477 4027 1728 4096 personas
1751 4045 1833 4083 as-

281 4133 503 4174 sumere
540 4128 912 4187 peccatorum,
939 4129 992 4174 et
1023 4118 1309 4187 magistros
1353 4119 1631 4186 suscipere
1669 4119 1720 4171 in
1750 4134 1832 4173 se-

281 4209 544 4278 metipsos
569 4209 910 4262 infirmitates
935 4207 1334 4276 discipulorum,
1360 4223 1424 4261 ex
1453 4209 1588 4261 libro
1616 4208 1829 4276 quidem

280 4295 626 4351 Psalmorum
651 4297 954 4366 plenissime
972 4298 1320 4365 perducemur
1335 4313 1396 4350 cu
1406 4313 1452 4350 ιη
1473 4296 1666 4351 dicit":
1679 4315 1698 4348 ς
1715 4295 1828 4351 Non

1956 1867 2195 1934 patribus
2217 1871 2436 1933 nostris,
2466 1881 2517 1925 et
2540 1875 2679 1927 omni
2710 1876 2899 1944 populo
2932 1877 3128 1929 terrae?
3148 1877 3207 1928 Et
3245 1877 3358 1941 tibi,
3384 1879 3482 1931 Do-

1953 1957 2114 2020 mine,
2143 1959 2530 2026 justitia.nobis
2551 1972 2726 2017 autem
2755 1965 2993 2019 confusio
3024 1967 3176 2020 faciei
3205 1967 3270 2022 ".
3307 1985 3326 2019 ο
3357 1967 3486 2034 Quis

1952 2055 2031 2100 est
2055 2050 2140 2115 qui
2167 2050 2220 2102 in
2249 2050 2328 2104 his
2356 2053 2535 2106 verbis
2567 2069 2763 2123 negare
2790 2057 2956 2123 possit
2992 2072 3271 2124 personam
3299 2075 3484 2128 pecca~

1954 2144 2124 2188 torum
2153 2153 2182 2203 a
2233 2137 2446 2193 Daniele
2483 2155 2601 2194 esse
2632 2154 2964 2211 susceptam,
2998 2160 3092 2213 pro
3137 2146 3325 2212 quibus
3370 2155 3483 2200 tan-

1949 2238 2107 2292 quam
2139 2241 2235 2294 pro
2264 2229 2436 2295 seipso
2471 2230 2583 2283 hinc
2631 2231 2804 2284 dicere
2843 2234 3083 2285 videatur
3110 2235 3133 2286 ?
3159 2235 3309 2289 Unde
3354 2250 3483 2289 con-

1948 2316 2165 2370 veniens
2219 2328 2301 2370 est
2349 2333 2445 2371 nos
2500 2319 2734 2387 legentes
2779 2323 2921 2374 dicta
2978 2333 3275 2377 sanctorum
3303 2361 3319 2387 ,
3361 2339 3481 2378 cum

1947 2405 2014 2458 ab
2059 2407 2136 2459 eis
2190 2406 2292 2460 tale
2347 2407 2543 2476 aliquid
2593 2411 2695 2463 dici
2759 2411 3035 2478 videmus,
3081 2414 3376 2483 intelligere
3428 2424 3479 2469 et

1947 2497 2144 2550 sentire
2190 2498 2311 2564 quia
2360 2509 2569 2552 nostras
2616 2499 2667 2553 in
2713 2502 3009 2568 semetipsis
3060 2505 3334 2570 passiOncs
3384 2520 3479 2557 no.

1944 2593 2163 2650 straque
2205 2597 2422 2654 peccata
2471 2590 2812 2653 describunt;
2869 2602 2921 2644 et
2979 2603 3255 2660 propterea
3315 2593 3473 2663 587

1944 2675 2054 2728 haec
2114 2675 2185 2728 illi
2243 2676 2455 2740 deflent,
2518 2686 2573 2731 ut
2639 2679 2844 2732 illorum
2905 2678 3111 2736 ﬂetibus
3149 2697 3244 2733 nos
3289 2683 3476 2737 invite-

1943 2780 2060 2818 tnur
2090 2767 2152 2818 ad
2184 2767 2464 2838 Iacrymas.
2497 2769 2913 2823 Cousiderahant
2939 2772 3077 2824 enim
3112 2772 3376 2826 neminem
3401 2774 3476 2828 ita

1941 2854 2126 2906 durum
2156 2863 2207 2906 et
2236 2856 2497 2924 ingratum
2525 2857 2635 2926 (51)
2663 2873 2816 2925 posse
2844 2858 3088 2919 inveniri,
3129 2861 3218 2926 qui
3251 2875 3370 2912 cum
3406 2863 3475 2916 ab

1940 2943 2056 2996 aliis
2119 2943 2294 2996 videat
2355 2945 2573 2998 vulnera
2652 2961 2747 2999 stta
2824 2946 3035 3014 lugeri,
3098 2946 3210 3014 ipse
3273 2948 3472 3000 nullum

1943 3033 2008 3087 de
2059 3035 2170 3089 suis
2218 3035 2528 3090 vulneribus
2585 3050 2800 3089 sensqu
2848 3036 3047 3088 doloris
3098 3037 3350 3104 accipiat.
3393 3037 3468 3088 Ita

1951 3139 2078 3194 ergo
2107 3133 2160 3179 et
2189 3125 2242 3177 in
2272 3126 2521 3192 praasenti
2554 3126 2784 3194 capitulo
2807 3123 3091 3192 Apostolus
3121 3139 3188 3176 ne
3213 3127 3330 3192 quis
3380 3140 3472 3178 uo-

1946 3224 2113 3268 strum
2139 3217 2562 3272 erubescerctde
2575 3218 2660 3271 his
2675 3230 2794 3283 qua:
2807 3211 2945 3266 intra
2997 3229 3054 3268 se
3081 3216 3191 3282 geri
3226 3216 3468 3276 sentiret,

1945 3315 2034 3357 aut
2066 3307 2226 3357 etiam
2263 3319 2560 3358 conversus
2602 3307 2666 3358 ad
2711 3307 3015 3367 Dominum,
3053 3315 3107 3357 et
3133 3315 3333 3358 mutata
3361 3305 3468 3373 jam

1952 3395 2223 3447 voluntate
2269 3394 2403 3464 (52),
2463 3411 2528 3449 ne
2584 3397 2696 3449 hmc
2737 3397 2908 3448 adhuc
2943 3395 3082 3448 intra
3128 3396 3468 3463 semetipsum

1944 3485 2152 3538 moveri
2183 3487 2419 3538 sentiens
2442 3485 2770 3554 desperaret,
2791 3485 2900 3553 ipse
2923 3499 2985 3537 ea
3012 3485 3162 3554 quasi
3196 3485 3246 3536 in
3275 3493 3468 3538 semet-

1949 3573 2067 3639 ipso
2116 3573 2228 3640 geri
2267 3573 2571 3640 descripsit,
2603 3581 2660 3625 ut
2683 3572 2925 3640 exemplo
2950 3573 3186 3642 Apostoli
3218 3588 3316 3626 nec
3347 3587 3468 3626 cor-

1940 3662 2086 3729 poris
2117 3670 2320 3714 natura:
2345 3663 2541 3729 pudeat
2566 3676 2913 3731 quemquam,
2951 3677 3048 3715 nec
3081 3677 3178 3730 pro
3208 3663 3464 3714 emenda-

1941 3754 2084 3806 tione
2110 3751 2376 3820 desperet,
2405 3766 2502 3805 nec
2534 3752 2794 3806 utalorum
2840 3767 3054 3804 suorum
3100 3752 3467 3806 multitudines

1938 3839 2168 3908 ignoret,
2201 3852 2267 3891 ex
2298 3839 2491 3908 quibus
2526 3853 2622 3907 per
2651 3835 2851 3902 Christi
2881 3837 3106 3907 gratiam
3137 3837 3412 3892 liberatur.

2007 3929 2094 3982 10.
2138 3945 2156 3978 ι
2203 3927 2386 3996 Itaque
2437 3943 2535 3995 ego
2585 3928 2698 3996 ipse
2740 3937 2915 3995 mente
2962 3927 3138 3980 servio
3199 3927 3298 3996 legi
3349 3928 3462 3994 Dei,

1936 4035 2097 4074 carne
2125 4029 2300 4073 autem
2345 4019 2442 4088 legi
2480 4018 2682 4086 peccati
2725 4019 2793 4074 ⁸⁸.
2844 4037 2862 4068 ι
2919 4018 3076 4072 Forte
3105 4017 3299 4086 aliquis
3326 4019 3464 4072 dicet

1935 4110 2076 4179 quod
2108 4108 2415 4178 Apostolus,
2467 4107 2555 4176 qui
2590 4121 2730 4160 nunc
2771 4121 2937 4174 usque
2990 4121 3091 4159 non
3131 4107 3281 4174 quasi
3328 4106 3462 4174 ipse,

1935 4200 2028 4254 sed
2076 4209 2352 4268 assumpta
2388 4199 2612 4253 alterius
2662 4211 2890 4266 persona
2940 4199 3148 4250 locutus
3171 4205 3271 4258 est,
3307 4197 3462 4248 modo

1934 4289 2075 4344 velut
2099 4303 2338 4358 persona:
2362 4289 2790 4343 immutationem
2815 4287 3098 4354 designans
3127 4286 3290 4347 dicat,
3314 4301 3332 4334 ι
3353 4283 3460 4350 Ego

278 4396 361 4438 est
393 4403 499 4454 pax
541 4388 756 4441 ossibus
786 4387 918 4441 meis
960 4403 988 4438 a
1023 4387 1155 4440 facie
1186 4397 1524 4455 peccatorum
1567 4401 1826 4450 meorum,
1859 4400 1903 4454 Ῑ)
1933 4380 2065 4448 ipse,
2089 4398 2106 4430 ³
2147 4390 2203 4433 ut
2235 4381 2484 4433 Ostendat
2513 4378 2625 4431 haec
2656 4393 2775 4446 quae
2799 4378 3022 4431 dicenda
3055 4385 3200 4439 sunt,
3249 4376 3312 4425 ad
3371 4390 3456 4426 se-

276 4480 407 4544 quia
452 4479 772 4546 iniquitates
811 4475 1152 4545 superpositae
1196 4485 1317 4530 sunt
1365 4475 1523 4544 capiti
1571 4490 1714 4539 meo,
1773 4483 1828 4530 et

353 4610 604 4669 “Galat.
653 4628 710 4674 v,
745 4611 829 4665 l7.
901 4611 949 4648 ⁸⁸
976 4610 1114 4664 Psal.
1142 4623 1342 4672 xxxv",
1370 4607 1483 4662 4-7.
1555 4608 1600 4640 ’⁸
1636 4608 1767 4661 Dan.
1801 4623 1875 4670 ιχ,
1907 4605 1940 4660 5
1968 4619 2083 4673 seq.

350 4736 463 4798 (40)
507 4737 599 4792 Et.
629 4738 966 4792 Desideratnr
995 4730 1045 4782 in
1077 4737 1230 4782 antea
1260 4727 1434 4783 editis.

373 4795 462 4870 41)
505 4809 675 4868 Alias,
706 4825 724 4858 t
776 4807 1008 4862 trahunt,
1047 4817 1081 4870 ιΔ
1116 4807 1168 4870 et
1207 4806 1406 4865 postea,
1450 4813 1470 4847 ι
1505 4795 1752 4849 subdunt.
1792 4814 1811 4847 ι

373 4806 462 4870 41)
505 4809 675 4868 Alias,
706 4825 724 4858 t
776 4807 1008 4862 trahunt,
1047 4817 1066 4849 ι
1116 4807 1168 4850 et
1207 4806 1406 4865 postea,
1450 4813 1470 4847 ι
1505 4806 1752 4849 subdunt.

347 4806 464 4944 142)
506 4878 679 4940 Alias,
715 4895 734 4926 ι
771 4867 1336 4944 certatnen__ltabere._t
1403 4933 1416 4944 ο
1759 4931 1772 4944 .

351 4932 463 5013 (45)
509 4932 678 5010 Ωιιρηί
715 4943 1006 5008 descripsit.
1034 4939 1158 4993 Haec
1201 4934 1357 4988 verba
1403 4933 1454 4986 in
1482 4932 1640 4985 editis
1670 4932 1819 4986 omit-

264 5023 476 5067 tuntur.

351 5084 464 5150 (44)
509 5082 670 5138 Editi.
706 5099 725 5130 ι
760 5079 839 5150 Sit
864 5090 1012 5150 ergo.
1047 5092 1066 5125 ι

350 5144 466 5217 (45‘)
511 5148 841 5218 Ei-Deeslit'
870 5144 1049 5218 aditi?-
1165 5216 1171 5218 _

370 5206 464 5282 46)
508 5217 762 5269 Persona.
789 5212 981 5282 Nullibi
1010 5211 1059 5262 in
1090 5216 1242 5262 antea
1276 5206 1430 5258 editis
1451 5211 1739 5272 comparet.

370 5226 464 5282 46)
508 5226 762 5269 Persona.
789 5226 981 5266 tVutttbt
1010 5227 1059 5262 tu
1090 5226 1153 5262 an

347 5226 461 5424 3:67;
499 5286 667 5364 Alias,
706 5304 724 5333 ι
771 5280 1108 5357 gerebantur.
1139 5293 1160 5355 ξ

371 5355 440 5407 48
501 5356 680 5414 Alias,
733 5369 751 5402 ι
799 5361 1046 5416 quantam
1098 5359 1160 5424 ll'l‘l

371 5342 461 5416 48)
501 5342 680 5414 Alias»,
733 5342 1046 5416 t'quoniam
1098 5342 1402 5416 iniquitates
1453 5353 1581 5392 mete
1625 5353 1814 5404 super-

277 5411 476 5490 gressa:
511 5431 636 5475 sunt
659 5411 1449 5490 caput'meum....Patrueruut
1477 5417 1816 5490 et'corruptge
1896 5445 1900 5448 .

276 5473 560 5554 ξιιίιῖᾇιὶζι
592 5473 906 5556 exarserunt
929 5480 1266 5556 r)cicatrice_s
1296 5492 1422 5556 meze
1458 5492 1486 5526 a
1523 5473 1816 5556 faxie‘iusi:

279 5541 668 5624 διίέίίιῖωίιηεω.
697 5553 854 5604 Miser
867 5541 1034 5624 factus
1053 5562 1164 5624 sum
1185 5543 1275 5610 (εει,
1297 5563 1312 5592 ‹
1341 5543 1497 5597 Miser
1525 5541 1747 5595 afﬂictus
1772 5543 1816 5609 ι)

277 5615 332 5679 et
356 5634 610 5680 curvatus
639 5636 757 5677 sunt
791 5628 953 5684 usque
977 5615 1026 5666 iu
1059 5615 1234 5665 linem.
1269 5632 1287 5661 ι

1930 4473 2101 4540 ipsum
2154 4470 2291 4523 idem
2330 4468 2618 4537 Apostolus
2663 4468 2931 4538 pertinere
2957 4467 3089 4539 (55).
3115 4465 3251 4520 Dicit
3277 4470 3456 4518 autem

2155 4601 2200 4634 "
2228 4599 2382 4655 Rom.
2412 4613 2508 4663 vn,
2537 4597 2629 4652 25.

1990 4723 2100 4794 (49)
2129 4719 2577 4799 .Etllljﬂlffel‘llll',
2607 4717 2699 4772 sed
2725 4715 2808 4770 vir
2835 4715 3214 4770 desideriorum
3239 4716 3451 4780 dicitur,

1922 4788 2096 4862 tamen
2128 4788 2427 4862 injejunii8_.
2469 4805 2489 4838 ι
2599 4853 2611 4862 ,
2784 4852 2796 4862 ,
2841 4852 2852 4862 ,
2986 4850 3009 4862 -
3069 4850 3081 4862 .
3256 4851 3266 4861 .
3313 4850 3325 4862 .

1990 4860 2098 4930 (50)
2137 4850 2298 4930 Alias,
2335 4873 2354 4906 ι
2383 4853 2756 4930 Peccavimus,
2783 4852 2960 4930 inique
2981 4850 3225 4930 fecimus,
3255 4850 3450 4918 injuste

1919 4920 2144 4999 egimus,
2165 4926 2681 4999 _et__impietatem....
2716 4931 2771 4999 e_t
2799 4920 3256 4999 declinavitnttsa
3279 4933 3445 4999 utan:

1919 4984 2056 5052 datis
2088 4984 2142 5050 et
2159 4984 2371 5064 iudiciis
2401 4990 2526 5060 (ala
2553 4987 2861 5064 amandatis
2893 4995 2948 5038 et
2977 5002 3005 5064 a
3031 4984 3444 5064 judiciis‘tuisi)

1916 5077 1971 5120 et
2000 5080 2103 5118 non
2146 5055 2474 5116 obedivimus
2505 5057 2673 5110 servis
2719 5056 2820 5107 tuis
2852 5055 3189 5120 prophetis...
3215 5060 3271 5106 et
3310 5055 3447 5121 regi-

1917 5133 2016 5190 bus
2046 5131 2258 5188 nostris,
2285 5136 2342 5179 et
2367 5125 2694 5194 principibus
2738 5122 2952 5185 nostris,
2987 5139 3006 5171 ι
3037 5133 3144 5174 etc.

1986 5222 2095 5294 (51)
2130 5218 2266 5272 Editi
2295 5215 2556 5284 plerique,
2594 5229 2614 5262 ι
2641 5213 2902 5279 ignarum,
2940 5227 2960 5260 ι
2997 5209 3157 5262 male.

1989 5313 2099 5384 (52)
2125 5310 2290 5372 Alias,
2319 5322 2339 5356 ι
2366 5313 2420 5380 et
2451 5310 2648 5358 mutata
2680 5299 2924 5368 quisjam
2958 5299 3251 5352 voluntate.
3277 5315 3297 5349 ι

1990 5402 2098 5468 (55)
2128 5399 2291 5470 Alias,
2327 5412 2345 5444 ι
2378 5403 2437 5470 ut
2461 5391 2710 5470 ostendat
2739 5389 2850 5470 haec
2877 5386 3076 5470 ditisse
3124 5388 3239 5470 (ab,
3285 5388 3434 5470 deest

1935 5455 2286 5535 «dixissedad
2319 5462 2546 5535 seipsom
2581 5459 2716 5512 idem
2757 5455 3042 5535 Apostolus
3073 5458 3376 5535 pertineret.
3411 5472 3435 5507 ι

1925 5523 2093 5599 Attidis,
2125 5552 2143 5584 ‹
2179 5523 2233 5586 ut
2258 5523 2500 5599 ostendat
2525 5529 2650 5599 haec
2673 5538 2775 5590 qua
2815 5524 3035 5599 dicenda
3079 5534 3220 5587 sunt,
3260 5523 3324 5575 ad
3359 5535 3441 5580 se

1927 5591 2119 5676 ipsum,
2151 5603 2201 5657 id
2230 5609 2311 5655 est
2339 5597 2404 5651 ad
2439 5593 2744 5664 Apostolum
2770 5591 3054 5658 pertinere.
3076 5612 3095 5644 ι
