3894 6244
316 282 448 336 1091

1754 259 2068 316 ORIGENIS

3524 223 3676 279 10οΞ

317 396 441 463 quia
465 400 641 447 mente
661 387 860 442 serviat
885 384 986 453 legi
1019 384 1132 447 Dei,
1165 395 1328 437 carne
1356 389 1532 435 autem
1567 380 1670 450 legi
1715 393 1840 448 pec-
1869 383 1915 438 Α
1945 383 2120 428 autem
2157 369 2260 437 legi
2299 368 2414 434 Dei,
2446 374 2501 420 et
2530 377 2658 418 esse
2720 357 2844 413 sub
2900 351 3037 419 lege
3069 341 3391 445 Spiritus.
3591 344 3682 463 fit

317 485 443 546 cati,
470 480 619 548 quasi
656 485 800 530 tanta
831 477 900 530 sit
924 475 1174 542 peccandi
1209 475 1312 537 vis,
1349 481 1491 526 tanta
1539 472 1723 526 carnis
1750 481 1838 539 ty-

319 573 519 634 rannis,
543 584 700 639 quam
727 582 824 623 nec
841 565 1126 635 Apostolus
1150 565 1314 633 possit
1339 562 1604 631 ellugere;
1630 572 1683 615 et
1708 576 1837 630 pro-

319 620 611 639 --------.τ-
771 620 786 623 ν
889 620 902 635 .
1150 620 1166 633 .
1447 620 1475 631 υ
1591 620 1602 627 ν
1709 620 1723 630 -

316 671 498 731 pterea
548 659 601 712 in
665 657 783 711 aliis
840 657 1073 720 dixerit,
1125 655 1251 722 quia
1309 671 1327 704 ι
1379 666 1589 706 macero
1651 665 1843 716 corpus
1941 643 2147 696 servire
2179 637 2418 698 veritati,
2451 630 2845 696 omnibusqne
2885 620 3082 731 Sirmi!

1944 732 2062 784 bus.
2095 728 2248 784 Unde
2273 741 2378 778 non
2406 731 2488 776 est
2522 719 2850 790 putandum
2881 707 3059 779 quod

1945 819 2090 886 quis,
2127 827 2180 870 et
2207 815 2392 867 statim
2426 822 2485 863 ut
2517 787 2796 868 voluerit,
2842 820 2874 855 a
2913 795 3206 854 servitio
3241 790 3416 858 legis
3453 787 3686 886 peccati

315 765 489 805 meum
523 749 656 817 (54),
691 757 744 800 et
772 747 1010 801 servituti
1032 745 1278 813 subjicio,
1314 761 1379 799 ne
1414 745 1548 796 forte
1577 756 1695 796 cum
1724 740 1842 794 aliis

317 837 750 907 praedicaverim,
789 837 900 904 ipse
930 836 1184 901 reprobus
1209 834 1407 887 etliciar
1431 833 1496 883 ’⁷.
1527 851 1545 884 ι
1593 831 1695 884 Sed
1729 831 1845 882 haec

317 927 406 994 qui
436 941 497 980 ex
529 940 754 994 persona
783 925 1020 992 Apostoli
1073 924 1268 986 accipit
1317 924 1478 984 dicta,
1521 920 1847 990 desperatio-

321 1033 442 1073 nem
475 1018 605 1072 mihi
635 1017 842 1070 videtur
876 1015 1115 1068 incutere
1153 1015 1295 1067 omni
1331 1015 1542 1074 animae,
1575 1011 1714 1078 quod
1748 1023 1845 1062 ne-

325 1123 412 1162 mo
437 1109 507 1162 sit
533 1123 753 1176 prorsus
779 1105 869 1174 qui
923 1120 1027 1158 non
1079 1116 1264 1172 peccet
1307 1107 1357 1155 in
1390 1116 1571 1156 carne.
1613 1101 1722 1153 Hoc
1767 1107 1850 1152 est

319 1200 462 1252 enim
491 1211 651 1250 carne
675 1195 875 1249 servire
905 1194 1005 1260 legi
1039 1194 1238 1261 peccati
1265 1190 1394 1262 (55).
1423 1191 1546 1243 Mihi
1575 1204 1702 1254 ergo
1732 1203 1848 1240 ma-

323 1290 403 1359 gis
439 1289 654 1342 videtur
702 1287 844 1340 illius
897 1285 1070 1338 adhuc
1126 1292 1306 1335 tenere
1355 1294 1656 1348 personam,
1687 1292 1849 1346 quam

325 1395 487 1449 supra
519 1379 572 1431 in
598 1376 882 1444 semetipso
908 1375 1210 1442 descripsit,
1240 1373 1395 1439 quasi
1436 1371 1706 1424 voluntate
1742 1367 1850 1434 jam

324 1476 379 1523 et
406 1468 684 1536 proposito
709 1467 775 1518 ad
803 1465 1025 1520 meliora
1055 1462 1325 1524 conversi,
1373 1471 1428 1514 et
1474 1469 1651 1513 mente
1695 1467 1853 1524 atque

323 1559 502 1612 animo
529 1557 631 1625 legi
671 1556 764 1610 Dei
793 1555 1100 1617 servientis,
1135 1553 1368 1605 nondum
1401 1559 1575 1604 tamen
1621 1549 1672 1601 id
1718 1547 1854 1600 obti-

326 1647 528 1710 nuisse,
580 1655 637 1699 ut
687 1647 846 1699 etiam
901 1645 1076 1698 carnis
1121 1640 1476 1694 obedientiam
1528 1639 1581 1692 in
1627 1651 1855 1690 consen-

325 1751 444 1791 sum
474 1735 583 1803 (56)
615 1735 806 1788 mentis
828 1733 1132 1786 adduceret.
1161 1730 1368 1784 Etenim
1398 1729 1648 1797 quoniam
1681 1727 1732 1780 in
1764 1741 1856 1778 sn-

328 1825 634 1894 perioribus
678 1825 746 1878 de
799 1822 1211 1877 mortiﬁcatione
1240 1819 1477 1886 corporis
1513 1819 1856 1875 disseruerat,

327 1920 384 1964 et
431 1912 644 1965 Christo
694 1909 1147 1964 commoriendum
1199 1920 1318 1960 esse
1377 1906 1652 1968 docuerat,
1690 1905 1742 1956 in
1777 1903 1858 1956 his

332 2014 474 2053 nunc
522 2014 680 2067 quam
710 2014 815 2052 non
846 1999 918 2051 sit
944 1998 1174 2051 otiosum
1219 1998 1320 2050 hoc
1364 2009 1496 2062 opus
1526 1994 1737 2047 videtur
1769 2006 1858 2045 osc

332 2091 572 2152 tendere,
605 2100 658 2143 et
687 2090 877 2142 docere
905 2087 1025 2156 quia
1060 2102 1164 2140 non
1193 2087 1373 2140 statim
1417 2095 1476 2138 ut
1504 2085 1615 2136 vult
1647 2083 1858 2151 aliquis,

333 2189 386 2232 et
435 2188 490 2232 ut
536 2178 873 2247 proposuerit
938 2176 1160 2239 bonum,
1214 2177 1464 2229 continuo
1516 2174 1676 2226 etiam
1723 2172 1862 2224 facto

333 2265 668 2333 adimpletur,
699 2266 789 2318 sed
819 2263 902 2316 vel
929 2263 1334 2316 consuetudinis
1364 2271 1504 2314 tanta
1533 2261 1633 2325 vis,
1669 2259 1752 2313 vel
1785 2259 1865 2310 vi-

338 2357 528 2410 tiorum
561 2363 705 2408 tanta
733 2354 955 2407 dulcedo
991 2363 1093 2418 est,
1147 2363 1207 2405 ut
1257 2367 1376 2405 cum
1403 2351 1612 2402 animus
1637 2349 1746 2417 jam
1785 2348 1866 2399 in-

339 2449 518 2503 tendat
537 2448 600 2499 ad
625 2448 896 2507 virtutem,
915 2454 968 2498 et
995 2445 1096 2512 legi
1119 2442 1435 2518 Deiservire
1459 2441 1709 2494 decernat
1727 2436 1862 2508 (57),

337 2539 511 2592 carnis
543 2547 716 2590 tamen
751 2535 1011 2588 desideria
1046 2533 1248 2587 servire
1281 2541 1524 2600 peccato,
1566 2539 1618 2582 et
1661 2529 1866 2597 legibus

339 2628 452 2692 ejus
480 2641 668 2696 parere
701 2626 1084 2692 persuadeant.

415 2718 502 2771 ll.
553 2735 570 2764 ι
605 2714 745 2768 Nihil
779 2729 905 2779 ergo
937 2730 1077 2766 nunc
1126 2711 1481 2766 damnationis
1521 2718 1603 2764 cst
1647 2709 1731 2762 his
1777 2709 1866 2776 qni

341 2818 472 2862 sunt
498 2808 550 2860 in
566 2806 778 2860 Christo
803 2801 927 2856 Jesu
960 2802 1086 2871 (58).
1113 2802 1223 2856 Lex
1249 2804 1388 2855 enim
1420 2803 1638 2869 Spiritus
1663 2803 1786 2853 vitaz
1811 2801 1861 2852 in

343 2897 555 2950 Christo
601 2894 724 2948 Jesu
757 2894 1007 2948 liberavit
1034 2906 1116 2944 me
1147 2907 1175 2943 a
1209 2892 1326 2960 lege
1372 2891 1577 2960 peccati
1625 2900 1679 2944 et
1727 2905 1869 2942 mor-

1939 465 2154 520 Christo
2216 459 2439 514 servire.
2495 454 2734 508 Christo
2797 453 3015 500 autem
3074 433 3368 492 servire,
3407 428 3550 520 ihoc
3590 435 3684 520 est

1941 517 2148 609 servire
2199 547 2501 615 sapientiai,
2557 545 2669 596 hoc
2717 546 2817 592 est
2878 529 3134 588 servire
3201 522 3346 615 (ὃς)
3396 517 3680 615 Ῑιιξιίιίίιῖ,

3122 613 3395 670 servire
3439 607 3685 662 virtuti—

3102 704 3194 758 ad
3241 699 3531 754 subitum
3560 695 3683 764 (ϐε)

1948 875 2235 960 translatus
2280 902 2554 957 elﬁciatur
2595 898 2652 950 in
2690 893 2946 948 Christo
3004 884 3200 946 Jesu,
3269 882 3361 934 ita
3427 889 3499 930 ut
3545 875 3688 928 nihil

1949 995 2000 1048 in
2031 1009 2095 1048 eo
2126 994 2234 1062 jam
2268 992 2496 1044 obtentu
2545 985 2773 1053 peccati
2833 970 3300 1034 damnationis
3364 968 3688 1023 habeatur.

1949 1059 2194 1152 Requirit
2223 1090 2402 1134 autem
2440 1079 2554 1148 (63)
2591 1079 2647 1130 in
2680 1083 3072 1140 unoquoque
3113 1072 3358 1134 partes
3413 1075 3566 1113 suas
3595 1059 3690 1125 ju-

1949 1175 2096 1229 stitia
2135 1173 2376 1240 :probat
2422 1170 2468 1222 si
2513 1169 2589 1220 ita
2621 1165 2743 1234 jam
2780 1158 3178 1216 emendatus
3238 1161 3347 1207 est
3382 1159 3451 1205 et
3493 1163 3692 1204 corre-

1952 1273 2072 1316 ctus
2123 1261 2260 1329 (64),
2294 1269 2354 1312 ut
2394 1256 2530 1311 nihil
2577 1254 2633 1306 in
2658 1245 2966 1317 eoinjusti
2991 1242 3234 1312 operis
3302 1241 3592 1296 inveniat
3623 1255 3691 1292 ex

1951 1368 2056 1421 quo
2087 1349 2358 1406 damnatio
2391 1345 2796 1413 subsequatur.
2853 1338 3187 1394 Similiter
3216 1344 3289 1388 et
3321 1332 3566 1386 veritas
3602 1345 3693 1385 re-

1954 1443 2118 1511 quirit
2164 1443 2216 1494 in
2265 1450 2597 1505 unoquoque
2652 1441 2887 1501 partem
2945 1442 3172 1488 suam,
3237 1423 3297 1478 si
3363 1422 3694 1475 translatus

1953 1534 2074 1601 quis
2105 1548 2135 1585 a
2183 1531 2298 1599 lege
2330 1526 2536 1597 peccati
2572 1524 2724 1576 nulla
2750 1523 2878 1590 jam
2950 1533 3035 1573 ex
3095 1526 3300 1584 parte
3349 1512 3695 1566 inveniatur

1954 1621 2209 1688 obsequia
2242 1618 2490 1672 veritatis
2515 1613 2932 1669 contaminare
2993 1605 3364 1660 mendacio
3419 1602 3574 1672 (65).
3606 1603 3695 1655 Si-

1886 1690 1927 1742 Β
1957 1709 2152 1763 militer
2178 1719 2231 1758 et
2261 1704 2523 1773 pudicitia
2556 1711 2782 1770 partem
2815 1713 3004 1751 suam
3049 1694 3370 1756 discutit,
3428 1693 3479 1746 si
3527 1691 3694 1745 nullis

1958 1801 2023 1853 ab
2045 1813 2110 1852 eo
2145 1796 2433 1865 impudicis
2459 1793 2572 1863 (66)
2609 1789 2938 1845 desideriis
2986 1785 3404 1840 maculatur.
3446 1782 3548 1836 Sic
3578 1784 3695 1849 pie-

1959 1902 2066 1954 tas,
2095 1889 2176 1942 sic
2206 1886 2475 1956 sapientia
2510 1893 2702 1951 partes
2732 1895 2880 1935 suas
2915 1879 2981 1931 in
3027 1890 3448 1944 unoquoque
3500 1874 3690 1926 discu-

1961 1981 2118 2045 tiunt,
2153 1992 2287 2045 quas
2314 1976 2359 2028 si
2393 1983 2544 2028 reete
2579 1980 2636 2026 et
2669 1972 2912 2040 integre
2959 1968 3026 2020 in
3064 1982 3146 2021 eo
3192 1975 3502 2020 constare
3531 1979 3685 2032 repe-

1963 2069 2148 2130 rcrint,
2177 2075 2307 2119 tunc
2337 2065 2390 2116 in
2425 2061 2654 2115 Christo
2691 2074 2852 2121 esse,
2921 2065 2994 2110 et
3051 2055 3227 2109 nihil
3285 2054 3690 2109 damnationis

1964 2159 2166 2212 habere
2203 2154 2504 2222 putabitur.
2543 2152 2679 2215 Quae
2726 2147 2924 2217 588
2992 2149 3234 2215 utique
3288 2144 3552 2199 dubium
3585 2160 3686 2196 non

1963 2258 2044 2302 est
2072 2247 2197 2314 quin
2233 2259 2332 2297 usu
2363 2253 2419 2296 et
2444 2238 2824 2294 meditatione
2872 2240 3075 2306 longa
3113 2246 3186 2292 et
3230 2237 3463 2291 labore
3511 2235 3689 2304 pervi-

1963 2340 2052 2409 gili
2081 2341 2476 2406 conquirantur
2506 2331 2647 2396 (6'1).
2685 2329 2756 2380 Et
2798 2330 2950 2383 ideo
2990 2344 3128 2383 non
3170 2330 3414 2384 otiosis
3447 2329 3574 2382 haec
3601 2343 3688 2380 ac-

1963 2431 2143 2483 cidere
2171 2436 2262 2479 ant
2291 2424 2553 2493 segnibus
2586 2429 2812 2474 certum
2852 2431 2959 2472 est
2990 2437 3008 2484 ;
3046 2421 3166 2474 sed
3214 2421 3527 2489 paulatim
3563 2433 3687 2487 pro-

1965 2519 2212 2579 ﬁciendo,
2240 2527 2292 2570 et
2341 2517 2518 2583 primo
2549 2527 2759 2580 pauca,
2802 2519 2962 2566 tunc
3003 2513 3257 2566 deinde
3298 2511 3579 2574 minima,
3619 2511 3683 2560 ad

1965 2611 2234 2673 ultimum,
2264 2608 2310 2661 si
2339 2606 2594 2658 obtinere
2622 2606 2971 2673 potuerint,
3010 2605 3199 2658 nulla
3241 2605 3590 2674 peccando.
3625 2601 3690 2653 Et

1966 2701 2071 2753 hoc
2098 2699 2336 2751 sentiens
2362 2697 2580 2749 videtur
2606 2695 2744 2748 mihi
2769 2697 2944 2748 idem
2975 2696 3349 2765 Apostolus
3385 2695 3687 2763 scripsisse

1966 2790 2018 2842 in
2050 2789 2170 2844 aliis
2204 2805 2216 2839 :
2251 2805 2269 2836 ‹
2300 2785 2590 2839 Praeterito
2623 2787 3036 2850 obliviscens,
3079 2787 3166 2840 ad
3212 2789 3435 2840 futura
3465 2801 3555 2839 me
3585 2799 3681 2837 ex-

1969 2879 2186 2932 tendens
2219 2877 2263 2910 ”
2310 2895 2324 2929 :
2367 2895 2385 2926 ι
2438 2877 2650 2930 docens
2709 2891 2818 2944 per
2881 2876 3029 2930 haec
3090 2879 3434 2946 praeterita
3490 2877 3689 2932 debere

345 2989 413 3042 tis
433 2987 498 3039 ⁸⁸.
523 3006 540 3038 ι
575 2986 700 3052 Quae
728 2993 870 3038 esset
893 2984 1173 3038 diversitas
1198 2983 1249 3036 in
1277 2983 1359 3035 his
1379 2982 1467 3048 qui
1493 2981 1633 3033 velut
1667 2981 1718 3033 in
1743 2994 1872 3047 quo-
1895 2990 1936 3048 α
1968 2980 2086 3022 esse
2116 2980 2178 3018 ea
2207 2965 2259 3017 in
2287 2964 2485 3031 quibus
2514 2966 2806 3033 culpabile
2859 2965 3122 3035 aliquid
3181 2969 3414 3035 fuerit,
3459 2979 3520 3024 et
3548 2969 3685 3022 obli-

345 3081 462 3134 dam
490 3077 782 3132 certamine
811 3077 969 3143 positi
1002 3085 1183 3128 mente
1213 3075 1430 3142 quidem
1469 3070 1758 3124 secundum
1791 3069 1869 3122 le-

347 3184 464 3235 gem
501 3171 590 3222 Dei
626 3169 825 3230 vivunt,
856 3166 1036 3221 carnis
1067 3179 1194 3218 vero
1241 3154 1523 3217 desideriis
1557 3169 1784 3228 aguntur
1817 3159 1868 3212 in

348 3259 514 3328 legem
551 3259 749 3327 peccati
794 3257 929 3326 (59),
978 3257 1032 3309 in
1077 3254 1442 3322 superioribus
1480 3251 1676 3304 docuit.
1716 3248 1870 3302 Nunc

347 3363 475 3402 vero
503 3349 567 3401 de
597 3349 681 3402 his
710 3348 859 3409 dicit,
888 3346 976 3414 qui
1007 3360 1112 3398 non
1149 3345 1258 3412 jam
1307 3357 1371 3395 ex
1418 3351 1574 3409 parte
1605 3340 1656 3392 in
1683 3354 1869 3402 carne,

349 3452 414 3492 ex
445 3446 591 3504 parte
617 3437 670 3489 in
700 3439 915 3504 spiritu,
942 3435 1035 3489 sed
1065 3448 1130 3487 ex
1160 3435 1366 3500 integro
1395 3432 1449 3485 in
1475 3431 1688 3484 Christo
1711 3438 1870 3484 sunt:

352 3537 406 3580 et
447 3527 760 3594 pronuntiat
816 3527 866 3579 in
917 3525 1001 3578 his
1048 3523 1179 3576 nihil
1226 3522 1566 3575 damnatione
1632 3532 1749 3574 esse
1794 3518 1876 3570 di-

352 3631 512 3684 gnum
543 3614 676 3685 (60),
703 3615 824 3683 quia
852 3634 869 3665 ι
899 3614 982 3668 lex
1005 3614 1225 3682 spiritus
1250 3611 1372 3664 vitae
1405 3612 1456 3664 in
1485 3608 1700 3664 Christo
1743 3606 1871 3663 Iesu

354 3705 597 3758 liberavit
625 3719 718 3758 eos
747 3720 774 3757 a
802 3704 917 3771 lege
948 3702 1150 3771 peccati
1177 3709 1232 3754 et
1257 3700 1466 3753 mortis.
1501 3717 1519 3750 ι
1549 3698 1658 3752 Lex
1693 3709 1872 3751 autem

355 3795 577 3863 spiritus
615 3794 738 3848 vita:
793 3809 895 3846 una
946 3792 1240 3858 eademque
1283 3798 1364 3842 est
1408 3804 1524 3857 qua:
1549 3797 1603 3841 et
1627 3787 1712 3842 lex
1741 3787 1870 3840 Dei:

355 3885 495 3938 sicut
524 3899 731 3937 rursum
780 3899 881 3936 una
920 3893 1078 3950 atque
1120 3881 1304 3936 eadem
1353 3887 1436 3932 est
1474 3877 1559 3931 lex
1590 3877 1795 3944 peccati
1824 3884 1878 3929 et

357 3973 569 4028 mortis.
621 3973 761 4028 Nihil
789 3989 916 4042 ergo
945 3969 1301 4026 damnationis
1342 3968 1445 4022 erit
1474 3967 1557 4020 his
1584 3966 1674 4034 qui
1704 3981 1734 4018 a
1763 3965 1878 4034 lege

359 4063 583 4130 peccati,
612 4077 728 4131 qua:
759 4074 840 4116 est
866 4063 950 4117 lex
979 4060 1188 4122 mortis,
1219 4058 1429 4126 penitus
1460 4055 1781 4116 liberantur,
1824 4063 1880 4107 et

361 4151 463 4221 legi
518 4152 632 4216 Dei,
665 4168 783 4220 quae
817 4161 900 4205 est
939 4150 1023 4203 lex
1065 4148 1306 4216 spiritus,
1352 4143 1610 4199 serviunt.
1660 4141 1878 4196 Servire

1972 3056 2129 3109 vione
2159 3055 2377 3123 dignum
2425 3071 2440 3107 :
2482 3053 2669 3108 futura
2731 3072 2884 3111 vero
2962 3073 3124 3113 esse
3177 3077 3338 3130 qua:
3372 3063 3434 3116 in
3465 3061 3690 3117 ChriSto

1973 3153 2116 3206 sunt,
2140 3150 2194 3195 et
2221 3142 2335 3195 haec
2364 3156 2488 3196 esse
2511 3143 2580 3196 ad
2616 3157 2742 3210 quae
2781 3148 3246 3217 nosmetipsos
3285 3152 3579 3205 debemus
3599 3166 3690 3204 ex-

1977 3233 2215 3292 tendere,
2249 3245 2422 3299 eaqne
2451 3240 2564 3284 tota
2596 3233 2892 3286 aviditate
2925 3238 3180 3292 mentis
3220 3250 3546 3309 expetere.
3590 3239 3687 3294 Le-

1977 3337 2093 3391 gem
2122 3336 2254 3375 sane
2283 3321 2506 3388 spiritus
2533 3322 2664 3374 vita:
2691 3323 2858 3390 quod
2904 3327 3208 3384 diximus
3242 3332 3449 3398 ipsam
3496 3332 3689 3386 debere

1979 3414 2205 3484 intelligi
2233 3415 2404 3482 legem
2433 3412 2554 3478 Dei,
2591 3416 2927 3470 secundum
2993 3436 3146 3475 eam
3210 3425 3509 3480 videlicet
3553 3425 3689 3478 dixi-

1981 3521 2099 3559 mus
2124 3515 2328 3574 partem
2352 3519 2457 3572 qua
2495 3505 2584 3558 lex
2617 3505 2838 3559 dicitur
2865 3523 3020 3563 esse
3048 3513 3398 3580 Spiritalis.
3441 3516 3574 3569 Ideo
3597 3515 3688 3567 ad-

1979 3595 2152 3650 didit:
2191 3612 2209 3645 σ
2246 3593 2354 3646 Lex
2384 3594 2613 3662 spiritus
2659 3595 2824 3649 vitae.
2885 3615 2909 3649 ι
2982 3598 3158 3656 Nam
3199 3605 3284 3658 de
3318 3605 3458 3674 lege
3500 3605 3689 3659 littera:

1979 3685 2156 3739 dicere
2187 3684 2290 3738 hoc
2322 3698 2428 3736 non
2461 3691 2704 3751 poterat,
2745 3685 2822 3740 de
2859 3702 2993 3756 qua
3055 3695 3122 3746 in
3161 3695 3321 3751 aliis
3353 3698 3688 3766 pronuntia-

1979 3784 2153 3838 verat,
2183 3774 2307 3844 quia
2341 3773 2572 3827 «littera
2597 3775 2843 3831 occidit.
2883 3798 2909 3831 ι
2941 3778 3107 3838 Haec
3141 3796 3208 3841 et
3253 3789 3320 3842 in
3355 3789 3496 3845 aliis
3527 3807 3550 3843 ι
3595 3790 3690 3845 mi-

1978 3843 2258 3921 nisterium
2291 3865 2484 3918 mortis
2525 3882 2546 3914 ι
2597 3866 2812 3920 dicitur
2859 3870 2878 3902 ³
2943 3871 3119 3944 (68).
3170 3843 3535 3950 Utrumque
3565 3843 3690 3948 ergo

1981 3959 2218 4011 continet
2263 3954 2372 4018 lex,
2400 3963 2456 4008 et
2491 3953 2742 4009 litteram
2780 3960 3234 4032 occidentem,
3301 3979 3372 4025 et
3428 3972 3687 4040 spiritum

1983 4045 2364 4100 viviﬁcantem.
2417 4043 2574 4098 Unde
2624 4048 2951 4105 considera
3017 4071 3103 4108 ne
3162 4057 3351 4116 forte
3413 4063 3586 4130 hujus
3619 4062 3690 4114 rei

1983 4137 2208 4190 formam
2233 4145 2420 4189 teneat
2444 4144 2499 4189 et
2529 4135 2668 4192 illud
2694 4136 2929 4209 lignum
2952 4144 3038 4200 de
3071 4163 3211 4216 quo
3241 4153 3557 4222 scriptum
3577 4161 3693 4209 θαι

431 4330 521 4386 "l
551 4330 673 4385 Cor.
699 4345 774 4395 ix,
799 4327 889 4383 27.
961 4329 1006 4362 ⁸⁸
1036 4325 1190 4380 Rom.
1215 4337 1332 4389 vnt,
1366 4322 1416 4384 ι,
1447 4320 1503 4374 2.
1573 4321 1618 4359 9°
1649 4318 1843 4388 Philip.

2066 4361 2068 4369 .
2144 4317 2162 4348 ί
2195 4314 2241 4369 ll
2261 4316 2388 4370 Cor.
2421 4331 2506 4379 Ill,
2530 4315 2587 4382 6,
2610 4317 2669 4372 ‘7.

435 4488 543 4561 (54)
573 4485 732 4549 Editi,
759 4503 777 4534 ‹
803 4497 856 4539 et
885 4491 1163 4551 propterea
1199 4480 1251 4534 in
1281 4479 1401 4533 aliis
1431 4478 1565 4533 dixit
1607 4495 1622 4533 :
1661 4477 1872 4532 Macero
1908 4484 1957 4540 ι)

367 4572 559 4626 corpus
578 4568 782 4626 meum,
815 4564 962 4626 sueto.

439 4614 737 4697 (35)_Editi,
764 4614 799 4697 β
830 4621 938 4674 Hoc
982 4629 1063 4673 est
1107 4620 1254 4671 enim
1294 4617 1490 4672 servire
1529 4629 1743 4669 carnem
1782 4614 1883 4684 legi

367 4690 660 4764 ικεόςτᾳὶίῃυ
676 4690 829 4743 male.

439 4751 749 4833 (δῶ-’Μίδᾳ
775 4777 802 4833 _¢
837 4755 934 4824 legi
966 4753 1327 4818 deservientis,
1359 4754 1588 4808 nondum
1611 4760 1786 4803 tamen
1814 4751 1884 4802 ita

369 4825 750 4887 obtinuisse...
775 4825 828 4879 in
862 4837 1144 4885 consensu,
1177 4841 1194 4872 ι
1231 4833 1332 4875 etc.

442 4899 550 4968 (57)
589 4897 728 4968 (Est
755 4904 807 4948 et
832 4893 998 4968 ianus
1025 4883 1340 4968 omittuntur
1377 4890 1430 4942 in
1452 4885 1643 4968 editis.
1686 4883 1886 4968 Deinde

371 4955 500 5021 mss.
533 4955 771 5032 'quidam,
797 4955 851 5032 ei
874 4960 1022 5032 editi,
1069 4977 1086 5010 ι
1129 4959 1229 5032 legi
1261 4957 1530 5012 deservire
1566 4955 1822 5008 decrevit.
1861 4971 1880 5004 ι

373 5028 890 5116 Διτιιείιξβξοερι-νίτθ
917 5028 1234 5106 (ιεδυιςρενεενὶιἶ
1265 5044 1284 5078 ι

444 5088 554 5171 (58)
592 5088 726 5171 Ε’άὶμί
755 5107 872 5163 post
905 5114 924 5147 ε
958 5096 1050 5171 qui
1075 5105 1196 5147 sunt
1223 5095 1273 5146 in
1309 5092 1522 5171 Christo
1562 5088 1708 5171 .‘lesu,
1748 5105 1766 5138 ι
1792 5088 1892 5171 ἐξά-ς

377 5156 584 5232 ἁιιῖιι,’‹
615 5156 834 5236 (ιυὶίιίοη
855 5156 1145 5236 secundum
1155 5177 1381 5236 _carnem
1403 5159 1692 5236 ambulant.
1725 5175 1743 5205 ι
1792 5156 1894 5236 Sed

381 5237 490 5352 Ἁλεῖς
515 5225 670 5290 verba
698 5235 889 5289 desunt
919 5233 972 5284 in
1009 5231 1252 5285 omnibus
1288 5245 1416 5284 mss.
1449 5228 1647 5282 nostris
1679 5234 1732 5280 ct
1758 5225 1896 5293 apud

433 5319 459 5352 a
481 5319 673 5352 )num.

433 5319 673 5355 ananum.

451 5369 558 5445 (ᾗ)
596 5369 767 5445 alias,
797 5388 816 5420 ι
847 5378 1075 5445 aguntur
1109 5366 1226 5445 lege
1255 5366 1479 5434 peccati.
1519 5383 1538 5417 ι

458 5427 568 5501 (60)
591 5427 1028 5506 Cenebrard'us,i
1058 5427 1280 5506 qui'jgani
1306 5451 1409 5488 non
1439 5449 1501 5488 ex
1531 5441 1679 5501 parte
1706 5429 1757 5506 in
1783 5427 1902 5506 Spi-

392 5499 515 5582 fil“.
539 5499 636 5582 ﬁcti
663 5519 727 5582 ex
758 5505 1042 5582 integrojn
1064 5499 1295 5582 _:Christo
1324 5512 1466 5563 sunt,
1499 5499 1807 5570 pronuntiat
1846 5499 1897 5550 in

394 5565 476 5618 his
502 5570 628 5622 nihil
661 5565 1018 5626 damnationis
1045 5571 1282 5638 dignum,
1314 5589 1333 5622 ι
1367 5580 1472 5626 etc.

1990 4476 2433 4600 aii(t6eii):tii’tis.eu
2483 4479 2716 4537 umife'
2755 4482 2898 4542 “ac
2933 4489 3411 4556 deSidefantur
3453 4501 3515 4556 in
3543 4501 3700 4556 libris

1989 4615 2166 4735 ωεξῖὲ
2187 4614 2765 4743 .ῇ¹“εῖῖι,.ξεῖ;“οδ;ξ;ει.,·,
2815 4623 2934 4680 Sed
2968 4627 3276 4702 υιει-ερυε
3309 4654 3468 4694 m...
3501 4649 3560 4692 ε.
3597 4638 3704 4692 ω-

1990 4750 2374 4871 8υ((ἐζ²ἆ).ιῗι1ἰιί,
2415 4769 2434 4802 ι
2467 4751 2792 4823 Requirens
2821 4773 3024 4820 autem
3060 4785 3078 4833 ;
3120 4788 3146 4822 ι
3185 4775 3307 4839 al.,
3344 4794 3368 4827 ι
3421 4775 3706 4847 Requiret

1988 4885 2304 5016 vesgﬂuzl’s;
2333 4905 2556 5012 Ἐζᾶ(
2589 4903 2649 4948 et
2680 4911 3021 4971 correptus.
3077 4924 3100 4958 ο
3152 4909 3430 4982 Deinde,
3478 4935 3502 4968 ε
3555 4918 3707 4971 inve-

1995 5021 2848 5152 ω(3ῗέἓιὶίῗῃᾶἣιὲἓεῗηὶειηιυτ
2882 5041 3182 5112 obsequia
3226 5055 3533 5110 veritatis
3566 5070 3703 5110 con-

2410 5182 2427 5213 ‹
2458 5168 2866 5236 impudicitiae.
2901 5198 2921 5232 ι
3529 5216 3544 5228 ’

2210 5229 2438 5330 Egi-Elii:
2475 5227 2984 5330 compari-aetnaei.
3015 5266 3502 5330 comparentur.
3535 5227 3561 5315 ν»

2004 5373 2058 5438 ._.
2074 5295 2196 5438 (ἓξὲξ
2221 5297 3326 5438 ﬁ::at::,“‘1“i§:t‘;::::;“;.‘.533.;
3361 5331 3530 5438 532‘
3568 5345 3709 5438 tit:

2006 5398 2073 5484 Ire
2091 5398 2196 5484 Ilua.
2228 5398 2482 5487 tri-uluﬂll‘l,
2539 5398 2560 5426 Ι
2612 5398 2736 5466 Le?
2769 5398 2857 5467 ξεί
2887 5403 3025 5471 δῧρθ
3056 5398 3326 5460 spiritus
3361 5401 3528 5456 vita.
3567 5402 3704 5453 Nam

2065 5515 2092 5538 α
2120 5448 2216 5502 ege
2269 5445 2450 5536 atterat.
2476 5452 2633 5513 quod
2669 5455 2922 5513 ducimus
2951 5475 3140 5527 ipsam
3178 5465 3420 5524 debere
3459 5471 3648 5524 intelli
3691 5471 3703 5519 i

2010 5498 2185 5562 leae".
2221 5504 2340 5568 Del.
2375 5519 2697 5569 secundum
2732 5542 2856 5569 ρειιιι
2881 5529 3140 5569 virlnlit-nl
3178 5547 3434 5569 narium
3473 5555 3589 5569 η---ι
3620 5486 3702 5569 ἐξ·

2011 5533 2698 5636 gsgz'ui;::|~r§:t1\lll0um
2732 5542 2856 5581 eam
2881 5533 3146 5610 videlicet
3177 5547 3436 5602 partem
3472 5555 3590 5607 qua
3620 5533 3703 5591 lex

2453 5593 2726 5653 ptrttalts.
2768 5596 2898 5654 ldeo
2945 5601 3212 5658 addidit:
3279 5606 3416 5660 Lex;
3474 5611 3705 5674 spiritus
