3894 6248
380 300 538 356 1095

1318 310 1655 365 COMMENT.
1690 308 1755 364 IN
1787 307 1995 365 EPIST.
2033 310 2120 362 AD
2152 309 2314 368 BOM.
2348 310 2470 364 LIB.
2508 310 2593 365 Vl.

3381 315 3514 369 1094

380 435 401 467 ε
435 419 663 473 Sciendi
691 421 882 473 bonum
912 432 964 475 et
995 422 1185 476 malum
1213 426 1257 478 '.
1285 443 1304 476 ι
1349 425 1642 492 Utrumque
1671 427 1811 480 enim
1862 427 1912 478 in
1945 428 1988 483 Α
2012 424 2308 479 berationis
2345 426 2560 492 eligere.
2592 423 2723 476 Puto
2752 433 2926 478 tamen
2975 426 3110 490 quod
3159 425 3327 496 legem
3359 430 3522 500 Moysi

372 519 502 560 uno
537 508 680 561 sicut
727 519 780 561 et
828 510 879 563 in
924 512 1036 579 lege
1069 513 1366 565 continetur
1398 513 1528 583 (69).
1561 513 1664 568 Sed
1693 524 1747 567 et
1787 514 1910 566 illud

372 610 496 648 non
535 599 863 664 omittamus,
901 604 1034 669 quod
1071 603 1155 656 hic
1180 604 1385 670 quidem
1417 606 1503 671 qui
1531 604 1766 657 liberata
1797 605 1910 672 lege

367 687 601 748 peccati
655 697 709 741 et
762 693 965 751 mortis,
1015 710 1032 741 ‹
1075 693 1288 757 spiritus
1332 693 1453 746 vitat
1497 712 1515 745 ι
1566 694 1758 747 dicitur
1800 711 1814 757 ;
1854 696 1904 747 in

369 769 687 842 Evangelio
713 786 886 830 autem
918 782 1203 832 secundum
1239 781 1490 834 Joannem
1539 783 1790 848 scriptum
1825 793 1905 837 est

371 859 626 916 Domino
666 865 871 919 dicente
913 891 924 922 :
977 887 994 918 ι
1040 868 1093 921 Si
1127 870 1427 923 manseritis
1479 873 1530 922 in
1581 873 1739 925 verbo
1770 886 1906 936 meo,

367 960 700 1023 agnoseetis
731 963 1022 1027 veritatem,
1059 973 1112 1016 et
1155 965 1347 1017 veritas
1382 967 1626 1021 liberabit
1673 981 1760 1019 vos
1810 966 1847 1018 ⁸.
1883 986 1901 1018 ι

365 1043 436 1098 In
472 1063 588 1112 quo
622 1049 752 1102 mihi
787 1052 995 1118 quidem
1039 1052 1265 1116 videtur,
1305 1055 1444 1121 quod
1484 1055 1722 1120 quamvis
1750 1069 1909 1123 opere

365 1133 502 1187 haec
541 1151 572 1188 a
604 1151 663 1190 se
685 1139 890 1191 diversa
923 1141 1194 1194 videantur
1236 1143 1316 1193 vel
1361 1145 1591 1206 nomine,
1637 1152 1805 1196 tamen
1853 1159 1911 1198 re

365 1225 503 1290 ipsa
536 1241 705 1277 unum
740 1227 864 1281 sint.
896 1227 1134 1281 Christus
1161 1230 1297 1281 enim
1327 1231 1432 1283 vita
1467 1242 1566 1292 est,
1596 1242 1643 1285 et
1677 1234 1787 1299 ipse
1829 1242 1912 1288 est

361 1313 471 1378 qui
512 1312 774 1366 liberabit
803 1331 816 1378 ;
843 1322 894 1366 et
923 1315 1007 1367 hic
1032 1317 1250 1383 spiritus
1281 1318 1400 1370 vitae
1433 1319 1643 1371 liberat.
1685 1321 1746 1371 Et
1776 1336 1909 1388 quo-

365 1401 555 1453 modo
587 1417 694 1453 non
726 1403 775 1453 in
816 1414 1040 1471 utroque
1069 1421 1166 1457 una
1199 1406 1414 1460 libertas
1445 1418 1524 1460 est
1561 1409 1585 1460 τ
1615 1409 1738 1473 Quae
1767 1413 1906 1462 enim

357 1490 492 1556 agit
529 1489 786 1558 Spiritus,
816 1492 924 1544 hzec
952 1501 1002 1546 et
1026 1494 1266 1548 Christus
1297 1498 1425 1563 agit,
1470 1506 1523 1549 et
1575 1514 1688 1565 qua:
1713 1500 1908 1553 Christi

365 1590 538 1644 sunt,
577 1583 811 1651 Spiritus
839 1584 947 1652 agit
981 1583 1109 1653 (70).
1149 1584 1295 1638 Sicut
1322 1587 1460 1638 enim
1495 1601 1626 1651 quos
1671 1588 1910 1640 sanctiﬁ-

361 1678 469 1723 cat
505 1671 741 1737 Spiritus
783 1679 1034 1735 sanctus,
1077 1674 1370 1727 sanctiﬁcat
1415 1675 1652 1728 Christus
1689 1694 1702 1728 :
1739 1677 1808 1728 ita
1855 1688 1908 1730 et

357 1774 521 1828 quos
555 1759 749 1813 liberat
777 1761 992 1826 spiritus
1023 1762 1160 1823 vita},
1199 1761 1388 1815 liberat
1419 1773 1471 1816 et
1501 1766 1629 1818 vita.
1677 1765 1902 1819 Tantum
1937 1737 1980 1793 Β

359 1856 462 1902 est
499 1856 562 1900 ut
591 1848 799 1901 liberati
827 1864 854 1901 a
887 1849 997 1916 lege
1027 1850 1243 1916 spiritus
1286 1852 1424 1912 vitae.
1459 1853 1508 1904 in
1541 1854 1752 1906 Christo
1798 1869 1907 1906 ma-

363 1949 636 1996 neatnus,
672 1951 767 1988 nec
791 1937 924 1988 ultra
953 1937 1283 1990 inveniamur
1307 1940 1506 1992 servire
1536 1941 1633 2008 legi
1667 1945 1864 2008 peccati
1889 1961 1900 1995 :

364 2024 510 2089 quia
543 2025 684 2076 sicut
710 2024 756 2077 is
783 2025 871 2090 qui
903 2025 1156 2078 liberatur
1184 2041 1211 2078 a
1239 2027 1348 2096 lege
1373 2028 1589 2095 spiritus
1629 2031 1765 2093 vitae,
1795 2047 1906 2098 per-

364 2120 573 2164 manet
608 2113 657 2164 in
688 2113 903 2165 Christo
930 2114 1020 2180 qui
1054 2123 1134 2167 est
1164 2116 1269 2168 vita
1307 2133 1321 2178 ;
1365 2118 1434 2169 ita
1478 2119 1564 2186 qui
1613 2121 1776 2172 servit
1805 2122 1905 2188 legi

359 2200 597 2268 peccati
626 2212 903 2268 permanet
935 2202 990 2256 in
1026 2214 1192 2258 morte
1246 2219 1362 2273 qua:
1397 2209 1541 2260 venit
1570 2223 1635 2261 ex
1660 2211 1908 2262 condem-

361 2281 608 2345 natione
641 2292 866 2358 peccati.

445 2380 547 2434 12.
585 2397 605 2431 ε
630 2380 758 2434 Nam
787 2384 929 2450 quod
959 2382 1280 2451 impossibile
1307 2393 1423 2437 erat
1453 2385 1573 2455 legi,
1613 2387 1662 2439 in
1693 2403 1796 2455 quo
1827 2389 1907 2440 in-

358 2468 706 2522 ﬁrmabatur
733 2485 828 2538 per
859 2487 1094 2534 carnem,
1119 2473 1258 2526 Deus
1288 2473 1473 2526 Filium
1506 2488 1657 2528 suum
1693 2476 1906 2529 mittens

361 2558 431 2611 in
471 2559 880 2614 similitudinem
906 2563 1082 2615 carnis
1109 2565 1330 2629 peccati,
1379 2573 1431 2617 et
1459 2566 1522 2617 de
1550 2575 1763 2632 peccato
1807 2567 1903 2620 da-

362 2647 598 2700 mnavit
631 2645 906 2716 peccatum
939 2653 989 2704 in
1018 2669 1194 2718 carne,
1226 2664 1284 2706 ut
1319 2653 1622 2719 justiﬁealio
1657 2656 1784 2725 legis
1809 2658 1908 2710 im-

360 2737 628 2804 pleretur
656 2739 709 2791 in
741 2741 910 2801 nobis,
937 2744 1024 2809 qui
1058 2758 1157 2795 non
1183 2746 1468 2796 secundum
1495 2760 1706 2798 carnem
1730 2750 1909 2801 ambu-

359 2825 580 2889 lamus,
609 2829 699 2880 sed
737 2831 1024 2882 secundum
1052 2833 1308 2899 spiritum.
1330 2832 1428 2897 Qui
1457 2836 1592 2887 enim
1619 2837 1907 2890 secundum

356 2931 603 2970 carnem
649 2927 795 2983 sunt,
850 2935 967 2986 quae
1009 2924 1183 2976 carnis
1215 2931 1336 2976 sunt
1362 2923 1568 2989 sapiunt
1607 2942 1620 2977 :
1663 2925 1749 2990 qui
1781 2941 1906 2979 vero

2007 511 2166 562 etiam
2205 512 2312 574 hic,
2340 513 2477 564 sient
2505 523 2560 566 et
2590 515 2640 565 in
2676 513 2792 566 aliis
2835 528 2973 582 saepe
3018 516 3266 582 diximus,
3303 518 3355 570 in
3395 521 3524 574 duas

2010 597 2188 667 partes
2213 600 2496 667 Apostolus
2546 603 2765 667 dividat,
2821 613 2874 656 et
2917 605 3056 658 aliud
3097 607 3147 657 in
3191 621 3252 659 ea
3284 622 3521 672 carnem,

2013 687 2150 739 aliud
2185 689 2426 755 spiritum
2457 691 2692 742 nominet
2719 709 2732 742 :
2761 703 2812 744 et
2835 692 2976 744 illam
3005 693 3214 760 quidem
3238 695 3523 746 observan-

2011 776 2135 828 tiam
2166 791 2281 842 qua:
2308 778 2593 830 secundum
2616 779 2844 832 litteram
2869 781 3086 846 geritur,
3115 796 3325 834 sensum
3348 783 3524 835 carnis

2010 865 2268 932 appellet,
2307 867 2458 918 sicuti
2491 868 2617 920 dicit
2643 868 3024 934 de‘hujusmodi
3056 868 3236 923 Judan
3265 872 3306 936 ³,
3348 888 3366 920 ι
3400 871 3526 924 Fru-

2011 964 2120 1005 stra
2146 954 2355 1007 inﬂattts
2383 970 2409 1006 a
2443 969 2600 1007 sensu
2635 958 2812 1008 carnis
2854 973 2961 1011 suae
3005 960 3112 1027 (74)
3143 981 3189 1016 ε»
3214 961 3354 1014 illam
3400 978 3524 1016 vero

2010 1060 2127 1111 quae
2157 1047 2412 1114 accipitur
2448 1048 2785 1114 spiritaliter,
2824 1050 3066 1116 spiritum
3112 1054 3346 1106 nominet
3387 1054 3520 1123 (75),

2009 1133 2147 1186 sicut
2172 1141 2225 1186 et
2255 1135 2377 1188 alibi
2412 1136 2540 1187 dicit
2569 1136 2588 1165 ⁸
2614 1153 2626 1186 :
2661 1153 2678 1185 ι
2712 1135 2909 1189 Littera
2933 1139 3146 1203 occidit,
3179 1142 3397 1207 spiritus
3423 1157 3521 1195 au-

2007 1231 2111 1276 tem
2144 1224 2395 1278 viviﬁcat.
2428 1242 2446 1275 ι
2500 1225 2563 1277 Ει
2614 1225 2663 1277 in
2716 1227 2817 1280 hoc
2867 1242 2992 1294 ergo
3041 1229 3157 1282 loco
3199 1234 3339 1298 quod
3389 1235 3523 1288 dicit

2014 1333 2033 1366 ‹
2058 1315 2377 1382 impossibile
2393 1315 2514 1380 legi,
2531 1333 2547 1364 ι
2573 1324 2624 1366 et
2650 1333 2667 1364 ι
2703 1317 2753 1366 ἰη
2771 1331 2874 1381 quo
2898 1318 3263 1373 inﬁrmabatur
3288 1337 3382 1390 per
3399 1338 3520 1376 car«

2009 1419 2150 1468 nem,
2185 1423 2203 1456 ι
2239 1403 2532 1456 intellectus
2556 1404 2644 1470 qui
2667 1407 2952 1458 secundum
2985 1408 3213 1460 litteram
3243 1420 3324 1462 est
3351 1411 3519 1478 accipi

2007 1503 2197 1560 potest.
2227 1494 2342 1560 lpse
2371 1493 2510 1546 enim
2541 1503 2594 1545 et
2637 1494 2975 1560 impossibilis
3000 1505 3136 1559 erat,
3169 1507 3221 1550 et
3257 1498 3517 1562 inlirmus,

2006 1584 2051 1636 si
2104 1582 2394 1636 secundum
2455 1598 2696 1648 carnem,
2737 1585 2784 1636 id
2833 1594 2914 1637 est
2954 1587 3236 1640 secundum
3288 1588 3519 1641 litteram

2007 1672 2315 1723 sentiretur.
2338 1669 2474 1736 Quid
2498 1670 2634 1722 enim
2660 1680 2764 1723 tam
2784 1672 3106 1739 impossibile
3127 1687 3281 1739 quam
3304 1671 3519 1726 Sabbatl

2006 1758 2311 1814 observatio
2353 1763 2639 1816 secundum
2690 1760 2919 1813 litteram
2967 1761 3120 1828 legis,
3165 1772 3222 1814 ut
3257 1763 3306 1814 in
3342 1763 3518 1816 multis

2004 1847 2268 1916 saepeiam
2301 1851 2529 1903 diximus
2553 1851 2574 1902 ?
2603 1848 2823 1902 Jubetur
2853 1849 2990 1902 enim
3022 1865 3124 1903 non
3149 1854 3295 1904 exire
3321 1851 3430 1919 (76)
3455 1855 3519 1907 de

2004 1934 2157 1986 domo
2194 1949 2308 1994 sua,
2341 1952 2442 1989 non
2472 1952 2527 1988 se
2561 1951 2770 1988 movere
2798 1937 2999 1990 deloco
3029 1953 3147 2001 suo,
3177 1940 3310 1992 nihil
3339 1943 3519 1994 oneris

2003 2023 2195 2075 levare.
2253 2023 2378 2088 Quae
2427 2027 2549 2092 quia
2598 2026 2942 2093 impossibilia
2991 2028 3172 2080 vident
3214 2028 3518 2099 Judtei(77)

2003 2115 2093 2177 qui
2143 2115 2430 2165 secundum
2491 2129 2704 2166 carnem
2765 2115 2928 2182 legem
2980 2115 3284 2178 observant,
3335 2119 3516 2186 inepta

2003 2203 2238 2268 quaedam
2293 2210 2348 2253 et
2399 2202 2622 2254 ridicula
2676 2213 3123 2266 commentantur,
3175 2206 3366 2271 quibus
3419 2207 3518 2259 im-

2002 2291 2398 2357 possibilitatem
2439 2290 2566 2355 legis
2609 2292 2809 2345 sarcire
2837 2293 3134 2345 videantur.
3173 2295 3308 2358 Quid
3358 2294 3518 2364 589

2002 2388 2174 2430 autem
2209 2378 2377 2430 dicam
2416 2380 2478 2431 de
2506 2379 2891 2432 sacriliciorum
2933 2383 3170 2446 ratione,
3211 2399 3326 2451 quae
3360 2386 3517 2438 simul

2002 2467 2172 2519 omnis
2198 2481 2261 2519 ex
2287 2468 2488 2536 integro
2508 2469 2848 2538 iutpossibilis
2879 2471 2990 2538 (78)
3015 2471 3153 2550 facta
3184 2474 3517 2542 est?Quippe

2000 2556 2090 2609 ubi
2119 2572 2215 2610 nec
2241 2559 2487 2624 templum
2522 2569 2619 2622 est,
2649 2574 2747 2612 nec
2789 2560 2976 2624 altare,
3016 2576 3111 2614 nec
3135 2562 3271 2616 ullus
3298 2578 3515 2629 prorsus

2003 2647 2348 2700 sacriﬁcando
2374 2648 2538 2702 locus.
2578 2649 2628 2700 lu
2649 2650 2839 2716 quibus
2867 2651 3083 2718 singulis
3113 2652 3190 2704 lex
3212 2668 3314 2705 non
3342 2653 3514 2707 dicam

2003 2737 2337 2802 impossibilis
2367 2748 2417 2790 et
2442 2740 2665 2801 inﬁrma,
2697 2741 2785 2793 sed
2807 2750 2859 2792 et
2883 2741 3036 2808 plane
3056 2741 3160 2807 jam
3188 2754 3390 2796 mortua
3413 2754 3511 2798 est.

2003 2824 2132 2878 Nam
2165 2837 2286 2880 ante
2308 2828 2445 2881 hanc
2475 2837 2696 2882 mortem
2727 2829 3220 2901 inﬁrmabatur(79)
3255 2843 3377 2887 tunc
3391 2850 3512 2888 cum

2003 2915 2259 2984 sanguine
2288 2917 2570 2969 vitulorum
2598 2926 2651 2972 et
2684 2919 2950 2972 hircorum
2977 2923 3289 2987 conabatur,
3328 2938 3422 2976 nec
3444 2933 3518 2976 ta-

356 3007 678 3059 seeundum
729 3009 990 3076 spiritum,
1025 3026 1137 3078 qua:
1172 3023 1292 3066 sunt
1330 3015 1565 3078 spiritus.
1616 3013 1898 3070 Prudentia

2003 3019 2120 3058 men
2155 3015 2378 3071 poterat,
2404 3006 2618 3059 auferre
2642 3017 2852 3074 peccata
2886 3009 2994 3079 (80)
3025 3025 3042 3062 :
3072 3019 3125 3063 ct
3155 3012 3514 3067 inﬁrmabatur

356 3094 526 3147 enim
562 3095 762 3155 carnis.
792 3113 933 3151 mors
961 3108 1039 3151 est
1075 3115 1088 3152 :
1129 3102 1404 3166 prudentia
1454 3110 1623 3155 autem
1661 3105 1897 3170 spiritus,

355 3186 496 3238 vita
526 3194 578 3238 et
609 3199 712 3252 pax
747 3190 1032 3255 :quOniam
1066 3189 1344 3256 prudentia
1385 3191 1559 3242 carnis
1589 3190 1796 3244 inimica
1825 3205 1904 3246 est

356 3275 490 3328 Deo
520 3293 535 3328 :
565 3274 666 3343 legi
698 3276 839 3329 enim
873 3278 959 3330 Dei
991 3293 1090 3331 non
1117 3288 1196 3331 est
1218 3280 1452 3340 subjecta
1481 3299 1493 3332 :
1525 3295 1621 3334 nec
1650 3282 1788 3335 enim
1813 3297 1903 3349 po-

354 3372 506 3418 test.
533 3362 634 3429 Qui
661 3373 834 3418 autein
868 3366 916 3417 in
949 3381 1110 3420 carne
1133 3378 1252 3419 sunt
1277 3369 1406 3436 (7t),
1435 3369 1537 3420 Deo
1563 3368 1772 3435 placere
1797 3386 1899 3424 non

351 3462 628 3522 possunt.
660 3453 765 3507 Vos
795 3465 966 3506 autem
1005 3457 1053 3507 in
1082 3470 1242 3508 carne
1274 3472 1376 3508 non
1417 3459 1565 3520 estis,
1593 3461 1681 3510 sed
1706 3459 1757 3510 in
1786 3459 1897 3525 spi-

353 3542 484 3595 ritu
519 3557 534 3593 :
568 3541 614 3595 si
647 3550 818 3595 tamen
853 3543 1080 3611 Spiritus
1115 3545 1202 3597 Dei
1236 3546 1438 3598 habitat
1483 3547 1533 3598 in
1586 3547 1736 3599 vobis
1775 3546 1815 3599 δ.
1871 3565 1892 3599 ι

345 3632 513 3686 Cum
548 3631 600 3684 in
634 3633 999 3699 superioribus
1050 3641 1126 3686 tot
1163 3634 1304 3702 leges
1357 3637 1707 3688 nominaverit
1737 3637 1902 3704 (dixit

352 3720 522 3773 enim
553 3729 611 3773 et
642 3721 810 3789 legem
842 3721 954 3786 Dei,
983 3731 1036 3776 et
1059 3723 1228 3791 legem
1259 3726 1467 3790 mentis,
1495 3736 1548 3778 et
1589 3726 1756 3794 legem
1789 3729 1902 3794 spi-

354 3808 516 3861 ritus
544 3806 712 3876 vitze),
751 3811 1051 3863 econtrario
1085 3825 1291 3878 quoque
1324 3826 1439 3864 cum
1480 3812 1644 3881 legem
1681 3828 1797 3881 qua:
1845 3815 1896 3867 in

356 3897 645 3951 membris
699 3907 802 3960 est,
846 3908 899 3951 et
937 3900 1100 3968 legem
1150 3901 1354 3963 mortis,
1397 3913 1450 3954 et
1493 3903 1660 3970 legem
1694 3904 1897 3972 peccati

353 3989 878 4043 commemoraverit
902 3990 1034 4056 (72),
1062 3991 1148 4043 hic
1175 4007 1310 4045 nunc
1338 3993 1400 4046 de
1439 4008 1542 4060 qua
1569 3994 1753 4047 harum
1780 3995 1896 4062 lege

359 4074 544 4135 dicat,
580 4088 602 4123 ‹
629 4072 759 4128 Nam
787 4076 922 4141 quod
954 4077 1278 4144 impossibile
1306 4085 1421 4130 erat
1456 4078 1576 4144 legi,
1609 4078 1660 4130 in
1693 4094 1799 4146 quo
1825 4079 1898 4129 in-

353 4163 698 4218 ﬁrmabatur
726 4164 833 4233 (7'6)
867 4179 959 4232 per
983 4180 1217 4228 carnem,
1247 4186 1264 4217 ι
1298 4183 1400 4220 non
1435 4177 1515 4221 est
1555 4183 1730 4236 parva:
1761 4169 1895 4222 deli-

2001 3096 2054 3148 in
2081 3096 2281 3164 legibus
2303 3097 2458 3164 lepra:
2490 3098 2531 3160 ⁷,
2559 3110 2690 3160 quas
2721 3111 2818 3150 nec
2843 3099 3124 3164 explanare
3157 3114 3385 3166 unquam
3418 3115 3512 3167 po-

2001 3185 2120 3248 tuit,
2147 3201 2245 3238 nec
2273 3187 2510 3251 implere.
2547 3187 2598 3237 lu
2644 3189 2729 3240 his
2756 3201 2884 3256 ergo
2908 3188 3150 3240 omnibus
3172 3187 3392 3254 aliisque
3426 3189 3513 3241 in-

1998 3277 2231 3328 numeris
2261 3283 2313 3326 et
2351 3275 2688 3340 impossibilia
2737 3285 2851 3328 erat
2877 3277 2958 3328 lex
2989 3315 3004 3338 ,
3035 3286 3090 3328 et
3125 3277 3512 3342 inﬁrmabatur,

1998 3373 2248 3428 quantttm
2281 3363 2348 3414 ad
2388 3365 2562 3415 carnis
2593 3363 2989 3428 intelligentiam
3034 3372 3268 3429 spectat:
3315 3371 3367 3416 et
3395 3363 3513 3418 ideo

2007 3465 2026 3497 ι
2060 3449 2195 3501 Deus
2233 3448 2418 3501 Filium
2450 3464 2600 3500 suum
2641 3441 2854 3503 mittens
2887 3450 2938 3503 in
2965 3450 3358 3504 similitudinem
3393 3465 3515 3505 car-

2004 3538 2086 3589 nis
2111 3540 2331 3604 peecati,
2363 3548 2416 3592 et
2443 3538 2506 3590 de
2540 3547 2775 3604 peccato,
2809 3556 2830 3589 ›
2863 3539 2966 3605 vel,
3004 3550 3064 3594 ut
3087 3541 3266 3595 verius
3294 3541 3516 3595 habetur

2003 3631 2138 3696 apud
2159 3630 2389 3690 Grateos,
2420 3648 2438 3679 ι
2480 3639 2534 3681 et
2569 3643 2662 3696 pro
2688 3640 2907 3697 peccato
2932 3633 3203 3684 damnavit
3237 3641 3510 3700 peccatum

2003 3719 2055 3772 in
2081 3733 2258 3775 carne.
2305 3736 2322 3768 ι
2359 3718 2509 3784 Quod
2537 3719 2702 3783 dixit,
2741 3737 2760 3770 ς
2803 3721 2858 3772 in
2899 3720 3294 3774 similitudinem
3336 3723 3514 3777 carnis

2001 3808 2225 3875 peccati,
2264 3825 2282 3858 ι
2313 3791 2547 3861 οεῖθιιάίι
2575 3823 2669 3861 nos
2693 3808 2903 3876 quidem
2930 3809 3132 3862 habere
3157 3823 3366 3865 carnem
3396 3825 3517 3878 pec-

1996 3899 2120 3963 cati,
2149 3897 2332 3950 Filium
2363 3912 2486 3950 vero
2522 3897 2609 3949 Dei
2635 3896 3031 3949 similitudinem
3061 3897 3311 3951 habuisse
3329 3899 3510 3952 carnis

1996 3987 2212 4056 peccati,
2255 4001 2356 4039 non
2387 4000 2603 4040 carnem
2632 3985 2855 4053 peccati.
2882 3984 3078 4040 Omnes
3115 3986 3255 4038 enim
3291 4001 3386 4039 nos
3415 3988 3513 4041 bo-

1996 4075 2163 4128 mines
2190 4075 2276 4141 qui
2307 4089 2368 4128 ex
2395 4073 2595 4126 semine
2625 4073 2720 4124 viri
2747 4087 2866 4124 eum
2893 4072 3109 4126 muliere
3143 4076 3510 4128 convenientis

1993 4163 2230 4229 concepti
2247 4176 2448 4225 sumus,
2471 4160 2558 4212 illa
2587 4161 2885 4214 necessario
2909 4161 3105 4212 utimur
3118 4174 3248 4214 voce
3273 4175 3375 4229 qua
3395 4160 3508 4231 (8l)

437 4306 461 4336 ³
483 4300 625 4356 Gen.
648 4315 703 4362 ιι,
725 4300 776 4354 9.
851 4295 1032 4351 'Joan.
1051 4312 1166 4360 vnt,
1194 4298 1282 4362 3!,
1307 4299 1394 4352 32.
1465 4299 1486 4330 ⁸
1513 4300 1662 4354 Rom.
1691 4316 1808 4368 vui,
1832 4301 1992 4368 5seq.
2062 4294 2301 4349 'Coloss.
2336 4309 2394 4357 ιι,
2426 4293 2509 4346 18.
2571 4289 2651 4343 “ll
2671 4291 2793 4345 Cor.
2822 4305 2903 4354 Ill,
2924 4289 2976 4344 6.
3041 4291 3062 4322 ⁷
3085 4289 3254 4345 Levit.
3280 4305 3399 4348 xm.
3421 4289 3507 4342 l4.

366 4435 526 4488 vitm.
563 4429 749 4480 Dicere
785 4425 885 4480 hoc
919 4441 1025 4480 non
1062 4432 1283 4492 poterat,
1316 4425 1382 4478 de
1406 4438 1508 4492 qua
1546 4425 1599 4476 in
1636 4424 1752 4477 aliis
1787 4432 1967 4491 pro-1)
1994 4439 2058 4480 co

371 4503 766 4558 nuntiaverat,
807 4495 930 4562 quia
984 4493 1159 4562 littera
1209 4491 1567 4562 occidit_._lloc
1600 4499 1653 4544 et
1699 4494 1750 4562 in
1790 4493 1909 4546 aliis

370 4565 740 4622 ministerium
787 4559 968 4614 niortis
1022 4561 1244 4613 dixerat.
1304 4577 1321 4608 ›
1377 4559 1520 4611 Alter
1568 4575 1666 4612 ms.
1717 4559 1909 4626 Regius

370 4652 539 4691 nun).
579 4633 742 4685 1639:
770 4650 786 4680 ι
821 4630 1006 4698 Legem
1056 4643 1182 4681 sane
1225 4628 1450 4698 spiritus
1479 4627 1596 4679 vitae
1616 4629 1709 4698 hic
1737 4629 1909 4698 nomi-

371 4714 496 4760 nat.
542 4701 619 4753 De
657 4701 770 4765 lege
808 4695 989 4750 litterae
1023 4711 1117 4766 per
1151 4710 1307 4763 quam
1346 4695 1576 4766 diximus
1613 4696 1899 4766 ipsam__de-

370 4778 512 4829 bere
555 4762 778 4836 intelligi
816 4767 978 4834 legem
1019 4762 1902 4836 Dei_,-secundu_nt__eam_videlicet

371 4849 594 4912 partem
637 4829 754 4912 qua?
793 4829 892 4910 lexf
921 4848 1038 4912 esse
1074 4830 1569 4912 dicitur-spiritalis.
1609 4829 1730 4884 Ideo
1765 4832 1905 4885 enim

691 4919 754 4956 ea:
804 4903 1016 4970 spiritus
1076 4901 1212 4952 vitae.
1267 4898 1447 4970 Dicere
1499 4900 1598 4951 hoc
1650 4913 1769 4970 non;
1806 4913 1904 4966 po-

372 4985 524 5032 terat
563 4974 632 5026 de
685 4987 788 5040 qua
831 4965 888 5022 in
926 4967 1536 5040 aliisApronuntiaverat,
1577 4967 1700 5040 quia
1733 4965 1907 5040 littera

371 5044 610 5102 occidit;
653 5034 808 5107 quam
845 5047 898 5092 et
935 5038 986 5089 in
1025 5034 1140 5089 aliis
1175 5035 1511 5086 ministerium
1548 5034 1725 5084 mortis
1762 5035 1908 5088 dixe-

365 4909 536 4965 addit
575 4922 589 4957 :

403 5130 482 5166 ill.
533 5130 551 5159 ³

369 5124 561 5247 Β.ξῦθό
597 5175 758 5235 Editi.
793 5191 813 5224 ι
846 5173 1137 5240 Utrumque
1167 5185 1293 5238 ergo
1331 5170 1380 5222 in
1407 5183 1512 5222 uno
1541 5170 1678 5222 sicut
1699 5168 1746 5219 in
1777 5167 1889 5238 lege

357 5246 751 5314 continetur.)
1116 5307 1146 5314 __
1172 5305 1183 5314 ,
1217 5265 1267 5314 ,ᾗ
1323 5306 1333 5314 .
1392 5306 1402 5314 .
1435 5305 1466 5314 ,-
1511 5304 1522 5314 .
1559 5303 1570 5314 .
1763 5302 1774 5314 -

438 5315 563 5378 (70)
591 5312 748 5372 Editi,
778 5327 797 5359 ι
821 5318 873 5378 et
907 5323 1061 5378 quem
1087 5305 1184 5378 sibi
1211 5305 1402 5360 Christi
1433 5303 1663 5372 Spiritus
1694 5303 1821 5372 agit.
1861 5323 1885 5359 ι

438 5318 539 5378 (70
591 5318 748 5372 Editi,
778 5327 797 5359 ι
821 5318 873 5361 et
907 5323 1061 5375 quem
1087 5318 1184 5360 situ
1211 5318 1402 5360 unrtstt
1433 5318 1640 5372 Spiritu:

437 5318 563 5455 (Et;
589 5380 754 5455 Alias,
792 5395 810 5426 ε
843 5376 1111 5455 Quicnim
1145 5375 1202 5455 in
1221 5389 1392 5455 carne
1418 5381 1556 5425 sunt.
1587 5391 1640 5455 ι-.

438 5439 559 5521 (72)
592 5439 760 5521 Alias,
802 5461 820 5493 ι
841 5445 986 5521 .dixit
1014 5444 1154 5521 enim
1185 5452 1236 5492 et
1259 5443 1429 5521 legem
1479 5439 1689 5521 mentis,
1724 5447 1777 5492 et
1807 5439 1884 5519 le-

356 5509 492 5592 gem
541 5509 764 5584 spiritus
807 5512 973 5592 vitae“:
1010 5512 1312 5587 econtrario.
1349 5523 1558 5592 qttoque
1614 5509 1883 5592 legenti-ri

355 5576 633 5646 fnembr'is
671 5595 812 5642 esse.
848 5590 900 5634 et
943 5579 1106 5639 legem
1150 5577 1364 5637 tuentis,
1401 5587 1452 5630 et
1479 5576 1643 5636 legem
1677 5577 1880 5640 peccati

2095 4421 2484 4484 nominaverit;
2523 4438 2542 4470 ι
2574 4420 2664 4484 al.,
2692 4437 2712 4472 ι
2736 4421 3247 4475 commemoraverit.
3278 4441 3298 4474 ι

2085 4493 2171 4558 73)
2196 4492 2362 4552 Alias,
2383 4509 2417 4558 ί(
2455 4489 2583 4555 legis
2609 4505 2724 4556 qua:
2752 4489 3134 4558 inﬁrmabatur,
3161 4507 3179 4539 ι
3222 4499 3329 4558 etc.

2085 4557 2172 4627 74)
2220 4559 2307 4627 Sic
2346 4557 2581 4627 plerique
2636 4567 2869 4627 iussae}
2913 4557 3180 4610 Rabanus.
3233 4557 3330 4613 Ms.
3375 4575 3506 4618 vero

1989 4624 2160 4690 unus,
2211 4645 2230 4677 ι
2282 4625 2489 4678 Judaeos
2542 4626 2732 4678 frustra
2781 4624 2987 4677 inﬂatos
3032 4639 3061 4675 a
3109 4638 3264 4677 sensu
3325 4633 3502 4686 carnis

1989 4710 2114 4749 suae.
2147 4712 2165 4745 ι
2195 4695 2356 4756 Editi,
2401 4711 2419 4743 ι
2447 4691 2638 4746 Iudaeis
2676 4693 2872 4746 frustra
2903 4691 3110 4747 inﬂatos
3135 4706 3294 4745 sensu
3321 4701 3504 4753 carnis

1988 4778 2120 4816 sure.
2144 4781 2162 4811 1

2079 4832 2163 4896 75)
2190 4831 2348 4894 Edili,
2383 4848 2402 4880 r
2433 4831 2685 4882 nominat.
2716 4847 2735 4878 ι

2079 4835 2163 4896 75)
2190 4835 2348 4894 Edili,
2383 4848 2402 4880 r
2433 4835 2685 4882 nominat.
2716 4847 2735 4878 ι

2057 4835 2164 4969 iw)
2197 4899 2301 4969 Ms.
2336 4913 2487 4956 unus,
2508 4897 2710 4969 _¢Jubet
2736 4895 2875 4949 enim
2908 4896 2991 4969 lett
3015 4910 3120 4969 non
3157 4898 3370 4969 exire.)
3394 4909 3499 4954 etc.

1989 4964 2090 5020 Sed
2128 4964 2305 5021 caeteri
2331 4982 2478 5028 mss.,
2507 4967 2751 5018 ltabanus
2778 4973 2831 5015 et
2857 4964 2985 5017 editi
3014 4965 3209 5018 habent
3241 4975 3300 5018 ut
3328 4968 3382 5019 in
3408 4983 3504 5022 no-

1990 5043 2100 5088 διε-ο
2125 5044 2288 5088 textu.

2059 5102 2172 5172 (77)
2203 5104 2370 5172 alias,
2410 5101 2718 5172 «videntur,
2746 5095 2932 5172 Judaei.
2969 5117 2988 5148 ι

2058 5166 2164 5238 (78)
2199 5170 2350 5238 Editi,
2375 5186 2392 5217 ι
2428 5168 2559 5238 Quid
2587 5175 2760 5218 autent
2781 5167 2845 5238 de
2867 5166 3506 5238 sacriﬁciorum_ratione,

1995 5231 2104 5307 [uae
2135 5231 2287 5292 simul
2313 5238 2482 5307 omnis
2505 5236 2639 5287 facta
2667 5241 2746 5284 est
2780 5234 3120 5307 impossibilis
3139 5232 3162 5283 ’ἶ
3191 5250 3210 5281 ι
3235 5231 3335 5286 Ms.
3355 5251 3511 5298 unus,

1990 5303 2021 5356 ι’
2046 5307 2179 5371 Quid
2208 5313 2378 5356 autem
2411 5303 2604 5371 dicent,
2642 5318 2660 5371 ρ
2701 5311 2884 5366 etc.,ut
2913 5305 2964 5354 in
2985 5309 3178 5371 _no_stro
3199 5309 3383 5371 _textu.

2055 5365 2166 5443 ('79)
2196 5372 2352 5443 Edili,
2387 5386 2405 5419 t
2440 5368 2568 5443 Nam
2595 5369 2714 5443 ante
2737 5365 2955 5443 mortem
2984 5365 3384 5443 inﬁrtnabatur.
3423 5387 3441 5418 ι

2054 5433 2162 5510 (80)
2204 5439 2442 5510 Peccata.
2473 5437 2628 5490 Deest
2657 5437 2718 5510 ἱιι⁵
2738 5437 2884 5510 libris
2913 5444 3068 5488 antea
3099 5433 3284 5484 editis.

2052 5505 2160 5580 (8l)
2197 5509 2354 5570 Editi,
2389 5523 2407 5556 ι
2458 5505 2753 5560 necessaria
2786 5505 2985 5559 utimur
3024 5513 3155 5555 voce
3181 5515 3326 5568 qua;
3367 5522 3385 5554 ι
3425 5506 3520 5568 aL,

1989 5599 2007 5631 ο
2049 5595 2226 5642 quanu
2266 5595 2284 5628 ο
