3894 6230
353 230 510 326 ιοθδ’

354 391 484 447 dicit
507 389 688 452 David,
715 385 961 455 quoniam
991 399 1008 431 ι
1043 380 1094 431 in
1122 372 1494 443 iniquitatibus
1517 369 1758 437 concepit
1785 382 1867 420 me
1894 373 1938 427 Α
1971 382 1990 413 ι

354 491 518 534 mater
548 494 658 530 mea
689 478 729 530 ⁸.
763 494 780 526 ι
815 473 1008 527 Verum
1030 471 1118 536 qni
1145 481 1211 520 ex
1237 465 1376 518 nulla
1399 463 1499 516 viri
1527 461 1868 527 contagione,

353 571 444 623 sed
465 567 576 620 s’olo
589 565 785 633 Spiritu
804 573 987 617 sancto
1009 573 1166 624 super
1189 555 1453 624 Virginem
1482 553 1723 605 veniente
1741 546 1868 618 (8‘2),

351 668 406 710 et
433 656 623 707 virtute
645 651 898 705 Altissimi
925 648 1278 702 obumbrante
1305 644 1450 696 venit
1472 643 1535 693 ad
1562 639 1871 708 corpusim-

351 742 701 805 maculatum,
734 749 974 792 naturam
997 736 1208 804 quidem
1231 729 1645 800 corporisnostri
1668 727 1869 789 habuit,

349 833 688 903 pollutionem
726 840 900 882 tamen
937 825 1140 895 peccati
1183 837 1298 891 qua:
1330 836 1395 874 ex
1425 817 1871 886 concupiscentia:

351 932 496 976 motu
529 921 800 988 conceptis
824 918 1068 976 traditur,
1097 912 1312 966 omnino
1340 923 1441 962 non
1476 909 1679 962 habuit.
1707 905 1870 958 ldcir-

347 1027 410 1064 co
437 1025 562 1080 ergo
588 1029 605 1061 ι
638 1011 689 1062 in
717 1007 1113 1062 similitudinem
1150 1002 1325 1056 carnis
1362 998 1564 1066 peccati
1604 1016 1623 1047 ι
1664 998 1874 1047 venisse

348 1103 540 1154 dicitur
596 1099 762 1153 Filius
803 1098 916 1151 Dei.
972 1113 991 1146 ι
1032 1093 1097 1146 Ει
1158 1108 1253 1160 pro
1300 1100 1544 1159 peccato,
1607 1106 1624 1138 ι
1659 1085 1868 1152 inquit,

354 1207 373 1240 ι
415 1189 980 1255 dntnnavitpeccatum
1023 1185 1074 1234 iu
1118 1196 1306 1235 carne.
1351 1199 1370 1230 ι
1404 1177 1552 1243 Quod
1582 1176 1749 1228 liostia
1777 1188 1873 1240 pro

348 1288 581 1345 peccato
597 1280 768 1330 factus
789 1278 856 1329 sit
878 1276 1142 1334 Christus,
1164 1282 1217 1325 et
1244 1270 1456 1323 oblatus
1477 1269 1546 1320 sit
1563 1281 1656 1332 pro
1683 1277 1872 1332 purga-

350 1371 490 1423 tione
517 1377 892 1437 peccatorum,
936 1377 1122 1416 omnes
1163 1360 1449 1427 Scriptura:
1494 1364 1786 1416 testantur,
1819 1361 1874 1406 et

348 1459 607 1528 praecipue
631 1457 822 1508 Paulus
847 1454 910 1506 ad
940 1452 1185 1506 Hebraeos
1209 1451 1468 1510 scribens,
1499 1461 1620 1498 cum
1658 1442 1822 1496 dicit’
1855 1460 1868 1496 :

353 1566 372 1598 ι
407 1547 516 1600 Hoc
553 1547 690 1600 enim
723 1544 844 1597 fecit
869 1542 1067 1602 semel,
1104 1539 1442 1606 semetipsum
1469 1534 1738 1588 offerendo
1774 1533 1872 1584 ho-

348 1641 539 1701 stiam;
579 1655 597 1687 ι
637 1646 689 1688 et
711 1637 900 1687 iterum
931 1650 945 1686 :
979 1648 998 1680 ι
1035 1631 1134 1694 Qui
1169 1628 1380 1697 proprio
1407 1623 1540 1678 Filio
1559 1640 1658 1676 non
1683 1637 1870 1690 peper-

347 1729 440 1788 cit,
479 1728 570 1780 sed
615 1739 708 1792 pro
745 1723 895 1776 nobis
917 1720 1162 1773 omnibus
1195 1717 1412 1769 tradidit
1439 1714 1581 1767 illum
1608 1714 1672 1764 ¹⁰.
1717 1729 1735 1761 ι
1772 1711 1870 1763 Per

347 1815 484 1868 hanc
517 1827 642 1878 ergo
673 1811 899 1863 hostiam
933 1806 1111 1860 carnis
1143 1818 1282 1864 suae,
1325 1817 1442 1870 quae
1474 1801 1669 1853 dicitur
1708 1815 1726 1848 ι
1777 1810 1872 1864 pro

347 1912 566 1971 peccato
596 1899 728 1968 (8'5),
768 1916 788 1946 ι
827 1895 1097 1948 damnavit
1121 1902 1392 1961 peccatum
1425 1891 1476 1943 in
1513 1902 1696 1950 carne,
1728 1887 1872 1940 sicut

349 1993 486 2043 idem
514 1987 800 2056 Apostolus
839 1987 891 2040 in
924 1985 1044 2038 aliis
1069 1983 1195 2034 dicit
1225 1983 1289 2047 ",
1316 1981 1438 2048 quia
1486 1997 1505 2030 ι
1541 1977 1782 2046 apparuit
1820 1975 1871 2027 in

348 2079 656 2132 novissimis
696 2077 884 2129 diebus
918 2075 982 2127 ad
1017 2074 1432 2128 destructionem
1477 2069 1676 2138 peccati
1707 2085 1722 2120 :
1767 2085 1786 2119 ι
1821 2075 1875 2120 et

348 2171 536 2221 iterum
564 2167 816 2235 propheta
846 2165 977 2218 dicit
1009 2181 1022 2215 :
1057 2180 1076 2212 ι
1118 2163 1234 2230 Ipse
1265 2168 1480 2230 peccata
1516 2170 1697 2212 nostra
1730 2156 1872 2221 tulit,

347 2265 401 2309 et
451 2256 759 2322 iniquitates
815 2262 1026 2306 nostras
1061 2252 1292 2320 portavit
1337 2250 1399 2302 ".
1457 2266 1475 2298 ι
1513 2246 1615 2300 Pro
1658 2255 1874 2314 peccato

349 2361 497 2415 ergo,
521 2346 623 2399 hoc
661 2355 742 2398 est
775 2360 868 2414 per
901 2344 1127 2397 hostiam
1157 2341 1336 2394 carnis
1358 2354 1464 2392 suae
1495 2351 1654 2406 quam
1681 2335 1876 2389 obtulit

347 2450 444 2504 pro
470 2445 704 2502 peccatu,
743 2451 761 2484 ι
806 2434 1078 2485 damnavit
1125 2441 1400 2497 peccatum
1450 2427 1502 2478 iu
1546 2440 1707 2479 carne
1744 2439 1873 2487 sua,

349 2524 736 2592 utjustilicatio
762 2523 892 2591 legis
925 2523 1230 2590 impleretur
1255 2520 1304 2572 in
1340 2518 1512 2579 nobis,
1539 2515 1628 2582 qui
1667 2531 1767 2569 non
1793 2529 1878 2567 se-

349 2616 577 2668 cundum
616 2628 828 2668 carnem
870 2612 1234 2672 ambulamus,
1267 2610 1359 2662 sed
1388 2608 1678 2661 secundum
1716 2606 1875 2674 spiri-

349 2714 482 2758 tum.
519 2723 538 2755 ι
572 2701 676 2756 Per
716 2705 853 2756 hanc
886 2701 994 2770 (84)
1026 2701 1222 2754 etenim
1257 2698 1485 2751 hostiam
1524 2696 1726 2758 carnis,
1762 2709 1878 2762 quae

349 2794 524 2848 oblata
551 2801 631 2846 est
656 2807 753 2859 pro
786 2799 1026 2857 peccato,
1062 2800 1116 2843 et
1147 2787 1420 2840 damnavit
1441 2794 1744 2852 peccatum,
1777 2783 1878 2836 hoc

349 2893 432 2937 est
505 2874 703 2950 fugavit
728 2889 1022 2950 peccatum,
1054 2887 1107 2930 et
1127 2876 1359 2937 abstulit,
1385 2884 1436 2927 ut
1459 2873 1764 2942 justiﬁeatio
1801 2872 1880 2925 leo

1748 244 2060 302 ORIGENIS

3528 212 3674 267 {090

2029 362 2227 414 Littera
2250 353 2444 410 occidit
2475 353 2556 404 ιιι
2585 369 2604 400 ι
2635 348 2828 416 Igitur
2857 360 2880 394 ι
2917 332 3259 408 prudentia
3287 328 3499 385 carnis
3523 341 3676 384 mon

1970 462 2071 506 est.
2113 468 2138 508 ι,
2180 447 2274 500 Cui
2329 458 2472 497 mors
2504 449 2593 494 est
2635 437 2758 506 (88)
2787 432 3084 487 ?Aniniae
3145 426 3289 480 sine
3334 419 3546 474 dubio.
3571 417 3678 485 Qui

1970 539 2109 592 enim
2137 536 2300 603 legem
2330 531 2629 586 secundum
2657 538 2934 584 carnem,
2969 519 3031 572 id
3083 524 3188 570 est
3221 511 3560 568 secundum
3587 507 3677 562 lit-

1974 637 2165 687 teram,
2190 600 2530 676 intellexerit
2554 657 2570 681 ,
2605 631 2718 668 non
2762 613 2933 665 venit
2962 608 3042 662 ad
3081 604 3418 660 Christum
3460 600 3560 670 qui
3591 605 3676 655 est

1971 719 2101 778 vita,
2127 716 2356 769 etideOc
2398 710 2690 776 prudentia
2715 705 2947 764 carnis,
2982 712 3166 752 mors
3207 704 3308 750 est
3354 711 3371 748 :
3416 696 3676 761 pruden-

1973 807 2041 858 tia
2070 819 2197 858 vero
2226 805 2480 871 spiritus,
2513 801 2626 851 vita
2678 808 2737 852 et
2776 809 2918 862 pax.
2965 810 2988 843 ι
3050 789 3274 843 Vitam
3327 798 3592 853 namque
3619 793 3678 838 et

1971 911 2178 963 paceni,
2220 910 2337 962 qua:
2366 902 2449 945 est
2483 890 2748 944 Christus
2784 887 2937 953 (89),
2979 881 3185 935 habet
3229 879 3342 946 qui
3391 875 3675 945 spiritali-

1972 993 2054 1037 ter
2086 981 2546 1048 intelligitlegem.
2590 995 2609 1027 ι
2648 975 2942 1042 Quoniam
2972 969 3306 1039 sapientia
3330 969 3540 1022 carnis
3576 966 3682 1020 ini-

1972 1073 2108 1126 mica
2131 1071 2212 1125 est
2239 1072 2346 1124 Deo
2380 1089 2393 1124 :
2425 1069 2530 1138 legi
2559 1068 2714 1121 enim
2747 1065 2848 1118 Dei
2892 1078 3017 1117 non
3060 1072 3167 1115 est
3209 1058 3504 1127 subjecta
3532 1074 3550 1112 :
3582 1071 3683 1112 nec

1970 1163 2110 1214 enim
2137 1170 2329 1228 potest.
2351 1179 2369 1210 ι
2395 1159 2622 1212 Videtur
2644 1158 2838 1210 adhuc
2861 1155 3024 1208 idem
3056 1149 3437 1206 intellectus
3471 1148 3680 1203 evolvi.

1971 1251 2243 1318 Quomodo
2279 1251 2422 1304 enim
2469 1249 2744 1314 sapientia
2786 1246 3028 1306 carnis,
3086 1244 3219 1296 hoc
3250 1250 3352 1294 est
3430 1237 3682 1294 carnalis

1973 1341 2342 1407 intelligentia,
2381 1353 2486 1390 non
2524 1336 2600 1390 sit
2639 1335 2879 1388 inimica
2917 1333 3072 1394 Deo,
3135 1345 3287 1399 quae
3331 1329 3682 1382 adversatur

1971 1434 2217 1495 Christo;
2247 1447 2367 1499 qua:
2407 1446 2517 1482 non
2570 1428 2780 1494 recipit
2825 1439 2969 1479 eum
3019 1437 3226 1492 quem
3286 1422 3461 1476 misit
3495 1422 3679 1484 Deus;

1971 1539 2088 1591 quan
2115 1524 2279 1576 dicit:
2319 1539 2337 1572 ι
2377 1521 2485 1576 Nos
2514 1522 2688 1590 legem
2732 1523 3061 1581 habemus,
3107 1513 3565 1569 et‘secundum
3600 1513 3680 1568 le-

1972 1628 2087 1680 gem
2117 1611 2274 1665 debet
2300 1611 2460 1676 mori,
2491 1613 2618 1678 quia
2638 1610 2851 1664 Filium
2880 1609 2993 1662 Dei
3032 1623 3105 1662 se
3143 1606 3305 1662 fecit
3341 1605 3396 1636 “
3424 1604 3451 1658 ἳ
3485 1623 3508 1656 ν
3535 1604 3680 1669 Quo-

1970 1703 2124 1754 modo
2153 1716 2279 1769 ergo
2307 1704 2424 1754 haec
2463 1701 2590 1754 talis
2633 1701 2957 1770 sapientia,
2994 1707 3062 1751 et
3099 1696 3263 1751 talis
3299 1693 3676 1763 intelligentia

1971 1793 2020 1846 in
2058 1792 2168 1860 lege
2208 1792 2317 1844 Deo
2360 1807 2467 1843 non
2510 1792 2738 1844 dicatur
2788 1790 3079 1852 inimica,
3137 1797 3209 1842 et
3261 1788 3384 1855 legi
3416 1783 3677 1852 ejus?Ei

1975 1880 2178 1934 scilicet
2196 1896 2316 1948 qua:
2337 1882 2637 1934 secundum
2657 1879 2941 1948 spiritum
2959 1888 3084 1940 est,
3112 1893 3251 1932 non
3283 1887 3379 1930 est
3398 1874 3674 1944 subjecta,

1970 1983 2070 2022 nec
2116 1979 2294 2038 potest
2344 1967 2541 2036 subjici
2571 1985 2586 2021 ε
2620 1968 2757 2036 quia
2805 1965 2975 2020 sicut
3022 1965 3170 2034 (90)
3220 1964 3538 2017 contraria
3575 1961 3673 2014 sibi

1972 2067 2095 2112 sunt
2125 2073 2271 2112 mors
2295 2069 2352 2113 et
2393 2059 2528 2121 vita,
2566 2057 2640 2118 ita
2670 2054 2991 2110 contraria
3033 2066 3196 2108 sunt
3221 2055 3344 2107 sibi
3383 2052 3576 2107 littera
3602 2051 3674 2106 le-

1972 2150 2058 2218 gis
2090 2149 2343 2203 occidens
2381 2149 2494 2219 (9t)
2551 2162 2675 2215 qua:
2722 2156 2782 2200 et
2827 2146 3156 2214 sapientia
3209 2145 3427 2199 carnis
3469 2153 3591 2207 est,
3622 2152 3674 2196 et

1972 2239 2188 2308 spiritus
2220 2239 2502 2292 viviﬁcans
2529 2239 2625 2305 qui
2658 2251 2798 2290 vere
2829 2236 2934 2289 lex
2968 2237 3084 2290 Dei
3117 2247 3252 2290 est.
3298 2254 3320 2285 ι
3353 2234 3466 2300 Qui
3492 2245 3668 2286 autem

1973 2328 2026 2382 in
2051 2341 2209 2381 carne
2231 2338 2378 2389 sunt,
2400 2327 2509 2380 Deo
2541 2325 2772 2394 placere
2811 2340 2938 2378 non
2980 2335 3292 2393 possunt.
3329 2325 3453 2378 Vos
3486 2335 3665 2376 autem

1975 2419 2027 2472 in
2049 2432 2210 2471 carne
2236 2432 2338 2470 non
2366 2418 2530 2480 estis,
2577 2416 2676 2470 sed
2716 2417 2774 2468 in
2816 2414 3016 2485 590
3072 2417 3314 2484 spiritu
3361 2416 3458 2470 :si
3486 2425 3663 2467 tamen

1976 2512 2206 2580 Spiritus
2244 2510 2335 2564 Dei
2365 2509 2650 2562 habitatin
2680 2510 2876 2563 vobis.
2914 2528 2940 2561 ›
2974 2509 3222 2564 Eadem
3260 2510 3550 2577 perdurat
3585 2511 3666 2560 iu-

1977 2601 2284 2669 telligentia.
2315 2617 2334 2648 (
2373 2599 2474 2665 Qui
2508 2600 2564 2652 in
2595 2614 2776 2652 carne
2809 2610 2997 2664 sunt,
3040 2617 3064 2650 ι
3127 2602 3349 2669 inquit
3374 2641 3392 2665 ,
3423 2600 3534 2653 hoc
3567 2608 3667 2658 est,

1975 2692 2066 2759 qui
2114 2691 2407 2744 secundum
2461 2689 2704 2743 litteram
2757 2689 3128 2758 sequuntur
3184 2692 3394 2762 legem
3425 2732 3443 2757 ,
3501 2711 3522 2744 ι
3559 2692 3666 2745 Deo

1976 2781 2186 2848 placere
2206 2795 2308 2831 non
2331 2787 2579 2846 possunt.
2621 2797 2642 2830 ι
2672 2779 2795 2834 Hoc
2828 2781 3015 2834 enim
3053 2793 3119 2838 et
3149 2783 3312 2837 olim
3347 2798 3458 2853 per
3476 2783 3664 2837 Isaiam

1977 2871 2374 2940 pronuntiatum
2402 2873 2837 2934 estaDeo,cuni
2875 2872 3044 2926 dicit
3073 2892 3088 2928 :
3126 2893 3151 2926 ι
3207 2873 3482 2943 Jejunia,
3505 2886 3563 2931 et
3589 2875 3665 2928 leo

350 2972 431 3042 gis
453 2971 756 3038 impleretur
779 2970 829 3021 in
854 2969 1006 3021 nobis
1025 2968 1114 3034 qui
1135 2965 1300 3034 legem
1323 2963 1613 3017 secundum
1635 2961 1877 3029 spiritum
1904 2983 1946 3040 ρ
1979 2957 2321 3024 rias,etdiem
2351 2973 2610 3025 magnum
2638 2969 2912 3015 vestrum
2944 2978 3077 3018 non
3101 2968 3431 3020 sustineo;
3459 2979 3667 3020 ηεοηιο.

351 3061 699 3121 custodimus,
718 3067 770 3111 et
801 3073 900 3110 non
920 3057 1208 3110 secundum
1227 3068 1442 3108 carnem
1468 3071 1482 3107 :
1506 3055 1558 3107 in
1585 3068 1684 3122 qua
1707 3062 1876 3122 parte,

351 3153 642 3205 secundum
676 3165 738 3203 ea
767 3163 883 3216 quae
918 3162 1076 3214 supra
1116 3146 1489 3212 expoanimus,
1541 3143 1880 3211 impossibilis

351 3251 468 3294 erat
510 3241 591 3293 lex
636 3249 690 3292 et
728 3239 961 3290 iniit-ma.
997 3253 1016 3286 ι
1047 3236 1145 3301 Qui
1176 3237 1315 3288 enim
1348 3237 1638 3288 secundum
1664 3246 1876 3285 carnem

353 3338 495 3393 sunt,
521 3345 638 3398 quae
663 3328 839 3382 carnis
877 3338 1000 3380 sunt
1028 3327 1242 3393 sapiunt
1277 3341 1292 3379 :
1321 3325 1410 3391 qui
1435 3338 1560 3376 vero
1591 3322 1894 3386 secundum

357 3422 620 3489 spiritum,
661 3433 778 3486 qua:
830 3427 954 3470 sunt
996 3417 1233 3484 spiritus.
1280 3433 1298 3464 ι
1353 3413 1451 3467 Hic
1493 3414 1598 3482 jam
1644 3412 1880 3479 apertius

353 3510 500 3578 quasi
533 3509 641 3577 (85)
680 3509 818 3561 inter
856 3521 953 3558 nos
994 3515 1047 3559 et
1090 3503 1301 3557 .ludaaos
1337 3505 1388 3556 in
1435 3503 1608 3556 medio
1641 3513 1879 3555 statuens

355 3597 522 3665 legem
547 3595 717 3664 Moysi
765 3595 916 3655 dicit,
965 3610 984 3643 ι
1024 3591 1124 3658 Qui
1164 3592 1456 3646 secundum
1489 3604 1702 3644 carnem
1731 3598 1879 3652 sunt,

353 3705 470 3759 qua:
485 3688 661 3743 carnis
685 3696 806 3740 sunt
837 3689 1070 3753 sapiunt,
1105 3701 1124 3734 ι
1161 3685 1260 3738 hoc
1284 3691 1386 3746 est,
1406 3678 1596 3743 Judaei,
1627 3693 1760 3746 quos
1790 3677 1876 3730 di-

354 3781 428 3833 cit
453 3779 742 3832 secundum
774 3791 991 3830 carnem
1016 3773 1203 3832 Israel.
1245 3785 1364 3840 qua:
1395 3767 1505 3839 (86)
1541 3768 1718 3821 carnis
1748 3767 1879 3834 legis

356 3879 484 3922 sunt
525 3869 751 3936 sapiunt,
780 3867 831 3919 in
861 3882 925 3918 eo
965 3865 1104 3933 quod
1131 3863 1420 3917 secundum
1463 3873 1675 3912 carnem
1709 3857 1877 3925 legem

356 3957 656 4025 intelligunt
689 3972 704 4009 :
734 3973 752 4005 ι
785 3957 872 4022 qui
906 3967 1032 4007 vero
1066 3952 1356 4006 secundum
1401 3949 1641 4016 spiritum
1677 3945 1764 4014 (de
1796 3945 1877 3996 his

356 4048 539 4100 dicens
569 4059 700 4114 quos
717 4043 931 4096 Judzeos
954 4043 1084 4094 dicit
1109 4042 1317 4107 spiritu,
1342 4053 1446 4091 non
1474 4036 1693 4102 littera),
1713 4050 1732 4084 ι
1763 4047 1878 4100 quae

354 4144 479 4190 sunt
514 4136 730 4203 spiritus
762 4133 895 4201 (87).
934 4151 952 4182 ι
986 4131 1048 4184 Ει
1080 4133 1252 4183 adhuc
1299 4129 1459 4180 satiat
1484 4124 1725 4178 eumdem
1757 4138 1879 4176 scn-

355 4241 496 4289 sum,
518 4234 574 4278 et
609 4225 782 4292 aperit
815 4221 1148 4285 evidentius,
1189 4233 1308 4272 cum
1344 4217 1510 4268 dicit:
1539 4231 1556 4263 ι
1590 4211 1875 4265 Prudentia

1979 3049 2096 3102 nias
2115 3057 2169 3100 et
2195 3048 2427 3100 Sabbata
2456 3058 2640 3102 vestra
2677 3050 2806 3102 odit
2852 3053 3078 3107 anima
3113 3070 3259 3110 mea
3304 3057 3384 3111 ".
3425 3077 3447 3108 ι
3482 3056 3588 3112 Sed
3615 3065 3667 3110 et

1989 3152 2128 3203 svos,
2152 3155 2170 3188 ι
2192 3137 2389 3203 inquit,
2408 3137 2460 3190 in
2478 3138 2682 3206 quibus
2703 3138 2982 3206 Spiritus
3003 3142 3112 3197 Dei
3130 3143 3406 3208 habitat,
3424 3147 3472 3200 si
3488 3155 3664 3199 tamen

1979 3228 2184 3280 habitat
2217 3228 2349 3296 (92),
2389 3245 2408 3277 ι
2443 3229 2496 3280 in
2521 3241 2694 3282 carne
2723 3245 2844 3284 non
2875 3235 3068 3299 estis,
3099 3235 3211 3290 sed
3252 3237 3316 3291 in
3357 3239 3562 3306 spiritu
3587 3279 3602 3302 ,
3642 3253 3663 3288 ι

1979 3317 2079 3370 hoc
2113 3325 2366 3381 est,non
2413 3316 2852 3385 intelligentiam
2902 3325 3238 3379 carnalem
3286 3327 3444 3395 legis
3487 3327 3667 3395 sequi-

1977 3405 2130 3468 mini,
2153 3407 2244 3458 sed
2264 3404 2587 3474 spiritalem,
2613 3421 2718 3475 per
2746 3424 2937 3478 quam
2965 3416 3250 3471 venistis
3288 3419 3367 3472 ad
3399 3417 3662 3488 Spiritum

1977 3495 2353 3558 viviﬁcantem,
2382 3496 2426 3548 si
2457 3505 2640 3550 tamen
2662 3507 2834 3554 actus
2865 3506 3070 3557 vestri
3104 3507 3269 3562 tales
3307 3511 3434 3563 sint
3461 3519 3521 3563 et
3539 3525 3664 3563 conv

1976 3584 2230 3648 versatio,
2277 3593 2334 3637 ut
2376 3582 2645 3652 Spiritum
2685 3587 2788 3641 Dei
2831 3589 2895 3643 iii
2945 3595 3136 3649 vobis
3170 3597 3414 3654 habere
3449 3614 3654 3655 merea-

1977 3673 2134 3727 mini.
2167 3671 2222 3726 In
2253 3673 2384 3727 duas
2405 3687 2562 3743 ergo,
2593 3684 2655 3729 ut
2689 3676 2994 3748 diximus,
3025 3695 3249 3752 partes
3280 3689 3564 3744 dividens
3586 3689 3660 3742 Ie-

1976 3780 2094 3833 gem
2117 3762 2308 3833 Moysi,
2331 3763 2383 3817 id
2412 3773 2520 3830 est,
2545 3765 2602 3819 in
2629 3767 2937 3836 spiritum,
2975 3783 3043 3829 et
3069 3792 3364 3846 carnem,
3391 3796 3524 3852 qua:
3540 3789 3662 3837 sunt

1975 3853 2215 3920 spiritus,
2243 3861 2474 3920 quamet
2505 3853 2824 3920 Spiritalem
2859 3858 3068 3930 legem
3115 3869 3484 3938 appellavit,
3514 3871 3663 3923 ηοω,

1977 3943 2195 3995 tradidit
2227 3959 2241 3995 :
2269 3959 2388 4010 qua:
2418 3958 2549 3996 vero
2586 3949 2782 4001 carnis
2819 3964 3011 4018 sunt,
3048 3960 3420 4014 carnalibus
3460 3961 3661 4016 ,ιυιιείε

1975 4033 2208 4100 reliquit.
2253 4032 2346 4086 Sic
2390 4035 2624 4100 denique
2666 4048 2726 4089 et
2773 4039 2922 4095 illud
2970 4045 3432 4115 interpretatus
3471 4062 3559 4105 est
3599 4052 3662 4103 de

1973 4122 2240 4176 Abraham
2290 4138 2412 4176 cum
2454 4125 2592 4178 dixit
2625 4144 2638 4180 :
2683 4145 2705 4178 ι
2763 4130 2889 4184 Sed
2936 4133 2992 4187 is
3028 4137 3294 4204 quidem
3331 4141 3440 4210 qui
3469 4143 3542 4197 de
3570 4156 3662 4195 an-

1975 4211 2116 4276 cilla,
2151 4213 2448 4266 secundum
2492 4229 2722 4269 carnem
2772 4229 2954 4275 natus
3003 4235 3154 4277 est:
3198 4231 3315 4298 qui
3363 4242 3565 4285 autem
3601 4246 3661 4284 ex

355 4313 496 4367 enim
526 4289 737 4374 carnis,
770 4324 908 4362 mors
931 4317 1013 4362 est
1048 4321 1063 4359 :
1097 4305 1373 4373 prudentia
1405 4311 1577 4354 autem
1621 4301 1872 4369 spiritus,
1905 4289 1948 4343 Ι)
1981 4300 2172 4362 libera,
2197 4314 2294 4368 per
2317 4303 2837 4370 repromissionem.
2873 4312 2950 4363 Et
2993 4315 3160 4369 sicut
3191 4289 3348 4373 tunc
3376 4321 3431 4374 is
3463 4323 3563 4390 qui
3590 4335 3667 4375 se-

355 4401 464 4454 vita
496 4407 550 4453 et
584 4413 704 4466 pax.
743 4416 762 4450 ι
799 4395 1046 4463 Nunquid
1088 4409 1193 4447 non
1228 4407 1387 4444 unutn
1431 4397 1592 4456 atque
1628 4389 1766 4441 idem
1793 4395 1878 4442 est

357 4489 495 4560 quod
523 4489 674 4551 dicit,
708 4504 727 4537 ι
773 4485 1060 4540 Prudentia
1085 4481 1262 4536 carnis
1287 4493 1429 4534 mors
1449 4487 1551 4542 est,
1584 4496 1603 4531 ι
1639 4487 1693 4532 et
1713 4476 1874 4531 illud:

421 4648 446 4682 ⁸
483 4647 617 4702 Psal.
651 4662 702 4708 ι,
737 4646 786 4700 7.
887 4644 906 4675 ⁸
935 4641 1091 4696 Hebr.
1127 4656 1220 4700 vti,
1248 4640 1335 4694 27.

355 4718 403 4752 ⁸⁸
424 4717 578 4774 Joau.
615 4732 724 4780 xtx,
755 4715 806 4770 7.

451 4855 538 4925 82)
571 4855 666 4910 Ms.
708 4867 865 4917 unus,
900 4867 920 4901 ι
952 4863 1107 4925 super
1146 4848 1401 4916 virginem
1428 4843 1806 4925 descendente.
1851 4859 1871 4891 ι

451 4919 537 4996 83)
567 4925 724 4996 Editi,
754 4939 774 4974 ι
810 4934 958 4996 atque
981 4921 1198 4996 dicitur,
1233 4930 1326 4985 pro
1346 4924 1586 4984 peccato,
1619 4928 1640 4963 ι
1667 4919 1776 4966 etc.

430 4986 540 5063 (84)
576 4986 734 5063 Εᾱίιῇ
765 5007 796 5063 Δι
834 4986 959 5063 Post
981 4990 1136 5040 hanc.
1176 5004 1195 5036 ι

455 5054 543 5128 85)
571 5063 622 5113 In
653 5060 808 5114 editis
838 5060 986 5128 deest
1019 5073 1039 5106 ι
1073 5054 1245 5123 quasi.
1284 5070 1305 5104 ι

450 5117 538 5191 86)
564 5129 729 5192 Alias,
765 5147 783 5177 ι
811 5127 932 5194 quia
962 5117 1107 5194 quae;
1127 5142 1145 5175 ι
1172 5133 1278 5176 etc.
1307 5121 1400 5194 aL,
1429 5136 1448 5169 ι
1477 5117 1565 5194 qui
1588 5129 1650 5168 ea
1677 5125 1818 5194 quae,
1860 5127 1881 5162 ι

365 5181 469 5276 etc.
499 5181 600 5251 Sed
627 5181 848 5264 utraque
885 5181 992 5247 vox'
1020 5181 1166 5246 deest
1190 5194 1242 5244 in
1266 5181 1426 5244 editis
1449 5181 1510 5242 et
1532 5188 1583 5240 iit
1617 5181 1746 5237 mss.
1771 5181 1883 5250 ple-

366 5279 560 5317 risuue.

435 5281 747 5398 θδιὲῗἈιίεε,
791 5349 810 5382 ι
849 5345 967 5397 qua:
1017 5337 1141 5382 sunt
1177 5325 1396 5395 spiritus
1441 5325 1700 5398 sapiunt;
1729 5335 1751 5371 ι
1787 5314 1880 5398 aL,

374 5411 394 5443 ι
433 5390 682 5473 sentiunt.
723 5390 832 5473 {Et
859 5390 1012 5466 paulo
1042 5411 1163 5466 post
1194 5390 1293 5450 nis.
1327 5409 1460 5448 unus
1500 5390 1552 5446 et
1575 5390 1739 5457 editi,
1764 5404 1786 5441 ι
1827 5397 1882 5440 et

369 5467 505 5527 sapit
533 5467 842 5519 evidentius.
875 5484 894 5517 ι

446 5526 546 5594 ι88)
572 5533 734 5596 Alias,
762 5553 780 5585 ι
817 5533 974 5602 Cujus
1001 5548 1139 5586 mors
1171 5531 1283 5586 est?
1321 5549 1340 5580 ι

1041 4659 1091 4720 pr.
1127 4640 1348 4720 vti,_27_._
1425 4633 1920 4720 ‘f.ll‘otn._VItl,§2.
1995 4634 2037 4664 ¹¹
2063 4633 2224 4688 llebr.
2259 4648 2334 4694 Ix,
2365 4633 2460 4689 26.
2536 4635 2579 4667 ⁸⁸

1475 4637 1802 4720 ,ιξριιιηνιιμ
1995 4634 2037 4664 ¹¹
2063 4633 2224 4688 llebr.
2259 4648 2334 4694 ix,
2365 4633 2460 4689 26.
2536 4635 2580 4667 ¹⁸
2622 4635 2755 4693 lsai.
2787 4655 2921 4708 LIII,
2948 4643 3011 4698 4.

883 4713 924 4743 ¹⁵
952 4714 1070 4766 lsai.
1101 4727 1138 4776 t,
1171 4711 1255 4770 15.
1293 4708 1376 4762 14.
1452 4707 1494 4738 “
1519 4706 1691 4759 Galat.
1719 4719 1792 4768 tv,
1823 4703 1910 4754 23.

1977 4390 2206 4445 cundum
2227 4405 2448 4447 carnem
2485 4405 2648 4449 natus
2677 4408 2808 4464 est,
2845 4409 3361 4474 perSequebatur
3389 4426 3528 4465 eum
3569 4411 3660 4478 qui

1979 4481 2268 4536 secundum
2313 4483 2597 4552 spiritum;
2645 4487 2724 4540 ita
2758 4499 2822 4543 et
2865 4507 3034 4549 nunc
3080 4497 3158 4551 “.
3213 4517 3239 4550 ι
3301 4500 3556 4555 Certum
3588 4512 3669 4556 est

3101 4649 3153 4680 "
3185 4651 3232 4704 ll
3274 4651 3433 4708 Cor.
3480 4669 3575 4718 Ill,
3614 4652 3669 4708 6.

2045 4837 2156 4920 t8?)
2191 4837 2363 4920 alias,
2405 4857 2427 4892 ι
2463 4843 2608 4909 quod
2636 4852 2730 4898 est
2755 4845 3067 4920 gbristns.
3111 4872 3135 4906 ι

2044 4908 2174 4992 (9ολ
2208 4910 2300 4991 _Sic
2347 4908 2628 4992 msLunus
2671 4914 3078 4992 ethabanus.
3135 4923 3305 4980 I'Iditi
3343 4943 3517 4991 vero,
3549 4946 3572 4980 ι
3616 4929 3669 4982 in

1975 4971 2094 5066 lege
2122 4971 2396 5066 Dei-ppu
2417 4979 2636 5066 dicatur
2669 4971 2904 5066 inimica
2954 4971 3082 5046 uel;
3127 4971 3372 5066 éi“ié'gi
3387 4971 3588 5066 1st}

1979 5047 2424 5136 quaeseeu‘ndtum
2456 5051 2718 5136 spiritum
2759 5055 2887 5136 ejus
2927 5073 3048 5114 non
3077 5047 3546 5136 restituti-uta:—
3559 5047 3660 5120 έιῶ

1983 5127 2168 5235 Ιόοξεθι
2202 5117 2418 5197 ευιξὶἱεὶ,
2464 5117 2595 5200 quia
2635 5117 2808 5190 sicut,
2861 5144 2882 5179 ι
2929 5138 3048 5184 etc.
3080 5117 3224 5187 Mss.
3260 5117 3520 5190 ddé'iiﬁ
3545 5117 3666 5205 lege

2032 5199 2080 5235 et
2109 5199 2215 5235 non
2251 5188 2464 5235 dlcatnr
2492 5193 2718 5235 ιιιίηιίοιι
2751 5195 2865 5235 ΠΜ
2907 5210 2959 5235 οι
3003 5200 3115 5235 In":
3141 5204 3279 5235 nine
3345 5175 3411 5235 ,ἶ
3441 5205 3658 5235 ρηειςιωι

2032 5183 2215 5270 einen
2251 5187 2464 5270 dicatur
2484 5175 2876 5270 ἷιιὶιῐιίιιίὶύὑέι)⁷
2907 5175 3411 5270 eiii-3723.5,"3i

1986 5265 2108 5342 (έξὲ
2121 5255 2430 5342 ξεῗςδξιῇςὶιξιη
2457 5263 2720 5342 spiritqu
2745 5278 2834 5323 est
2867 5285 2975 5322 non
3010 5255 3144 5324 esse
3173 5255 3663 5342 ὶιιιῇέὲιᾶξιιοε

1985 5327 2728 5408 pols's‘gsubjici,quiasicut,
2766 5356 2787 5391 ι
2825 5349 2934 5392 etc.

2057 5388 2170 5467 (gl)
2205 5388 2363 5466 Le'gis
2381 5388 2669 5464 'o'ccideua.
2693 5388 3060 5464 ffla‘cvdesunt
3084 5407 3143 5460 in
3175 5410 3395 5467 editis.

1985 5459 2382 5592 “galerus,
2415 5490 2434 5526 ι
2473 5473 2530 5529 ιιι
2564 5459 3009 5548 (ιιιὼῐζὺιιιηίεἶι
3039 5459 3423 5548 uestigia.
3456 5489 3656 5538 tamet.
