3894 6224
357 221 500 278 ΙΟΘῚ

1281 225 1623 282 COMMENT.
1655 224 1720 278 IN
1755 223 1964 278 EPIST.
2005 224 2092 277 AD
2129 224 2294 282 ΗΘΜ.
2333 227 2460 282 LIB.
2503 226 2585 282 Vl.

3381 227 3517 283 1098

352 337 504 388 enim
537 337 661 406 quia
688 340 758 393 illi
789 341 902 411 (925)
940 341 1026 408 qui
1063 341 1348 394 secundum
1387 354 1600 395 carnem
1645 337 1885 393 suntlu-
1916 343 1959 397 Λ
1990 338 2074 392 hic
2116 353 2219 393 non
2256 349 2340 394 est
2379 341 2513 408 ejus.
2557 341 2611 395 Si
2649 349 2824 394 autem
2873 339 3115 394 Christus
3138 341 3190 395 iu
3223 342 3372 396 vobis
3409 354 3512 404 est,

349 425 480 488 diei,
513 441 910 496 persequuntur
934 447 1028 484 nos
1058 430 1145 498 qui
1175 445 1358 484 sumus
1385 445 1492 484 non
1516 431 1567 482 in
1587 428 1885 490 manifesto,

347 517 450 570 sed
481 517 534 570 in
573 520 787 572 occulto
815 519 1004 583 Judaei,
1030 530 1082 574 et
1112 520 1278 589 legem
1307 520 1596 574 secundum
1623 517 1885 584 spiritum,

347 620 459 658 non
495 610 790 661 secundmn
814 625 1026 663 carnem
1056 609 1399 664 custodimus.
1433 607 1509 660 illi
1534 622 1660 676 ergo
1688 607 1778 674 qui
1805 622 1889 659 se-

344 699 588 750 cundum
617 715 830 753 carnem
862 701 1093 768 sapiunt,
1123 707 1506 768 consequenter
1525 700 1682 751 etiam
1709 712 1886 766 repro-

343 790 641 844 missiones
689 792 820 860 legis
858 794 1144 845 carnaliter
1201 801 1436 859 sperant.
1487 789 1593 842 Nos
1625 804 1750 841 vero
1796 803 1886 841 eas

339 880 479 946 spiri
493 881 672 934 taliter
701 893 1070 949 exspectamus
1095 883 1384 935 secundum
1416 893 1714 932 sermonem
1736 877 1882 944 Pauli

338 971 582 1024 dicentis
632 989 698 1022 τι
747 971 815 1028 Ut
866 971 1306 1040 repromissioncs
1361 969 1592 1036 Spiritus
1651 969 1882 1037 accipia-

336 1076 466 1114 mus
502 1063 581 1125 ";
625 1081 644 1113 ι
697 1075 748 1116 et
787 1063 977 1115 iterum
1009 1081 1022 1115 :
1057 1080 1076 1112 ι
1114 1062 1430 1114 Benedictus
1472 1060 1612 1113 Deus
1643 1069 1696 1114 et
1732 1059 1884 1112 Pater

336 1151 565 1204 Domini
619 1153 786 1205 nostri
835 1150 956 1204 Jesu
987 1151 1220 1212 Christi,
1255 1151 1342 1217 qui
1388 1148 1658 1203 benedixit
1699 1162 1796 1200 nos
1830 1147 1879 1198 iu

331 1242 490 1292 omni
524 1241 899 1294 benedictione
947 1239 1168 1307 spiritali
1199 1239 1250 1292 in
1294 1237 1603 1292 caelestibus
1639 1239 1690 1290 in
1726 1235 1881 1290 Chri-

329 1341 420 1384 sto
455 1331 532 1380 ⁸⁸.
559 1349 578 1380 ι
610 1331 687 1382 Ex
714 1330 909 1398 quibus
941 1330 1184 1382 omnibus
1221 1338 1275 1380 et
1300 1343 1417 1394 qua:
1449 1327 1520 1380 sit
1566 1327 1648 1380 lex
1687 1340 1879 1379 secun-

327 1422 464 1472 dum
504 1435 746 1481 carnem,
788 1428 836 1471 et
875 1433 991 1484 qua:
1021 1417 1308 1470 secundum
1337 1417 1610 1484 spiritum,
1641 1417 1721 1468 vel
1765 1430 1880 1482 quae

326 1522 459 1572 Spes
498 1505 931 1573 repromissionis
956 1504 1208 1566 carnalis,
1225 1504 1306 1555 vel
1337 1518 1456 1568 qua:
1482 1502 1742 1570 spiritalis
1767 1502 1875 1569 (9ι)

325 1595 664 1647 ostenditur.
690 1594 868 1648 Potest
897 1603 951 1646 et
981 1594 1269 1647 secundum
1296 1593 1450 1644 aliam
1469 1591 1874 1659 expositionem,

1989 443 2180 497 corpus
2218 431 2430 498 quidem
2488 441 2754 487 mortuum
2803 445 2886 488 est
2940 444 3152 501 propter
3202 443 3513 500 peccatum,

1988 516 2208 580 Spiritus
2235 532 2361 571 vero
2393 519 2496 570 vita
2527 518 2602 587 (2)
2635 531 2850 587 propter
2878 518 3335 588 justiiicatiunem.
3362 519 3512 583 Quod

1987 604 2027 655 si
2063 602 2294 671 Spiritus
2325 605 2439 671 ejus
2465 606 2552 672 qui
2589 607 2864 658 suscitavit
2897 605 3080 662 Jesum
3117 623 3144 658 a
3177 607 3397 660 mortuis
3419 606 3515 661 ha-

1987 692 2120 745 bitat
2163 695 2225 754 in.
2261 695 2440 755 Vobis;
2489 695 2578 763 qui
2623 696 2904 750 suscitavit
2943 696 3119 750 Jesum
3171 696 3440 750 Christum
3482 713 3512 749 a

1987 786 2210 838 mortuis
2227 786 2518 838 vivilicabit
2535 787 2842 839 etmortalia
2865 797 3040 840 vestra
3061 801 3280 854 corpora
3301 795 3513 854 propter

1985 877 2365 929 inbahitantem
2415 875 2673 943 Spiritum
2723 879 2833 944 ejus
2875 878 2926 930 in
2976 878 3126 930 vobis
3169 876 3232 930 ¹⁹.
3289 894 3307 926 ι
3361 877 3509 942 Quod

1982 964 2352 1017 constantibus
2376 973 2430 1017 et
2471 964 2748 1016 dialectica
2781 977 2894 1020 arte
2924 966 3160 1019 collectis
3194 976 3371 1018 utatur
3402 968 3503 1036 syl-

1983 1051 2218 1120 logismis
2251 1051 2524 1119 apostolus
2556 1052 2751 1107 Paulus
2794 1055 2872 1106 Vcl
2909 1056 2960 1107 in
3001 1056 3100 1108 hoc
3147 1055 3298 1118 loco,
3336 1058 3417 1108 vel
3456 1057 3508 1110 in

1982 1141 2100 1194 aliis
2128 1140 2374 1208 Epistolis
2401 1143 2532 1206 suis,
2572 1158 2673 1194 non
2706 1145 2831 1196 mihi
2859 1161 2998 1197 nunc
3029 1144 3104 1214 (3)
3137 1146 3506 1213 exponendum

1982 1231 2211 1291 videtur,
2238 1247 2302 1284 ne
2343 1233 2476 1286 forte
2507 1248 2610 1286 non
2651 1243 2757 1288 tam
2792 1235 3027 1287 scicntia:
3058 1235 3130 1304 (4)
3161 1241 3275 1302 ejus
3295 1274 3311 1298 ,
3345 1252 3505 1304 quam

1979 1321 2238 1375 sermonis
2267 1321 2316 1373 in
2346 1335 2449 1388 quo
2481 1337 2582 1376 non
2613 1323 2720 1376 vult
2749 1339 2806 1376 se
2832 1324 3058 1390 peritum
3095 1325 3197 1377 dici
3221 1326 3289 1388 ὀ,
3327 1343 3504 1378 asser-

1981 1416 2123 1459 tores
2149 1409 2424 1460 videamur
2451 1423 2570 1462 esse
2593 1427 2608 1459 :
2635 1419 2689 1462 et
2733 1410 2848 1460 idco
2881 1411 3133 1476 pr0positi
3160 1413 3327 1480 magis
3357 1415 3504 1481 capi-

1985 1495 2077 1548 tuli
2103 1510 2312 1549 sensum
2339 1497 2602 1551 discutere
2616 1499 3040 1566 properabimus.
3062 1498 3116 1553 In
3138 1503 3507 1566 superioribus

1978 1585 2066 1636 ubi
2081 1585 2216 1638 dixit
2237 1603 2250 1636 :
2275 1604 2294 1636 ι
2319 1585 2420 1640 Vos
2435 1595 2613 1641 autem
2630 1588 2678 1639 in
2697 1603 2856 1642 carne
2880 1603 2982 1640 non
3001 1590 3152 1654 estis,
3168 1591 3260 1642 sed
3279 1590 3332 1643 in
3352 1593 3504 1658 spiri-

325 1685 370 1735 si
410 1696 728 1749 repetamus
755 1685 822 1736 ab
852 1683 1022 1744 initio,
1057 1701 1075 1732 ‹
1101 1683 1248 1748 Quod
1282 1682 1604 1748 impossibile
1618 1691 1731 1732 erat
1753 1681 1868 1748 legi,

1979 1678 2058 1731 tu;
2084 1671 2127 1722 si
2147 1679 2320 1722 tamen
2337 1671 2568 1738 Spiritus
2589 1673 2676 1726 Dei
2702 1674 2908 1726 habitat
2923 1676 2975 1727 in
2994 1677 3142 1729 vobis
3161 1677 3203 1707 ’ί
3226 1695 3241 1733 :
3268 1696 3286 1727 ›
3311 1679 3502 1745 duplici

324 1773 378 1824 in
402 1790 520 1841 quo
545 1774 918 1826 inlirmabatur
941 1789 1034 1840 per
1051 1788 1295 1835 carnem,
1323 1788 1342 1819 ι
1375 1781 1429 1823 et
1452 1773 1517 1822 de
1542 1771 1655 1838 lege
1686 1772 1873 1822 mentis

325 1862 591 1928 intelligi,
627 1877 786 1930 quam
820 1878 976 1928 supra
1005 1863 1138 1914 dixit
1159 1862 1266 1926 (95)
1299 1862 1428 1912 velle
1459 1860 1630 1913 facere
1655 1860 1868 1920 bonum,

322 1952 418 2004 sed
447 1967 552 2019 per
578 1951 940 2004 inlirmitatem
975 1960 1030 2004 et
1079 1950 1412 2018 fragilitatem
1441 1949 1618 2002 carnis
1657 1947 1874 2014 implere

321 2055 435 2094 non
471 2056 654 2109 posse,
679 2050 734 2094 et
764 2051 1042 2109 propterea
1073 2040 1280 2092 misisse
1313 2039 1474 2090 Deum
1499 2037 1688 2091 Filium
1715 2051 1870 2089 suum

322 2130 376 2181 in
414 2130 828 2183 similitudinem
855 2129 1030 2184 carnis
1051 2129 1283 2196 peccati,
1323 2139 1376 2181 et
1411 2128 1473 2180 de
1504 2136 1745 2195 peccato,
1775 2127 1872 2179 hoc

321 2229 408 2274 est
457 2235 562 2288 per
621 2221 851 2274 hostiam
900 2236 996 2288 pro
1037 2229 1256 2288 peccato
1303 2218 1558 2281 oblatam,
1595 2217 1870 2269 damnasse

319 2317 643 2378 peccatum.
689 2311 815 2362 Data
849 2313 989 2362 enim
1023 2310 1172 2363 nobis
1208 2307 1520 2362 remissione
1549 2305 1658 2375 (96)
1685 2320 1869 2373 pecca-

319 2410 510 2453 torum
543 2399 780 2467 lugatmn
811 2409 886 2452 est
913 2410 966 2452 et
989 2399 1394 2452 exterminatmu
1419 2398 1483 2450 de
1503 2411 1664 2450 carne
1689 2405 1868 2448 nostra

317 2497 634 2556 peccatum,
660 2498 707 2550 et
735 2489 896 2554 coepit
915 2489 964 2538 in
982 2487 1136 2540 nobis
1159 2485 1467 2556 justiﬁcatio
1484 2484 1613 2552 legis
1639 2483 1870 2551 impleri,

316 2579 476 2632 illius
501 2578 762 2630 duntaxat
787 2577 913 2645 legis
939 2590 1057 2644 quze
1087 2575 1483 2629 condelectatur
1507 2573 1608 2641 legi
1624 2572 1733 2641 (97)
1756 2572 1865 2632 Dei.

313 2682 448 2735 quae
479 2667 734 2734 impletur
759 2667 867 2718 cito
907 2681 1025 2718 cum
1054 2667 1162 2734 jam
1198 2680 1302 2718 non
1333 2664 1533 2718 resistit
1557 2663 1604 2715 ei
1634 2663 1713 2715 lex
1743 2675 1865 2730 pec--

310 2758 433 2812 cali
464 2773 588 2824 qua:
611 2767 728 2816 erat
756 2756 809 2808 in
833 2756 1089 2810 membris
1109 2755 1327 2818 nostris,
1359 2753 1400 2806 si
1436 2764 1612 2805 tamen
1645 2766 1747 2804 non
1779 2765 1864 2802 se-

309 2846 568 2901 cundum
599 2861 814 2899 carnem
857 2845 1210 2906 ambulemus,
1247 2845 1338 2896 sed
1376 2841 1665 2895 secundum
1709 2839 1866 2907 spiri-

1977 1757 2130 1809 modo
2151 1757 2274 1824 quid
2320 1769 2399 1812 est
2430 1761 2481 1811 in
2512 1761 2710 1827 Spiritu
2750 1762 2825 1831 (5)
2857 1778 2976 1817 esse
3001 1765 3427 1833 explanavimus,
3455 1769 3504 1821 id

1973 1856 2073 1912 est,
2100 1849 2179 1901 vel
2197 1849 2363 1917 legem
2387 1866 2487 1902 non
2515 1854 2802 1905 secundum
2827 1853 3082 1919 litteram,
3099 1858 3189 1912 sed
3213 1858 3501 1910 secundum

1972 1937 2258 2004 spiritalem
2288 1954 2498 1991 sensum
2533 1941 2857 2008 intelligere;
2888 1942 2969 1996 vel
2998 1943 3159 1996 etiam
3182 1945 3501 1998 mortitica’J)

1971 2039 2213 2092 corpore.
2249 2027 2488 2094 spiritus,
2515 2037 2568 2080 et
2610 2043 2714 2079 non
2746 2031 2924 2083 carnis
2961 2029 3167 2096 legibus
3207 2033 3406 2090 vivere.
3435 2038 3502 2086 iit

1974 2129 2108 2165 nunc
2125 2129 2250 2183 ergo
2271 2117 2410 2183 quod
2427 2117 2576 2181 dicit,
2601 2135 2619 2167 ς
2641 2117 2824 2184 Siquis
2838 2118 3008 2173 antem
3029 2120 3281 2186 Spiritum
3302 2123 3498 2176 Christ:

1970 2201 2123 2270 591
2156 2220 2255 2255 non
2295 2205 2470 2270 habet,
2507 2205 2593 2257 hic
2623 2221 2724 2258 non
2753 2217 2836 2260 est
2863 2207 3015 2275 ejus;
3057 2227 3075 2259 ι
3109 2217 3161 2264 et
3191 2211 3491 2280 subjungip.

1975 2309 1994 2341 ‹
2035 2293 2090 2346 Si
2123 2303 2300 2348 autem
2343 2292 2586 2348 Christus
2628 2295 2681 2348 in
2714 2296 2863 2350 vobis
2912 2308 3016 2363 est,
3059 2316 3079 2350 ι
3118 2303 3494 2368 requirendum

1969 2391 2050 2433 est
2076 2391 2252 2434 utrum
2286 2384 2550 2436 diversum
2581 2383 2650 2436 sit
2670 2384 2924 2453 Spiritum
2949 2386 3043 2441 Dei
3071 2380 3188 2442 eSse
3216 2390 3266 2442 in
3293 2389 3491 2459 aliquo,

1968 2486 2032 2522 an
2067 2470 2321 2537 Spiritum
2346 2471 2420 2543 (6)
2441 2471 2640 2528 Christi
2676 2477 2790 2528 :vel
2814 2478 2974 2530 etiam
3003 2478 3174 2546 ipsum
3198 2479 3493 2546 Christum,

1969 2569 2059 2614 aut
2091 2560 2348 2629 Spiritum
2377 2563 2492 2628 ejus
2519 2571 2608 2633 qui
2649 2566 2931 2620 suscitavit
2969 2566 3148 2620 Jesum
3180 2583 3206 2618 a
3245 2549 3491 2626 mortuis.

1968 2647 2069 2701 Sed
2095 2647 2348 2715 qnantum
2387 2649 2469 2703 vel
2507 2655 2936 2721 consequentiam
2968 2655 3043 2724 (7)
3087 2654 3186 2709 loci
3216 2657 3492 2723 praesentis

1967 2739 2194 2802 intueor,
2243 2739 2324 2791 vel
2357 2738 2482 2792 illud
2517 2743 2654 2809 quod
2702 2743 2948 2797 Salvator
2995 2746 3047 2798 iu
3098 2746 3384 2812 Evangelio
3424 2747 3492 2800 d.

1966 2826 2162 2892 Spiritu
2195 2837 2381 2882 sancto
2410 2830 2554 2893 dicit,
2585 2830 2707 2898 quia
2748 2851 2766 2883 ι
2807 2849 2835 2886 a
2865 2832 3022 2889 Patre
3054 2836 3312 2903 procedit,
3356 2852 3376 2885 ι
3418 2845 3490 2898 et,

314 2946 465 2988 tum.
501 2933 635 2986 Nam
667 2935 836 2986 donec
886 2933 938 2984 iu
976 2946 1136 2985 carne
1174 2941 1255 2984 est
1283 2929 1403 2996 quis
1426 2966 1441 2990 ,
1483 2938 1538 2980 et
1575 2926 1862 2981 secundum
1890 2957 1935 3015 ο
1970 2934 1988 2966 ι
2021 2915 2094 2968 De
2121 2933 2238 2972 meo
2263 2922 2482 2989 accipiet
2508 2925 2573 2987 ²²,
2612 2943 2630 2976 ι
2669 2933 2722 2978 et
2767 2923 2920 2990 hujus
2957 2925 3104 2977 verbi
3153 2924 3492 2990 explanatio:

308 3039 548 3080 carnem
565 3024 720 3085 vivit,
751 3037 870 3091 quae
889 3026 1064 3075 carnis
1096 3031 1219 3075 sunt
1234 3021 1370 3086 sapit
1403 3034 1417 3083 ;
1449 3032 1567 3070 cum
1587 3031 1712 3070 vero
1735 3031 1861 3069 con-

307 3116 553 3172 verterit
580 3130 639 3169 se
661 3116 726 3167 ad
760 3114 1042 3182 spiritum,
1081 3121 1132 3165 et
1164 3120 1404 3164 mortuus
1429 3106 1587 3159 luerit
1607 3105 1707 3173 legi
1741 3119 1863 3172 pec-

307 3208 434 3261 cati
469 3215 527 3258 et
555 3203 760 3265 carnis,
791 3217 910 3270 qua:
939 3210 1062 3255 sunt
1088 3200 1307 3268 spiritus
1333 3196 1492 3264 sapit.
1521 3194 1654 3247 Nam
1677 3208 1864 3248 secun-

303 3297 449 3350 dum
489 3309 708 3347 carnem
743 3306 960 3359 sapere,
999 3303 1140 3343 mors
1184 3299 1266 3342 est
1297 3287 1486 3340 animae
1523 3301 1539 3348 ;
1569 3285 1862 3340 secundum

305 3385 577 3454 spiritum
623 3397 774 3445 vero,
821 3382 924 3433 vita
971 3390 1026 3433 et
1060 3393 1159 3446 pax
1198 3386 1281 3431 est
1330 3378 1496 3445 :quia
1529 3394 1549 3427 ς
1599 3374 1860 3443 sapientia

302 3475 503 3530 carnis
535 3472 752 3526 iu’imica
779 3479 859 3524 est
890 3471 1028 3530 Deo,
1070 3486 1087 3518 ι
1126 3470 1222 3520 hoc
1248 3474 1351 3528 est,
1397 3465 1521 3518 dum
1566 3477 1691 3517 caro
1729 3461 1862 3515 resi-

304 3564 417 3618 stil
445 3561 680 3629 spiritui,
700 3568 753 3615 et
778 3574 879 3614 non
903 3571 982 3612 est
1015 3556 1251 3624 subjecta
1285 3555 1387 3622 legi
1412 3553 1602 3607 mentis
1626 3567 1745 3620 qua:
1777 3552 1861 3604 lex

305 3653 414 3706 Dei
442 3661 550 3712 est,
581 3650 796 3704 inimica
822 3658 903 3702 est
933 3647 1078 3700 Deo:
1109 3655 1164 3699 et
1194 3645 1313 3698 ideo
1343 3643 1434 3712 qui
1468 3641 1754 3696 carnaliter
1779 3641 1859 3692 vi-

301 3749 476 3804 vunt,
505 3739 618 3792 Deo
649 3738 858 3806 placere
885 3751 986 3790 non
1018 3742 1256 3803 possunt.
1277 3732 1380 3786 Sed
1413 3751 1432 3783 ι
1458 3747 1582 3797 vos,
1617 3750 1636 3782 s
1667 3729 1856 3798 inquit,

309 3848 330 3882 ε
355 3844 471 3884 non
491 3827 626 3881 estis
649 3826 701 3878 in
719 3839 899 3888 carne,
925 3842 944 3876 ι
966 3825 1064 3878 hoc
1084 3831 1166 3876 est
1187 3836 1290 3875 non
1321 3821 1614 3873 secundum
1645 3831 1857 3872 carnem

301 3917 500 3971 vivitis
535 3914 671 3982 (98),
721 3912 814 3966 sed
863 3908 1154 3964 secundum
1194 3906 1476 3982 spiritum,
1539 3921 1558 3953 ‹
1595 3904 1639 3956 si
1681 3912 1858 3955 tamen

307 4007 560 4076 Spiritus
595 4003 689 4058 Dei
712 4003 918 4056 habitat
939 4002 993 4054 in
1007 3995 1334 4053 vobisaliaac
1349 4003 1570 4064 possunt
1597 4004 1649 4047 et
1671 4007 1858 4046 secun-

302 4099 440 4149 dum
469 4095 667 4157 aliam,
699 4104 758 4145 ut
785 4093 1046 4152 diximus,
1081 4086 1470 4156 expositionem
1519 4084 1573 4136 in
1607 4084 1708 4136 hoc
1745 4078 1856 4148 (99)

303 4187 432 4241 loco
465 4185 728 4251 coaptari.
752 4183 923 4249 Eligat
955 4191 1127 4233 tamen
1144 4179 1232 4247 qui
1263 4177 1409 4246 legit,
1438 4186 1491 4228 et
1518 4173 1658 4242 quod
1684 4171 1858 4239 aptius

1966 3021 2085 3060 nem
2140 3008 2194 3060 in
2247 3013 2910 3082 consequemihusjungit,
2940 3014 3125 3068 dicens
3167 3031 3180 3066 :
3227 3030 3247 3064 ι
3307 3014 3488 3078 Pater,

1962 3094 2136 3146 omnia
2166 3110 2284 3149 mea
2325 3105 2414 3151 tua
2456 3112 2601 3161 sunt,
2638 3111 2692 3154 et
2733 3111 2820 3154 tua
2863 3114 3017 3154 mea:
3049 3110 3328 3170 pr0pterea
3377 3103 3486 3156 dixi

1962 3183 2083 3251 quia
2111 3187 2178 3238 de
2219 3200 2335 3240 meo
2373 3177 2598 3257 accipiet
2620 3191 2664 3222 "
2691 3190 2766 3260 (8)
2799 3206 2812 3242 :
2845 3208 2865 3242 ι
2898 3204 3036 3251 cum,
3083 3190 3315 3258 inquam,
3375 3201 3490 3246 tan-

1966 3284 2070 3326 tam
2101 3273 2240 3328 hanc
2288 3275 2508 3331 unitatis
2555 3279 2697 3332 inter
2742 3279 2951 3332 Patrem
2980 3288 3035 3332 et
3066 3278 3254 3332 Filium
3285 3282 3488 3348 aspicio

1965 3363 2221 3417 rationem
2255 3364 2352 3434 (9),
2392 3366 2620 3434 Spiritus
2654 3369 2743 3422 Dei
2773 3379 2826 3421 et
2858 3366 3085 3437 Spiritus
3120 3368 3316 3424 Christi
3353 3385 3488 3425 unus

1961 3461 2118 3517 atque
2148 3451 2288 3506 idem
2331 3455 2462 3508 mihi
2497 3455 2728 3523 Spiritus
2771 3456 2874 3510 dici
2916 3457 3146 3512 videtur.
3200 3457 3490 3514 Possumus

1963 3551 2133 3593 tamen
2167 3552 2218 3595 et
2257 3544 2356 3598 hoc
2387 3546 2540 3600 modo
2563 3548 2856 3618 intelligere
2887 3549 3026 3617 quod
3052 3548 3203 3614 dixit,
3234 3565 3252 3598 ι
3289 3547 3342 3601 Si
3369 3550 3488 3616 quis

1959 3642 2130 3683 autem
2153 3633 2407 3699 Spiritum
2430 3635 2628 3691 Christi
2651 3655 2753 3694 nou
2777 3640 2957 3703 habet,
2983 3638 3068 3693 hic
3091 3656 3194 3693 non
3219 3648 3300 3691 est
3317 3637 3430 3704 ejus
3461 3657 3480 3689 ι

1958 3721 2103 3786 (quia
2133 3731 2186 3774 et
2217 3737 2402 3776 revera
2429 3726 2656 3794 abrupte
2685 3727 3349 3797 pronuntiatumvidetur),
3403 3736 3483 3790 ut,

1957 3809 2000 3861 si
2027 3810 2146 3875 quis
2174 3826 2276 3864 nou
2307 3823 2487 3869 tantus
2531 3825 2584 3870 et
2617 3817 2736 3872 talis
2764 3833 2883 3872 esse
2923 3801 3173 3874 meruerit
3199 3819 3283 3884 qui
3315 3816 3486 3885 Spiri-

1957 3909 2066 3952 tum
2097 3901 2291 3956 Christi
2315 3904 2514 3959 liabere
2539 3907 2729 3975 dignus
2750 3909 2844 3971 sit,
2866 3908 3116 3963 continuo
3141 3907 3338 3961 Christi
3369 3921 3487 3960 esse

1957 3989 2268 4058 denegetur,
2319 4007 2440 4047 cum
2503 3995 2554 4048 iu
2619 3995 2840 4050 Psalmis
2893 3997 3080 4051 dicat:
3121 4014 3139 4046 ι
3186 3994 3313 4048 Mea!
3357 4005 3486 4048 sunt

1956 4091 2141 4131 omnes
2161 4080 2286 4132 fera:
2310 4081 2586 4144 silvarum,
2617 4082 2858 4148 jumenta
2891 4084 2944 4138 in
2986 4083 3272 4142 montibus.
3303 4093 3356 4136 et
3386 4083 3483 4135 bo-

1957 4179 2051 4218 ves
2072 4166 2138 4217 “.
2175 4186 2194 4218 ι
2223 4169 2348 4222 Etsi
2375 4169 2499 4224 ferae
2524 4182 2578 4224 et
2612 4173 2847 4240 jumenta
2874 4175 2990 4243 ejus
3029 4186 3174 4236 sunt,
3219 4175 3485 4241 quomodo

301 4273 648 4344 probaverit,
680 4273 723 4325 si
760 4283 931 4324 tamen
967 4266 1272 4336 probaverit
1305 4265 1402 4333 (l),
1441 4263 1542 4315 hoc
1571 4267 1847 4327 sequatur.
1883 4259 1926 4312 D
1955 4254 2196 4314 homines
2221 4273 2322 4312 nou
2345 4269 2470 4315 sunt
2496 4261 2644 4328 ejus?
2670 4263 2773 4318 Sed
2806 4273 3000 4332 potest,
3034 4275 3090 4317 ut
3115 4265 3250 4327 dixi,
3287 4265 3384 4316 hoc
3409 4264 3486 4315 sic

381 4366 474 4421 15.
527 4382 547 4414 ι
587 4362 642 4416 Si
672 4362 792 4429 quis
818 4370 992 4413 autem
1013 4356 1268 4425 Spiritum
1298 4353 1494 4409 Christi
1528 4367 1633 4404 non
1669 4349 1851 4410 habet,

1958 4346 2198 4417 intelligi,
2242 4361 2298 4402 ut
2345 4351 2471 4407 illud
2517 4356 2568 4408 in
2611 4355 2904 4424 Evangeliu
2938 4374 2951 4409 :
2988 4375 3008 4408 ι
3057 4357 3156 4422 Qui
3205 4371 3308 4410 non
3351 4348 3484 4408 tollit

380 4525 426 4557 ¹⁷
468 4521 653 4578 Galat.
684 4513 764 4580 in,
819 4487 904 4568 id.
980 4515 1023 4545 ¹⁸
1053 4513 1243 4581 Ephes.
1275 4529 1321 4568 ι,
1357 4512 1409 4563 ’5.
1485 4510 1525 4539 ³⁸
1570 4504 1868 4581 iiuna.“th

1985 4520 2097 4569 seq.
2133 4577 2144 4581 _
2171 4508 2214 4581 ξ’)
2253 4509 2291 4560 ΙΙ
2323 4510 2446 4564 Cor.
2475 4527 2527 4577 ι,
2573 4513 2626 4565 6.
2701 4515 2742 4543 ¹¹
2779 4515 2934 4566 llom.
2964 4527 3088 4576 vm,
3123 4513 3182 4568 9.
3255 4513 3300 4542 “
3327 4509 3482 4564 Joan.

296 4610 400 4656 xv,
877 4585 922 4616 ⁸⁸
953 4569 1110 4637 Joan:
1135 4596 1265 4646 xvu,
1291 4581 1384 4643 10;
1415 4593 1522 4638 xvi,
1564 4574 1649 4624 15.
1719 4570 1764 4600 ³⁸
1791 4570 1868 4621 Ps:

1970 4589 2098 4632 tux,
2125 4576 2206 4627 10.

379 4752 492 4821 (95)
528 4748 670 4821 Quia
695 4746 792 4797 illi.
837 4744 956 4821 [iam
979 4741 1151 4821 ,γεγρα
1189 4737 1462 4821 desuptiu
1491 4735 1638 4821 libris
1675 4733 1848 4821 editis.

382 4804 497 4888 (94)
531 4804 625 4888 Vel
650 4830 764 4888 quin
784 4811 1055 4888 spiritalis.
1087 4807 1208 4862 lianc
1224 4807 1594 4861 desiderantur
1614 4804 1666 4854 in
1695 4811 1849 4855 antea

295 4881 1231 4951 editis,etinpluribusmss.
1319 4941 1331 4951 _
1403 4939 1414 4950 ,
1492 4939 1504 4950 ,
1659 4936 1715 4951 Α,

522 4936 632 5006 his.
663 4936 822 5009 u'nus.
853 4967 872 5000 ι
907 4936 1851 5025 impossibilitaslegislinanoinﬁgi:-

298 5003 689 5085 "nihildic:
716 5003 934 5070 carnem
957 5003 1066 5078 [de
1090 5014 1201 5080 lege
1224 5003 1582 5063 membrorum
1608 5003 1846 5072 intelligi,

295 5109 481 5164 quam
501 5103 669 5164 supra
701 5086 955 5164 diximus;
987 5102 1005 5133 ι
1033 5093 1143 5164 etc.
1176 5148 1186 5160 .
1228 5163 1235 5164 ί
1330 5145 1344 5164 1
1367 5145 1409 5164 ,Α
1447 5138 1650 5164 “m1”:

377 5145 494 5230 (96)
535 5145 638 5230 liis.
666 5171 830 5230 unus,
852 5171 870 5203 ‹
912 5151 1078 5205 Tanta
1105 5148 1242 5230 enim
1262 5145 1412 5200 nobis
1447 5145 1786 5205 remissione;
1821 5160 1840 5191 ι

295 5217 520 5286 θᾶῖιί.’‹
555 5226 727 5279 Tanta
748 5223 889 5274 enim
922 5217 1347 5286 repromissione.
1387 5232 1406 5286 ri

381 5277 680 5364 Editi,
710 5309 727 5339 ι
757 5277 1046 5342 delectatur
1072 5286 1201 5364 legi;
1235 5277 1534 5364 ial.,cleg.i

381 5347 496 5431 (98)
520 5347 646 5414 illoc
669 5347 775 5431 est,
807 5373 910 5409 non
945 5347 1218 5409 secundum
1256 5363 1469 5404 carnem
1499 5347 1682 5399 υέυίίίδο
1719 5347 1848 5406 Πίεο
1919 5375 1923 5380 ⁷

300 5439 362 5490 in
393 5429 564 5486 editis
585 5429 922 5480 omittuntur.

384 5504 491 5574 (99)
519 5502 683 5556 Deest
714 5519 731 5547 ι
767 5496 866 5548 hoc
898 5513 914 5542 ι
947 5493 997 5545 in
1025 5492 1190 5545 editis.

599 5637 857 5692 Parnoa.
895 5628 1006 5688 Gn.
1043 5627 1197 5685 XIV.

2025 4732 2039 4791 (
2051 4729 2102 4793 l)
2124 4728 2184 4783 Si
2206 4740 2372 4782 tamen
2387 4731 2690 4795 probaverit.
2708 4726 3278 4783 Hacdesideranturiu
3301 4727 3478 4781 editis.

2026 4799 2101 4866 (2)
2152 4797 2496 4855 Vita.Alias.c
2525 4796 2672 4850 vivit.
2703 4816 2720 4847 ι

2023 4864 2099 4936 (5)
2138 4867 2295 4920 Deest
2335 4885 2353 4917 ι
2391 4882 2528 4920 nunc
2562 4882 2659 4936 im
2685 4864 2861 4936 editis.

2024 4925 2098 5008 (4)
2132 4936 2289 5008 Editi,
2328 4947 2347 4981 ε
2378 4935 2674 5008 sententiae,
2711 4951 2730 4983 ι
2764 4932 2975 5008 deinde,
3004 4948 3024 4980 ‹
3059 4937 3110 4982 et
3137 4925 3256 4979 ideo
3285 4943 3479 5008 propo-

1954 4996 2041 5074 siti
2063 4996 2232 5074 magis
2257 4996 2730 5074 Apostolisensum
2760 5001 3026 5052 discutere
3052 4996 3478 5064 proluerabimus.

1954 5071 2012 5126 in
2039 5071 2422 5142 posterioribus
2441 5071 2541 5142 ubi
2572 5071 2725 5142 dixit,
2762 5087 2779 5142 ξ
2815 5079 2918 5142 etc.

2026 5137 2101 5212 (5)
2125 5141 2290 5212 Alias,
2318 5155 2336 5186 ‹
2366 5138 2578 5212 quidem
2601 5138 2659 5212 _in
2685 5137 2912 5202 Spiritu.
2942 5152 2962 5184 ι

2026 5205 2102 5276 (6)
2131 5209 2288 5268 Editi,
2327 5225 2345 5255 ι
2384 5222 2446 5257 ac
2477 5205 2749 5276 Spiritum.
2786 5221 2804 5254 ι

2028 5272 2102 5342 i7)
2128 5276 2287 5336 Editi,
2322 5291 2341 5323 t
2381 5272 2777 5342 cptisequeutia.
2812 5290 2830 5319 ι

2034 5283 2075 5342 (7
2128 5280 2287 5336 Editi,
2322 5291 2341 5323 ‹
2381 5280 2777 5340 consequentia.
2812 5290 2830 5319 ι

2034 5280 2108 5418 (8)
2146 5345 2305 5418 Editi,
2341 5359 2359 5389 ε
2403 5341 2562 5393 Pater
2601 5339 2776 5418 omnia
2823 5350 2909 5418 tua
2954 5349 3070 5418 mea
3119 5343 3348 5418 suntne!
3368 5351 3490 5418 mea

1962 5403 2578 5478 tuaSolimiaaproptcrca
2608 5407 2741 5458 dixit
2762 5409 2902 5470 quod
2935 5408 3147 5478 demeo
3179 5403 3425 5478 accipiet.
3467 5421 3486 5452 ι

2039 5492 2112 5558 (9)
2141 5473 2346 5558 Editi,}
2381 5473 2526 5558 hanc
2566 5481 2721 5535 audio
2762 5481 2982 5535 unitatis
3011 5477 3149 5529 inter
3186 5473 3400 5529 Patrem
3440 5483 3494 5529 et

1967 5554 2157 5612 Filium
2185 5554 2572 5623 aspirationem.
2615 5570 2632 5599 ι

3091 5609 3166 5667 35
