  <div class='ocr_page' id='page_1' title='image "/cluster/home/n/w/nwhite01/storage/ocr_20150623/14 (Origen; pt. 4)/nyp.33433081862280/562.png"; bbox 0 0 3894 6276; ppageno 0'>
   <div class='ocr_carea' id='block_1_1' title="bbox 334 246 3510 324">
    <p class='ocr_par' dir='ltr' id='par_1_1' title="bbox 334 246 3510 324">
     <span class='ocr_line' id='line_1_1' title="bbox 334 246 3510 324; baseline 0.007 -24"><span class='ocrx_word' id='word_1_1' title='bbox 334 246 495 302; x_wconf 71' lang='grc'><strong>1101</strong></span> <span class='ocrx_word' id='word_1_2' title='bbox 1292 248 1638 306; x_wconf 76' lang='lat' dir='ltr'><strong>COMMENT.</strong></span> <span class='ocrx_word' id='word_1_3' title='bbox 1679 248 1743 303; x_wconf 86' lang='lat' dir='ltr'><strong>IN</strong></span> <span class='ocrx_word' id='word_1_4' title='bbox 1779 247 1991 305; x_wconf 79' lang='lat' dir='ltr'><strong>EPIST.</strong></span> <span class='ocrx_word' id='word_1_5' title='bbox 2036 252 2126 304; x_wconf 80' lang='lat' dir='ltr'><strong>AD</strong></span> <span class='ocrx_word' id='word_1_6' title='bbox 2159 252 2323 309; x_wconf 80' lang='lat' dir='ltr'><strong>ROM.</strong></span> <span class='ocrx_word' id='word_1_7' title='bbox 2357 255 2483 314; x_wconf 83' lang='lat' dir='ltr'><strong>LIB.</strong></span> <span class='ocrx_word' id='word_1_8' title='bbox 2519 258 2606 315; x_wconf 75' lang='lat' dir='ltr'><strong>Vl.</strong></span> <span class='ocrx_word' id='word_1_9' title='bbox 3373 267 3510 324; x_wconf 72' lang='lat'><strong>“02</strong></span> 
     </span>
    </p>
   </div>
   <div class='ocr_carea' id='block_1_2' title="bbox 330 358 3511 451">
    <p class='ocr_par' dir='ltr' id='par_1_2' title="bbox 330 358 3511 451">
     <span class='ocr_line' id='line_1_2' title="bbox 330 358 3511 451; baseline 0.01 -41"><span class='ocrx_word' id='word_1_10' title='bbox 330 358 486 415; x_wconf 86' lang='lat' dir='ltr'><strong>lium</strong></span> <span class='ocrx_word' id='word_1_11' title='bbox 527 363 763 434; x_wconf 91' lang='lat' dir='ltr'><strong>repletur</strong></span> <span class='ocrx_word' id='word_1_12' title='bbox 785 363 983 433; x_wconf 87' lang='lat' dir='ltr'><strong>Spiritu</strong></span> <span class='ocrx_word' id='word_1_13' title='bbox 1009 374 1193 421; x_wconf 87' lang='lat' dir='ltr'><strong>sancto</strong></span> <span class='ocrx_word' id='word_1_14' title='bbox 1231 367 1342 435; x_wconf 90' lang='lat' dir='ltr'><strong>ipse</strong></span> <span class='ocrx_word' id='word_1_15' title='bbox 1376 366 1675 428; x_wconf 86' lang='lat' dir='ltr'><strong>Cornelius,</strong></span> <span class='ocrx_word' id='word_1_16' title='bbox 1719 374 1773 419; x_wconf 93' lang='lat' dir='ltr'><strong>et</strong></span> <span class='ocrx_word' id='word_1_17' title='bbox 1799 367 1885 435; x_wconf 90' lang='lat' dir='ltr'><strong>qui</strong></span> <span class='ocrx_word' id='word_1_18' title='bbox 1916 372 1957 425; x_wconf 83' lang='lat' dir='ltr'><strong>A</strong></span> <span class='ocrx_word' id='word_1_19' title='bbox 1988 371 2170 423; x_wconf 91' lang='lat' dir='ltr'><strong>carnis</strong></span> <span class='ocrx_word' id='word_1_20' title='bbox 2200 372 2476 430; x_wconf 80' lang='lat' dir='ltr'><strong>desideriis</strong></span> <span class='ocrx_word' id='word_1_21' title='bbox 2523 377 2814 446; x_wconf 81' lang='lat' dir='ltr'><strong>indulgere.</strong></span> <span class='ocrx_word' id='word_1_22' title='bbox 2850 377 2906 431; x_wconf 90' lang='lat' dir='ltr'><strong>lu</strong></span> <span class='ocrx_word' id='word_1_23' title='bbox 2954 379 3056 433; x_wconf 90' lang='lat' dir='ltr'><strong>hoc</strong></span> <span class='ocrx_word' id='word_1_24' title='bbox 3083 394 3209 448; x_wconf 76' lang='lat' dir='ltr'><strong>ergo</strong></span> <span class='ocrx_word' id='word_1_25' title='bbox 3234 393 3390 451; x_wconf 75' lang='lat' dir='ltr'><strong>negat</strong></span> <span class='ocrx_word' id='word_1_26' title='bbox 3415 402 3511 442; x_wconf 85' lang='lat' dir='ltr'><strong>nos</strong></span> 
     </span>
    </p>
   </div>
   <div class='ocr_carea' id='block_1_3' title="bbox 326 459 3507 529">
    <p class='ocr_par' dir='ltr' id='par_1_3' title="bbox 326 459 3507 529">
     <span class='ocr_line' id='line_1_3' title="bbox 326 459 3507 529; baseline 0.008 -28"><span class='ocrx_word' id='word_1_27' title='bbox 326 466 473 506; x_wconf 73' lang='lat' dir='ltr'><strong>cum</strong></span> <span class='ocrx_word' id='word_1_28' title='bbox 511 470 577 510; x_wconf 93' lang='lat' dir='ltr'><strong>eo</strong></span> <span class='ocrx_word' id='word_1_29' title='bbox 597 465 749 511; x_wconf 92' lang='lat' dir='ltr'><strong>erant</strong></span> <span class='ocrx_word' id='word_1_30' title='bbox 778 460 841 512; x_wconf 87' lang='grc'><strong>³⁸.</strong></span> <span class='ocrx_word' id='word_1_31' title='bbox 868 459 1018 514; x_wconf 84' lang='lat' dir='ltr'><strong>Unde</strong></span> <span class='ocrx_word' id='word_1_32' title='bbox 1044 470 1096 514; x_wconf 93' lang='lat' dir='ltr'><strong>et</strong></span> <span class='ocrx_word' id='word_1_33' title='bbox 1126 469 1179 512; x_wconf 91' lang='lat' dir='ltr'><strong>tu</strong></span> <span class='ocrx_word' id='word_1_34' title='bbox 1203 459 1246 512; x_wconf 88' lang='lat' dir='ltr'><strong>si</strong></span> <span class='ocrx_word' id='word_1_35' title='bbox 1274 459 1509 527; x_wconf 80' lang='lat' dir='ltr'><strong>loquaris</strong></span> <span class='ocrx_word' id='word_1_36' title='bbox 1538 459 1647 529; x_wconf 84' lang='lat'><strong>(22)</strong></span> <span class='ocrx_word' id='word_1_37' title='bbox 1671 461 1887 515; x_wconf 84' lang='lat' dir='ltr'><strong>verbum</strong></span> <span class='ocrx_word' id='word_1_38' title='bbox 1991 473 2109 513; x_wconf 91' lang='lat' dir='ltr'><strong>esse</strong></span> <span class='ocrx_word' id='word_1_39' title='bbox 2134 461 2309 514; x_wconf 91' lang='lat' dir='ltr'><strong>carnis</strong></span> <span class='ocrx_word' id='word_1_40' title='bbox 2332 462 2617 529; x_wconf 71' lang='lat' dir='ltr'><strong>debitores,</strong></span> <span class='ocrx_word' id='word_1_41' title='bbox 2642 465 2777 518; x_wconf 90' lang='lat' dir='ltr'><strong>sicut</strong></span> <span class='ocrx_word' id='word_1_42' title='bbox 2803 474 2856 519; x_wconf 87' lang='lat' dir='ltr'><strong>et</strong></span> <span class='ocrx_word' id='word_1_43' title='bbox 2880 466 2999 520; x_wconf 83' lang='lat' dir='ltr'><strong>alibi</strong></span> <span class='ocrx_word' id='word_1_44' title='bbox 3027 466 3153 521; x_wconf 91' lang='lat' dir='ltr'><strong>dicit</strong></span> <span class='ocrx_word' id='word_1_45' title='bbox 3185 485 3198 520; x_wconf 93' lang='lat'><strong>:</strong></span> <span class='ocrx_word' id='word_1_46' title='bbox 3237 487 3256 519; x_wconf 73' lang='grc' dir='ltr'><strong>ι</strong></span> <span class='ocrx_word' id='word_1_47' title='bbox 3295 469 3361 523; x_wconf 87' lang='lat' dir='ltr'><strong>Et</strong></span> <span class='ocrx_word' id='word_1_48' title='bbox 3387 487 3507 525; x_wconf 91' lang='lat' dir='ltr'><strong>car-</strong></span> 
     </span>
    </p>
   </div>
   <div class='ocr_carea' id='block_1_4' title="bbox 330 542 3507 630">
    <p class='ocr_par' dir='ltr' id='par_1_4' title="bbox 330 542 3507 630">
     <span class='ocr_line' id='line_1_4' title="bbox 330 542 3507 630; baseline 0.009 -35"><span class='ocrx_word' id='word_1_49' title='bbox 330 542 468 609; x_wconf 82' lang='lat' dir='ltr'><strong>Dei,</strong></span> <span class='ocrx_word' id='word_1_50' title='bbox 509 556 564 599; x_wconf 89' lang='lat' dir='ltr'><strong>et</strong></span> <span class='ocrx_word' id='word_1_51' title='bbox 597 546 832 617; x_wconf 83' lang='lat' dir='ltr'><strong>loquaris</strong></span> <span class='ocrx_word' id='word_1_52' title='bbox 875 551 1100 606; x_wconf 85' lang='lat' dir='ltr'><strong>fideliter</strong></span> <span class='ocrx_word' id='word_1_53' title='bbox 1126 566 1189 605; x_wconf 82' lang='lat' dir='ltr'><strong>ex</strong></span> <span class='ocrx_word' id='word_1_54' title='bbox 1219 553 1539 607; x_wconf 86' lang='lat' dir='ltr'><strong>conscientia</strong></span> <span class='ocrx_word' id='word_1_55' title='bbox 1586 568 1744 622; x_wconf 88' lang='lat' dir='ltr'><strong>pura,</strong></span> <span class='ocrx_word' id='word_1_56' title='bbox 1789 566 1890 607; x_wconf 91' lang='lat' dir='ltr'><strong>nec</strong></span> <span class='ocrx_word' id='word_1_57' title='bbox 1992 547 2075 600; x_wconf 79' lang='lat' dir='ltr'><strong>nis</strong></span> <span class='ocrx_word' id='word_1_58' title='bbox 2104 561 2283 601; x_wconf 66' lang='lat' dir='ltr'><strong>curam</strong></span> <span class='ocrx_word' id='word_1_59' title='bbox 2312 563 2380 602; x_wconf 76' lang='lat' dir='ltr'><strong>ne</strong></span> <span class='ocrx_word' id='word_1_60' title='bbox 2413 550 2641 604; x_wconf 69' lang='grc' dir='ltr'><strong>ΐθοοτίιῖε</strong></span> <span class='ocrx_word' id='word_1_61' title='bbox 2678 553 2728 605; x_wconf 74' lang='lat' dir='ltr'><strong>in</strong></span> <span class='ocrx_word' id='word_1_62' title='bbox 2760 554 3198 622; x_wconf 59' lang='lat' dir='ltr'><strong>concupiscentiis</strong></span> <span class='ocrx_word' id='word_1_63' title='bbox 3232 556 3274 587; x_wconf 85' lang='grc'><strong>³⁸</strong></span> <span class='ocrx_word' id='word_1_64' title='bbox 3305 559 3412 630; x_wconf 63' lang='grc'><strong>(28)</strong></span> <span class='ocrx_word' id='word_1_65' title='bbox 3440 576 3453 611; x_wconf 74' lang='grc' dir='ltr'><em>τ</em></span> <span class='ocrx_word' id='word_1_66' title='bbox 3487 578 3507 610; x_wconf 73' lang='grc' dir='ltr'><strong><em>ι</em></strong></span> 
     </span>
    </p>
   </div>
   <div class='ocr_carea' id='block_1_5' title="bbox 325 632 3511 713">
    <p class='ocr_par' dir='ltr' id='par_1_5' title="bbox 325 632 3511 713">
     <span class='ocr_line' id='line_1_5' title="bbox 325 632 3511 713; baseline 0.008 -31"><span class='ocrx_word' id='word_1_67' title='bbox 325 632 467 699; x_wconf 82' lang='lat' dir='ltr'><strong>ipse</strong></span> <span class='ocrx_word' id='word_1_68' title='bbox 501 638 849 705; x_wconf 68' lang='lat' dir='ltr'><strong>redarguaris</strong></span> <span class='ocrx_word' id='word_1_69' title='bbox 878 656 943 695; x_wconf 72' lang='grc' dir='ltr'><strong>ει</strong></span> <span class='ocrx_word' id='word_1_70' title='bbox 973 642 1146 696; x_wconf 68' lang='lat' dir='ltr'><strong>verbis</strong></span> <span class='ocrx_word' id='word_1_71' title='bbox 1172 641 1276 696; x_wconf 63' lang='lat' dir='ltr'><strong>(“is</strong></span> <span class='ocrx_word' id='word_1_72' title='bbox 1302 644 1451 711; x_wconf 69' lang='lat' dir='ltr'><strong>quasi</strong></span> <span class='ocrx_word' id='word_1_73' title='bbox 1481 644 1570 713; x_wconf 78' lang='lat' dir='ltr'><strong>qui</strong></span> <span class='ocrx_word' id='word_1_74' title='bbox 1614 643 1768 698; x_wconf 56' lang='lat' dir='ltr'><strong>aliter</strong></span> <span class='ocrx_word' id='word_1_75' title='bbox 1793 646 1887 698; x_wconf 78' lang='grc' dir='ltr'><strong>(ιο.</strong></span> <span class='ocrx_word' id='word_1_76' title='bbox 1986 652 2089 691; x_wconf 88' lang='lat' dir='ltr'><strong>nou</strong></span> <span class='ocrx_word' id='word_1_77' title='bbox 2120 638 2300 706; x_wconf 84' lang='lat' dir='ltr'><strong>utique</strong></span> <span class='ocrx_word' id='word_1_78' title='bbox 2326 654 2526 709; x_wconf 81' lang='lat' dir='ltr'><strong>negans</strong></span> <span class='ocrx_word' id='word_1_79' title='bbox 2558 655 2742 696; x_wconf 87' lang='lat' dir='ltr'><strong>curam</strong></span> <span class='ocrx_word' id='word_1_80' title='bbox 2789 645 2968 698; x_wconf 88' lang='lat' dir='ltr'><strong>carnis</strong></span> <span class='ocrx_word' id='word_1_81' title='bbox 3012 644 3306 700; x_wconf 79' lang='lat' dir='ltr'><strong>habendam</strong></span> <span class='ocrx_word' id='word_1_82' title='bbox 3336 652 3387 704; x_wconf 91' lang='lat' dir='ltr'><strong>in</strong></span> <span class='ocrx_word' id='word_1_83' title='bbox 3419 668 3511 706; x_wconf 86' lang='lat' dir='ltr'><strong>ue-</strong></span> 
     </span>
    </p>
   </div>
   <div class='ocr_carea' id='block_1_6' title="bbox 319 727 3509 806">
    <p class='ocr_par' dir='ltr' id='par_1_6' title="bbox 319 727 3509 806">
     <span class='ocr_line' id='line_1_6' title="bbox 319 727 3509 806; baseline 0.006 -30"><span class='ocrx_word' id='word_1_84' title='bbox 319 736 478 779; x_wconf 67' lang='lat' dir='ltr'><strong>reas</strong></span> <span class='ocrx_word' id='word_1_85' title='bbox 506 734 562 779; x_wconf 91' lang='lat' dir='ltr'><strong>et</strong></span> <span class='ocrx_word' id='word_1_86' title='bbox 590 728 749 782; x_wconf 85' lang='lat' dir='ltr'><strong>aliter</strong></span> <span class='ocrx_word' id='word_1_87' title='bbox 776 744 922 798; x_wconf 70' lang='lat' dir='ltr'><strong>agas,</strong></span> <span class='ocrx_word' id='word_1_88' title='bbox 954 740 1128 799; x_wconf 85' lang='lat' dir='ltr'><strong>potest</strong></span> <span class='ocrx_word' id='word_1_89' title='bbox 1160 732 1274 786; x_wconf 85' lang='lat' dir='ltr'><strong>fieri</strong></span> <span class='ocrx_word' id='word_1_90' title='bbox 1305 743 1361 786; x_wconf 92' lang='lat' dir='ltr'><strong>ut</strong></span> <span class='ocrx_word' id='word_1_91' title='bbox 1386 734 1634 803; x_wconf 86' lang='lat' dir='ltr'><strong>loquente</strong></span> <span class='ocrx_word' id='word_1_92' title='bbox 1661 744 1711 789; x_wconf 91' lang='lat' dir='ltr'><strong>te</strong></span> <span class='ocrx_word' id='word_1_93' title='bbox 1735 736 1883 788; x_wconf 90' lang='lat' dir='ltr'><strong>audi-</strong></span> <span class='ocrx_word' id='word_1_94' title='bbox 1985 727 2259 790; x_wconf 63' lang='lat' dir='ltr'><strong>CdSSMiiS.</strong></span> <span class='ocrx_word' id='word_1_95' title='bbox 2307 729 2398 782; x_wconf 81' lang='lat' dir='ltr'><strong>sed</strong></span> <span class='ocrx_word' id='word_1_96' title='bbox 2449 729 2502 782; x_wconf 83' lang='lat' dir='ltr'><strong>in</strong></span> <span class='ocrx_word' id='word_1_97' title='bbox 2548 733 3011 799; x_wconf 88' lang='lat' dir='ltr'><strong>concupiscentiis.</strong></span> <span class='ocrx_word' id='word_1_98' title='bbox 3040 733 3114 788; x_wconf 85' lang='lat' dir='ltr'><strong>Ita</strong></span> <span class='ocrx_word' id='word_1_99' title='bbox 3154 750 3281 806; x_wconf 75' lang='lat' dir='ltr'><strong>ergo</strong></span> <span class='ocrx_word' id='word_1_100' title='bbox 3317 748 3370 794; x_wconf 92' lang='lat' dir='ltr'><strong>et</strong></span> <span class='ocrx_word' id='word_1_101' title='bbox 3401 740 3509 805; x_wconf 88' lang='lat' dir='ltr'><strong>hic,</strong></span> 
     </span>
    </p>
   </div>
   <div class='ocr_carea' id='block_1_7' title="bbox 322 817 1855 895">
    <p class='ocr_par' dir='ltr' id='par_1_7' title="bbox 322 819 1855 892">
     <span class='ocr_line' id='line_1_7' title="bbox 322 819 1855 892; baseline 0.007 -25"><span class='ocrx_word' id='word_1_102' title='bbox 322 821 526 870; x_wconf 81' lang='lat' dir='ltr'><strong>torum</strong></span> <span class='ocrx_word' id='word_1_103' title='bbox 550 819 712 871; x_wconf 91' lang='lat' dir='ltr'><strong>corda</strong></span> <span class='ocrx_word' id='word_1_104' title='bbox 741 822 912 875; x_wconf 79' lang='lat' dir='ltr'><strong>sancti</strong></span> <span class='ocrx_word' id='word_1_105' title='bbox 936 822 1165 887; x_wconf 84' lang='lat' dir='ltr'><strong>Spiritus</strong></span> <span class='ocrx_word' id='word_1_106' title='bbox 1195 823 1329 892; x_wconf 79' lang='lat' dir='ltr'><strong>ignis</strong></span> <span class='ocrx_word' id='word_1_107' title='bbox 1353 823 1660 889; x_wconf 81' lang='lat' dir='ltr'><strong>inﬂammet,</strong></span> <span class='ocrx_word' id='word_1_108' title='bbox 1690 835 1745 880; x_wconf 91' lang='lat' dir='ltr'><strong>et</strong></span> <span class='ocrx_word' id='word_1_109' title='bbox 1766 841 1855 881; x_wconf 85' lang='lat' dir='ltr'><strong>con</strong></span> 
     </span>
    </p>
   </div>
   <div class='ocr_carea' id='block_1_8' title="bbox 1969 817 3510 895">
    <p class='ocr_par' dir='ltr' id='par_1_8' title="bbox 1991 817 3510 895">
     <span class='ocr_line' id='line_1_8' title="bbox 1991 817 3510 895; baseline 0.007 -24"><span class='ocrx_word' id='word_1_110' title='bbox 1991 839 2010 871; x_wconf 80' lang='grc' dir='ltr'><strong>ι</strong></span> <span class='ocrx_word' id='word_1_111' title='bbox 2070 817 2126 872; x_wconf 90' lang='lat' dir='ltr'><strong>Si</strong></span> <span class='ocrx_word' id='word_1_112' title='bbox 2170 818 2336 883; x_wconf 89' lang='lat' dir='ltr'><strong>enim,</strong></span> <span class='ocrx_word' id='word_1_113' title='bbox 2395 819 2585 888; x_wconf 92' lang='lat' dir='ltr'><strong>inquit,</strong></span> <span class='ocrx_word' id='word_1_114' title='bbox 2645 825 2933 877; x_wconf 83' lang='lat' dir='ltr'><strong>secundum</strong></span> <span class='ocrx_word' id='word_1_115' title='bbox 2985 841 3200 881; x_wconf 89' lang='lat' dir='ltr'><strong>carnem</strong></span> <span class='ocrx_word' id='word_1_116' title='bbox 3246 829 3510 895; x_wconf 80' lang='lat' dir='ltr'><strong>vixeritis,</strong></span> 
     </span>
    </p>
   </div>
   <div class='ocr_carea' id='block_1_9' title="bbox 324 905 3507 986">
    <p class='ocr_par' dir='ltr' id='par_1_9' title="bbox 324 905 3507 986">
     <span class='ocr_line' id='line_1_9' title="bbox 324 905 3507 986; baseline 0.005 -28"><span class='ocrx_word' id='word_1_117' title='bbox 324 905 501 961; x_wconf 87' lang='lat' dir='ltr'><strong>tiuuo</strong></span> <span class='ocrx_word' id='word_1_118' title='bbox 527 910 905 966; x_wconf 87' lang='lat' dir='ltr'><strong>cuucalescant</strong></span> <span class='ocrx_word' id='word_1_119' title='bbox 946 913 1056 978; x_wconf 76' lang='lat'><strong>(23)</strong></span> <span class='ocrx_word' id='word_1_120' title='bbox 1107 922 1160 967; x_wconf 93' lang='lat' dir='ltr'><strong>et</strong></span> <span class='ocrx_word' id='word_1_121' title='bbox 1186 915 1408 968; x_wconf 85' lang='lat' dir='ltr'><strong>ardeant</strong></span> <span class='ocrx_word' id='word_1_122' title='bbox 1454 916 1520 970; x_wconf 88' lang='lat' dir='ltr'><strong>ad</strong></span> <span class='ocrx_word' id='word_1_123' title='bbox 1571 916 1879 983; x_wconf 90' lang='lat' dir='ltr'><strong>complenda</strong></span> <span class='ocrx_word' id='word_1_124' title='bbox 1983 908 2304 964; x_wconf 87' lang='lat' dir='ltr'><strong>moriemini.</strong></span> <span class='ocrx_word' id='word_1_125' title='bbox 2344 928 2363 962; x_wconf 74' lang='grc' dir='ltr'><strong>ι</strong></span> <span class='ocrx_word' id='word_1_126' title='bbox 2394 910 2458 964; x_wconf 83' lang='grc' dir='ltr'>Ει</span> <span class='ocrx_word' id='word_1_127' title='bbox 2503 910 2687 965; x_wconf 88' lang='lat' dir='ltr'><strong>addit:</strong></span> <span class='ocrx_word' id='word_1_128' title='bbox 2725 931 2745 962; x_wconf 86' lang='grc'><em>‹</em></span> <span class='ocrx_word' id='word_1_129' title='bbox 2785 913 2840 967; x_wconf 89' lang='lat' dir='ltr'><strong>Si</strong></span> <span class='ocrx_word' id='word_1_130' title='bbox 2886 924 3060 970; x_wconf 91' lang='lat' dir='ltr'><strong>autem</strong></span> <span class='ocrx_word' id='word_1_131' title='bbox 3115 918 3306 986; x_wconf 85' lang='lat' dir='ltr'><strong>spiritu</strong></span> <span class='ocrx_word' id='word_1_132' title='bbox 3356 930 3507 976; x_wconf 89' lang='lat' dir='ltr'><strong>actus</strong></span> 
     </span>
    </p>
   </div>
   <div class='ocr_carea' id='block_1_10' title="bbox 318 997 3510 1077">
    <p class='ocr_par' dir='ltr' id='par_1_10' title="bbox 318 997 3510 1077">
     <span class='ocr_line' id='line_1_10' title="bbox 318 997 3510 1077; baseline 0.006 -30"><span class='ocrx_word' id='word_1_133' title='bbox 318 997 595 1054; x_wconf 83' lang='lat' dir='ltr'><strong>universa</strong></span> <span class='ocrx_word' id='word_1_134' title='bbox 629 1016 749 1068; x_wconf 84' lang='lat' dir='ltr'><strong>quae</strong></span> <span class='ocrx_word' id='word_1_135' title='bbox 778 1004 960 1067; x_wconf 87' lang='lat' dir='ltr'><strong>doces,</strong></span> <span class='ocrx_word' id='word_1_136' title='bbox 988 1012 1045 1057; x_wconf 91' lang='lat' dir='ltr'><strong>ut</strong></span> <span class='ocrx_word' id='word_1_137' title='bbox 1074 1006 1231 1060; x_wconf 86' lang='lat' dir='ltr'><strong>rebus</strong></span> <span class='ocrx_word' id='word_1_138' title='bbox 1256 1007 1509 1073; x_wconf 90' lang='lat' dir='ltr'><strong>impleant</strong></span> <span class='ocrx_word' id='word_1_139' title='bbox 1531 1020 1650 1075; x_wconf 70' lang='lat' dir='ltr'><strong>qua:</strong></span> <span class='ocrx_word' id='word_1_140' title='bbox 1674 1021 1882 1061; x_wconf 74' lang='lat' dir='ltr'><strong>sermo-</strong></span> <span class='ocrx_word' id='word_1_141' title='bbox 1981 1002 2158 1055; x_wconf 79' lang='lat' dir='ltr'><strong>carnis</strong></span> <span class='ocrx_word' id='word_1_142' title='bbox 2190 1000 2660 1064; x_wconf 87' lang='lat' dir='ltr'><strong>mortificaveritis,</strong></span> <span class='ocrx_word' id='word_1_143' title='bbox 2716 1004 2906 1058; x_wconf 90' lang='lat' dir='ltr'><strong>vivetis</strong></span> <span class='ocrx_word' id='word_1_144' title='bbox 2946 1004 3080 1077; x_wconf 88' lang='lat'><strong>(29).</strong></span> <span class='ocrx_word' id='word_1_145' title='bbox 3124 1025 3143 1059; x_wconf 71' lang='grc' dir='ltr'><strong>ι</strong></span> <span class='ocrx_word' id='word_1_146' title='bbox 3184 1009 3248 1063; x_wconf 86' lang='grc' dir='ltr'>Ει</span> <span class='ocrx_word' id='word_1_147' title='bbox 3294 1010 3359 1065; x_wconf 92' lang='lat' dir='ltr'><strong>de</strong></span> <span class='ocrx_word' id='word_1_148' title='bbox 3407 1011 3510 1065; x_wconf 88' lang='lat' dir='ltr'><strong>hoc</strong></span> 
     </span>
    </p>
   </div>
   <div class='ocr_carea' id='block_1_11' title="bbox 316 1086 3507 1169">
    <p class='ocr_par' dir='ltr' id='par_1_11' title="bbox 316 1086 3507 1169">
     <span class='ocr_line' id='line_1_11' title="bbox 316 1086 3507 1169; baseline 0.006 -30"><span class='ocrx_word' id='word_1_149' title='bbox 316 1086 503 1141; x_wconf 81' lang='lat' dir='ltr'><strong>nibus</strong></span> <span class='ocrx_word' id='word_1_150' title='bbox 532 1089 832 1154; x_wconf 90' lang='lat' dir='ltr'><strong>didicerint,</strong></span> <span class='ocrx_word' id='word_1_151' title='bbox 864 1101 918 1146; x_wconf 92' lang='lat' dir='ltr'><strong>et</strong></span> <span class='ocrx_word' id='word_1_152' title='bbox 951 1112 970 1144; x_wconf 85' lang='grc'><em>‹</em></span> <span class='ocrx_word' id='word_1_153' title='bbox 1006 1108 1122 1161; x_wconf 72' lang='lat' dir='ltr'><strong>quae</strong></span> <span class='ocrx_word' id='word_1_154' title='bbox 1151 1110 1359 1149; x_wconf 87' lang='lat' dir='ltr'><strong>sursum</strong></span> <span class='ocrx_word' id='word_1_155' title='bbox 1399 1105 1526 1149; x_wconf 88' lang='lat' dir='ltr'><strong>sunt</strong></span> <span class='ocrx_word' id='word_1_156' title='bbox 1563 1114 1582 1146; x_wconf 72' lang='grc' dir='ltr'><strong>ι</strong></span> <span class='ocrx_word' id='word_1_157' title='bbox 1614 1105 1879 1163; x_wconf 68' lang='lat' dir='ltr'><strong>quaerant,</strong></span> <span class='ocrx_word' id='word_1_158' title='bbox 1976 1093 2084 1157; x_wconf 76' lang='lat' dir='ltr'><strong>iam</strong></span> <span class='ocrx_word' id='word_1_159' title='bbox 2114 1106 2272 1161; x_wconf 83' lang='lat' dir='ltr'><strong>supra</strong></span> <span class='ocrx_word' id='word_1_160' title='bbox 2304 1093 2503 1146; x_wconf 90' lang='lat' dir='ltr'><strong>dictum</strong></span> <span class='ocrx_word' id='word_1_161' title='bbox 2550 1103 2633 1145; x_wconf 88' lang='lat' dir='ltr'><strong>est</strong></span> <span class='ocrx_word' id='word_1_162' title='bbox 2660 1093 2725 1157; x_wconf 85' lang='grc'><strong>³⁹,</strong></span> <span class='ocrx_word' id='word_1_163' title='bbox 2756 1095 3021 1161; x_wconf 88' lang='lat' dir='ltr'><strong>quomodo</strong></span> <span class='ocrx_word' id='word_1_164' title='bbox 3050 1112 3245 1166; x_wconf 88' lang='lat' dir='ltr'><strong>corpus</strong></span> <span class='ocrx_word' id='word_1_165' title='bbox 3293 1101 3507 1169; x_wconf 83' lang='lat' dir='ltr'><strong>quidem</strong></span> 
     </span>
    </p>
   </div>
   <div class='ocr_carea' id='block_1_12' title="bbox 323 1176 3510 1257">
    <p class='ocr_par' dir='ltr' id='par_1_12' title="bbox 323 1176 3510 1257">
     <span class='ocr_line' id='line_1_12' title="bbox 323 1176 3510 1257; baseline 0.006 -32"><span class='ocrx_word' id='word_1_166' title='bbox 323 1199 349 1225; x_wconf 71' lang='grc' dir='ltr'><strong>ο</strong></span> <span class='ocrx_word' id='word_1_167' title='bbox 388 1176 487 1230; x_wconf 89' lang='lat' dir='ltr'><strong>ubi</strong></span> <span class='ocrx_word' id='word_1_168' title='bbox 517 1178 764 1234; x_wconf 84' lang='lat' dir='ltr'><strong>Christus</strong></span> <span class='ocrx_word' id='word_1_169' title='bbox 784 1190 866 1235; x_wconf 89' lang='lat' dir='ltr'><strong>est</strong></span> <span class='ocrx_word' id='word_1_170' title='bbox 891 1182 943 1235; x_wconf 93' lang='lat' dir='ltr'><strong>in</strong></span> <span class='ocrx_word' id='word_1_171' title='bbox 969 1183 1184 1238; x_wconf 80' lang='lat' dir='ltr'><strong>dextera</strong></span> <span class='ocrx_word' id='word_1_172' title='bbox 1214 1183 1304 1237; x_wconf 88' lang='lat' dir='ltr'><strong>Dei</strong></span> <span class='ocrx_word' id='word_1_173' title='bbox 1349 1184 1540 1240; x_wconf 88' lang='lat' dir='ltr'><strong>sedens</strong></span> <span class='ocrx_word' id='word_1_174' title='bbox 1566 1199 1581 1237; x_wconf 89' lang='lat'><strong>:</strong></span> <span class='ocrx_word' id='word_1_175' title='bbox 1621 1201 1740 1254; x_wconf 70' lang='lat' dir='ltr'><strong>quae</strong></span> <span class='ocrx_word' id='word_1_176' title='bbox 1761 1200 1881 1240; x_wconf 87' lang='lat' dir='ltr'><strong>sur-</strong></span> <span class='ocrx_word' id='word_1_177' title='bbox 1981 1190 2247 1234; x_wconf 91' lang='lat' dir='ltr'><strong>mortuum</strong></span> <span class='ocrx_word' id='word_1_178' title='bbox 2283 1195 2404 1235; x_wconf 89' lang='lat' dir='ltr'><strong>esse</strong></span> <span class='ocrx_word' id='word_1_179' title='bbox 2426 1181 2613 1235; x_wconf 81' lang='lat' dir='ltr'><strong>debeat</strong></span> <span class='ocrx_word' id='word_1_180' title='bbox 2638 1192 2856 1250; x_wconf 89' lang='lat' dir='ltr'><strong>propter</strong></span> <span class='ocrx_word' id='word_1_181' title='bbox 2885 1195 3121 1250; x_wconf 85' lang='lat' dir='ltr'><strong>peccata,</strong></span> <span class='ocrx_word' id='word_1_182' title='bbox 3142 1188 3363 1257; x_wconf 90' lang='lat' dir='ltr'><strong>spiritus</strong></span> <span class='ocrx_word' id='word_1_183' title='bbox 3381 1204 3510 1246; x_wconf 89' lang='lat' dir='ltr'><strong>vero</strong></span> 
     </span>
    </p>
   </div>
   <div class='ocr_carea' id='block_1_13' title="bbox 316 1270 3506 1344">
    <p class='ocr_par' dir='ltr' id='par_1_13' title="bbox 316 1270 3506 1344">
     <span class='ocr_line' id='line_1_13' title="bbox 316 1270 3506 1344; baseline 0.005 -26"><span class='ocrx_word' id='word_1_184' title='bbox 316 1280 455 1319; x_wconf 85' lang='lat' dir='ltr'><strong>sum</strong></span> <span class='ocrx_word' id='word_1_185' title='bbox 510 1277 639 1321; x_wconf 91' lang='lat' dir='ltr'><strong>sunt</strong></span> <span class='ocrx_word' id='word_1_186' title='bbox 676 1288 695 1321; x_wconf 79' lang='grc' dir='ltr'><strong>ι</strong></span> <span class='ocrx_word' id='word_1_187' title='bbox 742 1270 971 1339; x_wconf 82' lang='lat' dir='ltr'><strong>sapiant,</strong></span> <span class='ocrx_word' id='word_1_188' title='bbox 999 1290 1019 1323; x_wconf 78' lang='grc' dir='ltr'><strong>ι</strong></span> <span class='ocrx_word' id='word_1_189' title='bbox 1052 1287 1154 1327; x_wconf 92' lang='lat' dir='ltr'><strong>non</strong></span> <span class='ocrx_word' id='word_1_190' title='bbox 1181 1288 1298 1341; x_wconf 78' lang='lat' dir='ltr'><strong>qua:</strong></span> <span class='ocrx_word' id='word_1_191' title='bbox 1330 1288 1489 1343; x_wconf 87' lang='lat' dir='ltr'><strong>super</strong></span> <span class='ocrx_word' id='word_1_192' title='bbox 1527 1283 1722 1329; x_wconf 90' lang='lat' dir='ltr'><strong>terram</strong></span> <span class='ocrx_word' id='word_1_193' title='bbox 1751 1276 1816 1327; x_wconf 80' lang='grc'><strong>³⁸.</strong></span> <span class='ocrx_word' id='word_1_194' title='bbox 1856 1294 1875 1326; x_wconf 77' lang='grc' dir='ltr'><strong>ι</strong></span> <span class='ocrx_word' id='word_1_195' title='bbox 1980 1271 2085 1323; x_wconf 84' lang='lat' dir='ltr'><strong>vita</strong></span> <span class='ocrx_word' id='word_1_196' title='bbox 2113 1280 2332 1338; x_wconf 87' lang='lat' dir='ltr'><strong>propter</strong></span> <span class='ocrx_word' id='word_1_197' title='bbox 2371 1270 2827 1339; x_wconf 86' lang='lat' dir='ltr'><strong>justiticatiouem.</strong></span> <span class='ocrx_word' id='word_1_198' title='bbox 2887 1271 2988 1338; x_wconf 85' lang='lat' dir='ltr'><strong>Qui</strong></span> <span class='ocrx_word' id='word_1_199' title='bbox 3038 1288 3169 1344; x_wconf 74' lang='lat' dir='ltr'><strong>ergo</strong></span> <span class='ocrx_word' id='word_1_200' title='bbox 3210 1278 3506 1333; x_wconf 90' lang='lat' dir='ltr'><strong>secundum</strong></span> 
     </span>
    </p>
   </div>
   <div class='ocr_carea' id='block_1_14' title="bbox 315 1357 1855 1439">
    <p class='ocr_par' dir='ltr' id='par_1_14' title="bbox 315 1357 1855 1439">
     <span class='ocr_line' id='line_1_14' title="bbox 315 1357 1855 1439; baseline 0.008 -27"><span class='ocrx_word' id='word_1_201' title='bbox 315 1357 443 1415; x_wconf 87' lang='lat' dir='ltr'><strong>Sed</strong></span> <span class='ocrx_word' id='word_1_202' title='bbox 469 1370 527 1414; x_wconf 90' lang='lat' dir='ltr'><strong>et</strong></span> <span class='ocrx_word' id='word_1_203' title='bbox 556 1362 634 1415; x_wconf 91' lang='lat' dir='ltr'><strong>sic</strong></span> <span class='ocrx_word' id='word_1_204' title='bbox 672 1366 1031 1435; x_wconf 85' lang='lat' dir='ltr'><strong>unusquisque</strong></span> <span class='ocrx_word' id='word_1_205' title='bbox 1062 1367 1257 1422; x_wconf 87' lang='lat' dir='ltr'><strong>habere</strong></span> <span class='ocrx_word' id='word_1_206' title='bbox 1283 1369 1335 1422; x_wconf 89' lang='lat' dir='ltr'><strong>in</strong></span> <span class='ocrx_word' id='word_1_207' title='bbox 1364 1383 1423 1424; x_wconf 89' lang='lat' dir='ltr'><strong>se</strong></span> <span class='ocrx_word' id='word_1_208' title='bbox 1474 1370 1732 1439; x_wconf 87' lang='lat' dir='ltr'><strong>probatur</strong></span> <span class='ocrx_word' id='word_1_209' title='bbox 1758 1370 1855 1439; x_wconf 17' lang='lat' dir='ltr'><strong>Spit</strong></span> 
     </span>
    </p>
   </div>
   <div class='ocr_carea' id='block_1_15' title="bbox 1969 1357 3509 1439">
    <p class='ocr_par' dir='ltr' id='par_1_15' title="bbox 1977 1360 3509 1437">
     <span class='ocr_line' id='line_1_15' title="bbox 1977 1360 3509 1437; baseline 0.007 -24"><span class='ocrx_word' id='word_1_210' title='bbox 1977 1360 2223 1429; x_wconf 87' lang='lat' dir='ltr'><strong>spiritum</strong></span> <span class='ocrx_word' id='word_1_211' title='bbox 2251 1375 2413 1428; x_wconf 77' lang='lat' dir='ltr'><strong>agens</strong></span> <span class='ocrx_word' id='word_1_212' title='bbox 2433 1360 2720 1414; x_wconf 87' lang='lat' dir='ltr'><strong>mortificat</strong></span> <span class='ocrx_word' id='word_1_213' title='bbox 2741 1372 2891 1415; x_wconf 89' lang='lat' dir='ltr'><strong>actus</strong></span> <span class='ocrx_word' id='word_1_214' title='bbox 2913 1364 3110 1428; x_wconf 85' lang='lat' dir='ltr'><strong>carnis,</strong></span> <span class='ocrx_word' id='word_1_215' title='bbox 3133 1366 3274 1421; x_wconf 84' lang='lat' dir='ltr'><strong>vivet</strong></span> <span class='ocrx_word' id='word_1_216' title='bbox 3294 1379 3509 1437; x_wconf 79' lang='lat' dir='ltr'><strong>propter</strong></span> 
     </span>
    </p>
   </div>
   <div class='ocr_carea' id='block_1_16' title="bbox 314 1448 1855 1529">
    <p class='ocr_par' dir='ltr' id='par_1_16' title="bbox 314 1448 1855 1529">
     <span class='ocr_line' id='line_1_16' title="bbox 314 1448 1855 1529; baseline 0.008 -28"><span class='ocrx_word' id='word_1_217' title='bbox 314 1448 502 1503; x_wconf 87' lang='lat' dir='ltr'><strong>ritum</strong></span> <span class='ocrx_word' id='word_1_218' title='bbox 528 1451 749 1508; x_wconf 85' lang='lat' dir='ltr'><strong>Christi.</strong></span> <span class='ocrx_word' id='word_1_219' title='bbox 796 1453 1039 1511; x_wconf 82' lang='lat' dir='ltr'><strong>Christus</strong></span> <span class='ocrx_word' id='word_1_220' title='bbox 1080 1458 1341 1526; x_wconf 86' lang='lat' dir='ltr'><strong>sapientia</strong></span> <span class='ocrx_word' id='word_1_221' title='bbox 1380 1468 1462 1513; x_wconf 89' lang='lat' dir='ltr'><strong>est</strong></span> <span class='ocrx_word' id='word_1_222' title='bbox 1503 1476 1518 1513; x_wconf 86' lang='lat'><strong>:</strong></span> <span class='ocrx_word' id='word_1_223' title='bbox 1551 1461 1596 1514; x_wconf 90' lang='lat' dir='ltr'><strong>si</strong></span> <span class='ocrx_word' id='word_1_224' title='bbox 1649 1462 1718 1515; x_wconf 89' lang='lat' dir='ltr'><strong>sit</strong></span> <span class='ocrx_word' id='word_1_225' title='bbox 1757 1462 1855 1529; x_wconf 61' lang='lat' dir='ltr'><strong>qui;</strong></span> 
     </span>
    </p>
   </div>
   <div class='ocr_carea' id='block_1_17' title="bbox 1969 1448 3507 1529">
    <p class='ocr_par' dir='ltr' id='par_1_17' title="bbox 1980 1450 3507 1518">
     <span class='ocr_line' id='line_1_17' title="bbox 1980 1450 3507 1518; baseline 0.008 -17"><span class='ocrx_word' id='word_1_226' title='bbox 1980 1450 2366 1503; x_wconf 86' lang='lat' dir='ltr'><strong>iubabitantem</strong></span> <span class='ocrx_word' id='word_1_227' title='bbox 2394 1451 2446 1505; x_wconf 92' lang='lat' dir='ltr'><strong>in</strong></span> <span class='ocrx_word' id='word_1_228' title='bbox 2473 1465 2533 1505; x_wconf 88' lang='lat' dir='ltr'><strong>se</strong></span> <span class='ocrx_word' id='word_1_229' title='bbox 2556 1451 2801 1518; x_wconf 89' lang='lat' dir='ltr'><strong>spiritum</strong></span> <span class='ocrx_word' id='word_1_230' title='bbox 2826 1453 2969 1506; x_wconf 66' lang='lat' dir='ltr'><strong>vitae.</strong></span> <span class='ocrx_word' id='word_1_231' title='bbox 3014 1452 3296 1510; x_wconf 80' lang='lat' dir='ltr'><strong>Mortiﬁcat</strong></span> <span class='ocrx_word' id='word_1_232' title='bbox 3328 1466 3507 1514; x_wconf 88' lang='lat' dir='ltr'><strong>autem</strong></span> 
     </span>
    </p>
   </div>
   <div class='ocr_carea' id='block_1_18' title="bbox 310 1538 3509 1616">
    <p class='ocr_par' dir='ltr' id='par_1_18' title="bbox 310 1538 3509 1616">
     <span class='ocr_line' id='line_1_18' title="bbox 310 1538 3509 1616; baseline 0.007 -31"><span class='ocrx_word' id='word_1_233' title='bbox 310 1538 558 1607; x_wconf 77' lang='lat' dir='ltr'><strong>sapiens</strong></span> <span class='ocrx_word' id='word_1_234' title='bbox 582 1542 873 1596; x_wconf 78' lang='lat' dir='ltr'><strong>secundum</strong></span> <span class='ocrx_word' id='word_1_235' title='bbox 917 1543 1218 1610; x_wconf 59' lang='lat' dir='ltr'><strong>Christum,</strong></span> <span class='ocrx_word' id='word_1_236' title='bbox 1256 1553 1311 1600; x_wconf 76' lang='grc' dir='ltr'>ει</span> <span class='ocrx_word' id='word_1_237' title='bbox 1352 1561 1469 1615; x_wconf 62' lang='lat' dir='ltr'><strong>qua,</strong></span> <span class='ocrx_word' id='word_1_238' title='bbox 1514 1548 1713 1603; x_wconf 67' lang='grc' dir='ltr'><strong>ειπίειί</strong></span> <span class='ocrx_word' id='word_1_239' title='bbox 1752 1558 1877 1604; x_wconf 60' lang='lat' dir='ltr'><strong>sum</strong></span> <span class='ocrx_word' id='word_1_240' title='bbox 1976 1538 2095 1607; x_wconf 87' lang='lat' dir='ltr'><strong>quis</strong></span> <span class='ocrx_word' id='word_1_241' title='bbox 2126 1551 2274 1593; x_wconf 87' lang='lat' dir='ltr'><strong>actus</strong></span> <span class='ocrx_word' id='word_1_242' title='bbox 2305 1541 2481 1595; x_wconf 89' lang='lat' dir='ltr'><strong>carnis</strong></span> <span class='ocrx_word' id='word_1_243' title='bbox 2508 1541 2607 1595; x_wconf 91' lang='lat' dir='ltr'><strong>hoc</strong></span> <span class='ocrx_word' id='word_1_244' title='bbox 2658 1542 2837 1597; x_wconf 90' lang='lat' dir='ltr'><strong>modo.</strong></span> <span class='ocrx_word' id='word_1_245' title='bbox 2871 1542 3095 1598; x_wconf 79' lang='lat' dir='ltr'><strong>Fructus</strong></span> <span class='ocrx_word' id='word_1_246' title='bbox 3151 1554 3232 1599; x_wconf 90' lang='lat' dir='ltr'><strong>est</strong></span> <span class='ocrx_word' id='word_1_247' title='bbox 3276 1546 3509 1616; x_wconf 85' lang='lat' dir='ltr'><strong>Spiritus</strong></span> 
     </span>
    </p>
   </div>
   <div class='ocr_carea' id='block_1_19' title="bbox 311 1629 1855 1708">
    <p class='ocr_par' dir='ltr' id='par_1_19' title="bbox 311 1629 1845 1707">
     <span class='ocr_line' id='line_1_19' title="bbox 311 1629 1845 1707; baseline 0.009 -28"><span class='ocrx_word' id='word_1_248' title='bbox 311 1630 534 1698; x_wconf 83' lang='lat' dir='ltr'><strong>sapiat,</strong></span> <span class='ocrx_word' id='word_1_249' title='bbox 563 1629 727 1685; x_wconf 85' lang='lat' dir='ltr'><strong>habet</strong></span> <span class='ocrx_word' id='word_1_250' title='bbox 754 1633 805 1685; x_wconf 92' lang='lat' dir='ltr'><strong>in</strong></span> <span class='ocrx_word' id='word_1_251' title='bbox 837 1648 1007 1703; x_wconf 88' lang='lat' dir='ltr'><strong>seper</strong></span> <span class='ocrx_word' id='word_1_252' title='bbox 1025 1637 1337 1703; x_wconf 75' lang='lat' dir='ltr'><strong>sapientiam</strong></span> <span class='ocrx_word' id='word_1_253' title='bbox 1367 1637 1624 1707; x_wconf 89' lang='lat' dir='ltr'><strong>Spiritum</strong></span> <span class='ocrx_word' id='word_1_254' title='bbox 1652 1638 1845 1695; x_wconf 89' lang='lat' dir='ltr'><strong>Christi</strong></span> 
     </span>
    </p>
   </div>
   <div class='ocr_carea' id='block_1_20' title="bbox 1969 1629 3509 1708">
    <p class='ocr_par' dir='ltr' id='par_1_20' title="bbox 1977 1629 3509 1708">
     <span class='ocr_line' id='line_1_20' title="bbox 1977 1629 3509 1708; baseline 0.007 -27"><span class='ocrx_word' id='word_1_255' title='bbox 1977 1629 2210 1683; x_wconf 85' lang='lat' dir='ltr'><strong>charitas</strong></span> <span class='ocrx_word' id='word_1_256' title='bbox 2232 1629 2298 1693; x_wconf 76' lang='lat'><strong>“,</strong></span> <span class='ocrx_word' id='word_1_257' title='bbox 2330 1631 2508 1685; x_wconf 88' lang='lat' dir='ltr'><strong>odium</strong></span> <span class='ocrx_word' id='word_1_258' title='bbox 2561 1631 2739 1685; x_wconf 90' lang='lat' dir='ltr'><strong>carnis</strong></span> <span class='ocrx_word' id='word_1_259' title='bbox 2789 1642 2873 1685; x_wconf 88' lang='lat' dir='ltr'><strong>est</strong></span> <span class='ocrx_word' id='word_1_260' title='bbox 2916 1640 3112 1686; x_wconf 89' lang='lat' dir='ltr'><strong>actus:</strong></span> <span class='ocrx_word' id='word_1_261' title='bbox 3148 1637 3328 1690; x_wconf 88' lang='lat' dir='ltr'><strong>odium</strong></span> <span class='ocrx_word' id='word_1_262' title='bbox 3380 1653 3509 1708; x_wconf 74' lang='lat' dir='ltr'><strong>ergo</strong></span> 
     </span>
    </p>
   </div>
   <div class='ocr_carea' id='block_1_21' title="bbox 308 1696 1855 1796">
    <p class='ocr_par' dir='ltr' id='par_1_21' title="bbox 308 1696 1855 1796">
     <span class='ocr_line' id='line_1_21' title="bbox 308 1696 1855 1796; baseline 0.01 -29"><span class='ocrx_word' id='word_1_263' title='bbox 308 1696 810 1785; x_wconf 74' lang='lat' dir='ltr'><strong>(Ihristusjustitia</strong></span> <span class='ocrx_word' id='word_1_264' title='bbox 843 1696 924 1776; x_wconf 77' lang='lat' dir='ltr'><strong>est</strong></span> <span class='ocrx_word' id='word_1_265' title='bbox 953 1740 967 1776; x_wconf 90' lang='lat'><strong>:</strong></span> <span class='ocrx_word' id='word_1_266' title='bbox 1014 1724 1057 1777; x_wconf 89' lang='lat' dir='ltr'><strong>si</strong></span> <span class='ocrx_word' id='word_1_267' title='bbox 1088 1696 1212 1792; x_wconf 74' lang='lat' dir='ltr'><strong>quis</strong></span> <span class='ocrx_word' id='word_1_268' title='bbox 1236 1696 1425 1779; x_wconf 75' lang='lat' dir='ltr'><strong>habeat</strong></span> <span class='ocrx_word' id='word_1_269' title='bbox 1458 1726 1507 1780; x_wconf 91' lang='lat' dir='ltr'><strong>in</strong></span> <span class='ocrx_word' id='word_1_270' title='bbox 1534 1742 1590 1780; x_wconf 88' lang='lat' dir='ltr'><strong>se</strong></span> <span class='ocrx_word' id='word_1_271' title='bbox 1612 1728 1855 1796; x_wconf 88' lang='lat' dir='ltr'><strong>justitiau</strong></span> 
     </span>
    </p>
   </div>
   <div class='ocr_carea' id='block_1_22' title="bbox 1969 1696 3507 1796">
    <p class='ocr_par' dir='ltr' id='par_1_22' title="bbox 1980 1696 3507 1795">
     <span class='ocr_line' id='line_1_22' title="bbox 1980 1696 3507 1795; baseline 0.008 -25"><span class='ocrx_word' id='word_1_272' title='bbox 1980 1732 2071 1784; x_wconf 89' lang='lat' dir='ltr'><strong>per</strong></span> <span class='ocrx_word' id='word_1_273' title='bbox 2099 1716 2413 1771; x_wconf 89' lang='lat' dir='ltr'><strong>charitatem</strong></span> <span class='ocrx_word' id='word_1_274' title='bbox 2464 1720 2814 1776; x_wconf 80' lang='lat' dir='ltr'><strong>mortiﬁcatur</strong></span> <span class='ocrx_word' id='word_1_275' title='bbox 2843 1730 2910 1776; x_wconf 81' lang='lat' dir='ltr'><strong>et&#39;</strong></span> <span class='ocrx_word' id='word_1_276' title='bbox 2951 1726 3325 1795; x_wconf 74' lang='lat' dir='ltr'><strong>exstinguitur.</strong></span> <span class='ocrx_word' id='word_1_277' title='bbox 3364 1696 3507 1784; x_wconf 72' lang='lat' dir='ltr'><strong>Gau-</strong></span> 
     </span>
    </p>
   </div>
   <div class='ocr_carea' id='block_1_23' title="bbox 309 1806 3507 1890">
    <p class='ocr_par' dir='ltr' id='par_1_23' title="bbox 309 1806 3507 1890">
     <span class='ocr_line' id='line_1_23' title="bbox 309 1806 3507 1890; baseline 0.006 -35"><span class='ocrx_word' id='word_1_278' title='bbox 309 1806 556 1871; x_wconf 79' lang='lat' dir='ltr'><strong>Christi,</strong></span> <span class='ocrx_word' id='word_1_279' title='bbox 606 1825 704 1878; x_wconf 79' lang='lat' dir='ltr'><strong>per</strong></span> <span class='ocrx_word' id='word_1_280' title='bbox 745 1811 1002 1880; x_wconf 59' lang='lat' dir='ltr'><strong>justitiam</strong></span> <span class='ocrx_word' id='word_1_281' title='bbox 1038 1816 1196 1868; x_wconf 63' lang='lat' dir='ltr'><strong>hanc;</strong></span> <span class='ocrx_word' id='word_1_282' title='bbox 1230 1815 1340 1885; x_wconf 58' lang='lat' dir='ltr'><strong>(at)</strong></span> <span class='ocrx_word' id='word_1_283' title='bbox 1391 1819 1442 1870; x_wconf 74' lang='grc' dir='ltr'><strong>ί..</strong></span> <span class='ocrx_word' id='word_1_284' title='bbox 1498 1835 1557 1873; x_wconf 66' lang='grc' dir='ltr'><strong>δε</strong></span> <span class='ocrx_word' id='word_1_285' title='bbox 1612 1819 1871 1890; x_wconf 52' lang='lat' dir='ltr'><strong>spiritum</strong></span> <span class='ocrx_word' id='word_1_286' title='bbox 1979 1807 2124 1859; x_wconf 90' lang='lat' dir='ltr'><strong>dium</strong></span> <span class='ocrx_word' id='word_1_287' title='bbox 2153 1806 2399 1859; x_wconf 85' lang='lat' dir='ltr'><strong>similiter</strong></span> <span class='ocrx_word' id='word_1_288' title='bbox 2448 1806 2649 1862; x_wconf 92' lang='lat' dir='ltr'><strong>fructus</strong></span> <span class='ocrx_word' id='word_1_289' title='bbox 2692 1820 2776 1864; x_wconf 92' lang='lat' dir='ltr'><strong>est</strong></span> <span class='ocrx_word' id='word_1_290' title='bbox 2825 1812 3079 1879; x_wconf 89' lang='lat' dir='ltr'><strong>spiritus,</strong></span> <span class='ocrx_word' id='word_1_291' title='bbox 3134 1815 3351 1871; x_wconf 85' lang='lat' dir='ltr'><strong>tristitia</strong></span> <span class='ocrx_word' id='word_1_292' title='bbox 3379 1833 3507 1873; x_wconf 91' lang='lat' dir='ltr'><strong>vero</strong></span> 
     </span>
    </p>
   </div>
   <div class='ocr_carea' id='block_1_24' title="bbox 310 1895 3507 1980">
    <p class='ocr_par' dir='ltr' id='par_1_24' title="bbox 310 1895 3507 1980">
     <span class='ocr_line' id='line_1_24' title="bbox 310 1895 3507 1980; baseline 0.007 -30"><span class='ocrx_word' id='word_1_293' title='bbox 310 1898 559 1953; x_wconf 84' lang='lat' dir='ltr'><strong>Christi.</strong></span> <span class='ocrx_word' id='word_1_294' title='bbox 589 1899 833 1955; x_wconf 86' lang='lat' dir='ltr'><strong>Christus</strong></span> <span class='ocrx_word' id='word_1_295' title='bbox 865 1917 962 1969; x_wconf 84' lang='lat' dir='ltr'><strong>pax</strong></span> <span class='ocrx_word' id='word_1_296' title='bbox 990 1914 1070 1956; x_wconf 90' lang='lat' dir='ltr'><strong>est</strong></span> <span class='ocrx_word' id='word_1_297' title='bbox 1099 1921 1113 1957; x_wconf 88' lang='lat'><strong>:</strong></span> <span class='ocrx_word' id='word_1_298' title='bbox 1149 1906 1192 1959; x_wconf 93' lang='lat' dir='ltr'><strong>si</strong></span> <span class='ocrx_word' id='word_1_299' title='bbox 1221 1906 1341 1975; x_wconf 90' lang='lat' dir='ltr'><strong>quis</strong></span> <span class='ocrx_word' id='word_1_300' title='bbox 1382 1908 1575 1963; x_wconf 85' lang='lat' dir='ltr'><strong>habeat</strong></span> <span class='ocrx_word' id='word_1_301' title='bbox 1619 1910 1671 1963; x_wconf 93' lang='lat' dir='ltr'><strong>in</strong></span> <span class='ocrx_word' id='word_1_302' title='bbox 1697 1925 1757 1964; x_wconf 88' lang='lat' dir='ltr'><strong>se</strong></span> <span class='ocrx_word' id='word_1_303' title='bbox 1784 1926 1873 1980; x_wconf 88' lang='lat' dir='ltr'><strong>pa-</strong></span> <span class='ocrx_word' id='word_1_304' title='bbox 1976 1895 2133 1963; x_wconf 66' lang='lat' dir='ltr'><strong>hull&#39;s</strong></span> <span class='ocrx_word' id='word_1_305' title='bbox 2155 1896 2360 1960; x_wconf 52' lang='lat'><strong>3330&quot;&quot;,</strong></span> <span class='ocrx_word' id='word_1_306' title='bbox 2405 1911 2523 1965; x_wconf 67' lang='grc'><strong>(1³³³⁵</strong></span> <span class='ocrx_word' id='word_1_307' title='bbox 2571 1907 2795 1953; x_wconf 57' lang='lat' dir='ltr'><strong>mortem</strong></span> <span class='ocrx_word' id='word_1_308' title='bbox 2841 1911 3096 1970; x_wconf 67' lang='grc' dir='ltr'><strong>οβθηῑυΐ</strong></span> <span class='ocrx_word' id='word_1_309' title='bbox 3118 1903 3186 1968; x_wconf 73' lang='grc' dir='ltr'><strong>⁸¹ν</strong></span> <span class='ocrx_word' id='word_1_310' title='bbox 3214 1907 3394 1962; x_wconf 68' lang='lat' dir='ltr'><strong>carnis</strong></span> <span class='ocrx_word' id='word_1_311' title='bbox 3424 1921 3507 1963; x_wconf 72' lang='lat' dir='ltr'><strong>88l-</strong></span> 
     </span>
    </p>
   </div>
   <div class='ocr_carea' id='block_1_25' title="bbox 309 1984 3507 2070">
    <p class='ocr_par' dir='ltr' id='par_1_25' title="bbox 309 1984 3507 2070">
     <span class='ocr_line' id='line_1_25' title="bbox 309 1984 3507 2070; baseline 0.008 -47"><span class='ocrx_word' id='word_1_312' title='bbox 309 2004 448 2042; x_wconf 70' lang='lat' dir='ltr'><strong>cem</strong></span> <span class='ocrx_word' id='word_1_313' title='bbox 482 1989 708 2053; x_wconf 54' lang='grc' dir='ltr'><strong>ειη-δέη,</strong></span> <span class='ocrx_word' id='word_1_314' title='bbox 738 2006 836 2059; x_wconf 68' lang='grc' dir='ltr'><strong>ρει.</strong></span> <span class='ocrx_word' id='word_1_315' title='bbox 879 1992 1132 2061; x_wconf 54' lang='lat' dir='ltr'><strong>spiritum</strong></span> <span class='ocrx_word' id='word_1_316' title='bbox 1165 1997 1308 2063; x_wconf 64' lang='lat' dir='ltr'><strong>pacis</strong></span> <span class='ocrx_word' id='word_1_317' title='bbox 1336 1998 1493 2051; x_wconf 51' lang='lat' dir='ltr'><strong>habet</strong></span> <span class='ocrx_word' id='word_1_318' title='bbox 1533 1999 1583 2052; x_wconf 70' lang='lat' dir='ltr'><strong>in</strong></span> <span class='ocrx_word' id='word_1_319' title='bbox 1616 2014 1674 2054; x_wconf 68' lang='lat' dir='ltr'><strong>se</strong></span> <span class='ocrx_word' id='word_1_320' title='bbox 1701 2000 1873 2070; x_wconf 64' lang='lat' dir='ltr'><strong>5pm-</strong></span> <span class='ocrx_word' id='word_1_321' title='bbox 1974 1995 2169 2037; x_wconf 86' lang='lat' dir='ltr'><strong>actus:</strong></span> <span class='ocrx_word' id='word_1_322' title='bbox 2196 1984 2308 2039; x_wconf 85' lang='lat' dir='ltr'><strong>haec</strong></span> <span class='ocrx_word' id='word_1_323' title='bbox 2353 1999 2479 2053; x_wconf 79' lang='lat' dir='ltr'><strong>ergo</strong></span> <span class='ocrx_word' id='word_1_324' title='bbox 2502 1989 2874 2054; x_wconf 76' lang='lat' dir='ltr'><strong>exstinguitur,</strong></span> <span class='ocrx_word' id='word_1_325' title='bbox 2921 1990 2964 2044; x_wconf 92' lang='lat' dir='ltr'><strong>si</strong></span> <span class='ocrx_word' id='word_1_326' title='bbox 2998 1992 3071 2045; x_wconf 90' lang='lat' dir='ltr'><strong>sit</strong></span> <span class='ocrx_word' id='word_1_327' title='bbox 3105 1993 3156 2046; x_wconf 92' lang='lat' dir='ltr'><strong>iu</strong></span> <span class='ocrx_word' id='word_1_328' title='bbox 3187 1995 3340 2049; x_wconf 88' lang='lat' dir='ltr'><strong>nobis</strong></span> <span class='ocrx_word' id='word_1_329' title='bbox 3375 2011 3507 2063; x_wconf 71' lang='lat' dir='ltr'><strong>gau-</strong></span> 
     </span>
    </p>
   </div>
   <div class='ocr_carea' id='block_1_26' title="bbox 312 2073 1855 2149">
    <p class='ocr_par' dir='ltr' id='par_1_26' title="bbox 312 2076 1855 2149">
     <span class='ocr_line' id='line_1_26' title="bbox 312 2076 1855 2149; baseline 0.009 -20"><span class='ocrx_word' id='word_1_330' title='bbox 312 2088 446 2130; x_wconf 86' lang='lat' dir='ltr'><strong>tum</strong></span> <span class='ocrx_word' id='word_1_331' title='bbox 490 2076 716 2132; x_wconf 87' lang='lat' dir='ltr'><strong>Christi.</strong></span> <span class='ocrx_word' id='word_1_332' title='bbox 745 2078 834 2135; x_wconf 88' lang='lat' dir='ltr'><strong>Sic</strong></span> <span class='ocrx_word' id='word_1_333' title='bbox 862 2091 915 2134; x_wconf 83' lang='lat' dir='ltr'><strong>et</strong></span> <span class='ocrx_word' id='word_1_334' title='bbox 946 2082 1285 2149; x_wconf 85' lang='lat' dir='ltr'><strong>charitatem,</strong></span> <span class='ocrx_word' id='word_1_335' title='bbox 1312 2086 1389 2139; x_wconf 90' lang='lat' dir='ltr'><strong>sic</strong></span> <span class='ocrx_word' id='word_1_336' title='bbox 1413 2097 1465 2139; x_wconf 90' lang='lat' dir='ltr'><strong>et</strong></span> <span class='ocrx_word' id='word_1_337' title='bbox 1491 2087 1855 2143; x_wconf 83' lang='lat' dir='ltr'><strong>sanctiﬁcatio</strong></span> 
     </span>
    </p>
   </div>
   <div class='ocr_carea' id='block_1_27' title="bbox 1969 2073 3503 2149">
    <p class='ocr_par' dir='ltr' id='par_1_27' title="bbox 1972 2073 3503 2148">
     <span class='ocr_line' id='line_1_27' title="bbox 1972 2073 3503 2148; baseline 0.008 -21"><span class='ocrx_word' id='word_1_338' title='bbox 1972 2073 2113 2127; x_wconf 88' lang='lat' dir='ltr'><strong>dium</strong></span> <span class='ocrx_word' id='word_1_339' title='bbox 2148 2076 2385 2143; x_wconf 90' lang='lat' dir='ltr'><strong>spiritus.</strong></span> <span class='ocrx_word' id='word_1_340' title='bbox 2426 2076 2534 2131; x_wconf 80' lang='lat' dir='ltr'><strong>Pax</strong></span> <span class='ocrx_word' id='word_1_341' title='bbox 2580 2077 2783 2132; x_wconf 88' lang='lat' dir='ltr'><strong>fructus</strong></span> <span class='ocrx_word' id='word_1_342' title='bbox 2840 2086 2923 2132; x_wconf 89' lang='lat' dir='ltr'><strong>est</strong></span> <span class='ocrx_word' id='word_1_343' title='bbox 2950 2079 3202 2148; x_wconf 88' lang='lat' dir='ltr'><strong>spiritus;</strong></span> <span class='ocrx_word' id='word_1_344' title='bbox 3239 2083 3503 2140; x_wconf 86' lang='lat' dir='ltr'><strong>dissensio</strong></span> 
     </span>
    </p>
   </div>
   <div class='ocr_carea' id='block_1_28' title="bbox 311 2162 3507 2240">
    <p class='ocr_par' dir='ltr' id='par_1_28' title="bbox 311 2162 3507 2240">
     <span class='ocr_line' id='line_1_28' title="bbox 311 2162 3507 2240; baseline 0.004 -24"><span class='ocrx_word' id='word_1_345' title='bbox 311 2178 477 2229; x_wconf 81' lang='lat' dir='ltr'><strong>nem,</strong></span> <span class='ocrx_word' id='word_1_346' title='bbox 512 2165 591 2219; x_wconf 89' lang='lat' dir='ltr'><strong>sic</strong></span> <span class='ocrx_word' id='word_1_347' title='bbox 620 2175 673 2219; x_wconf 92' lang='lat' dir='ltr'><strong>et</strong></span> <span class='ocrx_word' id='word_1_348' title='bbox 700 2167 909 2236; x_wconf 74' lang='lat' dir='ltr'><strong>singula</strong></span> <span class='ocrx_word' id='word_1_349' title='bbox 944 2184 1184 2237; x_wconf 74' lang='lat' dir='ltr'><strong>quaeque,</strong></span> <span class='ocrx_word' id='word_1_350' title='bbox 1221 2187 1341 2240; x_wconf 70' lang='lat' dir='ltr'><strong>qua:</strong></span> <span class='ocrx_word' id='word_1_351' title='bbox 1370 2172 1615 2229; x_wconf 68' lang='grc' dir='ltr'><strong>οιηοῑςιυε</strong></span> <span class='ocrx_word' id='word_1_352' title='bbox 1642 2190 1758 2230; x_wconf 67' lang='lat' dir='ltr'><strong>esse</strong></span> <span class='ocrx_word' id='word_1_353' title='bbox 1792 2178 1871 2231; x_wconf 76' lang='lat' dir='ltr'><strong>di-</strong></span> <span class='ocrx_word' id='word_1_354' title='bbox 1971 2172 2024 2215; x_wconf 89' lang='lat' dir='ltr'><strong>et</strong></span> <span class='ocrx_word' id='word_1_355' title='bbox 2045 2162 2312 2217; x_wconf 82' lang='lat' dir='ltr'><strong>discordia</strong></span> <span class='ocrx_word' id='word_1_356' title='bbox 2343 2165 2524 2218; x_wconf 91' lang='lat' dir='ltr'><strong>carnis</strong></span> <span class='ocrx_word' id='word_1_357' title='bbox 2568 2175 2650 2219; x_wconf 89' lang='lat' dir='ltr'><strong>est</strong></span> <span class='ocrx_word' id='word_1_358' title='bbox 2696 2175 2842 2219; x_wconf 90' lang='lat' dir='ltr'><strong>actus</strong></span> <span class='ocrx_word' id='word_1_359' title='bbox 2872 2187 2883 2220; x_wconf 90' lang='lat'><strong>:</strong></span> <span class='ocrx_word' id='word_1_360' title='bbox 2919 2168 3010 2221; x_wconf 88' lang='lat' dir='ltr'><strong>sed</strong></span> <span class='ocrx_word' id='word_1_361' title='bbox 3046 2180 3246 2223; x_wconf 90' lang='lat' dir='ltr'><strong>certum</strong></span> <span class='ocrx_word' id='word_1_362' title='bbox 3278 2182 3360 2227; x_wconf 88' lang='lat' dir='ltr'><strong>est</strong></span> <span class='ocrx_word' id='word_1_363' title='bbox 3403 2174 3507 2228; x_wconf 79' lang='lat' dir='ltr'><strong>dis-</strong></span> 
     </span>
    </p>
   </div>
   <div class='ocr_carea' id='block_1_29' title="bbox 306 2252 3503 2335">
    <p class='ocr_par' dir='ltr' id='par_1_29' title="bbox 306 2252 3503 2335">
     <span class='ocr_line' id='line_1_29' title="bbox 306 2252 3503 2335; baseline 0.007 -26"><span class='ocrx_word' id='word_1_364' title='bbox 306 2256 475 2309; x_wconf 67' lang='lat' dir='ltr'><strong>L-“Itur</strong></span> <span class='ocrx_word' id='word_1_365' title='bbox 503 2256 593 2325; x_wconf 91' lang='lat' dir='ltr'><strong>qui</strong></span> <span class='ocrx_word' id='word_1_366' title='bbox 624 2258 799 2317; x_wconf 86' lang='lat' dir='ltr'><strong>habet.</strong></span> <span class='ocrx_word' id='word_1_367' title='bbox 847 2260 934 2314; x_wconf 85' lang='lat' dir='ltr'><strong>hic</strong></span> <span class='ocrx_word' id='word_1_368' title='bbox 962 2260 1216 2329; x_wconf 91' lang='lat' dir='ltr'><strong>Spiritum</strong></span> <span class='ocrx_word' id='word_1_369' title='bbox 1243 2261 1440 2318; x_wconf 88' lang='lat' dir='ltr'><strong>Christi</strong></span> <span class='ocrx_word' id='word_1_370' title='bbox 1472 2264 1581 2335; x_wconf 79' lang='lat'><strong>(25)</strong></span> <span class='ocrx_word' id='word_1_371' title='bbox 1609 2267 1662 2320; x_wconf 92' lang='lat' dir='ltr'><strong>in</strong></span> <span class='ocrx_word' id='word_1_372' title='bbox 1693 2283 1750 2322; x_wconf 93' lang='lat' dir='ltr'><strong>se</strong></span> <span class='ocrx_word' id='word_1_373' title='bbox 1777 2270 1873 2323; x_wconf 86' lang='lat' dir='ltr'><strong>ha-</strong></span> <span class='ocrx_word' id='word_1_374' title='bbox 1972 2252 2205 2304; x_wconf 67' lang='grc' dir='ltr'><strong>εοτίίίθίη</strong></span> <span class='ocrx_word' id='word_1_375' title='bbox 2234 2252 2545 2306; x_wconf 69' lang='grc' dir='ltr'><strong>πηοτιίίῖεπῖ</strong></span> <span class='ocrx_word' id='word_1_376' title='bbox 2568 2267 2725 2319; x_wconf 69' lang='grc'><strong>1³0⁸⁵⁸</strong></span> <span class='ocrx_word' id='word_1_377' title='bbox 2748 2268 2843 2322; x_wconf 76' lang='lat' dir='ltr'><strong>Pel‘</strong></span> <span class='ocrx_word' id='word_1_378' title='bbox 2864 2269 3067 2322; x_wconf 67' lang='grc' dir='ltr'><strong>Ρπεθηιο</strong></span> <span class='ocrx_word' id='word_1_379' title='bbox 3093 2256 3183 2313; x_wconf 76' lang='grc' dir='ltr'><strong>δίο</strong></span> <span class='ocrx_word' id='word_1_380' title='bbox 3210 2268 3263 2313; x_wconf 70' lang='grc' dir='ltr'>εί</span> <span class='ocrx_word' id='word_1_381' title='bbox 3293 2261 3503 2329; x_wconf 58' lang='lat' dir='ltr'><strong>Nile&quot;-</strong></span> 
     </span>
    </p>
   </div>
   <div class='ocr_carea' id='block_1_30' title="bbox 307 2338 1855 2424">
    <p class='ocr_par' dir='ltr' id='par_1_30' title="bbox 307 2345 1855 2424">
     <span class='ocr_line' id='line_1_30' title="bbox 307 2345 1855 2424; baseline 0.008 -28"><span class='ocrx_word' id='word_1_382' title='bbox 307 2345 457 2397; x_wconf 83' lang='lat' dir='ltr'><strong>bere</strong></span> <span class='ocrx_word' id='word_1_383' title='bbox 485 2345 789 2398; x_wconf 82' lang='lat' dir='ltr'><strong>credendus</strong></span> <span class='ocrx_word' id='word_1_384' title='bbox 815 2355 915 2404; x_wconf 90' lang='lat' dir='ltr'><strong>est.</strong></span> <span class='ocrx_word' id='word_1_385' title='bbox 940 2356 994 2399; x_wconf 92' lang='lat' dir='ltr'><strong>et</strong></span> <span class='ocrx_word' id='word_1_386' title='bbox 1021 2360 1238 2415; x_wconf 89' lang='lat' dir='ltr'><strong>sperare</strong></span> <span class='ocrx_word' id='word_1_387' title='bbox 1268 2350 1406 2415; x_wconf 90' lang='lat' dir='ltr'><strong>quod</strong></span> <span class='ocrx_word' id='word_1_388' title='bbox 1437 2353 1656 2406; x_wconf 87' lang='lat' dir='ltr'><strong>mortale</strong></span> <span class='ocrx_word' id='word_1_389' title='bbox 1679 2369 1855 2424; x_wconf 68' lang='lat' dir='ltr'><strong>corpus</strong></span> 
     </span>
    </p>
   </div>
   <div class='ocr_carea' id='block_1_31' title="bbox 1969 2338 3499 2424">
    <p class='ocr_par' dir='ltr' id='par_1_31' title="bbox 1978 2338 3499 2421">
     <span class='ocr_line' id='line_1_31' title="bbox 1978 2338 3499 2421; baseline 0.01 -32"><span class='ocrx_word' id='word_1_390' title='bbox 1978 2340 2050 2391; x_wconf 90' lang='lat' dir='ltr'><strong>tia</strong></span> <span class='ocrx_word' id='word_1_391' title='bbox 2085 2338 2327 2407; x_wconf 76' lang='lat' dir='ltr'><strong>Spiritus,</strong></span> <span class='ocrx_word' id='word_1_392' title='bbox 2362 2341 2745 2407; x_wconf 89' lang='lat' dir='ltr'><strong>impatientiam</strong></span> <span class='ocrx_word' id='word_1_393' title='bbox 2806 2344 2983 2398; x_wconf 90' lang='lat' dir='ltr'><strong>carnis</strong></span> <span class='ocrx_word' id='word_1_394' title='bbox 3030 2345 3141 2416; x_wconf 79' lang='lat'><strong>(30)</strong></span> <span class='ocrx_word' id='word_1_395' title='bbox 3189 2350 3499 2421; x_wconf 78' lang='lat' dir='ltr'><strong>exstinguit,</strong></span> 
     </span>
    </p>
   </div>
   <div class='ocr_carea' id='block_1_32' title="bbox 303 2428 1855 2510">
    <p class='ocr_par' dir='ltr' id='par_1_32' title="bbox 303 2433 1855 2510">
     <span class='ocr_line' id='line_1_32' title="bbox 303 2433 1855 2510; baseline 0.008 -26"><span class='ocrx_word' id='word_1_396' title='bbox 303 2446 487 2486; x_wconf 85' lang='lat' dir='ltr'><strong>suum</strong></span> <span class='ocrx_word' id='word_1_397' title='bbox 520 2433 884 2488; x_wconf 80' lang='lat' dir='ltr'><strong>vivificabitur</strong></span> <span class='ocrx_word' id='word_1_398' title='bbox 909 2445 1124 2503; x_wconf 87' lang='lat' dir='ltr'><strong>propter</strong></span> <span class='ocrx_word' id='word_1_399' title='bbox 1168 2435 1547 2493; x_wconf 85' lang='lat' dir='ltr'><strong>inhabitantem</strong></span> <span class='ocrx_word' id='word_1_400' title='bbox 1578 2440 1630 2494; x_wconf 88' lang='lat' dir='ltr'><strong>in</strong></span> <span class='ocrx_word' id='word_1_401' title='bbox 1665 2456 1723 2496; x_wconf 89' lang='lat' dir='ltr'><strong>se</strong></span> <span class='ocrx_word' id='word_1_402' title='bbox 1749 2442 1855 2510; x_wconf 89' lang='lat' dir='ltr'><strong>Spi-</strong></span> 
     </span>
    </p>
   </div>
   <div class='ocr_carea' id='block_1_33' title="bbox 1969 2428 3502 2510">
    <p class='ocr_par' dir='ltr' id='par_1_33' title="bbox 1970 2428 3502 2500">
     <span class='ocr_line' id='line_1_33' title="bbox 1970 2428 3502 2500; baseline 0.01 -21"><span class='ocrx_word' id='word_1_403' title='bbox 1970 2440 2025 2480; x_wconf 88' lang='lat' dir='ltr'><strong>ct</strong></span> <span class='ocrx_word' id='word_1_404' title='bbox 2054 2428 2269 2482; x_wconf 90' lang='lat' dir='ltr'><strong>bonitas</strong></span> <span class='ocrx_word' id='word_1_405' title='bbox 2323 2430 2583 2483; x_wconf 86' lang='lat' dir='ltr'><strong>malitiam</strong></span> <span class='ocrx_word' id='word_1_406' title='bbox 2636 2432 2865 2500; x_wconf 88' lang='lat' dir='ltr'><strong>perimit,</strong></span> <span class='ocrx_word' id='word_1_407' title='bbox 2916 2443 2971 2487; x_wconf 87' lang='lat' dir='ltr'><strong>et</strong></span> <span class='ocrx_word' id='word_1_408' title='bbox 3018 2439 3369 2493; x_wconf 88' lang='lat' dir='ltr'><strong>mansuetudo</strong></span> <span class='ocrx_word' id='word_1_409' title='bbox 3425 2440 3502 2496; x_wconf 83' lang='lat' dir='ltr'><strong>fe-</strong></span> 
     </span>
    </p>
   </div>
   <div class='ocr_carea' id='block_1_34' title="bbox 1974 2518 3497 2599">
    <p class='ocr_par' dir='ltr' id='par_1_34' title="bbox 1974 2518 3497 2599">
     <span class='ocr_line' id='line_1_34' title="bbox 1974 2518 3497 2599; baseline 0.011 -32"><span class='ocrx_word' id='word_1_410' title='bbox 1974 2518 2216 2580; x_wconf 85' lang='lat' dir='ltr'><strong>rociam,</strong></span> <span class='ocrx_word' id='word_1_411' title='bbox 2278 2528 2331 2573; x_wconf 88' lang='lat' dir='ltr'><strong>et</strong></span> <span class='ocrx_word' id='word_1_412' title='bbox 2392 2521 2723 2575; x_wconf 90' lang='lat' dir='ltr'><strong>continentia</strong></span> <span class='ocrx_word' id='word_1_413' title='bbox 2781 2522 3240 2591; x_wconf 88' lang='lat' dir='ltr'><strong>intemperantiam</strong></span> <span class='ocrx_word' id='word_1_414' title='bbox 3292 2528 3446 2599; x_wconf 76' lang='grc'><strong>(51)</strong></span> <span class='ocrx_word' id='word_1_415' title='bbox 3479 2568 3497 2596; x_wconf 86' lang='grc'><em>,</em></span> 
     </span>
    </p>
   </div>
   <div class='ocr_carea' id='block_1_35' title="bbox 391 2608 3486 2683">
    <p class='ocr_par' dir='ltr' id='par_1_35' title="bbox 391 2608 3486 2683">
     <span class='ocr_line' id='line_1_35' title="bbox 391 2608 3486 2683; baseline 0.002 -17"><span class='ocrx_word' id='word_1_416' title='bbox 391 2612 489 2666; x_wconf 69' lang='lat' dir='ltr'><strong>ﬂ.</strong></span> <span class='ocrx_word' id='word_1_417' title='bbox 529 2630 548 2663; x_wconf 74' lang='grc' dir='ltr'><strong>ι</strong></span> <span class='ocrx_word' id='word_1_418' title='bbox 585 2613 742 2680; x_wconf 75' lang='lat' dir='ltr'><strong>Ergo,</strong></span> <span class='ocrx_word' id='word_1_419' title='bbox 794 2613 1009 2678; x_wconf 80' lang='lat' dir='ltr'><strong>fratres,</strong></span> <span class='ocrx_word' id='word_1_420' title='bbox 1059 2614 1325 2670; x_wconf 81' lang='lat' dir='ltr'><strong>debitores</strong></span> <span class='ocrx_word' id='word_1_421' title='bbox 1372 2632 1573 2683; x_wconf 77' lang='lat' dir='ltr'><strong>sumus,</strong></span> <span class='ocrx_word' id='word_1_422' title='bbox 1603 2634 1704 2673; x_wconf 78' lang='lat' dir='ltr'><strong>non</strong></span> <span class='ocrx_word' id='word_1_423' title='bbox 1750 2636 1868 2674; x_wconf 69' lang='lat' dir='ltr'><strong>car-</strong></span> <span class='ocrx_word' id='word_1_424' title='bbox 1969 2608 2123 2677; x_wconf 82' lang='lat'><strong>593</strong></span> <span class='ocrx_word' id='word_1_425' title='bbox 2150 2618 2202 2661; x_wconf 90' lang='lat' dir='ltr'><strong>et</strong></span> <span class='ocrx_word' id='word_1_426' title='bbox 2230 2610 2848 2678; x_wconf 86' lang='lat' dir='ltr'><strong>castitasimpudieitiam</strong></span> <span class='ocrx_word' id='word_1_427' title='bbox 2872 2621 3048 2676; x_wconf 86' lang='lat' dir='ltr'><strong>necat,</strong></span> <span class='ocrx_word' id='word_1_428' title='bbox 3081 2615 3277 2682; x_wconf 87' lang='lat' dir='ltr'><strong>talique</strong></span> <span class='ocrx_word' id='word_1_429' title='bbox 3298 2619 3486 2674; x_wconf 89' lang='lat' dir='ltr'><strong>ordine</strong></span> 
     </span>
    </p>
   </div>
   <div class='ocr_carea' id='block_1_36' title="bbox 302 2699 1855 2779">
    <p class='ocr_par' dir='ltr' id='par_1_36' title="bbox 302 2705 1855 2767">
     <span class='ocr_line' id='line_1_36' title="bbox 302 2705 1855 2767; baseline 0.004 -8"><span class='ocrx_word' id='word_1_430' title='bbox 302 2705 429 2767; x_wconf 80' lang='lat' dir='ltr'><strong>nis,</strong></span> <span class='ocrx_word' id='word_1_431' title='bbox 467 2712 532 2757; x_wconf 88' lang='lat' dir='ltr'><strong>ut</strong></span> <span class='ocrx_word' id='word_1_432' title='bbox 554 2706 846 2757; x_wconf 90' lang='lat' dir='ltr'><strong>secundum</strong></span> <span class='ocrx_word' id='word_1_433' title='bbox 880 2719 1095 2758; x_wconf 89' lang='lat' dir='ltr'><strong>carnem</strong></span> <span class='ocrx_word' id='word_1_434' title='bbox 1124 2707 1379 2761; x_wconf 79' lang='lat' dir='ltr'><strong>vivamus.</strong></span> <span class='ocrx_word' id='word_1_435' title='bbox 1416 2710 1471 2762; x_wconf 93' lang='lat' dir='ltr'><strong>Si</strong></span> <span class='ocrx_word' id='word_1_436' title='bbox 1507 2710 1649 2763; x_wconf 90' lang='lat' dir='ltr'><strong>enim</strong></span> <span class='ocrx_word' id='word_1_437' title='bbox 1674 2725 1855 2765; x_wconf 88' lang='lat' dir='ltr'><strong>secun-</strong></span> 
     </span>
    </p>
   </div>
   <div class='ocr_carea' id='block_1_37' title="bbox 1969 2699 3495 2779">
    <p class='ocr_par' dir='ltr' id='par_1_37' title="bbox 1969 2699 3495 2779">
     <span class='ocr_line' id='line_1_37' title="bbox 1969 2699 3495 2779; baseline 0.009 -30"><span class='ocrx_word' id='word_1_438' title='bbox 1969 2702 2055 2766; x_wconf 66' lang='grc' dir='ltr'>ιιιιὶ</span> <span class='ocrx_word' id='word_1_439' title='bbox 2086 2713 2183 2768; x_wconf 90' lang='lat' dir='ltr'><strong>per</strong></span> <span class='ocrx_word' id='word_1_440' title='bbox 2213 2699 2461 2768; x_wconf 89' lang='lat' dir='ltr'><strong>spiritum</strong></span> <span class='ocrx_word' id='word_1_441' title='bbox 2503 2708 2656 2754; x_wconf 90' lang='lat' dir='ltr'><strong>actus</strong></span> <span class='ocrx_word' id='word_1_442' title='bbox 2688 2701 2866 2755; x_wconf 87' lang='lat' dir='ltr'><strong>carnis</strong></span> <span class='ocrx_word' id='word_1_443' title='bbox 2910 2704 3310 2761; x_wconf 77' lang='lat' dir='ltr'><strong>mortiﬁcaverit</strong></span> <span class='ocrx_word' id='word_1_444' title='bbox 3358 2708 3495 2779; x_wconf 81' lang='lat'><strong>(52),</strong></span> 
     </span>
    </p>
   </div>
   <div class='ocr_carea' id='block_1_38' title="bbox 301 2788 1855 2867">
    <p class='ocr_par' dir='ltr' id='par_1_38' title="bbox 301 2794 1855 2867">
     <span class='ocr_line' id='line_1_38' title="bbox 301 2794 1855 2867; baseline 0.003 -21"><span class='ocrx_word' id='word_1_445' title='bbox 301 2795 449 2847; x_wconf 84' lang='lat' dir='ltr'><strong>dum</strong></span> <span class='ocrx_word' id='word_1_446' title='bbox 482 2808 706 2846; x_wconf 89' lang='lat' dir='ltr'><strong>carnem</strong></span> <span class='ocrx_word' id='word_1_447' title='bbox 737 2794 1000 2855; x_wconf 83' lang='lat' dir='ltr'><strong>vixeritis,</strong></span> <span class='ocrx_word' id='word_1_448' title='bbox 1033 2796 1331 2849; x_wconf 87' lang='lat' dir='ltr'><strong>moriemini</strong></span> <span class='ocrx_word' id='word_1_449' title='bbox 1359 2812 1375 2860; x_wconf 90' lang='lat'><strong>;</strong></span> <span class='ocrx_word' id='word_1_450' title='bbox 1408 2798 1452 2852; x_wconf 93' lang='lat' dir='ltr'><strong>si</strong></span> <span class='ocrx_word' id='word_1_451' title='bbox 1481 2807 1656 2851; x_wconf 90' lang='lat' dir='ltr'><strong>autem</strong></span> <span class='ocrx_word' id='word_1_452' title='bbox 1682 2799 1855 2867; x_wconf 78' lang='lat' dir='ltr'><strong>spiritu</strong></span> 
     </span>
    </p>
   </div>
   <div class='ocr_carea' id='block_1_39' title="bbox 1969 2788 3496 2867">
    <p class='ocr_par' dir='ltr' id='par_1_39' title="bbox 1969 2788 3496 2860">
     <span class='ocr_line' id='line_1_39' title="bbox 1969 2788 3496 2860; baseline 0.009 -22"><span class='ocrx_word' id='word_1_453' title='bbox 1969 2789 2131 2842; x_wconf 87' lang='lat' dir='ltr'><strong>vivet.</strong></span> <span class='ocrx_word' id='word_1_454' title='bbox 2161 2788 2476 2842; x_wconf 83' lang='lat' dir='ltr'><strong>Intuendum</strong></span> <span class='ocrx_word' id='word_1_455' title='bbox 2506 2804 2635 2844; x_wconf 91' lang='lat' dir='ltr'><strong>sane</strong></span> <span class='ocrx_word' id='word_1_456' title='bbox 2665 2798 2766 2854; x_wconf 86' lang='lat' dir='ltr'><strong>est,</strong></span> <span class='ocrx_word' id='word_1_457' title='bbox 2792 2792 2933 2860; x_wconf 92' lang='lat' dir='ltr'><strong>quod</strong></span> <span class='ocrx_word' id='word_1_458' title='bbox 2972 2793 3109 2847; x_wconf 90' lang='lat' dir='ltr'><strong>sicut</strong></span> <span class='ocrx_word' id='word_1_459' title='bbox 3136 2807 3360 2850; x_wconf 89' lang='lat' dir='ltr'><strong>mortem</strong></span> <span class='ocrx_word' id='word_1_460' title='bbox 3393 2814 3496 2852; x_wconf 89' lang='lat' dir='ltr'><strong>non</strong></span> 
     </span>
    </p>
   </div>
   <div class='ocr_carea' id='block_1_40' title="bbox 299 2880 3496 2956">
    <p class='ocr_par' dir='ltr' id='par_1_40' title="bbox 299 2880 3496 2956">
     <span class='ocr_line' id='line_1_40' title="bbox 299 2880 3496 2956; baseline 0.004 -19"><span class='ocrx_word' id='word_1_461' title='bbox 299 2893 478 2937; x_wconf 81' lang='lat' dir='ltr'><strong>actus</strong></span> <span class='ocrx_word' id='word_1_462' title='bbox 508 2883 690 2936; x_wconf 89' lang='lat' dir='ltr'><strong>carnis</strong></span> <span class='ocrx_word' id='word_1_463' title='bbox 713 2883 824 2951; x_wconf 78' lang='lat'><strong>(26)</strong></span> <span class='ocrx_word' id='word_1_464' title='bbox 864 2882 1212 2949; x_wconf 76' lang='lat' dir='ltr'><strong>mortiﬁcatis,</strong></span> <span class='ocrx_word' id='word_1_465' title='bbox 1240 2886 1430 2939; x_wconf 87' lang='lat' dir='ltr'><strong>vivetis</strong></span> <span class='ocrx_word' id='word_1_466' title='bbox 1464 2886 1528 2938; x_wconf 78' lang='grc'><strong>³⁷.</strong></span> <span class='ocrx_word' id='word_1_467' title='bbox 1566 2906 1585 2938; x_wconf 75' lang='grc' dir='ltr'><strong>ι</strong></span> <span class='ocrx_word' id='word_1_468' title='bbox 1612 2887 1864 2956; x_wconf 88' lang='lat' dir='ltr'><strong>Spiritum</strong></span> <span class='ocrx_word' id='word_1_469' title='bbox 1968 2880 2121 2931; x_wconf 61' lang='lat' dir='ltr'><strong>istam</strong></span> <span class='ocrx_word' id='word_1_470' title='bbox 2146 2893 2502 2944; x_wconf 72' lang='lat' dir='ltr'><strong>communem.</strong></span> <span class='ocrx_word' id='word_1_471' title='bbox 2528 2881 2620 2933; x_wconf 71' lang='lat' dir='ltr'><strong>sed</strong></span> <span class='ocrx_word' id='word_1_472' title='bbox 2655 2881 2796 2934; x_wconf 70' lang='lat' dir='ltr'><strong>illam</strong></span> <span class='ocrx_word' id='word_1_473' title='bbox 2819 2883 3015 2948; x_wconf 67' lang='grc' dir='ltr'><strong>Ρθεοθιῖ</strong></span> <span class='ocrx_word' id='word_1_474' title='bbox 3045 2882 3197 2950; x_wconf 62' lang='lat' dir='ltr'><strong>die&quot;.</strong></span> <span class='ocrx_word' id='word_1_475' title='bbox 3226 2903 3246 2938; x_wconf 67' lang='grc' dir='ltr'>ε</span> <span class='ocrx_word' id='word_1_476' title='bbox 3271 2886 3326 2941; x_wconf 79' lang='lat' dir='ltr'><strong>Si</strong></span> <span class='ocrx_word' id='word_1_477' title='bbox 3355 2889 3496 2943; x_wconf 74' lang='lat' dir='ltr'><strong>enim</strong></span> 
     </span>
    </p>
   </div>
   <div class='ocr_carea' id='block_1_41' title="bbox 297 2967 3500 3060">
    <p class='ocr_par' dir='ltr' id='par_1_41' title="bbox 297 2967 3500 3060">
     <span class='ocr_line' id='line_1_41' title="bbox 297 2967 3500 3060; baseline 0.002 -33"><span class='ocrx_word' id='word_1_478' title='bbox 297 2972 528 3027; x_wconf 80' lang='lat' dir='ltr'><strong>Christi</strong></span> <span class='ocrx_word' id='word_1_479' title='bbox 562 2971 806 3025; x_wconf 90' lang='lat' dir='ltr'><strong>habitare</strong></span> <span class='ocrx_word' id='word_1_480' title='bbox 850 2971 901 3023; x_wconf 93' lang='lat' dir='ltr'><strong>in</strong></span> <span class='ocrx_word' id='word_1_481' title='bbox 949 2972 1120 3034; x_wconf 87' lang='lat' dir='ltr'><strong>nobis,</strong></span> <span class='ocrx_word' id='word_1_482' title='bbox 1169 2981 1225 3025; x_wconf 92' lang='lat' dir='ltr'><strong>et</strong></span> <span class='ocrx_word' id='word_1_483' title='bbox 1256 2974 1391 3025; x_wconf 90' lang='lat' dir='ltr'><strong>dona</strong></span> <span class='ocrx_word' id='word_1_484' title='bbox 1427 2973 1661 3041; x_wconf 87' lang='lat' dir='ltr'><strong>Spiritus</strong></span> <span class='ocrx_word' id='word_1_485' title='bbox 1713 2977 1865 3029; x_wconf 85' lang='lat' dir='ltr'><strong>nobis</strong></span> <span class='ocrx_word' id='word_1_486' title='bbox 1894 3005 1936 3060; x_wconf 65' lang='grc' dir='ltr'>ο</span> <span class='ocrx_word' id='word_1_487' title='bbox 1968 2967 2258 3021; x_wconf 76' lang='lat' dir='ltr'><strong>secundum</strong></span> <span class='ocrx_word' id='word_1_488' title='bbox 2305 2982 2520 3060; x_wconf 49' lang='lat' dir='ltr'><strong>Famem</strong></span> <span class='ocrx_word' id='word_1_489' title='bbox 2583 2967 2849 3032; x_wconf 70' lang='grc' dir='ltr'><strong>νὶιθΐῖιίε.</strong></span> <span class='ocrx_word' id='word_1_490' title='bbox 2899 2971 3265 3060; x_wconf 46' lang='lat' dir='ltr'><strong>moriemini”</strong></span> <span class='ocrx_word' id='word_1_491' title='bbox 3323 2975 3396 3027; x_wconf 75' lang='lat' dir='ltr'><strong>ita</strong></span> <span class='ocrx_word' id='word_1_492' title='bbox 3443 2983 3500 3029; x_wconf 78' lang='lat' dir='ltr'><strong>et</strong></span> 
     </span>
    </p>
   </div>
   <div class='ocr_carea' id='block_1_42' title="bbox 298 3056 3498 3131">
    <p class='ocr_par' dir='ltr' id='par_1_42' title="bbox 298 3056 3498 3131">
     <span class='ocr_line' id='line_1_42' title="bbox 298 3056 3498 3131; baseline 0.005 -30"><span class='ocrx_word' id='word_1_493' title='bbox 298 3062 545 3127; x_wconf 59' lang='lat' dir='ltr'><strong>conata,</strong></span> <span class='ocrx_word' id='word_1_494' title='bbox 583 3062 831 3130; x_wconf 64' lang='lat' dir='ltr'><strong>superius</strong></span> <span class='ocrx_word' id='word_1_495' title='bbox 872 3061 1068 3115; x_wconf 64' lang='lat' dir='ltr'><strong>docuit,</strong></span> <span class='ocrx_word' id='word_1_496' title='bbox 1111 3060 1516 3131; x_wconf 69' lang='lat' dir='ltr'><strong>Consequeuler</strong></span> <span class='ocrx_word' id='word_1_497' title='bbox 1563 3077 1690 3130; x_wconf 64' lang='lat' dir='ltr'><strong>ergo</strong></span> <span class='ocrx_word' id='word_1_498' title='bbox 1723 3079 1863 3118; x_wconf 78' lang='lat' dir='ltr'><strong>nunc</strong></span> <span class='ocrx_word' id='word_1_499' title='bbox 1903 3056 1933 3060; x_wconf 42' lang='grc' dir='ltr'><strong><em>ν</em></strong></span> <span class='ocrx_word' id='word_1_500' title='bbox 1970 3057 2130 3108; x_wconf 88' lang='lat' dir='ltr'><strong>vitam</strong></span> <span class='ocrx_word' id='word_1_501' title='bbox 2163 3072 2266 3109; x_wconf 90' lang='lat' dir='ltr'><strong>non</strong></span> <span class='ocrx_word' id='word_1_502' title='bbox 2305 3056 2440 3110; x_wconf 84' lang='lat' dir='ltr'><strong>hanc</strong></span> <span class='ocrx_word' id='word_1_503' title='bbox 2479 3072 2840 3119; x_wconf 79' lang='lat' dir='ltr'><strong>communem,</strong></span> <span class='ocrx_word' id='word_1_504' title='bbox 2870 3060 2961 3112; x_wconf 71' lang='lat' dir='ltr'><strong>88d</strong></span> <span class='ocrx_word' id='word_1_505' title='bbox 2993 3058 3136 3113; x_wconf 86' lang='lat' dir='ltr'><strong>illam</strong></span> <span class='ocrx_word' id='word_1_506' title='bbox 3178 3061 3307 3114; x_wconf 71' lang='lat' dir='ltr'><strong>dlCll</strong></span> <span class='ocrx_word' id='word_1_507' title='bbox 3340 3072 3498 3116; x_wconf 73' lang='lat' dir='ltr'><strong>arter-</strong></span> 
     </span>
    </p>
   </div>
   <div class='ocr_carea' id='block_1_43' title="bbox 298 3147 3495 3220">
    <p class='ocr_par' dir='ltr' id='par_1_43' title="bbox 298 3147 3495 3220">
     <span class='ocr_line' id='line_1_43' title="bbox 298 3147 3495 3220; baseline 0.003 -23"><span class='ocrx_word' id='word_1_508' title='bbox 298 3154 469 3207; x_wconf 69' lang='lat' dir='ltr'><strong>addii</strong></span> <span class='ocrx_word' id='word_1_509' title='bbox 496 3151 622 3220; x_wconf 80' lang='lat' dir='ltr'><strong>quia</strong></span> <span class='ocrx_word' id='word_1_510' title='bbox 655 3168 675 3201; x_wconf 69' lang='grc' dir='ltr'><em>ς</em></span> <span class='ocrx_word' id='word_1_511' title='bbox 714 3150 982 3203; x_wconf 81' lang='lat' dir='ltr'><strong>debitores</strong></span> <span class='ocrx_word' id='word_1_512' title='bbox 1023 3164 1229 3214; x_wconf 82' lang='lat' dir='ltr'><strong>sumus,</strong></span> <span class='ocrx_word' id='word_1_513' title='bbox 1266 3168 1285 3201; x_wconf 72' lang='grc' dir='ltr'><strong>ι</strong></span> <span class='ocrx_word' id='word_1_514' title='bbox 1321 3165 1503 3204; x_wconf 77' lang='lat' dir='ltr'><strong>eorum</strong></span> <span class='ocrx_word' id='word_1_515' title='bbox 1553 3151 1673 3206; x_wconf 80' lang='lat' dir='ltr'><strong>sine</strong></span> <span class='ocrx_word' id='word_1_516' title='bbox 1706 3152 1864 3207; x_wconf 80' lang='lat' dir='ltr'><strong>dubio</strong></span> <span class='ocrx_word' id='word_1_517' title='bbox 1970 3160 2087 3197; x_wconf 88' lang='lat' dir='ltr'><strong>nam</strong></span> <span class='ocrx_word' id='word_1_518' title='bbox 2110 3183 2126 3209; x_wconf 93' lang='lat'><strong>,</strong></span> <span class='ocrx_word' id='word_1_519' title='bbox 2154 3147 2219 3198; x_wconf 87' lang='lat' dir='ltr'><strong>ad</strong></span> <span class='ocrx_word' id='word_1_520' title='bbox 2249 3161 2408 3213; x_wconf 87' lang='lat' dir='ltr'><strong>quam</strong></span> <span class='ocrx_word' id='word_1_521' title='bbox 2456 3148 2730 3213; x_wconf 86' lang='lat' dir='ltr'><strong>perveniet</strong></span> <span class='ocrx_word' id='word_1_522' title='bbox 2772 3152 2947 3202; x_wconf 88' lang='lat' dir='ltr'><strong>omnis</strong></span> <span class='ocrx_word' id='word_1_523' title='bbox 2976 3149 3067 3216; x_wconf 91' lang='lat' dir='ltr'><strong>qui</strong></span> <span class='ocrx_word' id='word_1_524' title='bbox 3094 3152 3381 3204; x_wconf 86' lang='lat' dir='ltr'><strong>secundum</strong></span> <span class='ocrx_word' id='word_1_525' title='bbox 3429 3166 3495 3207; x_wconf 85' lang='lat' dir='ltr'><strong>ea</strong></span> 
     </span>
    </p>
   </div>
   <div class='ocr_carea' id='block_1_44' title="bbox 295 3237 3493 3310">
    <p class='ocr_par' dir='ltr' id='par_1_44' title="bbox 295 3237 3493 3310">
     <span class='ocr_line' id='line_1_44' title="bbox 295 3237 3493 3310; baseline 0.001 -17"><span class='ocrx_word' id='word_1_526' title='bbox 295 3257 441 3310; x_wconf 62' lang='lat' dir='ltr'><strong>qua</strong></span> <span class='ocrx_word' id='word_1_527' title='bbox 467 3256 499 3294; x_wconf 87' lang='lat' dir='ltr'><strong>a</strong></span> <span class='ocrx_word' id='word_1_528' title='bbox 523 3239 730 3309; x_wconf 90' lang='lat' dir='ltr'><strong>Spiritu</strong></span> <span class='ocrx_word' id='word_1_529' title='bbox 777 3239 975 3294; x_wconf 89' lang='lat' dir='ltr'><strong>Christi</strong></span> <span class='ocrx_word' id='word_1_530' title='bbox 1025 3242 1293 3294; x_wconf 90' lang='lat' dir='ltr'><strong>consecuti</strong></span> <span class='ocrx_word' id='word_1_531' title='bbox 1322 3254 1526 3294; x_wconf 84' lang='lat' dir='ltr'><strong>sumus.</strong></span> <span class='ocrx_word' id='word_1_532' title='bbox 1558 3258 1577 3292; x_wconf 79' lang='grc' dir='ltr'><strong>ι</strong></span> <span class='ocrx_word' id='word_1_533' title='bbox 1610 3239 1802 3295; x_wconf 86' lang='lat' dir='ltr'><strong>Carnis</strong></span> <span class='ocrx_word' id='word_1_534' title='bbox 1838 3260 1856 3292; x_wconf 73' lang='grc' dir='ltr'><strong>ι</strong></span> <span class='ocrx_word' id='word_1_535' title='bbox 1968 3252 2085 3305; x_wconf 71' lang='lat' dir='ltr'><strong>qua:</strong></span> <span class='ocrx_word' id='word_1_536' title='bbox 2105 3251 2264 3305; x_wconf 89' lang='lat' dir='ltr'><strong>supra</strong></span> <span class='ocrx_word' id='word_1_537' title='bbox 2293 3238 2656 3304; x_wconf 80' lang='lat' dir='ltr'><strong>exposuimus,</strong></span> <span class='ocrx_word' id='word_1_538' title='bbox 2690 3237 2958 3306; x_wconf 85' lang='lat' dir='ltr'><strong>perfectus</strong></span> <span class='ocrx_word' id='word_1_539' title='bbox 2979 3240 3168 3308; x_wconf 89' lang='lat' dir='ltr'><strong>spiritu</strong></span> <span class='ocrx_word' id='word_1_540' title='bbox 3200 3242 3493 3297; x_wconf 82' lang='lat' dir='ltr'><strong>mortifica-</strong></span> 
     </span>
    </p>
   </div>
   <div class='ocr_carea' id='block_1_45' title="bbox 296 3323 3493 3397">
    <p class='ocr_par' dir='ltr' id='par_1_45' title="bbox 296 3323 3493 3397">
     <span class='ocr_line' id='line_1_45' title="bbox 296 3323 3493 3397; baseline 0.003 -20"><span class='ocrx_word' id='word_1_541' title='bbox 296 3339 529 3394; x_wconf 65' lang='lat' dir='ltr'><strong>autem,</strong></span> <span class='ocrx_word' id='word_1_542' title='bbox 564 3329 757 3397; x_wconf 85' lang='lat' dir='ltr'><strong>inquit,</strong></span> <span class='ocrx_word' id='word_1_543' title='bbox 791 3346 811 3379; x_wconf 71' lang='grc' dir='ltr'><strong>ι</strong></span> <span class='ocrx_word' id='word_1_544' title='bbox 846 3328 1116 3381; x_wconf 87' lang='lat' dir='ltr'><strong>debitores</strong></span> <span class='ocrx_word' id='word_1_545' title='bbox 1142 3343 1242 3382; x_wconf 89' lang='lat' dir='ltr'><strong>non</strong></span> <span class='ocrx_word' id='word_1_546' title='bbox 1277 3343 1481 3383; x_wconf 85' lang='lat' dir='ltr'><strong>sumus.</strong></span> <span class='ocrx_word' id='word_1_547' title='bbox 1529 3347 1549 3380; x_wconf 76' lang='grc' dir='ltr'><strong>ι</strong></span> <span class='ocrx_word' id='word_1_548' title='bbox 1578 3329 1692 3383; x_wconf 86' lang='lat' dir='ltr'><strong>Non</strong></span> <span class='ocrx_word' id='word_1_549' title='bbox 1718 3332 1861 3384; x_wconf 88' lang='lat' dir='ltr'><strong>enim</strong></span> <span class='ocrx_word' id='word_1_550' title='bbox 1967 3327 2102 3379; x_wconf 87' lang='lat' dir='ltr'><strong>verit</strong></span> <span class='ocrx_word' id='word_1_551' title='bbox 2137 3323 2247 3395; x_wconf 72' lang='grc' dir='ltr'><strong>(ὅό)</strong></span> <span class='ocrx_word' id='word_1_552' title='bbox 2277 3337 2427 3378; x_wconf 84' lang='lat' dir='ltr'><strong>actus</strong></span> <span class='ocrx_word' id='word_1_553' title='bbox 2455 3327 2655 3381; x_wconf 86' lang='lat' dir='ltr'><strong>carnis.</strong></span> <span class='ocrx_word' id='word_1_554' title='bbox 2681 3327 2784 3381; x_wconf 85' lang='lat' dir='ltr'><strong>Sed</strong></span> <span class='ocrx_word' id='word_1_555' title='bbox 2806 3338 2858 3381; x_wconf 92' lang='lat' dir='ltr'><strong>et</strong></span> <span class='ocrx_word' id='word_1_556' title='bbox 2887 3328 3014 3381; x_wconf 83' lang='lat' dir='ltr'><strong>illud</strong></span> <span class='ocrx_word' id='word_1_557' title='bbox 3042 3330 3180 3384; x_wconf 87' lang='lat' dir='ltr'><strong>scire</strong></span> <span class='ocrx_word' id='word_1_558' title='bbox 3216 3331 3493 3397; x_wconf 86' lang='lat' dir='ltr'><strong>debemus,</strong></span> 
     </span>
    </p>
   </div>
   <div class='ocr_carea' id='block_1_46' title="bbox 297 3414 3496 3491">
    <p class='ocr_par' dir='ltr' id='par_1_46' title="bbox 297 3414 3496 3491">
     <span class='ocr_line' id='line_1_46' title="bbox 297 3414 3496 3491; baseline 0.001 -19"><span class='ocrx_word' id='word_1_559' title='bbox 297 3427 609 3491; x_wconf 84' lang='lat' dir='ltr'><strong>propterea</strong></span> <span class='ocrx_word' id='word_1_560' title='bbox 665 3433 761 3472; x_wconf 91' lang='lat' dir='ltr'><strong>nos</strong></span> <span class='ocrx_word' id='word_1_561' title='bbox 807 3418 932 3471; x_wconf 89' lang='lat' dir='ltr'><strong>fecit</strong></span> <span class='ocrx_word' id='word_1_562' title='bbox 980 3418 1115 3472; x_wconf 84' lang='lat' dir='ltr'><strong>Deus</strong></span> <span class='ocrx_word' id='word_1_563' title='bbox 1154 3419 1219 3471; x_wconf 91' lang='lat' dir='ltr'><strong>ad</strong></span> <span class='ocrx_word' id='word_1_564' title='bbox 1273 3418 1553 3486; x_wconf 76' lang='lat' dir='ltr'><strong>imaginem</strong></span> <span class='ocrx_word' id='word_1_565' title='bbox 1592 3434 1764 3486; x_wconf 88' lang='lat' dir='ltr'><strong>suam,</strong></span> <span class='ocrx_word' id='word_1_566' title='bbox 1805 3428 1862 3471; x_wconf 92' lang='lat' dir='ltr'><strong>ut</strong></span> <span class='ocrx_word' id='word_1_567' title='bbox 1964 3414 2103 3483; x_wconf 88' lang='lat' dir='ltr'><strong>quod</strong></span> <span class='ocrx_word' id='word_1_568' title='bbox 2155 3416 2253 3468; x_wconf 89' lang='lat' dir='ltr'><strong>ista</strong></span> <span class='ocrx_word' id='word_1_569' title='bbox 2307 3415 2645 3470; x_wconf 81' lang='lat' dir='ltr'><strong>mortiﬁcatio</strong></span> <span class='ocrx_word' id='word_1_570' title='bbox 2699 3428 2909 3471; x_wconf 90' lang='lat' dir='ltr'><strong>actuum</strong></span> <span class='ocrx_word' id='word_1_571' title='bbox 2937 3420 3116 3473; x_wconf 90' lang='lat' dir='ltr'><strong>carnis</strong></span> <span class='ocrx_word' id='word_1_572' title='bbox 3150 3434 3242 3487; x_wconf 90' lang='lat' dir='ltr'><strong>per</strong></span> <span class='ocrx_word' id='word_1_573' title='bbox 3288 3423 3496 3490; x_wconf 87' lang='lat' dir='ltr'><strong>patien-</strong></span> 
     </span>
    </p>
   </div>
   <div class='ocr_carea' id='block_1_47' title="bbox 302 2523 747 2577">
    <p class='ocr_par' dir='ltr' id='par_1_47' title="bbox 302 2523 747 2577">
     <span class='ocr_line' id='line_1_47' title="bbox 302 2523 747 2577; baseline 0.002 -1"><span class='ocrx_word' id='word_1_574' title='bbox 302 2525 497 2577; x_wconf 86' lang='lat' dir='ltr'><strong>ritum</strong></span> <span class='ocrx_word' id='word_1_575' title='bbox 525 2523 747 2577; x_wconf 84' lang='lat' dir='ltr'><strong>Christi.</strong></span> 
     </span>
    </p>
   </div>
   <div class='ocr_carea' id='block_1_48' title="bbox 294 3508 1862 3576">
    <p class='ocr_par' dir='ltr' id='par_1_48' title="bbox 294 3508 1862 3576">
     <span class='ocr_line' id='line_1_48' title="bbox 294 3508 1862 3576; baseline 0.001 -12"><span class='ocrx_word' id='word_1_576' title='bbox 294 3510 505 3565; x_wconf 83' lang='lat' dir='ltr'><strong>carnis</strong></span> <span class='ocrx_word' id='word_1_577' title='bbox 531 3508 754 3562; x_wconf 89' lang='lat' dir='ltr'><strong>servitio</strong></span> <span class='ocrx_word' id='word_1_578' title='bbox 785 3523 1024 3562; x_wconf 89' lang='lat' dir='ltr'><strong>essemus</strong></span> <span class='ocrx_word' id='word_1_579' title='bbox 1046 3508 1279 3569; x_wconf 79' lang='lat' dir='ltr'><strong>obnoxii,</strong></span> <span class='ocrx_word' id='word_1_580' title='bbox 1315 3509 1407 3560; x_wconf 88' lang='lat' dir='ltr'><strong>sed</strong></span> <span class='ocrx_word' id='word_1_581' title='bbox 1437 3508 1611 3576; x_wconf 90' lang='lat' dir='ltr'><strong>potius</strong></span> <span class='ocrx_word' id='word_1_582' title='bbox 1635 3517 1690 3562; x_wconf 93' lang='lat' dir='ltr'><strong>ut</strong></span> <span class='ocrx_word' id='word_1_583' title='bbox 1712 3525 1862 3565; x_wconf 88' lang='lat' dir='ltr'><strong>crea-</strong></span> 
     </span>
    </p>
   </div>
   <div class='ocr_carea' id='block_1_49' title="bbox 297 3598 1859 3661">
    <p class='ocr_par' dir='ltr' id='par_1_49' title="bbox 297 3598 1859 3661">
     <span class='ocr_line' id='line_1_49' title="bbox 297 3598 1859 3661; baseline 0.002 -8"><span class='ocrx_word' id='word_1_584' title='bbox 297 3601 423 3656; x_wconf 86' lang='lat' dir='ltr'><strong>tori</strong></span> <span class='ocrx_word' id='word_1_585' title='bbox 462 3614 565 3654; x_wconf 91' lang='lat' dir='ltr'><strong>suo</strong></span> <span class='ocrx_word' id='word_1_586' title='bbox 588 3600 765 3653; x_wconf 83' lang='lat' dir='ltr'><strong>anima</strong></span> <span class='ocrx_word' id='word_1_587' title='bbox 799 3598 1123 3660; x_wconf 82' lang='lat' dir='ltr'><strong>deserviens,</strong></span> <span class='ocrx_word' id='word_1_588' title='bbox 1145 3599 1252 3661; x_wconf 83' lang='lat' dir='ltr'><strong>ipsa</strong></span> <span class='ocrx_word' id='word_1_589' title='bbox 1266 3598 1484 3653; x_wconf 86' lang='lat' dir='ltr'><strong>servitio</strong></span> <span class='ocrx_word' id='word_1_590' title='bbox 1512 3613 1575 3653; x_wconf 88' lang='lat' dir='ltr'><strong>ac</strong></span> <span class='ocrx_word' id='word_1_591' title='bbox 1615 3601 1859 3657; x_wconf 84' lang='lat' dir='ltr'><strong>ministe-</strong></span> 
     </span>
    </p>
   </div>
   <div class='ocr_carea' id='block_1_50' title="bbox 298 3680 1857 3762">
    <p class='ocr_par' dir='ltr' id='par_1_50' title="bbox 298 3680 1857 3762">
     <span class='ocr_line' id='line_1_50' title="bbox 298 3680 1857 3762; baseline 0.002 -16"><span class='ocrx_word' id='word_1_592' title='bbox 298 3694 399 3746; x_wconf 91' lang='lat' dir='ltr'><strong>rio</strong></span> <span class='ocrx_word' id='word_1_593' title='bbox 443 3690 630 3743; x_wconf 88' lang='lat' dir='ltr'><strong>carnis</strong></span> <span class='ocrx_word' id='word_1_594' title='bbox 684 3680 938 3741; x_wconf 74' lang='lat' dir='ltr'><strong>uteret&#39;ur.</strong></span> <span class='ocrx_word' id='word_1_595' title='bbox 994 3686 1099 3740; x_wconf 91' lang='lat' dir='ltr'><strong>Sed</strong></span> <span class='ocrx_word' id='word_1_596' title='bbox 1154 3689 1377 3742; x_wconf 77' lang='lat' dir='ltr'><strong>fortasse</strong></span> <span class='ocrx_word' id='word_1_597' title='bbox 1422 3689 1567 3743; x_wconf 87' lang='lat' dir='ltr'><strong>dicat</strong></span> <span class='ocrx_word' id='word_1_598' title='bbox 1612 3692 1857 3762; x_wconf 87' lang='lat' dir='ltr'><strong>aliquis:</strong></span> 
     </span>
    </p>
   </div>
   <div class='ocr_carea' id='block_1_51' title="bbox 296 3778 1861 3847">
    <p class='ocr_par' dir='ltr' id='par_1_51' title="bbox 296 3778 1861 3847">
     <span class='ocr_line' id='line_1_51' title="bbox 296 3778 1861 3847; baseline 0.003 -13"><span class='ocrx_word' id='word_1_599' title='bbox 296 3780 604 3847; x_wconf 82' lang='lat' dir='ltr'><strong>Quomodo</strong></span> <span class='ocrx_word' id='word_1_600' title='bbox 630 3778 812 3832; x_wconf 87' lang='lat' dir='ltr'><strong>carnis</strong></span> <span class='ocrx_word' id='word_1_601' title='bbox 858 3792 963 3832; x_wconf 88' lang='lat' dir='ltr'><strong>non</strong></span> <span class='ocrx_word' id='word_1_602' title='bbox 1013 3793 1196 3830; x_wconf 85' lang='lat' dir='ltr'><strong>sumus</strong></span> <span class='ocrx_word' id='word_1_603' title='bbox 1222 3778 1503 3843; x_wconf 89' lang='lat' dir='ltr'><strong>debitores,</strong></span> <span class='ocrx_word' id='word_1_604' title='bbox 1529 3795 1650 3834; x_wconf 90' lang='lat' dir='ltr'><strong>cum</strong></span> <span class='ocrx_word' id='word_1_605' title='bbox 1678 3794 1732 3838; x_wconf 90' lang='lat' dir='ltr'><strong>et</strong></span> <span class='ocrx_word' id='word_1_606' title='bbox 1782 3785 1861 3839; x_wconf 90' lang='lat' dir='ltr'><strong>vi-</strong></span> 
     </span>
    </p>
   </div>
   <div class='ocr_carea' id='block_1_52' title="bbox 295 3867 1858 3937">
    <p class='ocr_par' dir='ltr' id='par_1_52' title="bbox 295 3867 1858 3937">
     <span class='ocr_line' id='line_1_52' title="bbox 295 3867 1858 3937; baseline 0.001 -11"><span class='ocrx_word' id='word_1_607' title='bbox 295 3881 464 3926; x_wconf 87' lang='lat' dir='ltr'><strong>ctum</strong></span> <span class='ocrx_word' id='word_1_608' title='bbox 509 3868 560 3922; x_wconf 93' lang='lat' dir='ltr'><strong>ei</strong></span> <span class='ocrx_word' id='word_1_609' title='bbox 605 3877 661 3923; x_wconf 91' lang='lat' dir='ltr'><strong>et</strong></span> <span class='ocrx_word' id='word_1_610' title='bbox 694 3867 1059 3922; x_wconf 85' lang='lat' dir='ltr'><strong>indumentum</strong></span> <span class='ocrx_word' id='word_1_611' title='bbox 1084 3867 1360 3937; x_wconf 86' lang='lat' dir='ltr'><strong>providere</strong></span> <span class='ocrx_word' id='word_1_612' title='bbox 1390 3879 1592 3925; x_wconf 63' lang='lat' dir='ltr'><strong>natura;</strong></span> <span class='ocrx_word' id='word_1_613' title='bbox 1620 3874 1858 3927; x_wconf 83' lang='lat' dir='ltr'><strong>necessi-</strong></span> 
     </span>
    </p>
   </div>
   <div class='ocr_carea' id='block_1_53' title="bbox 293 3957 1852 4028">
    <p class='ocr_par' dir='ltr' id='par_1_53' title="bbox 293 3957 1852 4028">
     <span class='ocr_line' id='line_1_53' title="bbox 293 3957 1852 4028; baseline -0.003 -10"><span class='ocrx_word' id='word_1_614' title='bbox 293 3972 428 4018; x_wconf 80' lang='lat' dir='ltr'><strong>tate</strong></span> <span class='ocrx_word' id='word_1_615' title='bbox 455 3957 758 4025; x_wconf 69' lang='lat' dir='ltr'><strong>cogamur?</strong></span> <span class='ocrx_word' id='word_1_616' title='bbox 805 3957 909 4011; x_wconf 88' lang='lat' dir='ltr'><strong>Sed</strong></span> <span class='ocrx_word' id='word_1_617' title='bbox 962 3966 1018 4011; x_wconf 93' lang='lat' dir='ltr'><strong>ut</strong></span> <span class='ocrx_word' id='word_1_618' title='bbox 1064 3957 1310 4011; x_wconf 89' lang='lat' dir='ltr'><strong>ostendat</strong></span> <span class='ocrx_word' id='word_1_619' title='bbox 1336 3973 1435 4011; x_wconf 90' lang='lat' dir='ltr'><strong>non</strong></span> <span class='ocrx_word' id='word_1_620' title='bbox 1478 3961 1623 4012; x_wconf 88' lang='lat' dir='ltr'><strong>carni</strong></span> <span class='ocrx_word' id='word_1_621' title='bbox 1652 3960 1852 4028; x_wconf 90' lang='lat' dir='ltr'><strong>aliquid</strong></span> 
     </span>
    </p>
   </div>
   <div class='ocr_carea' id='block_1_54' title="bbox 292 4046 1857 4117">
    <p class='ocr_par' dir='ltr' id='par_1_54' title="bbox 292 4046 1857 4117">
     <span class='ocr_line' id='line_1_54' title="bbox 292 4046 1857 4117; baseline -0.004 -11"><span class='ocrx_word' id='word_1_622' title='bbox 292 4050 591 4113; x_wconf 77' lang='lat' dir='ltr'><strong>conferre,</strong></span> <span class='ocrx_word' id='word_1_623' title='bbox 640 4048 732 4101; x_wconf 88' lang='lat' dir='ltr'><strong>sed</strong></span> <span class='ocrx_word' id='word_1_624' title='bbox 767 4047 934 4114; x_wconf 80' lang='lat' dir='ltr'><strong>ipsam</strong></span> <span class='ocrx_word' id='word_1_625' title='bbox 966 4046 1125 4099; x_wconf 89' lang='lat' dir='ltr'><strong>vitam</strong></span> <span class='ocrx_word' id='word_1_626' title='bbox 1152 4046 1301 4100; x_wconf 87' lang='lat' dir='ltr'><strong>carni</strong></span> <span class='ocrx_word' id='word_1_627' title='bbox 1348 4048 1652 4116; x_wconf 87' lang='lat' dir='ltr'><strong>mancipare</strong></span> <span class='ocrx_word' id='word_1_628' title='bbox 1676 4049 1857 4117; x_wconf 81' lang='lat' dir='ltr'><strong>culpa-</strong></span> 
     </span>
    </p>
   </div>
   <div class='ocr_carea' id='block_1_55' title="bbox 294 4135 1854 4205">
    <p class='ocr_par' dir='ltr' id='par_1_55' title="bbox 294 4135 1854 4205">
     <span class='ocr_line' id='line_1_55' title="bbox 294 4135 1854 4205; baseline -0.003 -6"><span class='ocrx_word' id='word_1_629' title='bbox 294 4145 420 4199; x_wconf 79' lang='lat' dir='ltr'><strong>biie</strong></span> <span class='ocrx_word' id='word_1_630' title='bbox 445 4140 660 4205; x_wconf 86' lang='lat' dir='ltr'><strong>haberi,</strong></span> <span class='ocrx_word' id='word_1_631' title='bbox 684 4140 802 4193; x_wconf 85' lang='lat' dir='ltr'><strong>ideo</strong></span> <span class='ocrx_word' id='word_1_632' title='bbox 822 4138 965 4191; x_wconf 84' lang='lat' dir='ltr'><strong>addit</strong></span> <span class='ocrx_word' id='word_1_633' title='bbox 989 4152 1004 4187; x_wconf 71' lang='grc' dir='ltr'><strong>τ</strong></span> <span class='ocrx_word' id='word_1_634' title='bbox 1036 4154 1056 4187; x_wconf 74' lang='grc' dir='ltr'><strong>ι</strong></span> <span class='ocrx_word' id='word_1_635' title='bbox 1086 4135 1140 4189; x_wconf 90' lang='lat' dir='ltr'><strong>Si</strong></span> <span class='ocrx_word' id='word_1_636' title='bbox 1164 4136 1303 4190; x_wconf 91' lang='lat' dir='ltr'><strong>enim</strong></span> <span class='ocrx_word' id='word_1_637' title='bbox 1326 4137 1615 4191; x_wconf 76' lang='lat' dir='ltr'><strong>Secundum</strong></span> <span class='ocrx_word' id='word_1_638' title='bbox 1641 4153 1854 4194; x_wconf 84' lang='lat' dir='ltr'><strong>carnem</strong></span> 
     </span>
    </p>
   </div>
   <div class='ocr_carea' id='block_1_56' title="bbox 294 4225 1857 4296">
    <p class='ocr_par' dir='ltr' id='par_1_56' title="bbox 294 4225 1857 4296">
     <span class='ocr_line' id='line_1_56' title="bbox 294 4225 1857 4296; baseline -0.009 -11"><span class='ocrx_word' id='word_1_639' title='bbox 294 4227 942 4296; x_wconf 45' lang='lat' dir='ltr'><strong>vixeritisLmoriemiui.</strong></span> <span class='ocrx_word' id='word_1_640' title='bbox 974 4245 993 4278; x_wconf 73' lang='grc' dir='ltr'><strong>ι</strong></span> <span class='ocrx_word' id='word_1_641' title='bbox 1027 4225 1165 4292; x_wconf 84' lang='lat' dir='ltr'><strong>Quid</strong></span> <span class='ocrx_word' id='word_1_642' title='bbox 1207 4235 1385 4279; x_wconf 92' lang='lat' dir='ltr'><strong>autem</strong></span> <span class='ocrx_word' id='word_1_643' title='bbox 1431 4226 1501 4281; x_wconf 91' lang='lat' dir='ltr'><strong>sit</strong></span> <span class='ocrx_word' id='word_1_644' title='bbox 1525 4226 1637 4295; x_wconf 76' lang='lat'><strong>(27)</strong></span> <span class='ocrx_word' id='word_1_645' title='bbox 1664 4244 1857 4285; x_wconf 90' lang='lat' dir='ltr'><strong>secun-</strong></span> 
     </span>
    </p>
   </div>
   <div class='ocr_carea' id='block_1_57' title="bbox 1968 3501 3495 3576">
    <p class='ocr_par' dir='ltr' id='par_1_57' title="bbox 1968 3501 3495 3576">
     <span class='ocr_line' id='line_1_57' title="bbox 1968 3501 3495 3576; baseline 0.007 -21"><span class='ocrx_word' id='word_1_646' title='bbox 1968 3504 2092 3555; x_wconf 91' lang='lat' dir='ltr'><strong>tiam</strong></span> <span class='ocrx_word' id='word_1_647' title='bbox 2127 3501 2241 3565; x_wconf 85' lang='lat' dir='ltr'><strong>flat,</strong></span> <span class='ocrx_word' id='word_1_648' title='bbox 2269 3512 2322 3557; x_wconf 90' lang='lat' dir='ltr'><strong>et</strong></span> <span class='ocrx_word' id='word_1_649' title='bbox 2351 3519 2455 3557; x_wconf 89' lang='lat' dir='ltr'><strong>non</strong></span> <span class='ocrx_word' id='word_1_650' title='bbox 2481 3505 2546 3558; x_wconf 93' lang='lat' dir='ltr'><strong>ad</strong></span> <span class='ocrx_word' id='word_1_651' title='bbox 2574 3505 2833 3571; x_wconf 86' lang='lat' dir='ltr'><strong>subitum,</strong></span> <span class='ocrx_word' id='word_1_652' title='bbox 2874 3508 2965 3561; x_wconf 90' lang='lat' dir='ltr'><strong>sed</strong></span> <span class='ocrx_word' id='word_1_653' title='bbox 3002 3509 3276 3576; x_wconf 86' lang='lat' dir='ltr'><strong>paulatim.</strong></span> <span class='ocrx_word' id='word_1_654' title='bbox 3320 3510 3495 3565; x_wconf 84' lang='lat' dir='ltr'><strong>Primo</strong></span> 
     </span>
    </p>
   </div>
   <div class='ocr_carea' id='block_1_58' title="bbox 1966 3590 3490 3669">
    <p class='ocr_par' dir='ltr' id='par_1_58' title="bbox 1966 3590 3490 3669">
     <span class='ocr_line' id='line_1_58' title="bbox 1966 3590 3490 3669; baseline 0.008 -27"><span class='ocrx_word' id='word_1_655' title='bbox 1966 3590 2309 3660; x_wconf 75' lang='lat' dir='ltr'><strong>languescere</strong></span> <span class='ocrx_word' id='word_1_656' title='bbox 2326 3606 2418 3645; x_wconf 86' lang='lat' dir='ltr'><strong>eos</strong></span> <span class='ocrx_word' id='word_1_657' title='bbox 2439 3608 2656 3648; x_wconf 90' lang='lat' dir='ltr'><strong>necessc</strong></span> <span class='ocrx_word' id='word_1_658' title='bbox 2686 3604 2770 3649; x_wconf 90' lang='lat' dir='ltr'><strong>est</strong></span> <span class='ocrx_word' id='word_1_659' title='bbox 2795 3596 2846 3649; x_wconf 92' lang='lat' dir='ltr'><strong>in</strong></span> <span class='ocrx_word' id='word_1_660' title='bbox 2866 3595 2948 3650; x_wconf 89' lang='lat' dir='ltr'><strong>his</strong></span> <span class='ocrx_word' id='word_1_661' title='bbox 2968 3598 3061 3665; x_wconf 92' lang='lat' dir='ltr'><strong>qui</strong></span> <span class='ocrx_word' id='word_1_662' title='bbox 3081 3597 3338 3667; x_wconf 87' lang='lat' dir='ltr'><strong>incipiunt</strong></span> <span class='ocrx_word' id='word_1_663' title='bbox 3356 3599 3490 3669; x_wconf 70' lang='lat'><strong>(34);</strong></span> 
     </span>
    </p>
   </div>
   <div class='ocr_carea' id='block_1_59' title="bbox 1968 3681 3494 3755">
    <p class='ocr_par' dir='ltr' id='par_1_59' title="bbox 1968 3681 3494 3755">
     <span class='ocr_line' id='line_1_59' title="bbox 1968 3681 3494 3755; baseline 0.006 -21"><span class='ocrx_word' id='word_1_664' title='bbox 1968 3690 2078 3734; x_wconf 89' lang='lat' dir='ltr'><strong>tum</strong></span> <span class='ocrx_word' id='word_1_665' title='bbox 2111 3681 2299 3735; x_wconf 92' lang='lat' dir='ltr'><strong>deinde</strong></span> <span class='ocrx_word' id='word_1_666' title='bbox 2339 3698 2459 3736; x_wconf 91' lang='lat' dir='ltr'><strong>cum</strong></span> <span class='ocrx_word' id='word_1_667' title='bbox 2518 3685 2795 3739; x_wconf 84' lang='lat' dir='ltr'><strong>ardentius</strong></span> <span class='ocrx_word' id='word_1_668' title='bbox 2828 3685 3087 3751; x_wconf 80' lang='lat' dir='ltr'><strong>proﬁcere</strong></span> <span class='ocrx_word' id='word_1_669' title='bbox 3123 3689 3408 3755; x_wconf 70' lang='lat' dir='ltr'><strong>cmperint,</strong></span> <span class='ocrx_word' id='word_1_670' title='bbox 3439 3698 3494 3743; x_wconf 90' lang='lat' dir='ltr'><strong>et</strong></span> 
     </span>
    </p>
   </div>
   <div class='ocr_carea' id='block_1_60' title="bbox 1965 3769 3492 3841">
    <p class='ocr_par' dir='ltr' id='par_1_60' title="bbox 1965 3769 3492 3841">
     <span class='ocr_line' id='line_1_60' title="bbox 1965 3769 3492 3841; baseline 0.007 -20"><span class='ocrx_word' id='word_1_671' title='bbox 1965 3769 2348 3824; x_wconf 88' lang='lat' dir='ltr'><strong>almudautiore</strong></span> <span class='ocrx_word' id='word_1_672' title='bbox 2376 3772 2569 3839; x_wconf 79' lang='lat' dir='ltr'><strong>spiritu</strong></span> <span class='ocrx_word' id='word_1_673' title='bbox 2604 3773 2793 3841; x_wconf 89' lang='lat' dir='ltr'><strong>repleri</strong></span> <span class='ocrx_word' id='word_1_674' title='bbox 2819 3811 2835 3837; x_wconf 92' lang='lat'><strong>,</strong></span> <span class='ocrx_word' id='word_1_675' title='bbox 2867 3785 3021 3830; x_wconf 87' lang='lat' dir='ltr'><strong>actus</strong></span> <span class='ocrx_word' id='word_1_676' title='bbox 3052 3778 3231 3829; x_wconf 83' lang='lat' dir='ltr'><strong>carnis</strong></span> <span class='ocrx_word' id='word_1_677' title='bbox 3259 3790 3362 3830; x_wconf 89' lang='lat' dir='ltr'><strong>non</strong></span> <span class='ocrx_word' id='word_1_678' title='bbox 3398 3792 3492 3832; x_wconf 89' lang='lat' dir='ltr'><strong>so-</strong></span> 
     </span>
    </p>
   </div>
   <div class='ocr_carea' id='block_1_61' title="bbox 1963 3858 3490 3933">
    <p class='ocr_par' dir='ltr' id='par_1_61' title="bbox 1963 3858 3490 3933">
     <span class='ocr_line' id='line_1_61' title="bbox 1963 3858 3490 3933; baseline 0.008 -22"><span class='ocrx_word' id='word_1_679' title='bbox 1963 3858 2073 3912; x_wconf 91' lang='lat' dir='ltr'><strong>lum</strong></span> <span class='ocrx_word' id='word_1_680' title='bbox 2107 3860 2468 3929; x_wconf 79' lang='lat' dir='ltr'><strong>languescere,</strong></span> <span class='ocrx_word' id='word_1_681' title='bbox 2520 3863 2611 3917; x_wconf 81' lang='lat' dir='ltr'><strong>sed</strong></span> <span class='ocrx_word' id='word_1_682' title='bbox 2652 3873 2705 3916; x_wconf 93' lang='lat' dir='ltr'><strong>et</strong></span> <span class='ocrx_word' id='word_1_683' title='bbox 2733 3864 3006 3919; x_wconf 86' lang='lat' dir='ltr'><strong>tabescere</strong></span> <span class='ocrx_word' id='word_1_684' title='bbox 3066 3866 3321 3933; x_wconf 86' lang='lat' dir='ltr'><strong>incipient</strong></span> <span class='ocrx_word' id='word_1_685' title='bbox 3354 3880 3372 3919; x_wconf 87' lang='lat'><strong>:</strong></span> <span class='ocrx_word' id='word_1_686' title='bbox 3402 3870 3490 3923; x_wconf 84' lang='lat' dir='ltr'><strong>ubi</strong></span> 
     </span>
    </p>
   </div>
   <div class='ocr_carea' id='block_1_62' title="bbox 1962 3949 3491 4019">
    <p class='ocr_par' dir='ltr' id='par_1_62' title="bbox 1962 3949 3491 4019">
     <span class='ocr_line' id='line_1_62' title="bbox 1962 3949 3491 4019; baseline 0.009 -19"><span class='ocrx_word' id='word_1_687' title='bbox 1962 3963 2092 4004; x_wconf 90' lang='lat' dir='ltr'><strong>vero</strong></span> <span class='ocrx_word' id='word_1_688' title='bbox 2118 3949 2183 4003; x_wconf 91' lang='lat' dir='ltr'><strong>ad</strong></span> <span class='ocrx_word' id='word_1_689' title='bbox 2207 3951 2506 4019; x_wconf 86' lang='lat' dir='ltr'><strong>perfectum</strong></span> <span class='ocrx_word' id='word_1_690' title='bbox 2533 3950 2642 4019; x_wconf 84' lang='lat' dir='ltr'><strong>jam</strong></span> <span class='ocrx_word' id='word_1_691' title='bbox 2678 3954 2944 4018; x_wconf 90' lang='lat' dir='ltr'><strong>venerint,</strong></span> <span class='ocrx_word' id='word_1_692' title='bbox 2972 3954 3046 4007; x_wconf 91' lang='lat' dir='ltr'><strong>ita</strong></span> <span class='ocrx_word' id='word_1_693' title='bbox 3068 3964 3126 4007; x_wconf 92' lang='lat' dir='ltr'><strong>ut</strong></span> <span class='ocrx_word' id='word_1_694' title='bbox 3154 3955 3293 4008; x_wconf 91' lang='lat' dir='ltr'><strong>nulla</strong></span> <span class='ocrx_word' id='word_1_695' title='bbox 3331 3957 3382 4010; x_wconf 89' lang='lat' dir='ltr'><strong>in</strong></span> <span class='ocrx_word' id='word_1_696' title='bbox 3412 3961 3491 4013; x_wconf 86' lang='lat' dir='ltr'><strong>eis</strong></span> 
     </span>
    </p>
   </div>
   <div class='ocr_carea' id='block_1_63' title="bbox 1961 4039 3488 4116">
    <p class='ocr_par' dir='ltr' id='par_1_63' title="bbox 1961 4039 3488 4116">
     <span class='ocr_line' id='line_1_63' title="bbox 1961 4039 3488 4116; baseline 0.006 -25"><span class='ocrx_word' id='word_1_697' title='bbox 1961 4053 2179 4108; x_wconf 87' lang='lat' dir='ltr'><strong>prorsus</strong></span> <span class='ocrx_word' id='word_1_698' title='bbox 2207 4039 2287 4093; x_wconf 90' lang='lat' dir='ltr'><strong>vel</strong></span> <span class='ocrx_word' id='word_1_699' title='bbox 2318 4041 2369 4094; x_wconf 89' lang='lat' dir='ltr'><strong>in</strong></span> <span class='ocrx_word' id='word_1_700' title='bbox 2408 4042 2574 4103; x_wconf 90' lang='lat' dir='ltr'><strong>facto,</strong></span> <span class='ocrx_word' id='word_1_701' title='bbox 2612 4041 2696 4096; x_wconf 87' lang='lat' dir='ltr'><strong>vel</strong></span> <span class='ocrx_word' id='word_1_702' title='bbox 2749 4044 2800 4097; x_wconf 91' lang='lat' dir='ltr'><strong>in</strong></span> <span class='ocrx_word' id='word_1_703' title='bbox 2832 4044 2992 4108; x_wconf 89' lang='lat' dir='ltr'><strong>dicto,</strong></span> <span class='ocrx_word' id='word_1_704' title='bbox 3027 4045 3109 4099; x_wconf 90' lang='lat' dir='ltr'><strong>vel</strong></span> <span class='ocrx_word' id='word_1_705' title='bbox 3155 4045 3208 4099; x_wconf 92' lang='lat' dir='ltr'><strong>in</strong></span> <span class='ocrx_word' id='word_1_706' title='bbox 3257 4050 3488 4116; x_wconf 73' lang='lat' dir='ltr'><strong>cogitatu</strong></span> 
     </span>
    </p>
   </div>
   <div class='ocr_carea' id='block_1_64' title="bbox 1960 4128 3490 4201">
    <p class='ocr_par' dir='ltr' id='par_1_64' title="bbox 1960 4128 3490 4201">
     <span class='ocr_line' id='line_1_64' title="bbox 1960 4128 3490 4201; baseline 0.005 -18"><span class='ocrx_word' id='word_1_707' title='bbox 1960 4128 2168 4195; x_wconf 82' lang='lat' dir='ltr'><strong>peccati</strong></span> <span class='ocrx_word' id='word_1_708' title='bbox 2206 4129 2449 4183; x_wconf 88' lang='lat' dir='ltr'><strong>oriantur</strong></span> <span class='ocrx_word' id='word_1_709' title='bbox 2491 4130 2707 4197; x_wconf 89' lang='lat' dir='ltr'><strong>indicia,</strong></span> <span class='ocrx_word' id='word_1_710' title='bbox 2761 4140 2889 4186; x_wconf 89' lang='lat' dir='ltr'><strong>tunc</strong></span> <span class='ocrx_word' id='word_1_711' title='bbox 2917 4133 3073 4201; x_wconf 88' lang='lat' dir='ltr'><strong>plane</strong></span> <span class='ocrx_word' id='word_1_712' title='bbox 3106 4143 3258 4191; x_wconf 90' lang='lat' dir='ltr'><strong>actus</strong></span> <span class='ocrx_word' id='word_1_713' title='bbox 3308 4138 3490 4191; x_wconf 83' lang='lat' dir='ltr'><strong>carnis</strong></span> 
     </span>
    </p>
   </div>
   <div class='ocr_carea' id='block_1_65' title="bbox 1962 4213 3489 4291">
    <p class='ocr_par' dir='ltr' id='par_1_65' title="bbox 1962 4213 3489 4291">
     <span class='ocr_line' id='line_1_65' title="bbox 1962 4213 3489 4291; baseline 0.009 -22"><span class='ocrx_word' id='word_1_714' title='bbox 1962 4213 2072 4287; x_wconf 76' lang='lat'><strong>(55)</strong></span> <span class='ocrx_word' id='word_1_715' title='bbox 2110 4219 2477 4286; x_wconf 84' lang='lat' dir='ltr'><strong>mortificasse,</strong></span> <span class='ocrx_word' id='word_1_716' title='bbox 2515 4227 2572 4276; x_wconf 93' lang='lat' dir='ltr'><strong>et</strong></span> <span class='ocrx_word' id='word_1_717' title='bbox 2605 4222 2673 4275; x_wconf 88' lang='lat' dir='ltr'><strong>ad</strong></span> <span class='ocrx_word' id='word_1_718' title='bbox 2708 4222 2970 4291; x_wconf 77' lang='lat' dir='ltr'><strong>integrum</strong></span> <span class='ocrx_word' id='word_1_719' title='bbox 3004 4226 3161 4281; x_wconf 89' lang='lat' dir='ltr'><strong>morti</strong></span> <span class='ocrx_word' id='word_1_720' title='bbox 3201 4227 3489 4282; x_wconf 77' lang='lat' dir='ltr'><strong>tradidisse</strong></span> 
     </span>
    </p>
   </div>
   <div class='ocr_carea' id='block_1_66' title="bbox 293 4310 2381 4384">
    <p class='ocr_par' dir='ltr' id='par_1_66' title="bbox 293 4310 2381 4384">
     <span class='ocr_line' id='line_1_66' title="bbox 293 4310 2381 4384; baseline -0.001 -7"><span class='ocrx_word' id='word_1_721' title='bbox 293 4326 438 4377; x_wconf 78' lang='lat' dir='ltr'><strong>dum</strong></span> <span class='ocrx_word' id='word_1_722' title='bbox 472 4332 698 4375; x_wconf 86' lang='lat' dir='ltr'><strong>carnem</strong></span> <span class='ocrx_word' id='word_1_723' title='bbox 748 4316 928 4371; x_wconf 89' lang='lat' dir='ltr'><strong>vivere</strong></span> <span class='ocrx_word' id='word_1_724' title='bbox 954 4314 1222 4384; x_wconf 79' lang='lat' dir='ltr'><strong>saepeiam</strong></span> <span class='ocrx_word' id='word_1_725' title='bbox 1248 4315 1449 4369; x_wconf 89' lang='lat' dir='ltr'><strong>dictum</strong></span> <span class='ocrx_word' id='word_1_726' title='bbox 1496 4325 1599 4372; x_wconf 91' lang='lat' dir='ltr'><strong>est.</strong></span> <span class='ocrx_word' id='word_1_727' title='bbox 1640 4317 1750 4373; x_wconf 84' lang='lat' dir='ltr'><strong>Hoc</strong></span> <span class='ocrx_word' id='word_1_728' title='bbox 1772 4333 1856 4378; x_wconf 90' lang='lat' dir='ltr'><strong>est</strong></span> <span class='ocrx_word' id='word_1_729' title='bbox 1885 4327 1930 4382; x_wconf 90' lang='lat' dir='ltr'><strong>D</strong></span> <span class='ocrx_word' id='word_1_730' title='bbox 1960 4310 2207 4365; x_wconf 63' lang='lat' dir='ltr'><strong>credendi</strong></span> <span class='ocrx_word' id='word_1_731' title='bbox 2234 4319 2381 4365; x_wconf 78' lang='grc' dir='ltr'>ευιιιο</span> 
     </span>
    </p>
   </div>
   <div class='ocr_carea' id='block_1_67' title="bbox 379 4474 2072 4547">
    <p class='ocr_par' dir='ltr' id='par_1_67' title="bbox 379 4474 2072 4547">
     <span class='ocr_line' id='line_1_67' title="bbox 379 4474 2072 4547; baseline -0.019 17"><span class='ocrx_word' id='word_1_732' title='bbox 379 4484 430 4517; x_wconf 70' lang='grc'><strong>’³</strong></span> <span class='ocrx_word' id='word_1_733' title='bbox 458 4483 583 4537; x_wconf 44' lang='lat' dir='ltr'><strong>Ac“</strong></span> <span class='ocrx_word' id='word_1_734' title='bbox 612 4494 668 4542; x_wconf 59' lang='grc' dir='ltr'><strong>ιν</strong></span> <span class='ocrx_word' id='word_1_735' title='bbox 701 4476 790 4531; x_wconf 65' lang='lat'><strong>“-</strong></span> <span class='ocrx_word' id='word_1_736' title='bbox 864 4476 909 4508; x_wconf 75' lang='grc'>³⁸</span> <span class='ocrx_word' id='word_1_737' title='bbox 936 4475 1135 4547; x_wconf 70' lang='grc' dir='ltr'><strong>οριοεεο</strong></span> <span class='ocrx_word' id='word_1_738' title='bbox 1168 4490 1250 4539; x_wconf 67' lang='grc' dir='ltr'>ιιι.</span> <span class='ocrx_word' id='word_1_739' title='bbox 1280 4476 1329 4539; x_wconf 73' lang='grc'><strong>1.</strong></span> <span class='ocrx_word' id='word_1_740' title='bbox 1355 4474 1412 4529; x_wconf 73' lang='grc' dir='ltr'><strong>2ο</strong></span> <span class='ocrx_word' id='word_1_741' title='bbox 1481 4478 1524 4510; x_wconf 88' lang='grc'><strong>³⁷</strong></span> <span class='ocrx_word' id='word_1_742' title='bbox 1549 4476 1703 4533; x_wconf 81' lang='lat' dir='ltr'><strong>Rom.</strong></span> <span class='ocrx_word' id='word_1_743' title='bbox 1725 4495 1843 4547; x_wconf 80' lang='lat' dir='ltr'><strong>vni,</strong></span> <span class='ocrx_word' id='word_1_744' title='bbox 1874 4481 1960 4545; x_wconf 71' lang='lat'><strong>12,</strong></span> <span class='ocrx_word' id='word_1_745' title='bbox 1991 4480 2072 4533; x_wconf 78' lang='grc'><strong>15.</strong></span> 
     </span>
    </p>
   </div>
   <div class='ocr_carea' id='block_1_68' title="bbox 290 4545 1048 4621">
    <p class='ocr_par' dir='ltr' id='par_1_68' title="bbox 290 4545 1048 4621">
     <span class='ocr_line' id='line_1_68' title="bbox 290 4545 1048 4621; baseline -0.018 -13"><span class='ocrx_word' id='word_1_746' title='bbox 290 4571 359 4621; x_wconf 81' lang='lat' dir='ltr'><strong>v,</strong></span> <span class='ocrx_word' id='word_1_747' title='bbox 382 4553 483 4608; x_wconf 90' lang='lat'><strong>22.</strong></span> <span class='ocrx_word' id='word_1_748' title='bbox 560 4549 604 4580; x_wconf 81' lang='lat'>“</span> <span class='ocrx_word' id='word_1_749' title='bbox 630 4549 668 4601; x_wconf 93' lang='lat' dir='ltr'><strong>ll</strong></span> <span class='ocrx_word' id='word_1_750' title='bbox 700 4548 822 4601; x_wconf 88' lang='lat' dir='ltr'><strong>Cor.</strong></span> <span class='ocrx_word' id='word_1_751' title='bbox 842 4561 935 4598; x_wconf 85' lang='lat' dir='ltr'><strong>vn.</strong></span> <span class='ocrx_word' id='word_1_752' title='bbox 968 4545 1048 4597; x_wconf 80' lang='grc'><strong>10.</strong></span> 
     </span>
    </p>
   </div>
   <div class='ocr_carea' id='block_1_69' title="bbox 289 4678 1852 4749">
    <p class='ocr_par' dir='ltr' id='par_1_69' title="bbox 289 4678 1852 4749">
     <span class='ocr_line' id='line_1_69' title="bbox 289 4678 1852 4749; baseline -0.004 -5"><span class='ocrx_word' id='word_1_753' title='bbox 289 4687 540 4744; x_wconf 76' lang='lat' dir='ltr'><strong>Actibus</strong></span> <span class='ocrx_word' id='word_1_754' title='bbox 600 4681 960 4749; x_wconf 83' lang='lat' dir='ltr'><strong>apostolorum</strong></span> <span class='ocrx_word' id='word_1_755' title='bbox 994 4679 1239 4733; x_wconf 88' lang='lat' dir='ltr'><strong>habetur.</strong></span> <span class='ocrx_word' id='word_1_756' title='bbox 1273 4697 1291 4730; x_wconf 75' lang='grc' dir='ltr'><strong>ι</strong></span> <span class='ocrx_word' id='word_1_757' title='bbox 1344 4678 1448 4733; x_wconf 90' lang='lat' dir='ltr'><strong>Sed</strong></span> <span class='ocrx_word' id='word_1_758' title='bbox 1491 4681 1692 4734; x_wconf 88' lang='lat' dir='ltr'><strong>rectius</strong></span> <span class='ocrx_word' id='word_1_759' title='bbox 1722 4696 1852 4738; x_wconf 89' lang='lat' dir='ltr'><strong>mss.</strong></span> 
     </span>
    </p>
   </div>
   <div class='ocr_carea' id='block_1_70' title="bbox 292 4754 1065 4812">
    <p class='ocr_par' dir='ltr' id='par_1_70' title="bbox 292 4754 1065 4812">
     <span class='ocr_line' id='line_1_70' title="bbox 292 4754 1065 4812; baseline -0.018 0"><span class='ocrx_word' id='word_1_760' title='bbox 292 4756 485 4812; x_wconf 82' lang='lat' dir='ltr'><strong>nostri</strong></span> <span class='ocrx_word' id='word_1_761' title='bbox 512 4762 571 4804; x_wconf 88' lang='lat' dir='ltr'><strong>ut</strong></span> <span class='ocrx_word' id='word_1_762' title='bbox 603 4754 654 4804; x_wconf 89' lang='lat' dir='ltr'><strong>in</strong></span> <span class='ocrx_word' id='word_1_763' title='bbox 686 4759 868 4803; x_wconf 83' lang='lat' dir='ltr'><strong>nostro</strong></span> <span class='ocrx_word' id='word_1_764' title='bbox 897 4756 1065 4799; x_wconf 77' lang='lat' dir='ltr'><strong>textu.</strong></span> 
     </span>
    </p>
   </div>
   <div class='ocr_carea' id='block_1_71' title="bbox 377 4816 1089 4893">
    <p class='ocr_par' dir='ltr' id='par_1_71' title="bbox 377 4816 1089 4893">
     <span class='ocr_line' id='line_1_71' title="bbox 377 4816 1089 4893; baseline -0.021 -13"><span class='ocrx_word' id='word_1_765' title='bbox 377 4824 498 4893; x_wconf 76' lang='lat'><strong>(2&#39;2)</strong></span> <span class='ocrx_word' id='word_1_766' title='bbox 530 4819 698 4893; x_wconf 68' lang='lat' dir='ltr'><strong>E_di_ti,</strong></span> <span class='ocrx_word' id='word_1_767' title='bbox 723 4836 743 4869; x_wconf 76' lang='grc' dir='ltr'><strong>ι</strong></span> <span class='ocrx_word' id='word_1_768' title='bbox 785 4816 1038 4893; x_wconf 59' lang='lat' dir='ltr'><strong>loqueris.</strong></span> <span class='ocrx_word' id='word_1_769' title='bbox 1071 4833 1089 4865; x_wconf 77' lang='grc' dir='ltr'><strong>ι</strong></span> 
     </span>
    </p>
   </div>
   <div class='ocr_carea' id='block_1_72' title="bbox 377 4824 1852 4965">
    <p class='ocr_par' dir='ltr' id='par_1_72' title="bbox 377 4824 1852 4965">
     <span class='ocr_line' id='line_1_72' title="bbox 377 4824 1089 4893; baseline -0.021 -13"><span class='ocrx_word' id='word_1_770' title='bbox 377 4826 473 4893; x_wconf 82' lang='lat'><strong>(22</strong></span> <span class='ocrx_word' id='word_1_771' title='bbox 530 4824 698 4880; x_wconf 82' lang='lat' dir='ltr'><strong>Editi,</strong></span> <span class='ocrx_word' id='word_1_772' title='bbox 723 4836 743 4869; x_wconf 79' lang='grc' dir='ltr'><strong>ι</strong></span> <span class='ocrx_word' id='word_1_773' title='bbox 785 4824 1038 4883; x_wconf 90' lang='lat' dir='ltr'><strong>loqueris.</strong></span> <span class='ocrx_word' id='word_1_774' title='bbox 1071 4833 1089 4865; x_wconf 77' lang='grc' dir='ltr'><strong>ι</strong></span> 
     </span>
     <span class='ocr_line' id='line_1_73' title="bbox 377 4824 1852 4965; baseline -0.007 -17"><span class='ocrx_word' id='word_1_775' title='bbox 377 4824 531 4965; x_wconf 34' lang='grc'><strong>(25),</strong></span> <span class='ocrx_word' id='word_1_776' title='bbox 554 4887 720 4965; x_wconf 74' lang='lat' dir='ltr'><strong>Editi,</strong></span> <span class='ocrx_word' id='word_1_777' title='bbox 756 4903 785 4965; x_wconf 72' lang='lat'><strong>_«</strong></span> <span class='ocrx_word' id='word_1_778' title='bbox 847 4883 1247 4965; x_wconf 85' lang='lat' dir='ltr'><strong>convalescant;</strong></span> <span class='ocrx_word' id='word_1_779' title='bbox 1282 4902 1302 4936; x_wconf 72' lang='grc' dir='ltr'><strong>ι</strong></span> <span class='ocrx_word' id='word_1_780' title='bbox 1352 4892 1464 4938; x_wconf 89' lang='lat' dir='ltr'><strong>tum</strong></span> <span class='ocrx_word' id='word_1_781' title='bbox 1500 4882 1659 4954; x_wconf 90' lang='lat' dir='ltr'><strong>paulo</strong></span> <span class='ocrx_word' id='word_1_782' title='bbox 1711 4894 1852 4950; x_wconf 86' lang='lat' dir='ltr'><strong>post,</strong></span> 
     </span>
    </p>
   </div>
   <div class='ocr_carea' id='block_1_73' title="bbox 296 4952 1610 5030">
    <p class='ocr_par' dir='ltr' id='par_1_73' title="bbox 296 4952 1610 5030">
     <span class='ocr_line' id='line_1_74' title="bbox 296 4952 1610 5030; baseline 0.001 -1"><span class='ocrx_word' id='word_1_783' title='bbox 296 4984 319 5014; x_wconf 74' lang='grc' dir='ltr'><strong>ε</strong></span> <span class='ocrx_word' id='word_1_784' title='bbox 367 4952 977 5030; x_wconf 47' lang='grc' dir='ltr'>ἐιτὲιξειξβειιριεέηιοι</span> <span class='ocrx_word' id='word_1_785' title='bbox 1034 5019 1048 5030; x_wconf 92' lang='grc'><strong>.</strong></span> <span class='ocrx_word' id='word_1_786' title='bbox 1105 5019 1117 5030; x_wconf 94' lang='grc'><strong>.</strong></span> <span class='ocrx_word' id='word_1_787' title='bbox 1179 5029 1184 5030; x_wconf 59' lang='lat'><strong>,</strong></span> <span class='ocrx_word' id='word_1_788' title='bbox 1234 5020 1247 5030; x_wconf 94' lang='lat'><strong>.</strong></span> 
     </span>
    </p>
   </div>
   <div class='ocr_carea' id='block_1_74' title="bbox 386 5019 1852 5101">
    <p class='ocr_par' dir='ltr' id='par_1_74' title="bbox 386 5019 1852 5101">
     <span class='ocr_line' id='line_1_75' title="bbox 386 5019 1852 5101; baseline -0.012 -17"><span class='ocrx_word' id='word_1_789' title='bbox 386 5029 503 5101; x_wconf 53' lang='grc' dir='ltr'><strong>(ἓξ)</strong></span> <span class='ocrx_word' id='word_1_790' title='bbox 535 5019 750 5101; x_wconf 36' lang='lat' dir='ltr'><strong>Editus</strong></span> <span class='ocrx_word' id='word_1_791' title='bbox 892 5021 1010 5101; x_wconf 76' lang='lat' dir='ltr'><strong>quis</strong></span> <span class='ocrx_word' id='word_1_792' title='bbox 1034 5019 1193 5101; x_wconf 79' lang='lat' dir='ltr'><strong>habet</strong></span> <span class='ocrx_word' id='word_1_793' title='bbox 1233 5020 1285 5073; x_wconf 88' lang='lat' dir='ltr'><strong>in</strong></span> <span class='ocrx_word' id='word_1_794' title='bbox 1334 5033 1392 5073; x_wconf 87' lang='lat' dir='ltr'><strong>se</strong></span> <span class='ocrx_word' id='word_1_795' title='bbox 1441 5019 1723 5089; x_wconf 85' lang='lat' dir='ltr'><strong>justitiam,</strong></span> <span class='ocrx_word' id='word_1_796' title='bbox 1756 5035 1852 5087; x_wconf 78' lang='lat' dir='ltr'><strong>per</strong></span> 
     </span>
    </p>
   </div>
   <div class='ocr_carea' id='block_1_75' title="bbox 286 5088 1579 5171">
    <p class='ocr_par' dir='ltr' id='par_1_75' title="bbox 286 5088 1579 5171">
     <span class='ocr_line' id='line_1_76' title="bbox 286 5088 1579 5171; baseline 0.006 0"><span class='ocrx_word' id='word_1_797' title='bbox 286 5088 1075 5171; x_wconf 47' lang='lat' dir='ltr'><strong>iusiitihawwis&quot;FW“:</strong></span> <span class='ocrx_word' id='word_1_798' title='bbox 1105 5097 1245 5171; x_wconf 59' lang='lat' dir='ltr'><strong>“es,</strong></span> <span class='ocrx_word' id='word_1_799' title='bbox 1344 5170 1347 5171; x_wconf 60' lang='lat'><strong><em>,</em></strong></span> <span class='ocrx_word' id='word_1_800' title='bbox 1568 5154 1579 5166; x_wconf 78' lang='lat'><strong>.</strong></span> 
     </span>
    </p>
   </div>
   <div class='ocr_carea' id='block_1_76' title="bbox 379 5154 1850 5235">
    <p class='ocr_par' dir='ltr' id='par_1_76' title="bbox 379 5154 1850 5235">
     <span class='ocr_line' id='line_1_77' title="bbox 379 5154 1850 5235; baseline -0.01 -14"><span class='ocrx_word' id='word_1_801' title='bbox 379 5166 494 5235; x_wconf 82' lang='lat'><strong>(25)</strong></span> <span class='ocrx_word' id='word_1_802' title='bbox 529 5161 704 5235; x_wconf 65' lang='lat' dir='ltr'><strong>Editj,</strong></span> <span class='ocrx_word' id='word_1_803' title='bbox 738 5165 849 5235; x_wconf 51' lang='lat' dir='ltr'><strong>cet</strong></span> <span class='ocrx_word' id='word_1_804' title='bbox 872 5154 1075 5235; x_wconf 63' lang='lat' dir='ltr'><strong>singula</strong></span> <span class='ocrx_word' id='word_1_805' title='bbox 1110 5154 1700 5235; x_wconf 42' lang='lat' dir='ltr'><strong>quzecunlqueCliristus</strong></span> <span class='ocrx_word' id='word_1_806' title='bbox 1731 5168 1850 5207; x_wconf 85' lang='lat' dir='ltr'><strong>esse</strong></span> 
     </span>
    </p>
   </div>
   <div class='ocr_carea' id='block_1_77' title="bbox 285 5223 1741 5297">
    <p class='ocr_par' dir='ltr' id='par_1_77' title="bbox 285 5223 1741 5297">
     <span class='ocr_line' id='line_1_78' title="bbox 285 5223 1741 5297; baseline -0.012 -5"><span class='ocrx_word' id='word_1_807' title='bbox 285 5223 539 5297; x_wconf 66' lang='lat' dir='ltr'><strong>dicitttr,</strong></span> <span class='ocrx_word' id='word_1_808' title='bbox 571 5229 663 5297; x_wconf 88' lang='lat' dir='ltr'><strong>qui</strong></span> <span class='ocrx_word' id='word_1_809' title='bbox 693 5226 854 5280; x_wconf 88' lang='lat' dir='ltr'><strong>habet</strong></span> <span class='ocrx_word' id='word_1_810' title='bbox 882 5223 1012 5297; x_wconf 59' lang='lat' dir='ltr'><strong>haec,</strong></span> <span class='ocrx_word' id='word_1_811' title='bbox 1042 5223 1297 5297; x_wconf 59' lang='lat' dir='ltr'><strong>Spiritum</strong></span> <span class='ocrx_word' id='word_1_812' title='bbox 1325 5224 1545 5297; x_wconf 66' lang='lat' dir='ltr'><strong>Christi,</strong></span> <span class='ocrx_word' id='word_1_813' title='bbox 1582 5240 1601 5273; x_wconf 69' lang='grc' dir='ltr'><strong>ι</strong></span> <span class='ocrx_word' id='word_1_814' title='bbox 1638 5232 1741 5297; x_wconf 59' lang='lat' dir='ltr'><strong>etc:</strong></span> 
     </span>
    </p>
   </div>
   <div class='ocr_carea' id='block_1_78' title="bbox 378 5289 1852 5373">
    <p class='ocr_par' dir='ltr' id='par_1_78' title="bbox 378 5289 1852 5373">
     <span class='ocr_line' id='line_1_79' title="bbox 378 5289 1852 5373; baseline -0.009 -17"><span class='ocrx_word' id='word_1_815' title='bbox 378 5303 497 5373; x_wconf 81' lang='lat'><strong>(26)</strong></span> <span class='ocrx_word' id='word_1_816' title='bbox 526 5289 538 5297; x_wconf 69' lang='grc'><em>’</em></span> <span class='ocrx_word' id='word_1_817' title='bbox 589 5289 749 5353; x_wconf 53' lang='lat' dir='ltr'><strong>lctus</strong></span> <span class='ocrx_word' id='word_1_818' title='bbox 795 5295 984 5346; x_wconf 80' lang='lat' dir='ltr'><strong>carnis.</strong></span> <span class='ocrx_word' id='word_1_819' title='bbox 1049 5289 1294 5346; x_wconf 86' lang='lat' dir='ltr'><strong>Sicmss.</strong></span> <span class='ocrx_word' id='word_1_820' title='bbox 1330 5291 1465 5345; x_wconf 80' lang='lat' dir='ltr'><strong>Editi</strong></span> <span class='ocrx_word' id='word_1_821' title='bbox 1496 5305 1641 5355; x_wconf 82' lang='lat' dir='ltr'><strong>vero,</strong></span> <span class='ocrx_word' id='word_1_822' title='bbox 1668 5307 1686 5340; x_wconf 89' lang='grc' dir='ltr'><strong>ι</strong></span> <span class='ocrx_word' id='word_1_823' title='bbox 1711 5290 1852 5344; x_wconf 84' lang='lat' dir='ltr'><strong>facta</strong></span> 
     </span>
    </p>
   </div>
   <div class='ocr_carea' id='block_1_79' title="bbox 284 5373 577 5432">
    <p class='ocr_par' dir='ltr' id='par_1_79' title="bbox 284 5373 577 5432">
     <span class='ocr_line' id='line_1_80' title="bbox 284 5373 577 5432; baseline -0.027 -4"><span class='ocrx_word' id='word_1_824' title='bbox 284 5391 366 5432; x_wconf 82' lang='lat' dir='ltr'><strong>ca</strong></span> <span class='ocrx_word' id='word_1_825' title='bbox 379 5373 513 5427; x_wconf 86' lang='lat' dir='ltr'><strong>ruis.</strong></span> <span class='ocrx_word' id='word_1_826' title='bbox 555 5388 577 5420; x_wconf 74' lang='grc' dir='ltr'><strong>ι</strong></span> 
     </span>
    </p>
   </div>
   <div class='ocr_carea' id='block_1_80' title="bbox 2146 4474 3486 4540">
    <p class='ocr_par' dir='ltr' id='par_1_80' title="bbox 2146 4474 3486 4540">
     <span class='ocr_line' id='line_1_81' title="bbox 2146 4474 3486 4540; baseline 0.001 -11"><span class='ocrx_word' id='word_1_827' title='bbox 2146 4477 2191 4509; x_wconf 79' lang='grc'><strong>⁸⁸</strong></span> <span class='ocrx_word' id='word_1_828' title='bbox 2206 4475 2361 4529; x_wconf 80' lang='lat' dir='ltr'><strong>Rom.</strong></span> <span class='ocrx_word' id='word_1_829' title='bbox 2384 4489 2503 4540; x_wconf 77' lang='lat' dir='ltr'><strong>xm,</strong></span> <span class='ocrx_word' id='word_1_830' title='bbox 2534 4475 2622 4530; x_wconf 70' lang='lat' dir='ltr'><strong>ﬂ.</strong></span> <span class='ocrx_word' id='word_1_831' title='bbox 2696 4474 2740 4505; x_wconf 80' lang='lat'><strong>”</strong></span> <span class='ocrx_word' id='word_1_832' title='bbox 2766 4475 2920 4529; x_wconf 76' lang='lat' dir='ltr'><strong>Rom.</strong></span> <span class='ocrx_word' id='word_1_833' title='bbox 2943 4490 3063 4540; x_wconf 80' lang='lat' dir='ltr'><strong>vni,</strong></span> <span class='ocrx_word' id='word_1_834' title='bbox 3086 4476 3170 4531; x_wconf 78' lang='grc'><strong>10.</strong></span> <span class='ocrx_word' id='word_1_835' title='bbox 3244 4476 3290 4509; x_wconf 78' lang='grc'><strong>⁸⁸</strong></span> <span class='ocrx_word' id='word_1_836' title='bbox 3312 4477 3486 4532; x_wconf 87' lang='lat' dir='ltr'><strong>Galat.</strong></span> 
     </span>
    </p>
   </div>
   <div class='ocr_carea' id='block_1_81' title="bbox 2026 4677 3286 4754">
    <p class='ocr_par' dir='ltr' id='par_1_81' title="bbox 2026 4677 3286 4754">
     <span class='ocr_line' id='line_1_82' title="bbox 2026 4677 3286 4754; baseline 0 0"><span class='ocrx_word' id='word_1_837' title='bbox 2026 4679 2321 4754; x_wconf 59' lang='lat' dir='ltr'><strong>@Mliaa</strong></span> <span class='ocrx_word' id='word_1_838' title='bbox 2357 4697 2375 4728; x_wconf 71' lang='grc' dir='ltr'><strong>ε</strong></span> <span class='ocrx_word' id='word_1_839' title='bbox 2409 4677 2545 4754; x_wconf 68' lang='grc' dir='ltr'>Ωιιῖέ</span> <span class='ocrx_word' id='word_1_840' title='bbox 2575 4677 2829 4754; x_wconf 46' lang='lat' dir='ltr'><strong>enimio</strong></span> <span class='ocrx_word' id='word_1_841' title='bbox 2867 4687 3023 4754; x_wconf 64' lang='grc' dir='ltr'><strong>ξεὲς·</strong></span> <span class='ocrx_word' id='word_1_842' title='bbox 3069 4744 3102 4754; x_wconf 92' lang='grc'><strong>..</strong></span> <span class='ocrx_word' id='word_1_843' title='bbox 3209 4749 3220 4754; x_wconf 82' lang='grc'><strong>-</strong></span> <span class='ocrx_word' id='word_1_844' title='bbox 3273 4742 3286 4754; x_wconf 93' lang='grc'><strong>.</strong></span> 
     </span>
    </p>
   </div>
   <div class='ocr_carea' id='block_1_82' title="bbox 2025 4744 3483 4818">
    <p class='ocr_par' dir='ltr' id='par_1_82' title="bbox 2025 4744 3483 4818">
     <span class='ocr_line' id='line_1_83' title="bbox 2025 4744 3483 4818; baseline -0.005 -17"><span class='ocrx_word' id='word_1_845' title='bbox 2025 4744 2131 4818; x_wconf 79' lang='lat'><strong>(28)</strong></span> <span class='ocrx_word' id='word_1_846' title='bbox 2165 4748 2323 4818; x_wconf 80' lang='lat' dir='ltr'><strong>Editi,</strong></span> <span class='ocrx_word' id='word_1_847' title='bbox 2358 4764 2376 4795; x_wconf 72' lang='grc' dir='ltr'><strong>ι</strong></span> <span class='ocrx_word' id='word_1_848' title='bbox 2417 4760 2481 4799; x_wconf 85' lang='lat' dir='ltr'><strong>ne</strong></span> <span class='ocrx_word' id='word_1_849' title='bbox 2517 4746 2748 4798; x_wconf 81' lang='lat' dir='ltr'><strong>feceritis</strong></span> <span class='ocrx_word' id='word_1_850' title='bbox 2776 4748 2826 4799; x_wconf 92' lang='lat' dir='ltr'><strong>in</strong></span> <span class='ocrx_word' id='word_1_851' title='bbox 2856 4744 3131 4798; x_wconf 87' lang='lat' dir='ltr'><strong>desideriis</strong></span> <span class='ocrx_word' id='word_1_852' title='bbox 3172 4749 3227 4795; x_wconf 94' lang='lat' dir='ltr'><strong>et</strong></span> <span class='ocrx_word' id='word_1_853' title='bbox 3273 4744 3323 4794; x_wconf 92' lang='lat' dir='ltr'><strong>iu</strong></span> <span class='ocrx_word' id='word_1_854' title='bbox 3354 4756 3483 4794; x_wconf 85' lang='lat' dir='ltr'><strong>cou-</strong></span> 
     </span>
    </p>
   </div>
   <div class='ocr_carea' id='block_1_83' title="bbox 1976 4831 2379 4870">
    <p class='ocr_par' dir='ltr' id='par_1_83' title="bbox 1976 4831 2379 4870">
     <span class='ocr_line' id='line_1_84' title="bbox 1976 4831 2379 4870; baseline -0.017 0"><span class='ocrx_word' id='word_1_855' title='bbox 1976 4832 2022 4870; x_wconf 68' lang='lat' dir='ltr'><strong>3ll</strong></span> <span class='ocrx_word' id='word_1_856' title='bbox 2033 4831 2323 4870; x_wconf 69' lang='lat' dir='ltr'><strong>IDISCCINIIS.</strong></span> <span class='ocrx_word' id='word_1_857' title='bbox 2362 4834 2379 4863; x_wconf 71' lang='grc' dir='ltr'><strong>ι</strong></span> 
     </span>
    </p>
   </div>
   <div class='ocr_carea' id='block_1_84' title="bbox 1959 4834 3487 4954">
    <p class='ocr_par' dir='ltr' id='par_1_84' title="bbox 1959 4834 3487 4954">
     <span class='ocr_line' id='line_1_85' title="bbox 1959 4834 2379 4879; baseline -0.021 -7"><span class='ocrx_word' id='word_1_858' title='bbox 1959 4834 2323 4879; x_wconf 80' lang='lat' dir='ltr'><strong>cupiscemns.</strong></span> <span class='ocrx_word' id='word_1_859' title='bbox 2362 4834 2379 4863; x_wconf 74' lang='grc' dir='ltr'><strong>ι</strong></span> 
     </span>
     <span class='ocr_line' id='line_1_86' title="bbox 2025 4876 3487 4954; baseline -0.005 -16"><span class='ocrx_word' id='word_1_860' title='bbox 2025 4885 2132 4954; x_wconf 77' lang='lat'><strong>(29)</strong></span> <span class='ocrx_word' id='word_1_861' title='bbox 2158 4884 2315 4954; x_wconf 70' lang='lat' dir='ltr'><strong>Editi,</strong></span> <span class='ocrx_word' id='word_1_862' title='bbox 2341 4900 2362 4933; x_wconf 74' lang='grc' dir='ltr'><strong>ι</strong></span> <span class='ocrx_word' id='word_1_863' title='bbox 2386 4881 2957 4954; x_wconf 73' lang='lat' dir='ltr'><strong>intort_ilicetis,vivetis.</strong></span> <span class='ocrx_word' id='word_1_864' title='bbox 2978 4878 3083 4933; x_wconf 85' lang='lat' dir='ltr'><strong>Sed</strong></span> <span class='ocrx_word' id='word_1_865' title='bbox 3103 4878 3169 4931; x_wconf 79' lang='lat' dir='ltr'><strong>de</strong></span> <span class='ocrx_word' id='word_1_866' title='bbox 3185 4876 3309 4940; x_wconf 84' lang='lat' dir='ltr'><strong>hoc,</strong></span> <span class='ocrx_word' id='word_1_867' title='bbox 3333 4895 3354 4929; x_wconf 74' lang='grc' dir='ltr'><strong>ι</strong></span> <span class='ocrx_word' id='word_1_868' title='bbox 3377 4885 3487 4930; x_wconf 90' lang='lat' dir='ltr'><strong>etc.</strong></span> 
     </span>
    </p>
   </div>
   <div class='ocr_carea' id='block_1_85' title="bbox 2024 4951 3011 5023">
    <p class='ocr_par' dir='ltr' id='par_1_85' title="bbox 2024 4951 3011 5023">
     <span class='ocr_line' id='line_1_87' title="bbox 2024 4951 3011 5023; baseline -0.007 -17"><span class='ocrx_word' id='word_1_869' title='bbox 2024 4951 2139 5023; x_wconf 38' lang='lat'><strong>(50:)</strong></span> <span class='ocrx_word' id='word_1_870' title='bbox 2169 4952 2333 5023; x_wconf 76' lang='lat' dir='ltr'><strong>Editi,</strong></span> <span class='ocrx_word' id='word_1_871' title='bbox 2364 4968 2381 4999; x_wconf 76' lang='grc' dir='ltr'><strong>ι</strong></span> <span class='ocrx_word' id='word_1_872' title='bbox 2421 4951 2731 5023; x_wconf 77' lang='lat' dir='ltr'><strong>violentiam</strong></span> <span class='ocrx_word' id='word_1_873' title='bbox 2754 4951 2956 5023; x_wconf 72' lang='lat' dir='ltr'><strong>carnis.</strong></span> <span class='ocrx_word' id='word_1_874' title='bbox 2993 4967 3011 4999; x_wconf 74' lang='grc' dir='ltr'><strong>ι</strong></span> 
     </span>
    </p>
   </div>
   <div class='ocr_carea' id='block_1_86' title="bbox 2022 5019 2928 5089">
    <p class='ocr_par' dir='ltr' id='par_1_86' title="bbox 2022 5019 2928 5089">
     <span class='ocr_line' id='line_1_88' title="bbox 2022 5019 2928 5089; baseline -0.009 -15"><span class='ocrx_word' id='word_1_875' title='bbox 2022 5019 2133 5089; x_wconf 81' lang='grc'><strong>(51)</strong></span> <span class='ocrx_word' id='word_1_876' title='bbox 2165 5020 2331 5089; x_wconf 77' lang='lat' dir='ltr'><strong>Alias,</strong></span> <span class='ocrx_word' id='word_1_877' title='bbox 2366 5037 2383 5067; x_wconf 81' lang='grc' dir='ltr'><strong>ι</strong></span> <span class='ocrx_word' id='word_1_878' title='bbox 2420 5019 2878 5089; x_wconf 68' lang='lat' dir='ltr'><strong>incontinentiam.</strong></span> <span class='ocrx_word' id='word_1_879' title='bbox 2911 5036 2928 5066; x_wconf 73' lang='grc' dir='ltr'><strong>ι</strong></span> 
     </span>
    </p>
   </div>
   <div class='ocr_carea' id='block_1_87' title="bbox 2025 5085 2752 5159">
    <p class='ocr_par' dir='ltr' id='par_1_87' title="bbox 2025 5085 2752 5159">
     <span class='ocr_line' id='line_1_89' title="bbox 2025 5085 2752 5159; baseline -0.011 -16"><span class='ocrx_word' id='word_1_880' title='bbox 2025 5085 2133 5159; x_wconf 81' lang='lat'><strong>(52)</strong></span> <span class='ocrx_word' id='word_1_881' title='bbox 2169 5086 2327 5159; x_wconf 58' lang='lat' dir='ltr'><strong>Editi,</strong></span> <span class='ocrx_word' id='word_1_882' title='bbox 2353 5102 2373 5131; x_wconf 76' lang='grc' dir='ltr'><strong>ι</strong></span> <span class='ocrx_word' id='word_1_883' title='bbox 2401 5085 2703 5159; x_wconf 65' lang='lat' dir='ltr'><strong>mortificat.</strong></span> <span class='ocrx_word' id='word_1_884' title='bbox 2734 5103 2752 5135; x_wconf 75' lang='grc' dir='ltr'><strong>ι</strong></span> 
     </span>
    </p>
   </div>
   <div class='ocr_carea' id='block_1_88' title="bbox 2026 5154 2758 5221">
    <p class='ocr_par' dir='ltr' id='par_1_88' title="bbox 2026 5154 2758 5221">
     <span class='ocr_line' id='line_1_90' title="bbox 2026 5154 2758 5221; baseline -0.011 -11"><span class='ocrx_word' id='word_1_885' title='bbox 2026 5154 2136 5221; x_wconf 75' lang='grc'><strong>(55)</strong></span> <span class='ocrx_word' id='word_1_886' title='bbox 2168 5154 2321 5215; x_wconf 87' lang='lat' dir='ltr'><strong>Editi,</strong></span> <span class='ocrx_word' id='word_1_887' title='bbox 2352 5169 2371 5201; x_wconf 79' lang='grc' dir='ltr'><strong>ι</strong></span> <span class='ocrx_word' id='word_1_888' title='bbox 2403 5154 2706 5221; x_wconf 87' lang='lat' dir='ltr'><strong>mortificet.</strong></span> <span class='ocrx_word' id='word_1_889' title='bbox 2739 5170 2758 5202; x_wconf 69' lang='grc' dir='ltr'>δ</span> 
     </span>
    </p>
   </div>
   <div class='ocr_carea' id='block_1_89' title="bbox 2029 5219 3067 5293">
    <p class='ocr_par' dir='ltr' id='par_1_89' title="bbox 2029 5219 3067 5293">
     <span class='ocr_line' id='line_1_91' title="bbox 2029 5219 3067 5293; baseline -0.007 -19"><span class='ocrx_word' id='word_1_890' title='bbox 2029 5219 2135 5293; x_wconf 75' lang='grc'><strong>(54)</strong></span> <span class='ocrx_word' id='word_1_891' title='bbox 2162 5223 2324 5293; x_wconf 73' lang='lat' dir='ltr'><strong>Alias,</strong></span> <span class='ocrx_word' id='word_1_892' title='bbox 2353 5236 2373 5269; x_wconf 76' lang='grc' dir='ltr'><strong>ι</strong></span> <span class='ocrx_word' id='word_1_893' title='bbox 2404 5219 2453 5270; x_wconf 90' lang='lat' dir='ltr'><strong>in</strong></span> <span class='ocrx_word' id='word_1_894' title='bbox 2480 5220 2563 5293; x_wconf 80' lang='lat' dir='ltr'><strong>his</strong></span> <span class='ocrx_word' id='word_1_895' title='bbox 2598 5234 2715 5285; x_wconf 70' lang='lat' dir='ltr'><strong>qua:</strong></span> <span class='ocrx_word' id='word_1_896' title='bbox 2744 5219 3019 5293; x_wconf 61' lang='lat' dir='ltr'><strong>incipiunt.</strong></span> <span class='ocrx_word' id='word_1_897' title='bbox 3048 5234 3067 5267; x_wconf 74' lang='grc' dir='ltr'><strong>ι</strong></span> 
     </span>
    </p>
   </div>
   <div class='ocr_carea' id='block_1_90' title="bbox 2028 5279 3506 5361">
    <p class='ocr_par' dir='ltr' id='par_1_90' title="bbox 2028 5279 3506 5361">
     <span class='ocr_line' id='line_1_92' title="bbox 2028 5279 3506 5361; baseline -0.006 -16"><span class='ocrx_word' id='word_1_898' title='bbox 2192 5290 2351 5361; x_wconf 31' lang='lat' dir='ltr'><strong>Ed‘iti,</strong></span> <span class='ocrx_word' id='word_1_899' title='bbox 2380 5304 2398 5336; x_wconf 83' lang='grc' dir='ltr'><strong>ι</strong></span> <span class='ocrx_word' id='word_1_900' title='bbox 2435 5279 2643 5361; x_wconf 74' lang='lat' dir='ltr'><strong>tandem</strong></span> <span class='ocrx_word' id='word_1_901' title='bbox 2676 5299 2825 5361; x_wconf 76' lang='lat' dir='ltr'><strong>actus</strong></span> <span class='ocrx_word' id='word_1_902' title='bbox 2852 5279 3072 5345; x_wconf 44' lang='lat' dir='ltr'><strong>&#39;caruis;</strong></span> <span class='ocrx_word' id='word_1_903' title='bbox 3097 5300 3115 5332; x_wconf 75' lang='grc' dir='ltr'><strong>ι</strong></span> <span class='ocrx_word' id='word_1_904' title='bbox 3168 5279 3262 5361; x_wconf 47' lang='lat' dir='ltr'><strong>al...</strong></span> <span class='ocrx_word' id='word_1_905' title='bbox 3329 5296 3351 5331; x_wconf 73' lang='grc' dir='ltr'><strong>ι</strong></span> <span class='ocrx_word' id='word_1_906' title='bbox 3372 5287 3506 5336; x_wconf 76' lang='lat' dir='ltr'><strong>tunc</strong></span> 
     </span>
    </p>
   </div>
   <div class='ocr_carea' id='block_1_91' title="bbox 1959 5349 3358 5422">
    <p class='ocr_par' dir='ltr' id='par_1_91' title="bbox 1959 5349 3358 5422">
     <span class='ocr_line' id='line_1_93' title="bbox 1959 5349 3358 5422; baseline -0.013 -7"><span class='ocrx_word' id='word_1_907' title='bbox 1959 5349 2344 5422; x_wconf 62' lang='lat' dir='ltr'><strong>actns&#39;caruis;</strong></span> <span class='ocrx_word' id='word_1_908' title='bbox 2368 5374 2386 5406; x_wconf 74' lang='grc' dir='ltr'><strong>ι</strong></span> <span class='ocrx_word' id='word_1_909' title='bbox 2419 5354 2515 5420; x_wconf 90' lang='lat' dir='ltr'><strong>a|.,</strong></span> <span class='ocrx_word' id='word_1_910' title='bbox 2551 5373 2569 5406; x_wconf 83' lang='grc' dir='ltr'><strong>ι</strong></span> <span class='ocrx_word' id='word_1_911' title='bbox 2604 5363 2712 5409; x_wconf 90' lang='lat' dir='ltr'><strong>tum</strong></span> <span class='ocrx_word' id='word_1_912' title='bbox 2736 5356 2888 5422; x_wconf 84' lang='lat' dir='ltr'><strong>plane</strong></span> <span class='ocrx_word' id='word_1_913' title='bbox 2911 5362 3065 5405; x_wconf 88' lang='lat' dir='ltr'><strong>actus</strong></span> <span class='ocrx_word' id='word_1_914' title='bbox 3095 5349 3301 5403; x_wconf 87' lang='lat' dir='ltr'><strong>carnis.</strong></span> <span class='ocrx_word' id='word_1_915' title='bbox 3334 5364 3358 5397; x_wconf 72' lang='grc' dir='ltr'><strong>ι</strong></span> 
     </span>
    </p>
   </div>
  </div>
