3894 6230
339 316 473 371 "07

1751 281 2064 342 ORIGENIS

3493 249 3636 306 “08

339 433 534 501 patitur
549 427 762 484 Christo
777 415 1279 493 quidieituChristo
1297 407 1858 468 concrucilixussump
1892 406 1936 461 Α
1965 399 2089 500 etis,
2113 405 2170 452 et
2194 396 2278 499 his
2311 407 2432 501 quia
2461 409 2482 444 ι
2514 385 2708 492 oculus
2737 397 2859 438 non
2893 375 3090 501 vidit,
3125 363 3639 501 ore.“

338 495 394 575 et
415 538 458 574 τι
485 519 615 572 Vivo
637 524 836 577 autem,
859 510 967 577 jam
994 523 1099 562 non
1121 521 1218 574 ego
1236 504 1370 569 (59),
1393 501 1523 555 vivit
1549 513 1676 552 vero
1702 495 1860 550 Chri-

338 621 453 665 stus
486 610 537 663 in
574 621 658 660 me
687 606 769 670 ’⁵;
806 620 826 655 ι
855 611 910 654 ει
935 600 1124 652 iterum
1151 594 1240 662 qui
1275 594 1440 647 dicit:
1471 609 1490 642 ι
1511 590 1566 644 Si
1603 600 1862 643 commor-

339 699 410 751 tui
436 711 637 757 sumus,
663 702 718 748 et
745 689 1093 746 convivemus
1121 703 1134 738 :
1164 683 1207 736 si
1242 682 1636 736 contoleramus
1659 675 1788 745 (60),
1807 683 1861 730 et

337 781 782 851 conregnabimns
809 780 896 843 "‘;
935 794 954 827 ι
1009 773 1092 828 vel
1118 773 1281 827 etiam
1315 771 1402 839 qui
1451 770 1629 824 dicere
1657 772 1860 836 potest,

336 873 460 941 quia
493 887 513 922 ι
550 868 692 938 quod
745 869 930 920 deerat
978 861 1282 931 passionum
1323 859 1558 920 Christi,
1600 855 1779 924 repleo
1808 853 1860 906 in

337 975 556 1032 corpore
578 974 694 1014 meo
721 958 790 1011 ’⁷.
834 973 854 1006 ι
883 953 1031 1029 Sicut
1053 960 1226 1006 autem
1259 947 1563 1012 Christum,
1595 945 1718 1014 quia
1771 943 1864 998 hu-

337 1053 628 1107 miliaverat
664 1067 683 1100 ι
718 1063 777 1102 se
804 1046 976 1101 iactus
1006 1043 1264 1099 obediens
1289 1052 1458 1106 usque
1480 1037 1544 1089 ad
1591 1041 1812 1088 mortem
1843 1070 1860 1096 ,

336 1151 557 1197 mortem
582 1149 756 1194 autem
785 1137 986 1203 crucis,
1015 1130 1432 1203 superexaltavit
1485 1127 1623 1180 Deus
1649 1165 1664 1186 ,
1693 1134 1744 1178 et
1774 1123 1864 1176 do-

336 1234 482 1287 navit
509 1232 582 1286 illi
611 1245 825 1290 nomen,
849 1227 990 1296 quod
1018 1234 1100 1279 est
1126 1237 1290 1292 super
1319 1233 1476 1274 omne
1497 1231 1691 1271 nomen
1724 1214 1769 1246 ⁷⁸
1793 1231 1807 1276 ς
1837 1231 1858 1265 ›

335 1334 406 1380 ita
437 1332 492 1379 et
515 1337 610 1378 eos
639 1323 729 1391 qui
763 1319 977 1376 Christo
1012 1314 1410 1384 compatiuntur
1435 1349 1451 1373 ,
1483 1319 1537 1365 et
1559 1307 1860 1378 passionum

336 1416 448 1484 rjus
473 1413 748 1468 imitantur
771 1408 1095 1478 exemplum,
1127 1405 1267 1458 Deus
1310 1416 1432 1456 cum
1463 1399 1554 1454 illo
1585 1395 1783 1451 exaltat
1811 1396 1863 1448 in

336 1505 522 1574 gloria.
574 1501 697 1556 llaec
745 1513 976 1567 namque
1018 1496 1104 1549 via
1155 1502 1256 1556 est,
1303 1506 1464 1560 quam
1501 1486 1864 1544 cohaeredihus

337 1595 444 1651 suis
467 1594 710 1648 Christus
735 1590 963 1660 aperuit,
997 1596 1054 1640 ιιι
1081 1599 1252 1653 neque
1290 1597 1356 1637 ex
1407 1578 1738 1642 fortitudine,
1772 1589 1867 1629 ne-

337 1697 436 1750 que
463 1697 528 1735 ex
553 1680 840 1748 sapientia,
875 1677 966 1732 sed
994 1690 1061 1729 ex
1111 1673 1413 1728 humilitate
1453 1667 1776 1727 exaltentur,
1807 1672 1861 1718 et

337 1785 397 1826 ex
425 1769 826 1824 tribulationum
861 1764 1114 1835 patientia
1141 1770 1356 1817 aeterna
1387 1758 1717 1815 hatreditatis
1739 1771 1861 1810 con-

337 1867 626 1927 sequantur
645 1856 888 1927 gloriam.

401 1945 458 2000 4.
490 1963 509 1998 ι
560 1945 821 1999 Existimo
850 1943 991 1996 enim
1023 1939 1273 2009 quoniam
1304 1952 1409 1991 non
1440 1944 1564 1990 sunt
1588 1933 1863 2002 condigna:

336 2036 609 2106 passiones
653 2033 808 2100 hujus
856 2033 1110 2100 temporis
1163 2032 1228 2084 ad
1280 2039 1718 2098 superventuram
1753 2026 1865 2095 gloo

337 2127 468 2180 riam
496 2125 606 2195 (6i)
638 2139 755 2192 qua:
793 2123 1111 2178 revelabitur
1143 2122 1194 2175 in
1231 2120 1401 2174 nobis.
1428 2116 1563 2172 Nam
1591 2127 1865 2186 exspecta-

337 2215 413 2266 tio
445 2224 703 2268 creaturae
741 2212 1115 2266 revelationem
1153 2210 1381 2263 ﬁliorum
1433 2204 1525 2259 Dei
1565 2213 1861 2272 exspectat.

339 2302 572 2357 Vanitati
607 2303 750 2358 enim
791 2313 1040 2356 creatura
1087 2299 1328 2366 subjecta
1353 2307 1437 2352 est
1482 2311 1586 2350 non
1641 2294 1863 2355 volens,

335 2393 425 2447 sed
447 2402 664 2462 propter
693 2408 813 2447 eum
846 2392 936 2460 qni
957 2389 1183 2458 subjecit
1211 2401 1327 2441 eam
1369 2387 1422 2440 in
1458 2401 1548 2454 spe
1581 2383 1866 2452 :quoniam

335 2496 392 2540 et
415 2486 529 2552 ipsa
563 2493 804 2539 creatura
839 2481 1155 2537 liberabitur
1174 2496 1201 2533 a
1225 2479 1482 2534 servitute
1509 2473 1868 2542 corruptionis

340 2575 396 2630 in
435 2575 732 2629 libertatein
759 2573 942 2640 gloria:
956 2572 1181 2625 filiorum
1206 2570 1320 2622 Dei.
1346 2566 1558 2621 Scimus
1574 2566 1712 2618 enim
1740 2579 1870 2631 quo-

339 2665 484 2719 niam
516 2663 690 2718 omnis
720 2670 963 2716 creatura
1009 2657 1355 2727 congemiscit
1397 2654 1509 2724 (62)
1537 2663 1591 2709 et
1625 2652 1871 2707 condolet

338 2769 507 2822 usque
548 2753 721 2806 adhuc
751 2751 818 2803 ".
847 2769 867 2802 ι
923 2750 977 2802 Si
1027 2750 1148 2818 quis
1178 2749 1448 2802 intueatur
1495 2743 1636 2812 quod
1681 2757 1776 2810 pro
1807 2756 1869 2793 eo

339 2842 478 2910 quod
510 2841 627 2909 quis
658 2837 914 2892 eciatur
942 2835 1082 2890 illius
1128 2834 1323 2890 excelsi
1350 2833 1465 2895 Dei,
1499 2842 1552 2887 et
1576 2833 1748 2885 haeres
1778 2831 1870 2882 ho-

339 2931 522 2986 nitatis
545 2930 662 2999 ejus
685 2938 740 2983 et
765 2929 948 2997 gloriae
974 2926 1106 2996 (63),
1134 2924 1442 2992 Christique
1463 2921 1717 2990 unigeniti
1751 2918 1868 2973 Filii

339 3019 432 3073 Dei
460 3017 718 3082 cohzcres,
740 3015 950 3071 etiamsi
999 3015 1056 3070 iu
1096 3015 1332 3068 omnium
1373 3013 1738 3067 mandatorum
1771 3010 1866 3062 oh-

339 3107 610 3162 servantia
655 3115 710 3162 et
762 3104 1230 3176 justi-ﬁcationibus
1256 3102 1458 3156 Domini
1510 3101 1624 3155 sine
1654 3099 1865 3168 querela

338 3203 668 3264 permaneat,
707 3203 760 3249 et
790 3193 1031 3263 pervigili
1081 3193 1133 3246 in
1163 3191 1246 3246 his
1278 3201 1454 3245 mente
1481 3191 1771 3259 perduret;
1824 3190 1870 3241 si

339 3284 520 3338 omnia
549 3285 706 3339 etiam
731 3297 1012 3353 poenarum
1037 3295 1229 3352 genera
1266 3297 1384 3350 quae
1419 3281 1603 3334 inferri
1629 3280 1873 3333 hnniame

345 3377 666 3432 intrinsecus
718 3385 924 3431 natura
975 3375 1059 3430 vel
1109 3375 1442 3429 extrinsecus
1473 3382 1732 3442 possunt;
1781 3381 1872 3424 aut

341 3467 504 3520 etiam
531 3465 574 3519 si
606 3467 726 3534 quis
751 3464 838 3517 illa
874 3464 1133 3518 sustineat
1166 3477 1283 3530 qua:
1311 3463 1376 3516 de
1411 3459 1511 3516 Job
1537 3462 1735 3529 scripta
1757 3476 1874 3514 esse

341 3563 708 3608 memorantur
730 3552 776 3584 "
810 3551 946 3621 (66),
997 3551 1085 3605 ubi
1117 3565 1217 3604 non
1243 3549 1412 3604 solum
1461 3564 1521 3601 ea
1559 3564 1676 3617 qua:
1724 3557 1870 3602 extra

343 3641 518 3709 ipsum
546 3640 598 3694 in
619 3640 968 3694 facultatibus
998 3653 1061 3693 ae
1084 3639 1264 3693 liberis
1285 3652 1402 3692 esse
1435 3638 1747 3692 videbantur
1775 3638 1873 3690 Sa-

345 3739 437 3784 tan
459 3730 733 3792 exstinxit,
746 3744 927 3783 verum
943 3730 1102 3783 etiam
1125 3742 1243 3783 ossa
1266 3736 1320 3782 et
1337 3741 1553 3782 carnem
1568 3728 1736 3794 ipsius
1757 3742 1879 3779 con-

345 3820 489 3890 tigit,
517 3828 574 3874 et
599 3820 860 3887 percussit
904 3835 1026 3874 eum
1061 3817 1280 3872 vulnere
1329 3817 1558 3884 pessimo
1589 3832 1616 3869 a
1650 3816 1876 3885 pedibus

344 3925 515 3980 usque
540 3912 608 3964 ad
635 3921 814 3979 caput,
839 3911 909 3964 ita
943 3919 1000 3963 ut
1045 3916 1232 3962 testam
1263 3921 1479 3961 sumens
1531 3907 1743 3960 raderet
1793 3923 1877 3960 sa-

347 4003 491 4058 niem
519 4001 584 4056 de
608 3999 877 4056 ulceribus
903 4000 1016 4054 suis
1036 3999 1284 4053 ﬂuentem
1309 4015 1324 4052 :
1378 3997 1459 4059 si,
1490 3998 1704 4064 inquam
1730 4033 1746 4058 ,
1794 3997 1878 4051 his

344 4090 522 4145 adhuc
548 4098 768 4157 possunt
788 4103 909 4144 esse
941 4089 1190 4157 graviora
1223 4101 1342 4154 qua:
1374 4085 1608 4154 perferat
1635 4085 1678 4138 is
1706 4085 1794 4152 qui
1823 4085 1876 4138 in

1962 491 2056 552 vit,
2090 502 2187 541 nec
2209 488 2258 540 in
2285 500 2381 538 cor
2412 479 2652 536 hominis
2691 472 2966 531 ascendit
2985 469 3066 531 ⁸¹,
3107 483 3130 516 s
3165 459 3510 526 intelligere
3539 469 3640 524 po-

1963 547 2066 633 test
2087 577 2355 648 quomodo
2384 572 2585 628 Paulus
2609 570 2776 624 altius
2801 566 2929 636 (65)
2965 560 3083 616 iSta
3110 552 3530 648 considerans
3553 547 3641 602 di-

1959 671 2075 723 cit:
2160 666 2423 722 Existimo
2443 663 2594 717 enim
2642 657 2922 728 quoniam
2981 665 3104 704 non
3142 655 3299 700 sunt
3332 640 3640 706 condigna:

1959 761 2237 830 passiones
2259 757 2424 826 hujus
2460 752 2727 820 temporis
2756 748 2829 802 ad
2873 745 3153 830 futuram
3211 733 3476 830 gloriam

1963 819 2294 904 revelabitur
2327 819 2381 900 in
2437 819 2599 898 nobis
2622 840 2694 894 “.
2727 856 2749 890 ι
2792 833 2956 890 Nihil
3008 829 3188 885 enim
3247 825 3498 893 dignum
3525 819 3644 891 (66)

1961 941 2186 996 inveniri
2210 938 2299 995 vel
2335 933 2652 1004 comparari
2688 931 2760 984 ad
2805 927 3074 981 futuram
3115 908 3641 1004 gloriam'po‘test.

1960 1028 2016 1082 lu
2055 1042 2162 1098 quo
2188 1026 2331 1081 enim
2392 1001 2628 1076 mortale
2689 1013 3142 1072 immortalibus
3179 1001 3521 1062 conferas?
3548 1011 3645 1054 aut

1961 1091 2316 1173 iiivisibilibus
2346 1111 2578 1167 visibilia
2601 1113 2627 1163 ‘!
2655 1115 2756 1162 aut
2786 1105 3032 1160 aeternis
3088 1092 3466 1166 temporalia
3490 1091 3518 1145 τ
3547 1098 3648 1144 aut

1962 1210 2167 1264 caduca
2187 1204 2506 1276 perpetuis?
2561 1201 2620 1256 Si
2667 1213 2805 1268 quae
2827 1207 3027 1251 tamen
3063 1193 3130 1247 in
3191 1185 3484 1276 presenti
3528 1183 3647 1238 vita

1961 1294 2104 1349 velut
2127 1273 2370 1363 quaedam
2395 1296 2629 1359 possunt
2657 1287 2879 1340 semina
2904 1281 3118 1352 gloria:
3158 1276 3373 1345 colligi
3414 1273 3645 1336 futurae,

1962 1386 2087 1449 ista,
2114 1385 2331 1452 inquam
2363 1379 2501 1448 (67),
2528 1377 2746 1432 semina
2775 1388 2848 1427 cx
2869 1367 3395 1426 tribulationibus
3426 1373 3488 1419 et
3515 1378 3643 1432 pas-

1960 1473 2200 1528 sionibus
2248 1470 2578 1539 colliguntur
2606 1505 2624 1532 ,
2682 1465 2864 1536 596
2917 1463 3086 1517 sicut
3127 1466 3205 1514 et
3237 1458 3301 1512 in
3333 1456 3476 1510 aliis
3507 1455 3644 1508 dicit

1963 1565 2102 1619 idem
2127 1561 2458 1631 Apostolus:
2502 1576 2522 1610 ι
2556 1557 2719 1624 Quod
2745 1555 2906 1609 enim
2939 1553 3000 1606 in
3042 1546 3353 1620 νεικείειιί
3388 1545 3643 1615 (68)ιιιο-

1963 1665 2304 1710 mentaneum
2341 1661 2444 1716 est,
2472 1657 2531 1704 ει
2561 1651 2684 1702 leve
2713 1643 3136 1701 tribulationis
3180 1651 3444 1707 nostrae,
3475 1652 3646 1707 supra

1963 1745 2174 1798 modum
2209 1742 2264 1795 in
2293 1742 2619 1795 immensum
2651 1745 2883 1791 aeterna
2909 1732 3131 1804 gloriae
3165 1731 3422 1800 pondus
3447 1743 3647 1798 opera-

1961 1842 2047 1887 tur
2067 1833 2243 1897 nobis,
2272 1845 2379 1884 non
2410 1827 2844 1898 respicientibus
2869 1838 3011 1894 qua:
3039 1823 3372 1886 videntur,
3392 1822 3495 1875 sed
3521 1835 3643 1889 qua

1963 1939 2074 1979 non
2098 1923 2349 1978 videntur
2371 1923 2436 1975 ⁸³.
2479 1941 2497 1973 ι
2527 1919 2784 1976 Ostendit
2817 1918 2982 1973 enim
3017 1931 3138 1985 per
3185 1916 3328 1970 haec
3363 1913 3518 1984 quod
3543 1913 3632 1983 qui

1969 2012 2055 2066 illa
2081 2012 2298 2082 respicit
2331 2027 2452 2081 quae
2487 2027 2599 2064 non
2626 2011 2898 2064 videntur
2926 2007 3084 2076 (69),
3122 2015 3197 2061 et
3227 2016 3457 2060 aeterna
3487 2014 3634 2066 sunt,

1961 2119 2170 2159 omnem
2235 2099 2642 2156 tribulationem
2701 2107 3090 2164 quacunque
3183 2091 3484 2148 acciderit
3543 2088 3591 2142 ei
3619 2127 3640 2152 ,

1962 2195 2204 2264 quamvis
2229 2208 2370 2247 saeva
2407 2191 2550 2262 (70),
2580 2187 2849 2258 quamvis
2892 2186 3085 2256 longa
3125 2185 3423 2239 videatur
3454 2220 3474 2246 ,
3525 2195 3638 2234 mo-

1964 2293 2299 2340 inentaneam
2321 2282 2469 2336 ducit
2489 2290 2545 2334 et
2561 2280 2774 2333 levem:
2801 2277 2991 2331 etiam
3020 2276 3076 2330 si
3103 2273 3448 2329 tormentis
3471 2269 3642 2340 subjio

1965 2373 2164 2434 ciatur,
2190 2379 2243 2424 et
2273 2368 2501 2429 aculeis,
2535 2378 2591 2419 et
2629 2365 2883 2434 ungulis,
2919 2378 3001 2418 eo
3038 2372 3334 2432 tempore
3368 2376 3487 2431 quo
3512 2375 3640 2428 sup-

1965 2460 2137 2530 pliciis
2166 2473 2369 2524 corpus
2395 2457 2680 2526 aﬂligitur,
2723 2455 2770 2509 si
2799 2455 3077 2523 aspiciat
3113 2454 3198 2508 ad
3231 2454 3499 2508 futuram
3523 2451 3637 2520 glo-

1968 2553 2100 2604 riam
2121 2565 2240 2618 quae
2269 2548 2558 2602 revelanda
2589 2555 2699 2608 est,
2725 2554 2786 2598 et
2801 2545 3171 2601 consideret
3193 2545 3503 2614 quomodo
3523 2550 3640 2611 post

1968 2651 2113 2696 tanta
2149 2649 2416 2694 tormenta
2464 2637 2577 2706 (7|)
2626 2650 2840 2704 corpus
2904 2637 3034 2692 hoc
3108 2635 3481 2691 humilitatis
3531 2648 3641 2688 sua:

1967 2728 2442 2784 transformabitur
2473 2764 2495 2790 ,
2540 2735 2602 2778 ut
2651 2725 2749 2778 ﬁat
2779 2727 3114 2783 conforme
3145 2727 3401 2796 corpori
3454 2726 3638 2796 gloria

1967 2822 2087 2876 Filii
2124 2820 2212 2874 Dei
2235 2819 2304 2882 ⁸³,
2329 2817 2737 2886 tribulationem
2761 2828 3139 2886 praesentem
3171 2828 3640 2875 rnornentaneaat

1967 2913 2134 2970 ducit,
2163 2921 2216 2964 et
2247 2909 2456 2974 levem;
2490 2908 2705 2974 pondus
2733 2916 2934 2962 autem
2967 2908 3205 2964 futura-
3223 2910 3439 2981 gloria:
3453 2922 3636 2977 grave.

1972 3005 2072 3058 hoc
2098 3010 2200 3066 est,
2256 3015 2511 3068 magnum
2566 3000 2850 3068 deputat,
2906 3008 2973 3053 et
3035 3010 3346 3055 aeternum
3397 2997 3638 3070 (12):et

1972 3103 2172 3166 quanto
2202 3093 2379 3161 magis
2393 3089 2747 3158 multiplicari
2775 3089 2893 3145 sibi
2931 3091 3419 3145 tribulationum
3449 3087 3642 3144 viderit

1973 3201 2182 3257 ptenas,
2208 3193 2358 3238 tanto
2385 3181 2622 3250 amplius
2670 3179 2952 3250 intelligit
2995 3181 3132 3253 (7'5)
3171 3183 3290 3237 sibi
3325 3181 3552 3252 pondus
3587 3187 3640 3230 et

1976 3275 2396 3346 magnitudinem
2427 3271 2615 3342 gloria:
2637 3270 2960 3328 cumulari.
2995 3271 3183 3339 Quod
3210 3283 3419 3329 autem
3453 3288 3524 3329 ex
3544 3272 3640 3326 tri-

1974 3367 2305 3422 bulationum
2339 3362 2650 3432 quantitate
2677 3375 2962 3416 mensura
3003 3364 3298 3432 quaedam
3333 3375 3399 3418 et
3427 3363 3640 3431 magni.

1976 3458 2102 3512 tudo
2133 3455 2314 3526 gloriae
2335 3454 2644 3522 colligatur,
2677 3462 2815 3521 puto
2837 3454 3039 3508 etiam
3078 3455 3274 3510 David
3305 3454 3644 3524 prophetam

1977 3547 2214 3602 indicare
2243 3559 2362 3599 cum
2396 3543 2530 3598 dicit
2562 3542 2678 3612 (74)
2705 3558 2722 3595 :
2766 3558 2789 3594 ι
2825 3541 3194 3600 Secundum
3223 3546 3642 3600 multitudinem

1979 3636 2225 3691 dolorum
2263 3647 2506 3688 meorum
2539 3634 2594 3686 in
2625 3634 2800 3688 corde
2837 3649 3009 3699 meo,
3067 3639 3644 3694 oonsolationestuc

1979 3724 2384 3780 laetiﬁcaverunt
2421 3721 2663 3774 animam
2697 3734 2889 3776 meam
2929 3723 3016 3779 ⁸⁸.
3057 3742 3084 3777 ι
3125 3723 3302 3780 Unde
3333 3736 3481 3795 puto
3506 3725 3642 3792 quod

1981 3818 2035 3872 in
2068 3812 2451 3886 prtesenti.vita
2474 3810 2797 3866 ‘consolatio
2827 3825 2971 3878 quae
3005 3814 3201 3870 datur
3217 3815 3433 3884 justis,
3455 3829 3645 3870 secun-

1980 3907 2105 3960 dum
2130 3913 2436 3958 mensuram
2461 3897 2814 3952 crueiatuum
2851 3910 2917 3954 et
2943 3901 3285 3958 vulnerum
3319 3905 3498 3959 detur
3525 3921 3541 3957 :
3567 3901 3644 3954 fu-

1982 4005 2101 4047 tura
2135 4005 2262 4044 vero
2287 3987 2457 4058 gloria
2494 3985 2651 4056 (75),
2705 3988 2777 4041 de
2808 4003 2928 4056 qua
2973 3990 3321 4060 Apostolus
3347 3993 3494 4048 dicit
3520 3990 3642 4061 quia

1988 4104 2008 4136 ι
2048 4081 2370 4138 revelabitur
2396 4080 2450 4133 in
2483 4078 2679 4142 nobis,
2716 4095 2737 4129 ι
2777 4093 2896 4134 non
2930 4083 3283 4139 secundum
3318 4099 3645 4140 mensuram

349 4182 452 4235 hac
471 4180 577 4232 vita
608 4177 920 4232 brevissima
946 4178 1000 4230 in
1033 4175 1282 4230 omnibus
1311 4174 1708 4228 tribulationem
1744 4175 1884 4241 pati-
1984 4173 2287 4244 passionum
2316 4187 2331 4222 :
2377 4185 2397 4218 ι
2455 4181 2564 4220 non
2609 4165 2760 4218 enim
2795 4168 3130 4239 condignas
3179 4182 3324 4229 sunt
3361 4175 3649 4245 passiones

349 4281 462 4334 tur,
487 4271 577 4340 qui
613 4270 792 4322 animo
823 4277 877 4322 et
919 4280 1144 4332 corpore
1190 4265 1464 4318 cruciatur
1491 4303 1510 4328 ,
1557 4275 1611 4316 ει
1641 4265 1882 4319 conferat

1987 4265 2143 4333 hujus
2181 4259 2441 4329 temporis
2471 4257 2539 4310 ad
2569 4255 2819 4311 futuram
2859 4260 3132 4326 gloriam
3172 4279 3312 4334 qua:
3370 4267 3647 4322 revelabi-

348 4361 464 4416 haec
507 4377 528 4412 s
559 4360 624 4412 ad
660 4360 886 4411 futuram
905 4357 1123 4426 gloriam
1149 4368 1270 4423 quae
1295 4353 1616 4408 revelabitur
1635 4372 1653 4404 ι
1683 4355 1735 4406 in
1759 4369 1880 4408 san-
1910 4380 1957 4434 ι)
1987 4365 2073 4408 ιιιι·
2095 4355 2148 4407 in
2179 4371 2198 4403 ι
2235 4349 2441 4405 sanctis
2461 4348 2512 4379 ⁸⁸
2540 4363 2556 4400 :
2595 4345 2693 4402 sed
2716 4347 2871 4402 sicut
2905 4352 3035 4422 ('76)
3067 4356 3146 4409 ad
3185 4358 3533 4412 Corinthios
3569 4357 3649 4410 di-

415 4449 464 4515 ’ξ
491 4447 669 4515 Galat.
689 4463 751 4512 ιι,
779 4446 996 4515 19,Ξο.Α
1048 4447 1094 4480 ⁷⁸
1125 4445 1166 4498 ll
1204 4443 1342 4515 Tim.
1372 4459 1434 4515 n_,
1462 4444 1546 4506 ll,
1604 4444 1688 4498 12.
1757 4446 1800 4476 τ’
1843 4447 1868 4502 (

2080 4442 2220 4506 κῃ·
2284 4437 2342 4515 ,⁷2
2387 4438 2428 4493 Ρ
2433 4437 2672 4515 [tilia-1':
2718 4436 2778 4500 δ’
2806 4438 2868 4493 9ο
2954 4442 3015 4515 Ῐέ
3031 4442 3210 4502 Boni.
3248 4462 3384 4510 vui,
3417 4450 3512 4510 18,
3532 4463 3646 4515 seq.

350 4514 397 4546 "°
429 4511 527 4568 Job
564 4530 603 4576 ι,
638 4513 693 4570 2.

349 4587 437 4641 19.
510 4585 556 4618 ⁸⁸
585 4585 739 4638 Rom.
776 4596 896 4648 vni,
928 4583 1014 4636 18.

421 4655 534 4725 (59)
555 4655 702 4709 Alias
720 4693 737 4719 ,
765 4646 1141 4725 t_conipa_t'itnr
1183 4662 1311 4717 ergo
1332 4647 1419 4716 qui
1449 4646 1578 4701 dicit
1607 4666 1620 4725 _:
1663 4647 1880 4707 Christo

349 4718 595 4778 conﬁxus
621 4718 757 4776 sum.
787 4718 1068 4782 Vivo,‘ait,
1096 4718 1204 4787 jam
1237 4733 1336 4787 non
1362 4730 1480 4784 ego,
1511 4734 1532 4766 ›
1569 4722 1676 4769 etc.

564 4792 732 4858 Alias,
768 4808 789 4842 ι
821 4789 869 4845 si
893 4785 1202 4844 toleranius.
1242 4803 1261 4836 ι
1295 4785 1565 4847 Rabanus,
1604 4802 1623 4835 ι
1661 4785 1707 4840 si
1738 4799 1884 4839 com-

350 4873 603 4932 patigmur.
615 4930 626 4932 _
638 4879 662 4932 _i

422 4930 536 4993 (61)
569 4930 737 4993 Aljas,
777 4945 797 4980 ι
825 4928 890 4981 ad
921 4927 1150 4979 futuram
1181 4923 1424 4993 gloriam.
1459 4940 1478 4972 ι

418 4988 534 5067 (62)
562 4988 699 5051 Ed'iti
721 4988 776 5052 et
797 5010 927 5067 mss.
953 4988 1208 5067 quidam:
1225 5009 1293 5067 _c_
1320 4992 1529 5067 Scimus
1551 4988 1692 5042 enim
1740 4989 1882 5067 quod

352 5059 528 5120 omnis
549 5075 794 5120 creatura
813 5059 1112 5133 ingeniiscit
1131 5070 1183 5115 et
1209 5063 1389 5133 dolet‘;
1415 5078 1433 5110 ι
1461 5059 1880 5126 ιιιηινιιτιιιιίι.»

425 5133 538 5204 (63)
575 5135 737 5204 Alias.
777 5153 797 5186 ι
827 5128 968 5204 quod
995 5145 1090 5204 pro
1113 5145 1177 5204 e_o
1204 5140 1254 5182 ut
1282 5128 1422 5198 quis,
1455 5147 1474 5179 ι
1502 5136 1680 5194 ctc.;et
1699 5136 1882 5195 postea

355 5199 529 5264 editi,'
548 5219 568 5253 ι
598 5199 859 5256 bonitatis
881 5203 996 5268 ejus
1020 5199 1224 5267 gloriae.
1259 5216 1277 5249 ι

427 5271 535 5335 (66)
562 5268 590 5323 1
599 5264 1085 5325 ntrinsecustee'st
1107 5269 1157 5320 iu
1187 5267 1362 5320 editis.
1379 5264 1576 5318 Deinde
1598 5278 1698 5316 ms.
1727 5277 1882 5329 unus,

364 5351 387 5388 ι
415 5350 534 5404 qua:
565 5342 629 5389 de
651 5339 748 5391 Job
778 5349 922 5404 gesta
956 5346 1344 5390 memorantur.
1379 5355 1398 5386 ι

431 5403 542 5470 (65)
566 5405 753 5457 Altius.
782 5403 1131 5459 ’Desideratur
1161 5405 1213 5456 in
1251 5413 1406 5457 antea
1440 5403 1618 5458 editis.

428 5470 540 5539 (liti)
568 5471 734 5539 ῥιίιιμ,
769 5492 787 5524 ι
822 5474 957 5526 Nihil
981 5472 1191 5539 quidem
1223 5473 1456 5538 dignum,
1491 5491 1509 5520 ι
1539 5483 1643 5525 etc.

432 5535 542 5607 (67)
573 5535 731 5618 Editoi,
760 5552 818 5618 et.
861 5535 1106 5592 llaba'nus
1138 5580 1152 5604 ,
1211 5559 1230 5590 ι
1279 5535 1466 5610 inquit.
1499 5561 1516 5591 r
1557 5540 1660 5594 Sed
1692 5553 1876 5593 omnes

365 5619 492 5658 mss.
540 5615 722 5666 nostri.
756 5624 773 5657 ι
811 5615 1036 5668 inquam.
1073 5627 1092 5658 ι

834 4505 880 4546 ει
914 4515 931 4568 l
963 4513 1090 4568 Cor.
1119 4530 1182 4579 ιι,
1205 4513 1258 4568 9.
1329 4515 1374 4545 ⁸³
1404 4505 1560 4567 Rom.
1585 4528 1698 4577 vin,
1727 4516 1812 4569 18.

2058 4505 2238 4575 lotutv,
2277 4511 2365 4563 l7.
2436 4506 2483 4539 ⁸⁸
2518 4505 2720 4574 Philip.
2778 4523 2842 4562 ιιι
2877 4547 2897 4572 ,
2947 4511 3058 4566 21.

3171 4516 3222 4547 ⁸⁸
3256 4515 3419 4572 Psal.
3479 4532 3612 4571 cxiii
3629 4555 3648 4582 ,

2055 4649 2165 4724 (ϐξ)
2333 4658 2509 4724 unus,.
2535 4640 2647 4724 Snio
2680 4648 2989 4724 prtesenti
3013 4650 3163 4724 vita.
3208 4671 3239 4704 ι

2023 4713 2372 4840 ISESlLiAIEas,
2409 4733 2426 4763 ι
2463 4713 2646 4775 vidit;
2682 4730 2710 4762 ι
2739 4715 2844 4778 :il.,
2886 4734 2910 4767 ε
2937 4720 3114 4776 vidit.
3157 4739 3179 4773 ι
3230 4723 3487 4792 Deinde,
3519 4739 3645 4780 tac-

2023 4807 2052 4840 ιι
2207 4823 2220 4836 .

2207 4823 2220 4836 .
2264 4807 2282 4832 ι

1986 4807 2448 4982 |gstiamuis
2469 4865 2633 4905 saeua.
2662 4849 2798 4907 Haec
2821 4855 3246 4917 desiderantur
3271 4865 3332 4918 in
3361 4863 3532 4918 libris
3559 4879 3649 4916 an-

2061 4988 2373 5073 (7l)'lsditi,
2409 5005 2430 5038 ι
2466 4996 2559 5073 tot.
2579 4998 2895 5050 tormenta.
2942 5016 2963 5051 ι
3001 4996 3110 5055 Ms.
3169 5016 3338 5056 unus
3369 5013 3432 5058 et
3465 5001 3648 5056 [laba-

1985 5081 2113 5128 nns,
2145 5081 2164 5112 ι
2191 5067 2291 5113 ista
2325 5067 2623 5128 tormenta.
2659 5078 2682 5111 ι

2204 5127 2364 5210 litim.
2407 5143 2429 5176 ε
2463 5128 2698 5210 deputat
2724 5134 2784 5188 in
2815 5146 3122 5194 aeternum.
3156 5158 3180 5193 ι

2056 5196 2170 5270 (75)
2201 5196 2371 5270 gli‘as,
2411 5212 2431 5246 ι
2467 5196 2770 5269 intelliget.
2807 5223 2830 5257 ι

2056 5265 2367 5351 (Ἠμξιῆιί.
2391 5283 2437 5351 -ς
2477 5279 2614 5335 puto
2647 5265 2903 5333 alliruiet
2925 5280 3098 5334 etiam
3136 5278 3323 5333 David
3362 5281 3642 5351 propheta

1985 5355 2105 5391 cum
2138 5341 2292 5399 dicit,
2330 5352 2352 5385 ι
2382 5343 2496 5389 etc.

2201 5405 2386 5488 ᾼΒὲεεν
2429 5423 2450 5456 ί
2477 5404 2686 5488 {mura}
2714 5428 2860 5472 vero
2891 5418 3110 5488 glorias.
3143 5438 3165 5472 ι

2005 5475 2441 5568 ’τιξβλξξιξίῖξξηοηξ
2474 5488 2613 5568 sint!
2637 5484 2752 5568 ba:
2808 5475 3102 5558 pasvsiones
3125 5489 3192 5560 ad
3225 5487 3492 5546 futuram
3520 5489 3641 5562 glo-

1986 5546 2141 5609 riam,
2173 5543 2264 5597 sed
2297 5544 2463 5609 sicut,
2503 5565 2523 5596 ι
2559 5559 2675 5606 etc.
