3894 6276
302 343 354 396 fl
365 339 426 394 09

302 465 437 510 ctum
471 447 811 520 protulimus,
840 463 907 502 ex
939 455 1305 502 momentaneo
1325 457 1373 501 el
1400 447 1496 501 levi
1526 447 1826 501 tribulatio-

303 555 422 598 num
449 549 747 593 nostrarum
790 537 977 592 labore
1018 539 1073 569 ⁸⁷·
1096 536 1296 590 semina
1323 539 1562 603 quzedam
1604 537 1822 590 collecta

303 641 455 697 supra
487 629 693 682 modum
737 640 792 678 111
842 627 1153 681 immensum
1210 627 1362 679 nobis
1388 635 1599 680 :eternte
1623 627 1827 695 pondus

305 715 482 787 glorias
511 714 620 782 ('77)
650 715 1042 782 prmparabunt.
1078 713 1225 780 Quod
1257 728 1382 768 vero
1412 715 1571 768 etiam
1603 715 1654 767 in
1687 728 1821 780 prte-

304 803 434 858 senti
469 804 580 854 vita
603 799 761 869 justis
816 803 1104 856 secundum
1155 815 1461 855 mensuram
1517 799 1823 868 passionum

301 905 512 946 suarum
537 891 696 948 etiam
718 891 1012 943 consolatio
1035 891 1208 942 divina
1235 890 1515 950 tribuatur,
1546 889 1827 942 confirmat

308 981 442 1033 idem
501 978 787 1047 Apostolus
835 977 888 1032 in
945 977 1172 1031 secunda
1229 980 1290 1030 ad
1333 977 1640 1048 Corinthios
1693 977 1825 1030 scri-

300 1071 428 1124 bens
449 1067 495 1100 ⁸⁸
528 1085 542 1121 :
583 1087 601 1118 1
636 1068 768 1133 Quia
793 1070 928 1122 sicut
950 1069 1221 1121 abundant
1246 1069 1520 1134 passiones
1548 1067 1747 1122 Christi
1772 1067 1822 1119 in

302 1157 470 1220 nobis,
502 1157 576 1209 ita
625 1157 858 1211 abundat
889 1166 942 1212 et
971 1159 1265 1212 consolatio
1313 1166 1513 1212 nostra.
1554 1176 1570 1207 1
1629 1156 1692 1208 Et
1721 1171 1821 1208 non

299 1246 456 1301 dixit:
479 1244 650 1309 Supra
675 1245 882 1298 modum
904 1247 1151 1308 abundat,
1173 1257 1261 1299 aut
1285 1246 1336 1299 in
1355 1247 1670 1298 immensum
1690 1244 1820 1311 (’78);

299 1336 387 1391 sed
419 1346 680 1404 quantum
711 1337 984 1403 passiones
1025 1346 1164 1401 sunt,
1192 1344 1392 1389 tantum
1417 1344 1470 1389 et
1501 1333 1822 1389 consolatio-

297 1437 406 1475 nes.
439 1423 594 1486 Quod
625 1431 801 1476 antem
833 1422 978 1484 dicit,
1020 1439 1041 1471 1
1070 1422 1148 1473 Ad
1174 1421 1406 1475 futuram
1441 1420 1681 1488 gloriam,
1707 1433 1823 1487 quae

298 1507 624 1563 revelabitur
653 1509 708 1561 in
751 1507 904 1562 nobis
927 1508 994 1573 ⁸⁸,
1025 1527 1045 1560 1
1074 1523 1230 1577 supra
1257 1506 1364 1574 jam
1391 1518 1518 1576 puto
1547 1507 1685 1575 quod
1709 1507 1820 1560 suf-

296 1596 540 1651 frcienter
560 1597 889 1650 ostendimus
913 1598 977 1650 de
1015 1595 1313 1651 differentia
1363 1596 1676 1663 gloriarum,
1708 1609 1822 1663 quae

297 1687 365 1739 sit
391 1685 563 1753 gloria
586 1700 703 1753 qua:
740 1685 848 1754 jam
882 1685 1110 1740 revelata
1139 1694 1238 1747 est,
1264 1695 1317 1738 et
1349 1699 1465 1753 quae
1497 1685 1566 1738 sit
1593 1699 1709 1753 qua:
1736 1699 1818 1738 re-

1221 331 1566 388 COMMENT.
1591 331 1658 386 IN
1695 329 1904 385 EPIST.
1947 330 2034 383 AD
2070 330 2230 384 ROM.
2264 328 2386 382 LIB.
2417 328 2529 382 VII.

3324 316 3469 380 illo

1936 446 2057 500 aliis
2091 447 2316 499 habetur
2339 439 2743 512 exemplaribus,
2781 457 2800 490 1
2833 437 3169 508 congcmiscit
3197 446 3249 492 et
3276 448 3457 507 partu-

1938 536 2004 588 rit
2040 549 2206 601 usque
2255 533 2447 587 adhuc.
2493 551 2510 582 1
2547 529 2950 596 Congemiscere
2978 537 3150 581 autem
3181 535 3233 580 et
3259 528 3456 580 condo-

1924 626 2033 678 lere
2054 634 2134 679 est
2155 639 2270 677 cum
2298 625 2399 676 alio
2423 623 2632 676 dolente
2657 620 2734 674 vel
2761 629 3002 687 gemente
3023 633 3232 688 gemere
3254 618 3334 671 vel
3357 618 3452 671 dn-

1923 714 2052 780 lere,
2103 715 2205 768 hoc
2237 722 2354 776 est,
2384 727 2501 765 cum
2538 713 2650 780 ipse
2688 711 2897 778 quidem
2949 723 3160 763 causam
3209 708 3448 776 gemendi

1925 815 2025 853 non
2050 799 2244 852 habeat
2297 798 2380 851 vel
2437 798 2668 860 dolendi,
2729 798 2892 863 gemit
2922 805 3094 848 tamen
3123 809 3220 864 pro
3267 808 3330 848 eo
3357 795 3449 862 qui

1924 903 2139 940 causam
2172 887 2338 940 habet
2368 886 2610 954 gemendi
2642 886 2736 938 vel"
2758 884 2991 938 dolendi.
3024 883 3137 938 Hoc
3161 891 3337 937 autem
3365 881 3450 936 di-

1925 979 1997 1032 cit
2026 977 2205 1030 facere
2229 985 2528 1030 creaturam
2559 989 2654 1044 pro
2681 989 2743 1028 eo
2774 974 2914 1041 quod
2946 972 3172 1026 vanitati
3209 972 3448 1038 subjecta

1920 1075 2020 1129 est,
2053 1073 2106 1118 et
2142 1065 2194 1116 in
2256 1066 2510 1118 servitute
2557 1063 2916 1130 corruptionis
2942 1063 3111 1131 posita
3146 1071 3245 1117 est.
3285 1060 3405 1114 Haec
3433 1098 3448 1120 ,

1922 1163 2176 1222 quantum
2197 1153 2260 1205 ad
2280 1153 2443 1221 ipsius
2461 1152 2736 1220 apostolici
2758 1153 3018 1205 serm0nis
3033 1152 3270 1207 ordinem
3289 1152 3447 1219 perti-

1921 1252 2031 1305 net,
2060 1241 2334 1308 explanata
2359 1242 2484 1294 sint.
2513 1230 2662 1294 hunc
2685 1250 2983 1308 repetentes
3003 1241 3356 1294 discutiamus
3376 1240 3452 1292 in-

1923 1330 2115 1383 lentius
2139 1345 2256 1398 quae
2281 1340 2361 1384 est
2389 1332 2485 1385 ista
2511 1332 2721 1385 vanitas
2750 1333 2835 1385 cui
2863 1340 3106 1386 creatura
3125 1331 3317 1383 dicitur
3333 1343 3453 1382 esse

1921 1419 2178 1486 subjecta,
2207 1428 2388 1488 etque:
2415 1429 2496 1474 est
2526 1421 2624 1473 ista
2644 1421 2912 1488 corruptio
2939 1421 3004 1472 de
3025 1418 3176 1487 cujus
3191 1418 3472 1471 servitute

1920 1507 2244 1562 liberandam
2267 1523 2324 1563 se
2343 1509 2498 1578 597
2517 1518 2714 1580 sperat.
2729 1509 2852 1564 Mihi
2877 1509 3081 1563 videtur
3103 1509 3242 1576 quod
3261 1508 3328 1561 de
3351 1509 3467 1560 hac~

1921 1599 2178 1651 materiali
2202 1607 2256 1652 et
2280 1600 2606 1667 corruptibili
2635 1600 2878 1668 corporis
2919 1598 3218 1652 substantia
3242 1599 3338 1651 ista
3361 1598 3446 1650 di-

1920 1696 2130 1741 cantur.
2155 1686 2336 1756 Neque
2368 1690 2507 1742 enim
2540 1691 2806 1758 corruptio
2834 1689 3188 1757 aliicuiquam
3213 1686 3472 1756 (82)zni'si~\
3545 1732 3548 1734 γ

292 1776 512 1830 velanda
557 1777 662 1842 sit;
691 1785 744 1829 et
764 1777 1024 1844 quomodo
1044 1791 1159 1843 quae
1192 1789 1334 1828 nunc
1364 1775 1603 1828 videmus
1627 1813 1644 1840 ,
1675 1792 1694 1824 1
1727 1788 1820 1842 per
1848 1792 1890 1844 Β
1918 1776 2124 1843 corpori
2142 1775 2461 1829 dominatur.
2483 1775 2610 1829 Nam
2629 1776 2717 1830 ille
2739 1777 2962 1830 interior
2979 1778 3135 1830 homo
3152 1777 3450 1844 quisecun—

292 1867 564 1937 speculum
581 1865 827 1920 videmus
843 1875 896 1918 et
919 1865 969 1918 in
995 1867 1292 1932 aenigmate,
1309 1873 1433 1918 tunc
1449 1874 1647 1929 autem,
1661 1883 1680 1915 1
1701 1877 1823 1917 cum

292 1955 497 2010 venerit
523 1954 694 2009 Filius
718 1954 948 2006 hominis
977 1953 1026 2005 in
1060 1953 1222 2020 gloria
1243 1952 1414 2006 Patris
1438 1962 1491 2006 ct
1519 1962 1823 2006 sanctorum

289 2038 960 2111 a-ngelorum,videbimum
984 2041 1120 2095 facie
1146 2040 1209 2093 ad
1237 2040 1426 2094 faciem
1450 2041 1515 2102 ’⁸,
1551 2059 1569 2092 1
1611 2041 1745 2094 sicut
1774 2048 1827 2092 et

289 2129 526 2184 Joannes
551 2129 688 2182 dixit
717 2145 732 2181 :
771 2145 791 2178 1
824 2128 955 2193 Quia
985 2127 1278 2181 videbimus
1299 2142 1416 2180 eum
1438 2127 1592 2181 sicuti
1625 2129 1813 2180 est".1

288 2219 388 2270 Sed
409 2226 462 2270 et
479 2216 571 2270 illa
591 2226 767 2284 potest
783 2215 951 2268 videri
971 2213 1082 2284 (79)
1096 2214 1263 2282 gloria
1279 2227 1394 2280 quae
1415 2212 1690 2266 revelanda
1719 2220 1822 2274 est,

286 2320 402 2357 cum
427 2306 492 2357 de
523 2303 754 2370 singulis
773 2303 1068 2370 quibusque
1087 2301 1378 2354 rationibus
1393 2301 1594 2364 nmndi,
1622 2300 1703 2354 vel
1732 2316 1822 2355 eo-

286 2409 400 2446 rum
415 2408 538 2461 qua:
555 2407 716 2461 supra
732 2393 981 2444 mundum
999 2399 1144 2454 sunt,
1157 2390 1623 2458 coeperitdoctrina
1637 2404 1826 2458 cogno-

283 2483 376 2546 sci,
398 2489 452 2535 et
476 2481 720 2535 thesauri
749 2479 1016 2545 sapientiae
1032 2479 1143 2544 ejus
1162 2494 1223 2532 ac
1253 2479 1488 2532 scienth
1512 2477 1734 2530 revelari
1755 2475 1821 2528 ἰζ

282 2570 403 2623 Post
425 2570 544 2624 haec
569 2569 737 2622 dicit:
772 2586 790 2618 1
825 2567 1316 2636 Namexspectatio
1347 2573 1606 2620 creaturae
1625 2565 1824 2619 revela-

281 2661 476 2714 tionem
495 2657 732 2713 ﬁliorum
755 2658 841 2710 Dei
863 2665 1155 2724 exspectat.
1168 2656 1386 2710 1Volens
1397 2655 1673 2710 ostendere
1691 2655 1824 2724 Apo-

281 2749 449 2803 stolus
463 2757 671 2818 quanta
699 2748 978 2816 qualisque
999 2747 1068 2800 sit
1093 2747 1257 2814 gloria
1291 2760 1408 2814 quae
1434 2744 1715 2799 revelanda
1741 2754 1824 2799 est

280 2840 330 2891 in
354 2839 483 2907 ipso,
512 2837 610 2892 vel
630 2838 682 2890 in
713 2837 796 2891 his
820 2837 910 2904 qui
927 2847 1124 2904 agones
1149 2835 1346 2888 Christi
1363 2835 1569 2902 integre
1594 2835 1821 2888 desuda-

280 2929 479 2994 verint,
509 2928 594 2982 ait
617 2929 778 2984 etiam
817 2935 1140 2988 creaturam,
1179 2933 1362 2994 utpote
1397 2924 1768 2978 rationabilem
1801 2960 1815 2985 ,

282 3018 478 3072 habere
505 3017 966 3086 exspectationem
1017 3015 1340 3084 quamdam,
1371 3025 1424 3067 et
1457 3026 1603 3082 spem
1637 3027 1821 3080 gerere

1925 1867 2047 1919 dum
2080 1866 2244 1918 Deum
2278 1875 2490 1920 creatus
2515 1875 2615 1930 est,
2643 1876 2698 1920 et
2720 1867 2784 1919 ad
2816 1866 3095 1936 imaginem
3129 1866 3216 1919 Dei
3255 1865 3449 1924 factus,

1924 1955 2341 2021 incorruptibilis
2386 1963 2468 2009 est
2495 1965 2547 2009 et
2579 1955 2858 2009 invisibilis
2883 1993 2899 2018 ,
2926 1963 2979 2008 et
3004 1956 3293 2008 secundum
3327 1968 3462 2022 pro.

1922 2045 2091 2108 priam
2115 2043 2194 2098 sui
2221 2044 2480 2097 rationem
2511 2043 2618 2112 (85)
2647 2043 2805 2097 etiam
2839 2044 3184 2112 incorporeus
3217 2043 3321 2096 dici
3351 2057 3446 2109 po-

1925 2143 2046 2188 test.
2075 2136 2318 2189 Exterior
2342 2149 2471 2189 vero
2499 2137 2658 2189 homo
2691 2144 2744 2189 et
2783 2150 3068 2204 corporeus
3101 2144 3155 2188 et
3179 2134 3444 2202 corrupti-

1921 2225 2046 2278 bilis
2091 2224 2198 2296 (84)
2247 2225 2476 2288 dicitur;
2527 2236 2745 2294 propter
2772 2226 2912 2293 quod
2957 2234 3011 2278 et
3057 2224 3251 2278 Paulus
3299 2226 3444 2278 dice-

1924 2313 2010 2364 hat
2031 2313 2076 2344 ⁸³
2108 2329 2121 2365 :
2153 2330 2171 2362 1
2201 2311 2332 2364 Nam
2360 2323 2412 2367 et
2450 2313 2492 2367 si
2527 2314 2570 2365 is
2599 2315 2686 2380 qui
2718 2313 2918 2368 deforis
2967 2323 3046 2367 est
3073 2314 3232 2367 homo
3265 2321 3446 2366 noster

1923 2404 2278 2471 corrumpitur
2303 2443 2318 2468 ,
2348 2405 2440 2458 sed
2467 2406 2555 2473 qui
2586 2406 2730 2460 intus
2763 2414 2844 2458 est
2889 2415 3204 2459 renovatur.
3247 2423 3266 2455 1
3304 2405 3444 2456 Inte-

1925 2495 2078 2548 rioris
2132 2505 2307 2547 autem
2354 2495 2586 2549 hominis
2626 2495 2900 2550 renovatio
2929 2494 3078 2566 (85),
3113 2503 3299 2560 utpote
3351 2494 3445 2562 qui

1921 2593 2001 2636 est
2031 2584 2356 2637 rationabilis
2403 2593 2455 2638 et
2486 2585 2611 2652 (86)
2639 2598 2788 2639 mens
2812 2625 2827 2652 ,
2876 2585 2930 2639 in
2971 2585 3242 2653 agnitione
3268 2585 3360 2638 Dei
3391 2590 3447 2636 et
3526 2633 3528 2636 ,

1921 2672 2213 2739 capacitatc
2241 2673 2410 2726 sancti
2439 2673 2668 2742 Spiritus
2697 2682 2925 2728 constat.
2947 2673 3143 2728 Verum
3179 2684 3238 2727 ut
3267 2673 3446 2742 aliqua

1922 2760 1987 2812 de
2039 2767 2152 2812 tam
2200 2761 2479 2828 profundis
2513 2761 2668 2814 rebus
2711 2761 2947 2815 breviter
2972 2776 3034 2814 ac
3071 2762 3296 2816 strictim
3332 2761 3444 2831 (87)

1920 2849 2079 2901 etiam
2121 2849 2378 2903 chartulis
2421 2852 2818 2904 committamus
2844 2889 2860 2914 ,
2893 2866 2960 2905 ex
3008 2853 3120 2920 ipsa
3172 2853 3446 2907 interioris

1921 2937 2169 3003 hominis,
2197 2938 2296 2990 hoc
2331 2947 2435 2999 est,
2470 2938 2660 2992 anima:
2686 2938 2991 3007 mentisque
3019 2941 3313 2995 substantia
3333 2941 3447 2995 colo

1921 3027 2144 3094 ligamus
2194 3027 2474 3095 imaginem
2506 3065 2523 3091 ,
2573 3028 2837 3095 quomodo
2869 3045 2889 3078 1
2925 3030 3146 3082 vanitati
3193 3040 3440 3083 creatura

279 3106 533 3174 temporis
551 3105 694 3158 illius
716 3118 823 3171 quo
844 3102 1124 3156 revelanda
1148 3111 1227 3156 est
1254 3102 1419 3170 gloria
1448 3103 1674 3154 liliormn
1693 3101 1806 3166 Dei,
1837 3111 1878 3168 (ζ
1917 3113 2148 3180 subjecta
2179 3125 2260 3168 es;
2294 3131 2395 3167 non
2419 3116 2622 3181 volens,
2647 3117 2735 3169 sed
2764 3123 2978 3184 ριοριοι-
3007 3130 3126 3170 eum
3157 3118 3248 3184 qui
3271 3119 3448 3185 subl-0.

281 3197 382 3250 hoc
414 3207 517 3260 est,
545 3211 670 3251 cum
721 3195 1101 3250 revelabuntur
1131 3211 1190 3249 ea
1220 3209 1335 3261 qua:
1362 3203 1652 3264 praeparata
1689 3204 1812 3248 sunt

276 3287 359 3339 his
381 3287 472 3355 qui
508 3287 608 3341 ﬁlii
633 3288 724 3340 Dei
753 3301 872 3340 esse
903 3286 1248 3340 merebuntur
1273 3284 1404 3354 (80),
1425 3294 1514 3337 attt
1532 3295 1675 3338 certe
1693 3299 1810 3339 cum

277 3375 457 3430 ablato
485 3378 556 3429 ab
585 3375 671 3430 his
694 3375 960 3429 velamine
990 3390 1095 3442 quo
1115 3375 1453 3444 obteguntur,
1483 3373 1809 3428 manifestati

272 3463 476 3519 fuerint
505 3466 609 3533 ipsi
643 3465 766 3533 quia
795 3464 887 3517 lilii
917 3465 1169 3517 Deisunt.
1193 3463 1319 3528 Quae
1345 3473 1520 3516 autem
1549 3472 1630 3515 est
1666 3477 1813 3516 crea-

273 3561 391 3600 tura
419 3566 541 3618 quae
578 3568 602 3600 s
631 3549 1006 3604 revelationem
1061 3551 1286 3602 ﬁliorum
1318 3550 1406 3602 Dei
1432 3552 1752 3617 exspectat?
1790 3570 1808 3601 1

271 3636 416 3704 Nate,
453 3639 673 3708 inquit,
729 3653 846 3707 quae
881 3653 1019 3692 nunc
1047 3655 1067 3689 1
1101 3639 1323 3691 vanitati
1355 3637 1590 3705 subjecta
1617 3648 1740 3692 est:
1789 3656 1808 3688 1

268 3725 519 3792 subjecta
548 3735 730 3781 autem
764 3744 782 3776 1
818 3741 919 3781 11011
942 3725 1144 3788 volens,
1176 3743 1195 3776 1
1226 3740 1326 3780 nec
1359 3734 1552 3794 sponte
1578 3727 1810 3795 propria,

267 3817 365 3869 sed
399 3817 687 3870 voluntate
713 3816 829 3885 ejus
867 3817 957 3884 qui
985 3815 1255 3884 dispensat
1292 3815 1564 3869 universa.
1591 3815 1814 3884 Propter

267 3906 444 3974 ipsum
478 3921 616 3975 ergo
648 3906 758 3974 (8!)
799 3903 1034 3972 subjecta
1061 3912 1174 3967 est;
1227 3903 1462 3973 subjecta
1507 3913 1680 3957 autem
1709 3920 1813 3959 non

269 4007 334 4045 ea
360 3994 681 4049 conditione
716 4001 773 4062 ut
805 4000 1018 4045 maneat
1051 4006 1261 4061 semper
1283 3992 1518 4062 subjecta
1552 3994 1810 4058 vanitati,

262 4082 359 4135 sed
409 4097 540 4136 cum
589 4081 824 4149 quadam
874 4094 985 4147 spe.
1025 4079 1151 4144 Quae
1182 4090 1360 4132 autem
1407 4080 1476 4132 sit
1513 4094 1638 4149 epes
1668 4082 1765 4134 ista
1797 4119 1812 4144 ,

262 4179 688 4232 commemorat.
718 4168 940 4222 dicens:
977 4185 1006 4218 ¢~
1032 4168 1286 4234 Quoniam
1317 4180 1369 4227 et
1398 4173 1535 4239 ipsa,
1567 4188 1586 4220 1
1619 4171 1807 4239 inquit,

264 4279 299 4312 ι
326 4270 595 4318 creatura
624 4259 934 4314 liberabitur
974 4273 1002 4311 a
1036 4259 1292 4313 servitute
1343 4259 1728 4329 corruptionis,
1759 4260 1810 4312 in

179 4400 194 4403 _
261 4354 583 4409 libertatem
611 4351 793 4421 gloria:
832 4351 1062 4405 ﬁliorum
1095 4348 1206 4404 Dei.
1237 4369 1256 4400 1
1291 4350 1378 4404 Ait
1409 4361 1584 4405 autem
1617 4349 1813 4404 Paulus

1918 3204 1993 3256 cit
2017 3219 2131 3258 eam
2176 3203 2227 3256 in
2258 3219 2351 3271 spe
2372 3205 2452 3268 “;
2491 3223 2510 3255 1
2548 3216 2602 3258 et
2642 3205 2834 3271 ipsum,
2881 3207 2928 3260 si
2961 3207 3186 3273 videtur,
3217 3207 3444 3262 Paulum

1917 3306 2173 3360 ponamus
2211 3293 2267 3345 in.
2294 3294 2490 3360 medio,
2534 3295 2686 3364 cujus
2727 3297 2914 3364 utique
2949 3297 3127 3350 anima
3152 3297 3235 3351 vel
3269 3313 3443 3363 mens,

1917 3384 2006 3451 qui
2036 3391 2118 3436 est
2150 3381 2368 3438 interior
2406 3383 2520 3452 ejus
2548 3387 2726 3451 homo,
2759 3379 3156 3456 supergreditur
3176 3399 3230 3442 et
3256 3400 3446 3442 ascen-

1919 3471 1994 3523 dit
2026 3485 2181 3524 omne
2204 3473 2344 3538 quod
2372 3486 2688 3541 corporeum
2721 3484 2801 3527 est
2822 3514 2839 3540 ,
2869 3475 3008 3542 quod
3041 3476 3274 3540 visibile,
3302 3478 3445 3544 quod

1917 3562 2097 3617 sensui
2128 3562 2366 3630 subjacet
2390 3572 2442 3615 et
2474 3564 2732 3631 aspectui,
2757 3574 2810 3616 et
2837 3565 3006 3632 ipsius
3029 3565 3217 3620 divinae
3240 3576 3447 3620 natura:

1917 3650 2142 3705 eﬂicitur
2181 3666 2371 3720 capax.
2401 3650 2504 3706 Sed
2540 3655 2650 3706 haec
2685 3663 2830 3706 tanta
2859 3661 2912 3706 et
2942 3653 3060 3708 talis
3094 3653 3206 3724 (88)
3252 3656 3446 3709 animae

1917 3739 2035 3808 ejus
2057 3740 2355 3794 substantia
2388 3754 2506 3809 quae
2537 3741 2771 3794 rationes
2805 3749 2860 3794 et
2889 3741 3293 3810 intelligentiam
3323 3757 3442 3798 cce-

1917 3830 2129 3884 lestium
2190 3831 2594 3899 divinorumque
2632 3845 2882 3884 sensuum
2933 3841 3074 3886 tenet
3121 3830 3331 3903 (quibus
3377 3847 3444 3886 ex

1917 3921 2112 3984 causis,
2144 3921 2280 3976 Deus
2307 3919 2542 3990 viderit).
2563 3919 2796 3988 subjecta
2827 3928 2908 3976 est
2939 3923 3179 3976 servituti
3203 3927 3444 3993 corporis

1918 4010 2310 4079 corruptibilis,
2360 4021 2413 4064 et
2440 4011 2660 4063 vanitati
2699 4008 2814 4077 ejus
2839 4010 3080 4064 devincta
3120 4021 3223 4066 est.
3254 4013 3443 4068 Consi-

1921 4101 2046 4154 dera
2075 4101 2216 4154 enim
2267 4100 2609 4156 necessitates
2636 4100 2894 4168 corporis,
2932 4103 3284 4170 appetentiam
3313 4106 3439 4170 cibi,

1917 4190 2270 4259 digestionum
2295 4191 2550 4259 pudorem
2578 4189 2687 4258 (89)
2717 4229 2732 4254 ,
2769 4190 3094 4258 posteritatis
3135 4193 3461 4259 reparanda)-

1918 4283 2314 4345 verecundiam,
2363 4291 2421 4334 ut
2460 4281 2658 4334 seritur
2688 4280 2916 4345 soboles,
2947 4290 3005 4332 ut
3031 4281 3225 4345 editur,
3254 4291 3312 4336 ut
3345 4298 3444 4335 nu—

1919 4372 2077 4424 tritur
2115 4387 2130 4435 ;
2180 4379 2232 4424 et
2279 4371 2399 4424 vide
2440 4370 2492 4423 in
2537 4370 2620 4422 his
2662 4377 2864 4436 quanta
2913 4371 3118 4424 vanitas
3164 4371 3448 4436 habeatur,
3504 4378 3508 4384 ‘

255 4443 490 4499 scirese
518 4451 579 4497 et
606 4441 810 4496 similes
841 4438 963 4502 sibi,
1013 4458 1031 4490 1
1069 4439 1319 4507 quoniam
1352 4441 1527 4494 omnis
1566 4451 1810 4494 creatura

1922 4472 2112 4529 quanta
2164 4461 2473 4528 corruptio,
2514 4461 2596 4514 cui
2644 4471 2890 4514 creatura
2934 4461 3124 4514 animae
3168 4462 3359 4514 nobilis
3388 4471 3444 4514 et

256 4533 635 4600 congemiscit
659 4539 714 4584 et
738 4529 979 4584 coudolet
1010 4543 1177 4598 usque
1207 4527 1400 4594 adhuc,
1439 4549 1460 4580 1
1490 4529 1607 4592 vel,
1653 4539 1712 4582 ut
1754 4532 1805 4584 in

1914 4548 2242 4601 rationabilis
2278 4548 2400 4600 licet
2423 4562 2526 4600 non
2559 4548 2741 4601 volens
2788 4550 3022 4618 subjecta
3052 4555 3133 4602 est
3156 4587 3172 4612 ,
3200 4549 3442 4616 subjecta

318 4647 365 4678 ⁸⁷
399 4645 446 4699 ll
465 4647 600 4700 Cor.
630 4660 702 4706 1v,
732 4644 816 4696 l7.
891 4643 934 4674 ⁸⁸
966 4641 1004 4694 ll
1033 4641 1154 4696 Cor.
1185 4643 1295 4706 1,5.
1333 4643 1375 4673 '9
1441 4640 1591 4694 Rom.
1622 4655 1736 4706 vut,
1767 4642 1817 4695 ιε

1924 4642 2008 4695 θοι
2033 4641 2155 4694 Cor.
2194 4657 2311 4706 x111,
2338 4641 2423 4694 l2.
2495 4641 2536 4671 ⁹¹
2572 4638 2925 4704 lJoan.111,2.
2999 4640 3262 4698 "Coloss.
3292 4656 3353 4706 11,
3385 4641 3438 4694 ὅ.

253 4715 301 4748 ⁸³
324 4715 365 4768 ll
396 4715 538 4769 Cor.
576 4729 650 4778 1v,
677 4713 762 4767 l6.
859 4713 905 4744 ’δ
933 4712 1081 4765 Rom.
1117 4726 1243 4772 v111,
1269 4710 1356 4762 20.

328 4806 452 4876 (Π)
481 4804 663 4868 Alias,
696 4820 716 4855 1
743 4803 796 4859 111
825 4803 1138 4857 immensum
1171 4800 1327 4855 nobis
1358 4808 1609 4853 :eteruum
1636 4798 1816 4865 gloria:

331 4875 501 4927 nllus.
544 4891 565 4923 1
605 4881 708 4926 etc.

254 4889 501 4940 ponuus,
544 4891 565 4923 1
605 4889 708 4926 etc.

335 4940 456 5010 (78)
497 4941 601 4996 Sic
621 4948 766 4993 recte
798 4952 1072 5010 ms._unus
1100 4936 1298 5010 Regius
1327 4950 1469 4988 num.
1508 4933 1664 4989 1659.
1695 4935 1809 4988 Ca:-

257 5005 361 5064 ter'i
389 5005 531 5063 vero
563 5022 696 5061 mss.
722 5016 776 5062 et
801 5007 949 5068 editi,
991 5023 1009 5054 1
1042 5013 1133 5057 aut
1161 5005 1213 5057 in
1241 5018 1506 5057 mensura.
1547 5022 1567 5054 1

327 5078 448 5147 (7.9)
481 5075 664 5147 Alias,
700 5094 732 5126 1.
759 5075 860 5130 Sed
893 5075 1054 5127 etiam
1084 5072 1168 5126 illa
1206 5081 1398 5139 potest,
1431 5089 1452 5121 1
1490 5077 1594 5125 etc.
1621 5109 1636 5135 ,
1693 5071 1761 5124 al.
1793 5111 1807 5135 ,

257 5164 286 5198 1
313 5144 398 5201 sic
427 5144 490 5198 et
506 5144 627 5213 illa,
648 5153 845 5213 potest,
883 5160 910 5213 1_
934 5151 1035 5195 etc.

349 5214 446 5281 80)
476 5209 666 5281 Qditi,
684 5230 729 5281 ¢_
736 5210 915 5281 vocari
937 5209 1296 5262 merebuntur.
1336 5224 1354 5256 1

355 5268 455 5347 81)
489 5268 664 5347 Ergo.
690 5279 850 5340 Editi,
885 5295 904 5327 1
935 5287 1129 5347 autem.
1166 5292 1184 5325 1

325 5341 447 5417 (‘82)
480 5341 660 5417 Editi,
700 5364 719 5397 1
753 5347 905 5417 alicui
935 5344 1237 5417 quidquam,
1280 5359 1298 5390 1
1334 5341 1489 5395 male.

326 5413 450 5485 (85)
487 5415 667 5485 Editi,
705 5432 723 5464 1
758 5413 857 5467 sibi
890 5413 1164 5464 rationem.
1203 5427 1223 5458 1

326 5420 427 5485 (85
487 5420 667 5477 Editi,
705 5432 723 5464 1
758 5420 857 5467 sibi
890 5420 1164 5464 rationem.
1203 5427 1223 5458 1

323 5420 450 5556 (8‘)
493 5483 693 5550 Editi,
736 5494 1050 5548 perperam,
1094 5495 1112 5525 1
1162 5486 1212 5528 et
1249 5491 1469 5544 corpore
1498 5478 1814 5546 cormptibi-

254 5558 454 5690 hs(8’5)
487 5620 588 5675 Sic
615 5613 869 5671 Babanus
899 5621 948 5666 et
978 5626 1071 5665 ms.
1099 5626 1230 5665 unus
1262 5609 1476 5680 Regius.
1509 5616 1643 5670 Editi
1670 5628 1815 5678 vero,

1926 4817 1943 4848 1
1985 4795 2258 4849 lnterioris
2289 4802 2462 4848 autem
2488 4793 2717 4847 hominis
2745 4794 2796 4846 in
2828 4793 2911 4846 his
2940 4790 3229 4844 renovatio.
3268 4809 3287 4840 1
3313 4791 3442 4846 Mss.

1916 4866 2150 4935 quidam,
2186 4882 2210 4983 lt
2248 4863 2520 4917 lnterioris
2557 4871 2731 4914 autem
2761 4862 2988 4916 hominis
3019 4859 3167 4924 cujus
3209 4873 3441 4913 renova-
3480 4908 3485 4912 .

1919 4939 2012 4983 tio.
2045 4953 2063 4983 1
2099 4948 2180 4983 ma
2206 4947 2256 4983 e.

1919 4946 2012 4996 ιιο,
2045 4953 2063 4984 )
2099 4946 2256 4985 male.

2005 5002 2092 5066 86)
2127 4998 2215 5052 Et.
2246 4999 2400 5051 Deest
2430 4997 2481 5050 in
2507 4997 2680 5050 editis.

2005 5007 2092 5066 86)
2127 5007 2215 5052 Et.
2246 5007 2400 5051 Deest
2430 5007 2481 5050 in
2507 5007 2680 5050 editis.

1983 5007 2094 5192 ζξπ)
2123 5069 2280 5131 Editi,
2311 5083 2328 5114 1
2367 5067 2568 5144 statim,
2599 5064 2801 5144 1.male.
2837 5064 3186 5144 Deindemss.
3221 5061 3443 5126 quidam

2042 5143 2262 5192 abanus.
2294 5152 2312 5184 1
2343 5141 2397 5184 et
2425 5146 2593 5192 Ipsam
2628 5133 3182 5189 111ter10rtsl101mnts,
3214 5128 3318 5180 hoc
3341 5141 3443 5192 est,

1912 5149 1966 5192 et

2042 5128 2274 5196 abanus,
2294 5152 2312 5184 1
2343 5141 2397 5184 et
2425 5134 2593 5198 ipsam
2628 5132 2895 5186 interioris
2919 5129 3182 5189 hominis,
3214 5128 3318 5198 hoc
3341 5141 3445 5195 est,

1913 5209 2102 5260 animae
2129 5194 2424 5268 mentisque
2445 5194 2789 5260 substantiae,
2826 5219 2844 5249 1
2878 5211 2978 5268 etc.
3003 5198 3114 5268 Sed
3147 5194 3342 5268 melior
3369 5194 3450 5250 vi;

1915 5277 2073 5329 detur
2102 5273 2256 5324 lectio
2284 5263 2484 5322 codicis
2515 5268 2660 5333 Regii
2711 5283 2857 5320 num.
2888 5266 3023 5321 1659
3049 5274 3105 5316 et
3131 5263 3409 5316 editorum
3435 5306 3451 5330 ,

1916 5359 2071 5409 quam
2099 5340 2152 5392 in
2188 5335 2745 5409 testum‘retinuimus.

1986 5409 2093 5472 (88)
2124 5406 2283 5472 Editi,
2320 5420 2337 5452 ι
2366 5403 2468 5455 Sed
2497 5411 2550 5454 et
2572 5411 2714 5472 tanta
2746 5413 2799 5456 et,
2831 5403 2968 5464 talis,
2992 5407 3166 5472 siege,

1986 5411 2073 5472 (88
2124 5409 2283 5468 Editi,
2320 5420 2337 5452 1
2366 5409 2468 5455 Sed
2497 5411 2550 5454 et
2573 5411 2714 5453 tanta
2746 5413 2799 5456 et
2831 5409 2968 5464 talis,
3010 5420 3028 5452 1
3059 5409 3166 5452 etc.

1986 5409 2112 5597 (89L
2137 5469 2224 5527 Si'c
2257 5487 2353 5524 ms.
2387 5486 2521 5523 unus
2571 5471 2765 5549 Regius
2800 5487 2942 5524 1111111.
2980 5469 3122 5548 11659
3149 5471 3224 5546 ,οι
3272 5465 3469 5517 Raba-

1986 5563 2039 5597 is.
2097 5543 2209 5597 ‘diti
2240 5553 2364 5593 vero
2389 5546 2440 5592 et
2468 5553 2593 5593 mss.
2620 5540 2877 5597 plerique,
2913 5557 2930 5589 1
2963 5539 3340 5597 digestionum
3370 5546 3469 5597 pus

1922 5535 2039 5600 nus.
2071 5535 2209 5597 Editi
2240 5553 2364 5593 vero
2389 5546 2440 5592 et
2468 5553 2593 5593 mss.
2620 5535 2877 5607 plerique,
2913 5557 2930 5589 1
2963 5535 3340 5603 digestionum
3370 5546 3476 5598 911+

1923 5625 2105 5670 torem.
2139 5629 2160 5664 l
