3894 6290
326 294 454 341 HM

1771 279 2085 341 ORIGENIS

3479 260 3618 314 1119.

325 411 502 458 tamen
542 403 594 458 in
640 418 768 471 spe;
818 413 1023 472 tempus
1062 405 1303 459 videlicet
1333 418 1552 473 sperans
1584 415 1691 470 quo
1719 398 1851 452 lihe-

2005 411 2065 461 go
2097 394 2258 448 etiam
2311 392 2378 446 de
2424 387 2783 458 arciiangelis
2834 382 2955 438 tale
3004 378 3238 473 aliquid
3295 376 3619 449 intelligere

325 506 495 563 retur,
527 512 643 550 cum
679 497 908 550 ﬁliorum
958 496 1047 550 Dei
1082 494 1192 566 (90)
1227 506 1435 562 tempus
1465 494 1730 548 libertatis
1764 492 1853 543 ad~

325 589 550 643 venerit.
583 587 692 641 lloc
727 596 808 640 est
838 602 963 655 ergo
993 587 1133 654 quod
1165 597 1218 641 et
1248 589 1297 640 iu
1329 587 1445 640 aliis
1477 587 1712 654 apertius
1742 585 1852 654 jam

322 680 387 731 de
410 664 479 731 se.
499 680 608 746 ipse
632 679 838 732 dicebat
861 678 1163 747 Apostolus,
1182 682 1303 747 quia
1324 679 1455 748 (91),
1480 697 1499 729 ι
1526 681 1646 731 dum
1672 690 1854 739 sumus

325 768 374 819 in
410 767 713 821 habitacqu
755 769 875 833 hoc,
903 768 1301 837 ittgemiscimus
1332 772 1398 823 θ’.
1447 789 1466 823 ι
1513 771 1623 825 Iloc
1662 779 1716 824 et
1757 769 1856 823 Sa-

323 858 517 923 pientia
548 873 640 927 per
674 859 1011 915 Salomonem
1034 862 1261 924 (licebat,
1302 862 1422 928 qttia
1456 879 1475 912 ι
1511 859 1854 928 corruptibile

322 959 514 1013 corpus
566 958 819 1015 aggravet
863 950 1118 1012 animam,
1146 959 1199 1004 et
1234 950 1481 1017 deprimit
1517 962 1725 1003 terrena
1760 949 1853 1001 ha-

322 1034 508 1089 bitatio
558 1050 773 1089 sensum
826 1037 987 1091 multa
1022 1039 1349 1106 cogitantem
1391 1039 1469 1100 θθς
1530 1057 1548 1088 ι
1603 1048 1656 1090 et
1714 1038 1851 1090 idem

322 1123 516 1178 Paulus
549 1144 563 1180 :
604 1143 624 1177 ι
679 1127 809 1187 Dum
870 1130 1012 1182 enim
1041 1143 1224 1183 sumus
1252 1132 1302 1181 in
1333 1142 1577 1194 corpore,
1615 1127 1853 1194 peregri-

324 1231 516 1272 nantur
543 1234 570 1271 a
602 1219 826 1273 Domino
850 1221 917 1284 ",
952 1237 970 1271 ι
1005 1229 1059 1274 et
1088 1222 1234 1289 cupit
1260 1221 1428 1289 magis
1457 1221 1784 1289 peregrinari
1822 1234 1850 1273 a

322 1321 544 1373 corpore
575 1317 628 1362 et
675 1309 865 1363 adesse
910 1310 974 1363 ad
1025 1310 1323 1363 Dominum.
1354 1309 1466 1364 lluc
1509 1311 1705 1364 iudicat
1734 1348 1750 1371 ,
1800 1319 1856 1364 et

323 1399 491 1453 multo
521 1399 754 1467 apertius
779 1401 995 1467 exponit
1031 1403 1188 1456 etiam
1219 1403 1273 1455 iii
1314 1415 1380 1455 eo
1407 1401 1523 1455 luco
1554 1401 1640 1454 ubi
1673 1401 1803 1455 dicit
1835 1417 1852 1455 :

330 1510 350 1542 ο
387 1490 644 1545 Coarctor
672 1499 851 1544 autem
896 1507 958 1546 ex
994 1493 1199 1547 duobus
1230 1509 1246 1553 ;
1296 1494 1615 1547 desiderium
1654 1494 1855 1552 habens

321 1580 540 1642 reverti,
572 1589 625 1633 et
651 1595 773 1632 cum
803 1579 1016 1633 Christo
1047 1596 1197 1646 esse;
1234 1582 1400 1636 multo
1429 1582 1570 1636 enim
1607 1583 1800 1638 melius
1836 1602 1852 1638 :

321 1682 635 1734 permanere
659 1676 833 1721 autem
862 1670 914 1721 in
949 1684 1114 1723 carne
1152 1672 1324 1739 magis
1355 1674 1712 1726 necessarium
1740 1688 1857 1740 pro-

324 1765 444 1822 pter
471 1770 566 1809 vos
590 1756 637 1789 ⁸⁸
666 1757 799 1827 (92).
836 1776 856 1809 ι
887 1757 942 1811 lu
972 1773 1077 1827 quo
1102 1770 1285 1828 aperte
1315 1763 1550 1815 ostendit
1576 1763 1716 1829 quod
1750 1778 1853 1825 non

326 1844 529 1909 volens,
555 1856 808 1915 quantum
842 1849 906 1900 ad
930 1862 990 1902 ea
1015 1860 1220 1917 spectat
1248 1866 1367 1919 quae
1386 1853 1578 1906 anima
1599 1868 1708 1907 suae
1738 1869 1858 1907 con-

322 1934 466 1989 scius
493 1946 651 1999 erat,
698 1937 1027 2005 corruptioni
1068 1939 1190 1993 huic
1227 1941 1558 2010 vanitatique
1586 1944 1855 2011 serviret,

322 2023 419 2078 sed
448 2033 661 2093 propter
689 2040 808 2078 eum
840 2020 926 2094 qui
960 2028 1070 2081 lure
1105 2029 1174 2081 ita
1195 2029 1380 2093 voluit,
1405 2040 1458 2082 et
1487 2040 1704 2099 propter
1733 2046 1857 2095 nos,

324 2122 383 2165 ut
411 2113 539 2167 salvi
572 2129 692 2168 esse
715 2117 1000 2184 possimus.
1019 2117 1303 2172 Permanet
1327 2132 1455 2185 ergo
1488 2120 1541 2173 in
1566 2135 1728 2175 carne
1746 2123 1856 2192 (95)

323 2212 541 2270 propter
567 2219 666 2259 nos
696 2223 708 2258 :
743 2215 797 2258 ut
829 2217 1008 2260 autem
1054 2209 1271 2261 revelati
1301 2208 1502 2265 fuerint
1529 2211 1620 2264 ﬁlii
1653 2213 1768 2279 Dei,
1803 2224 1857 2267 et

322 2294 623 2361 congregati
676 2294 727 2346 in
780 2311 941 2348 unum
973 2310 1066 2363 per
1124 2297 1414 2353 Ecclesiam
1465 2316 1623 2368 quam
1674 2304 1859 2357 statuit

329 2399 348 2431 i
382 2383 471 2435 uni
499 2384 635 2447 viro,
660 2386 919 2454 virginem
951 2399 1154 2443 castam
1187 2391 1442 2445 exhibere
1474 2392 1689 2449 Christo
1722 2395 1791 2459 ”,
1832 2414 1851 2447 ι

326 2480 453 2525 tunc
483 2484 537 2527 et
568 2474 681 2542 ipse
723 2475 1040 2532 liberabitur
1084 2495 1112 2531 a
1147 2482 1405 2536 servitute
1451 2486 1815 2552 corruptionis
1838 2528 1855 2553 ,

326 2565 465 2619 sicut
504 2576 561 2621 et
589 2570 700 2636 ipse
727 2569 894 2624 dicit:
934 2588 952 2621 ι
987 2572 1097 2640 Ego
1127 2584 1302 2628 autem
1345 2576 1457 2645 jam
1501 2577 1772 2643 immolor,
1802 2589 1857 2634 et

327 2664 536 2723 tempus
582 2658 922 2714 resolutionis
967 2677 1100 2715 mea:
1128 2662 1313 2720 instat.
1353 2666 1581 2719 Cursum
1607 2682 1859 2722 consum-

326 2746 485 2809 mavi,
520 2748 675 2803 ﬁdem
707 2752 913 2805 servavi
940 2767 958 2807 ς
982 2758 1049 2806 de
1076 2764 1266 2808 caetero
1315 2758 1544 2824 reposita
1593 2769 1676 2812 est
1724 2760 1852 2813 mihi

326 2852 526 2892 corona
550 2838 770 2907 justitiie
801 2841 838 2895 ⁸.
887 2859 908 2893 ι
941 2841 1049 2895 11οο
1082 2851 1166 2896 est
1198 2842 1478 2899 liberatum
1520 2860 1640 2900 esse
1670 2864 1699 2900 a
1734 2862 1850 2902 ser-

327 2927 496 2981 vitute
540 2930 899 2997 corruptionis
949 2932 1002 2985 in
1037 2932 1338 2988 libertatem
1385 2935 1568 3003 glorise
1619 2938 1850 2992 ﬁliorum

1953 485 2278 553 propheticis
2312 482 2515 535 invitor
2544 481 2814 548 eloquiis.
2862 475 3022 542 Quid
3087 472 3259 525 enim
3312 478 3491 523 tanta:
3527 485 3622 523 va-

1952 577 2136 630 nitatis
2160 585 2214 629 et
2243 584 2404 627 tantae
2438 570 2830 640 corruptionis
2881 564 3168 620 invenias
3194 601 3213 624 ,
3247 576 3434 631 quant
3478 561 3620 617 bella

1950 682 2137 736 gerere
2170 667 2221 720 in
2254 666 2357 719 hoc
2404 662 2631 724 mundo,
2663 674 2894 729 pugnas
2931 658 3267 710 adversum
3318 668 3385 707 se
3430 669 3622 720 regum

1950 767 2003 810 et
2034 756 2269 825 gentium
2300 750 2695 807 commovere?
2728 748 2878 803 Vide
2929 760 3082 813 ergo
3121 742 3295 812 quod
3348 752 3408 795 et
3448 742 3501 793 in
3542 741 3628 796 his

1950 848 2278 918 prmcipuum
2293 841 2664 912 archangelici
2680 839 2880 909 operis
2901 838 3173 891 habetur
3199 834 3465 888 olﬁcium
3488 834 3626 901 (96),

1950 936 2089 989 sicut
2116 933 2298 988 Daniel
2333 933 2600 1001 prapheta
2637 938 2892 984 testatur
2916 928 2941 959 ⁵
2974 941 3125 980 cum
3158 923 3339 982 dicit,
3375 924 3511 990 quia
3534 938 3627 976 ar-

1950 1023 2246 1091 changelus
2287 1024 2606 1091 loqueretur
2641 1020 2709 1074 ad
2750 1033 2916 1079 eunt,
2953 1015 3062 1085 qui
3114 1015 3356 1067 diceret
3389 1014 3443 1067 ei
3481 1013 3630 1080 quod

1950 1116 2271 1186 pugnaverit
2301 1114 2469 1184 598
2497 1114 2801 1168 adversum
2857 1108 3213 1178 principem
3272 1103 3588 1158 Persarum
3612 1143 3631 1167 ,

1956 1226 1974 1257 c
2009 1218 2063 1261 et
2091 1220 2269 1271 nemo,
2306 1223 2325 1256 ι
2360 1204 2558 1273 inquit,
2591 1221 2612 1254 ι
2643 1202 2753 1256 l‘uit
2783 1200 2930 1256 mihi
2971 1196 3319 1264 adjutorio,
3361 1196 3473 1250 nisi
3511 1196 3631 1265 (97)

1950 1296 2172 1352 Michael
2221 1297 2473 1366 princeps
2498 1302 2687 1348 vester
2718 1292 2767 1349 ‘.
2807 1310 2829 1344 ι
2873 1291 2993 1344 I’er
3036 1290 3180 1342 hac
3226 1301 3379 1354 ergo
3411 1285 3630 1352 singula

1950 1387 2369 1457 deprehenditur
2395 1383 2753 1438 rationabilis
2790 1398 2812 1432 ι
2849 1388 3068 1433 creatu
3081 1394 3155 1431 ra
3181 1376 3443 1431 vanitati
3472 1394 3494 1427 ι
3513 1389 3635 1429 esse

1958 1499 1978 1532 ι
2014 1479 2253 1547 subjecta
2284 1493 2390 1532 non
2436 1475 2652 1540 volens,
2689 1474 2789 1529 sed
2827 1482 3092 1541 propter
3127 1485 3283 1525 eum
3319 1470 3425 1539 qui
3454 1468 3635 1536 subje-

1951 1572 2025 1625 cit
2067 1571 2116 1624 in
2147 1584 2241 1640 spe
2270 1570 2336 1624 “.
2377 1586 2399 1619 ι
2428 1566 2569 1636 Spes
2594 1578 2844 1633 namque
2873 1572 2971 1616 est
3012 1561 3098 1615 ab
3150 1561 3256 1620 his
3308 1563 3486 1618 rebus
3511 1578 3636 1618 eor-

1955 1661 2132 1729 poreis
2185 1669 2239 1713 et
2298 1655 2764 1727 corruptibilibus
2828 1653 3186 1723 aliquando
3258 1655 3634 1708 cessandum.

1957 1751 2103 1804 lianc
2128 1750 2268 1803 enim
2296 1749 2461 1803 habet
2491 1746 3004 1816 exspectationem
3036 1753 3341 1798 creatura
3383 1744 3497 1798 ista
3544 1759 3631 1798 ra-

1956 1839 2252 1899 tionabilis,
2301 1847 2360 1892 ut
2403 1837 2677 1891 revelatio
2725 1837 2828 1890 ﬁat
2895 1835 3186 1890 ﬁliorum
3249 1835 3357 1889 Dei
3414 1845 3635 1905 propter

1956 1945 2090 1997 quos
2141 1930 2318 1996 angeli
2373 1929 2674 1990 mittuntur
2706 1927 2762 1981 in
2796 1926 3235 1981 ministerium
3272 1967 3294 1994 ,
3330 1936 3399 1981 ut
3448 1936 3506 1981 et
3538 1926 3637 1995 ipsi

1955 2035 2075 2073 cum
2096 2019 2179 2073 his
2201 2018 2403 2088 quibus
2426 2018 2912 2072 ministraverunt
2945 2018 3401 2072 lia-.reditatein
3419 2019 3633 2087 capiant

1957 2110 2141 2164 salutis
2172 2110 2219 2173 τ,
2248 2118 2307 2161 ut
2330 2109 2677 2163 terrestrium
2710 2117 2765 2161 et
2797 2107 3169 2163 caelestium
3202 2110 3316 2163 ﬁat
3339 2124 3491 2164 unus
3510 2125 3630 2178 grex

1957 2210 2006 2253 et
2043 2214 2180 2254 unus
2229 2211 2413 2268 pastor
2437 2200 2480 2263 ⁸,
2520 2210 2577 2253 et
2636 2217 2658 2250 ι
2712 2201 2792 2254 sit
2851 2201 3030 2255 Deus
3085 2205 3305 2255 omnia
3360 2203 3420 2256 in
3466 2204 3635 2256 omni-

1955 2291 2055 2344 bus
2082 2292 2124 2341 ο.
2158 2307 2177 2340 ι
2215 2289 2281 2343 Et
2322 2299 2382 2342 ut
2417 2289 2735 2343 evidentius
2772 2290 2848 2344 de
2885 2290 2990 2343 his
3033 2306 3183 2360 qua:
3217 2293 3461 2347 dixerat
3508 2309 3631 2347 con-

1960 2382 2196 2434 ﬁrmaret
2219 2420 2234 2446 ,
2265 2381 2475 2435 addidit
2505 2399 2519 2434 :
2553 2399 2574 2431 ι
2614 2380 2852 2435 Scimus
2891 2384 3075 2437 enim
3137 2387 3435 2453 quoniam
3467 2387 3636 2440 omnis

1957 2482 2204 2525 creatura
2233 2471 2623 2540 congeiniscit,
2655 2480 2713 2523 et
2740 2472 3043 2527 condolet
3078 2491 3285 2546 usque
3317 2478 3513 2532 adhuc
3539 2477 3635 2530 “J

1958 2562 2216 2629 Superius
2257 2562 2467 2615 dixerat
2499 2578 2515 2614 :
2546 2579 2567 2612 ι
2627 2562 2929 2617 Existimo
2985 2567 3166 2620 enim
3221 2570 3506 2636 quoniam
3537 2584 3634 2621 non

1955 2662 2079 2710 sunt
2106 2652 2384 2721 condignae
2406 2653 2698 2722 passiones
2730 2653 2919 2721 hujus
2947 2660 3270 2725 temporis
3295 2661 3372 2713 ad
3396 2658 3634 2714 futuram

1958 2744 2182 2811 gloriam
2219 2744 2300 2808 ἐς
2345 2762 2369 2795 r
2405 2754 2461 2798 et
2492 2757 2620 2799 cum
2668 2744 2746 2797 ibi
2785 2760 2853 2799 se
2889 2748 3283 2806 existimare
3315 2753 3549 2815 dixerit,
3582 2754 3633 2806 iu

1967 2837 2047 2890 his
2077 2836 2219 2890 scire
2250 2849 2309 2889 se
2334 2836 2463 2888 dicit
2490 2834 2637 2902 quod
2667 2839 2866 2890 omnis
2903 2849 3217 2894 creatura
3260 2843 3635 2911 congemiscat

1953 2935 2008 2977 et
2053 2924 2333 2980 condoleat
2364 2922 2521 2994 (98),
2555 2940 2667 2990 quo
2704 2925 2943 2981 scilicet
2984 2930 3155 2983 nihil
3209 2933 3273 2986 iu
3317 2934 3434 2987 hoc
3483 2949 3634 2987 sensu

324 3017 441 3073 Dei,
472 3019 580 3073 sed
607 3021 674 3073 al,
708 3021 811 3082 his,
842 3021 886 3075 εί
921 3022 1147 3085 videtur,
1189 3025 1450 3093 exemplis
1478 3028 1638 3081 etiam
1670 3029 1735 3081 ad
1767 3045 1854 3082 δυ,
1880 3032 1925 3088 ο
1959 3015 2315 3070 dubitationis
2365 3015 2658 3068 habeatur.
2712 3015 3031 3072 Creatura
3092 3023 3267 3076 enim
3290 3065 3310 3090 ,
3359 3025 3489 3079 licet
3535 3039 3636 3078 non

318 3107 528 3175 periora
550 3110 868 3173 conscende,
894 3119 948 3164 et
974 3111 1094 3165 vide
1128 3113 1294 3180 ipsius
1331 3114 1479 3181 solis,
1509 3125 1563 3169 et
1597 3116 1758 3182 lunae,
1786 3133 1851 3171 ac

316 3195 590 3252 stellarum
619 3199 763 3264 cceli,
784 3209 836 3252 et
867 3201 1027 3254 totius
1049 3203 1229 3255 mundi
1254 3205 1546 3258 ministeria
1585 3208 1853 3275 quomodo

320 3284 555 3352 subjecta
593 3297 719 3341 sunt
750 3290 1006 3351 vanitati,
1039 3293 1478 3371 corruptionique
1516 3296 1845 3352 deserviunt.

318 3376 400 3428 Ad
425 3391 555 3431 usus
579 3392 808 3446 namque
841 3381 1112 3434 hominum
1138 3382 1295 3437 alunt
1321 3393 1529 3453 segetes
1551 3424 1568 3450 ,
1596 3387 1849 3440 arborum

322 3465 530 3519 fructus
561 3467 672 3537 (94)
721 3471 1058 3536 producunt,
1114 3472 1445 3542 herbamque
1491 3489 1849 3543 camporum:

322 3564 485 3624 atque
525 3560 736 3611 eosdem
784 3560 837 3612 in
865 3576 923 3614 se
955 3574 1283 3618 revertentes
1324 3567 1447 3619 anui
1478 3566 1709 3621 circulos
1740 3567 1854 3620 vol-

319 3655 469 3699 vunt.
505 3646 773 3715 Reparant
793 3652 932 3703 enim
957 3667 1077 3720 quae
1109 3664 1454 3722 praetereunt.
1486 3667 1541 3711 et
1568 3659 1851 3724 prmterire

318 3749 529 3789 rursum
577 3753 692 3806 quae
724 3751 965 3808 reparata
1012 3754 1157 3808 sunt,
1204 3745 1407 3801 sinunt.
1453 3748 1597 3815 Ipsos
1643 3762 1853 3815 quoque

320 3827 571 3893 angelos,
602 3830 647 3881 si
678 3831 746 3882 ad
787 3833 1104 3886 sententiam
1149 3834 1294 3888 Pauli
1323 3837 1581 3904 respicias
1610 3851 1728 3905 quae
1772 3838 1853 3888 di-

318 3918 413 3979 cit,
443 3918 567 3985 quia
599 3935 619 3970 ι
642 3933 825 3974 omnes
853 3921 1232 3979 ministeriales
1259 3935 1384 3979 sunt
1414 3927 1631 3993 spiritus
1658 3926 1724 3979 ad
1754 3927 1850 3978 mi-

320 4009 595 4063 nisterium
631 4011 776 4065 missi
814 4021 1032 4081 propter
1077 4029 1169 4069 eos
1212 4016 1304 4084 qui
1350 4016 1711 4069 haereditatem
1759 4030 1851 4069 ca-

319 4098 470 4164 piunt
501 4090 761 4164 salutis",
793 4121 814 4153 ι
848 4103 1114 4172 intelliges
1145 4105 1248 4158 tale
1289 4106 1487 4171 aliquid
1538 4120 1724 4173 gerere
1745 4144 1762 4169 ,
1797 4115 1852 4159 et

323 4186 451 4240 huic
486 4191 815 4259 corruptioni
871 4206 989 4246 esse
1023 4192 1291 4262 subjectos
1318 4191 1431 4261 (95)
1461 4209 1477 4245 :
1505 4193 1664 4246 credo
1691 4193 1849 4246 etiam

317 4272 463 4342 ipsos
502 4292 608 4330 non
651 4280 907 4344 volentes,
949 4282 1039 4334 sed
1085 4290 1299 4349 propter
1338 4295 1457 4334 etun
1500 4282 1587 4350 qui
1626 4282 1853 4350 subjecit

1961 3104 2145 3159 volens
2170 3104 2411 3174 subjecta
2440 3105 2534 3169 sit,
2564 3115 2758 3159 tamen
2811 3112 3122 3175 quoniam
3177 3116 3475 3169 voluntati
3502 3116 3636 3171 cedit

1955 3194 2074 3262 ejus
2106 3196 2195 3263 qui
2228 3194 2481 3263 subjecit,
2509 3194 2687 3247 etiam
2726 3193 3033 3252 aﬂ‘cctum
3076 3202 3216 3271 (99)
3247 3207 3557 3273 quemdam
3587 3214 3638 3257 et

1958 3285 2275 3338 charitatem
2308 3284 2453 3337 circa
2504 3296 2603 3337 eos
2636 3285 2883 3340 exhibet
2917 3326 2938 3351 ,
2976 3307 3101 3357 pro
3154 3296 3387 3362 quibus
3430 3297 3640 3352 videtur

1959 3388 2076 3428 esse
2097 3371 2362 3440 subjecta,
2395 3382 2452 3425 et
2483 3388 2584 3441 pro
2617 3374 2929 3431 doloribus
2959 3395 3198 3436 eorum
3229 3388 3423 3447 dolet.
3448 3396 3507 3440 et
3545 3400 3638 3454 pro

1958 3464 2246 3533 gemitibus
2272 3463 2474 3532 gemit.
2506 3464 2567 3517 Si
2599 3456 2740 3521 vero
2762 3506 2779 3530 ,
2817 3479 2896 3546 ut,
2930 3473 2996 3526 in
3031 3475 3178 3530 aliis
3219 3477 3639 3546 exemplaribus

1958 3554 2252 3616 invenitur,
2284 3553 2360 3607 ita
2388 3553 2661 3623 legamus,
2707 3575 2728 3607 ι
2763 3544 3198 3633 congemiscit
3226 3583 3291 3623 ct
3324 3544 3587 3640 parturit,
3616 3587 3634 3617 ι

1957 3643 2249 3699 secundum
2281 3642 2432 3697 illum
2486 3657 2717 3699 sensum
2771 3653 3176 3720 accipiemus
3216 3678 3239 3711 ε
3290 3660 3582 3728 parturit.
3617 3677 3636 3709 ι

1956 3750 2066 3802 quo
2116 3736 2246 3789 dicit
2293 3736 2592 3803 Apostolus
2642 3741 2925 3806 genitisse
2967 3759 3046 3801 se
3083 3763 3208 3818 per
3271 3750 3636 3822 Evangeliuin

1954 3839 2048 3878 eos
2077 3838 2210 3892 quos
2242 3838 2337 3892 per
2366 3823 2528 3877 ﬁdem
2575 3825 2788 3880 Christi
2824 3832 3141 3896 produxit
3191 3839 3272 3893 ad
3322 3840 3513 3895 lucem
3547 3841 3590 3871 "
3622 3855 3637 3900 ;

1958 3920 2037 3973 \el
2073 3921 2215 3973 sicut
2243 3920 2307 3972 de
2336 3918 2459 3971 aliis
2484 3918 2612 3972 alibi
2648 3919 2732 3989 (-l)
2763 3921 2921 3978 dixit
2960 3947 2974 3981 :
3034 3947 3059 3978 σ
3100 3928 3319 3987 Filioli
3355 3934 3472 3988 mei
3511 3945 3640 4001 quos

1958 4012 2149 4063 iterum
2193 4008 2436 4076 parturio
2462 4047 2477 4071 ,
2509 4010 2686 4064 donec
2737 4011 3053 4071 formetur
3103 4020 3405 4080 Christus
3442 4025 3500 4079 in
3550 4038 3643 4077 vo-

1956 4100 2039 4152 bis
2067 4099 2134 4151 ι’.
2177 4116 2198 4150 ›
2228 4097 2470 4152 Parturit
2505 4113 2640 4168 ergo
2667 4110 2725 4154 et
2758 4115 3056 4161 creatura
3093 4126 3209 4168 eos
3247 4130 3408 4184 quos
3441 4116 3524 4183 (2)
3569 4131 3647 4167 ³⁵⁸⁸

1956 4199 2179 4259 generat
2205 4191 2271 4243 ad
2301 4190 2559 4247 salutem.
2593 4190 2757 4257 Quod
2797 4196 2851 4249 si
2884 4200 3086 4256 etiam
3142 4206 3267 4261 lzoc
3328 4207 3646 4279 legentibus

1957 4281 2128 4334 visum
2158 4278 2327 4332 fuerit
2355 4279 2783 4348 requirendum,
2811 4301 2926 4340 cur
2970 4290 3035 4344 in
3068 4278 3511 4363 Sltperioriims
3536 4307 3644 4351 εον-

317 4376 411 4418 eos
440 4365 492 4418 iit
521 4366 668 4433 spe’.
700 4385 720 4417 ι
750 4367 1015 4422 Voluntati
1045 4372 1185 4423 enim
1216 4370 1360 4423 illius
1380 4371 1499 4441 quis
1527 4372 1727 4425 resistit
1747 4371 1807 4425 δῖ)
1828 4392 1845 4424 ι
1882 4363 1926 4417 Ι)
1958 4372 2032 4424 tio
2055 4370 2413 4424 nominaverit
2436 4381 2784 4440 creaturam,
2816 4387 2881 4431 et
2914 4397 3236 4452 nusquam
3275 4391 3506 4446 dixerit
3533 4406 3649 4445 om-

378 4523 435 4618 '.'.
451 4522 493 4618 11
516 4523 636 4618 9‘":
663 4527 791 4618 “.i'
855 4526 900 4618 1°
1088 4546 1162 4589 ’κο
1194 4531 1307 4618 ’ξςη
1348 4528 1694 4618 ⁹⁷ι¹1.⁴99¹“’-ἳν
1716 4528 1851 4618 9.8-

2005 4533 2264 4618 Philip..~1,
2293 4532 2401 4618 2.5L
2458 4534 2505 4565 ’θ
2532 4533 2571 4586 11
2602 4533 2736 4618 Epr.
2763 4555 2826 4618 ii,
3022 4547 3040 4577 '
3071 4547 3119 4601 ll
3158 4550 3331 4607 Tim.
3375 4569 3460 4618 tv,
3516 4553 3650 4609 6—8.

316 4588 347 4625 ί
397 4592 558 4646 llebr.
616 4611 650 4651 ι.
708 4595 793 4647 ιι.
867 4588 1047 4648 ἰξυῖ..
1104 4601 1329 4652 vut.‘20.
1405 4588 1803 4661 ‘ll0tit.tx,19.

534 4843 693 4904 Etliti,
725 4864 743 4894 ι
774 4862 876 4911 quo
905 4848 1158 4903 liberetur
1186 4849 1237 4900 iit
1275 4849 1396 4902 liliis
1429 4850 1540 4914 Dei,
1571 4865 1693 4903 cutn
1722 4860 1855 4904 teme

320 4921 421 4975 ptis
445 4909 724 4976 libertatis,
761 4909 916 4969 sieta.

411 4978 502 5043 9|)
538 4981 693 5041 Quia.
730 4984 1066 5036 Desitleraltlr
1098 4986 1148 5035 in
1172 4986 1360 5038 editis.

389 4981 502 5112 ξω)
538 4981 693 5041 Quia.
730 4984 1066 5036 Desideratur
1098 4986 1148 5035 in
1172 4986 1360 5038 editis.

406 5047 500 5116 9‘2)
528 5048 686 5115 Editi,
731 5070 750 5100 ι
789 5066 1104 5120 permanere
1146 5054 1198 5105 itt
1229 5070 1388 5109 carne
1419 5056 1587 5125 magis
1631 5068 1849 5122 prnptcr

319 5126 434 5165 vos.
471 5134 489 5166 ι

331 5248 343 5254 _
387 5182 496 5254 (95)
538 5184 675 5237 Etliti
702 5224 719 5250 ,
753 5205 773 5238 ι
806 5187 1093 5243 Permanet
1134 5198 1314 5244 autem
1365 5194 1418 5246 in
1464 5207 1625 5247 carne
1647 5230 1662 5254 ,
1694 5212 1713 5241 ι
1745 5202 1850 5243 elo»

330 5248 526 5304 lit-inde
559 5248 934 5327 mssiquidam
960 5297 977 5322 ,
1012 5276 1032 5309 ι
1073 5267 1131 5311 ιιι
1156 5271 1337 5315 autem
1371 5263 1586 5317 revelati
1621 5248 1785 5327 sunt;
1829 5278 1847 5310 ι

326 5327 378 5363 et
402 5329 605 5381 postea,
642 5338 661 5371 ι
691 5322 967 5377 liberatur.
1006 5345 1025 5377 ι

538 5388 700 5461 Eiliti,
733 5409 752 5442 ι
781 5393 1020 5460 arbores,
1062 5395 1281 5451 fructus.
1314 5417 1333 5449 ι
1538 5438 1569 5461 μ

403 5451 698 5532 (95)_Alias,
730 5478 747 5507 ι
784 5461 885 5532 tale
906 5451 1030 5528 quid
1062 5480 1268 5532 gerere,
1291 5476 1346 5525 et
1371 5468 1495 5522 huic
1525 5451 1715 5522 rationi
1736 5481 1849 5521 esse.

329 5517 627 5581 subjectos;
661 5542 677 5571 ι
715 5529 865 5578 male.

407 5585 515 5653 (96)
538 5587 787 5655 Oﬁicinm.
824 5597 975 5652 Deest
1004 5601 1052 5653 iu
1084 5602 1234 5659 libris
1263 5616 1413 5660 antea
1445 5604 1621 5658 editis.

1880 4606 1900 4636 ⁵
1922 4607 2049 4658 thlt.
2080 4619 2132 4660 Χ.
2160 4600 2243 4654 15.
2315 4602 2335 4631 ⁸
2366 4604 2496 4657 ltuit.
2528 4605 2699 4665 Χ,21.

317 4674 361 4726 1,
389 4662 471 4715 14.
535 4663 559 4694 ⁸
582 4662 735 4719 Joau.
763 4682 816 4729 κ,
853 4665 934 4718 l6.
1010 4666 1032 4693 ⁸
1053 4669 1073 4719 1
1098 4667 1220 4721 Cor.
1252 4683 1340 4731 xv,
1369 4669 1457 4722 28‘
1531 4669 1574 4700 ¹⁰
1606 4665 1760 4720 Rom.
1792 4682 1908 4735 vui.
1939 4674 2029 4731 2?...

2783 4608 2827 4637 θ’
2861 4611 3045 4671 liam.
3076 4633 3223 4683 \‘lll,
3252 4608 3391 4677 ‘20;
3434 4608 3460 4656 ί
3482 4608 3648 4677 Hebr.

2501 4673 2746 4728 ntuor.
2778 4689 2859 4745 iv,
2896 4683 2998 4737 ιδ.
3090 4687 3147 4719 ι’
3180 4673 3402 4747 ess}.
3446 4673 3646 4759 ιῦξΊῡζ

2106 4673 2145 4703 ¹¹
2182 4671 2311 4725 ibid.
2338 4672 2425 4725 18.

2024 4849 2142 4938 (97)
2354 4861 2483 4938 :(Ir’el‘
2506 4866 2704 4938 eget-lto"
2724 4854 2949 4938 inquit,
2975 4862 3090 4917 fuit
3128 4867 3190 4921 in
3224 4872 3598 4938 adiutorium
3623 4893 3643 4923 ι

1961 4917 2137 4996 (alant
2297 4918 2428 4996 inihi
2462 4921 2711 4996 adjutor)
2747 4917 2889 4996 nisi,
2934 4917 2955 4981 ἱ
2988 4946 3105 4986 etc.

2033 4985 2590 5078 in
2623 4985 2715 5078 his
2747 4985 2923 5078 scire
2952 4985 3018 5056 se
3051 4985 3210 5061 dixit
3261 5014 3432 5078 quod
3464 5015 3650 5067 omnis

1954 5065 2596 5144 eieiiqirancpugemiscit
2622 5072 2681 5114 et
2709 5070 2990 5144 condntet
3024 5089 3132 5144 usq
3145 5093 3223 5132 uc
3251 5065 3487 5136 adhuc.
3528 5101 3548 5132 ι

1957 5123 2142 5247 asa?)
2163 5123 2358 5247 ’Ξίὲέὶξίν
2386 5128 2646 5198 Plerique
2671 5171 2689 5195 ς
2732 5154 2754 5185 ι
2793 5139 2895 5206 qui
2953 5123 3222 5211 έυιὶὶἐὲίῖ
3510 5123 3648 5205 {me—

2030 5232 2695 5353 :Desiilerati_i_r
2719 5274 2779 5329 in
2804 5278 2998 5346 editis,
3020 5284 3122 5352 qui
3152 5297 3380 5353 postea
3405 5292 3643 5353 habent,

1965 5329 2346 5419 f__l‘_i_|i:3[i_gttsi
2395 5351 2539 5403 quos
2583 5343 2776 5403 adhuc
2807 5329 3122 5419 ratiis:
3154 5329 3640 5416 ἷῖἒὲιῖιέὶῒὶἐῖ

1961 5413 2100 5468 υηυβ
2128 5400 2347 5468 Regius.
2415 5400 2430 5403 ’
2756 5400 2771 5403 ν
2807 5400 3061 5419 την-η·-
3096 5400 3113 5421 ς

2266 5487 2371 5524 ius.
2401 5491 2551 5556 unus
2588 5479 2806 5556 Regius
2843 5507 3002 5545 unm.
3030 5491 3203 5556 1639,
3248 5496 3553 5554 Rabanus
3586 5509 3645 5555 cz

1955 5534 2255 5673 Egili.qh‘l|:s.
2289 5556 2425 5595 vero
2454 5551 2564 5602 duo
2593 5534 3646 5638 Ιιίιίῖρῖιῖ.’ζ’βξτὶιίῆἶᾏιῖἔξιυέϊὲἷεῖί

2039 5622 2071 5667 ’ν
2224 5625 2271 5669 s,
2317 5630 2334 5659 ι
2373 5625 2486 5670 etc.

2057 5644 2071 5667 9
2111 5625 2271 5670 (W05.
2317 5630 2334 5659 ι
2373 5625 2486 5670 etc.
