3894 6218
341 253 494 319 ista

340 364 433 416 nis
481 376 731 423 creatura
770 388 787 435 ;

336 453 497 506 enim
529 458 777 523 quoniam
814 462 984 514 omnis
1012 471 1248 515 creatura
1285 466 1643 534 congemiscit,
1672 478 1726 520 et
1749 483 1875 521 con-

337 538 500 594 dolet
540 542 585 575 “
609 543 686 613 (5)
720 566 731 598 :
766 565 782 595 ι
815 557 986 613 potest
1029 548 1105 602 sic
1132 549 1390 619 intelligi,
1417 553 1539 621 quia
1569 570 1670 606 non
1706 555 1877 608 omnis

335 630 570 697 quidem
601 634 674 710 (i)
720 646 960 691 creatura
989 647 1070 693 est
1118 653 1232 706 quae
1282 640 1577 710 ingemiscit
1614 652 1667 698 et
1710 644 1869 710 dolet,

338 717 455 772 hoc
484 731 570 775 est
616 739 734 790 qute
780 728 1080 782 necessitati
1102 729 1339 797 corporis
1366 731 1723 800 corruptibilis
1748 733 1875 787 sub-

329 805 498 875 jacet
529 827 544 864 :
578 814 751 866 omnis
797 824 972 870 autem
1008 827 1248 871 creatura
1296 828 1375 874 est
1408 835 1525 888 qua:
1579 820 1877 876 dolentibus

333 898 606 954 condolet
631 940 647 966 ,
694 910 748 956 et
785 917 902 971 quae
947 907 1274 973 gementibus
1303 909 1662 976 congemisclt.
1692 909 1876 965 Omnis

333 998 532 1044 autem
566 1000 812 1045 creatura
855 994 1096 1059 superior
1138 1009 1331 1064 agones
1359 1005 1412 1048 et
1453 997 1739 1050 certamina
1778 1014 1875 1050 no-

334 1085 463 1130 stra
492 1089 721 1146 spectat,
749 1090 801 1133 et
828 1081 970 1133 dolet
1001 1097 1117 1134 cum
1147 1082 1428 1148 vincimur,
1459 1099 1577 1137 curn
1615 1100 1737 1137 vero
1765 1085 1879 1136 viu-

334 1166 527 1219 cimus
558 1167 753 1235 gaudet
781 1167 854 1237 (5)
873 1184 888 1228 ;
907 1179 961 1221 et
987 1168 1153 1222 multo
1184 1169 1473 1237 plusquam
1501 1169 1876 1239 uobis,il|is(6)

336 1254 496 1308 inest
527 1256 759 1325 gaudere
788 1271 904 1310 cum
952 1257 1295 1325 gaudentibus
1334 1254 1407 1312 et'
1430 1259 1604 1314 dolere
1628 1276 1745 1314 cum
1786 1263 1879 1317 du-

333 1341 595 1397 lentibus
621 1344 688 1398 ¹³.

414 1431 475 1485 5.
507 1448 529 1482 ι
566 1431 683 1485 Νοη
712 1433 881 1486 solum
917 1443 1116 1500 autem,
1148 1435 1238 1489 sed
1276 1445 1330 1490 et
1361 1451 1455 1490 nos
1488 1436 1585 1506 ipsi
1621 1436 1878 1507 primitias

335 1521 594 1587 Spiritus
639 1522 941 1589 habentes,
988 1527 1144 1578 etiam
1177 1527 1271 1593 ipsi
1325 1526 1458 1579 intra
1503 1543 1594 1580 nos
1623 1526 1878 1596 gemimus

334 1612 700 1680 adoptionem
752 1613 971 1665 ﬁliorum
999 1615 1073 1684 (7)
1116 1625 1484 1681 exspectantes
1507 1657 1523 1678 ,
1555 1617 1875 1684 redemptio-

1274 260 1614 318 COMMENT.
1651 263 1713 317 IN
1751 263 2068 321 EPIST.AD
2104 264 2262 319 ROM.
2300 262 2424 316 LIB.
2467 258 2572 313 VII.

840 371 906 423 ad
951 372 1189 426 ultimum
1229 390 1356 430 vero
1388 378 1530 431 dicat
1560 395 1573 431 :
1610 398 1628 430 ι
1663 378 1869 433 Scimus
1895 388 1944 440 Α
1976 398 1994 431 ι
2049 381 2152 435 Sed
2200 390 2254 435 et
2306 396 2403 437 nos
2434 382 2535 451 ipsi
2571 376 2831 450 primitias
2857 374 3088 445 Spiritus
3130 376 3399 430 habentes.
3459 397 3478 429 ι

3346 263 3379 316 ’1
3392 263 3409 316 1
3422 261 3482 316 14

1974 470 2183 524 Scimus
2230 470 2371 525 enim
2421 472 2683 540 scriptum
2737 481 2859 523 esse
2909 468 2962 519 in
3016 465 3127 532 lege
3175 466 3215 495 "
3269 464 3417 533 (10)
3464 483 3480 519 :

1976 574 1997 609 ι
2029 556 2297 611 Primitias
2328 572 2486 624 areae,
2519 568 2572 612 et
2601 557 2869 622 primitias
2896 553 3177 608 torcularis
3203 568 3304 606 non
3345 554 3488 606 frau-

1972 645 2120 701 dabis
2157 663 2171 699 :
2212 664 2231 696 ι
2265 655 2319 700 et
2348 647 2430 699 “:
2461 664 2480 698 ι
2521 646 2792 700 Primitias
2835 644 3068 697 omnium
3115 642 3322 710 frugum
3367 650 3485 695 tua-

1973 747 2090 786 rum
2117 718 2320 785 irii'éres
2350 732 2403 785 in
2433 733 2643 785 domum
2681 728 2889 783 Domini
2932 727 3022 780 Dei
3055 726 3148 778 tui.
3196 743 3214 774 ι
3243 724 3375 789 Quid
3404 740 3490 778 er-

1972 835 2038 888 go
2074 821 2098 873 ?
2131 821 2281 874 Sicut
2326 820 2572 888 primitiae
2621 832 2759 871 areae
2809 825 2864 871 et
2914 815 3160 883 primitiae
3209 813 3491 867 torcularis

1973 911 2210 977 ejusdem
2242 910 2410 979 frugis
2439 919 2580 972 sunt,
2608 908 2762 972 cujus
2803 915 2885 960 est
2922 916 2975 958 et
3011 904 3208 970 reliqua
3240 918 3384 964 area,
3409 902 3490 957 vel

1973 1001 2205 1067 ejusdem
2234 1000 2343 1066 (11)
2391 999 2610 1066 liquoris
2654 997 2805 1062 cujus
2846 1005 2901 1048 et
2946 993 3197 1054 torcular,
3240 993 3379 1045 itane
3411 992 3493 1043 vi-

1974 1088 2178 1141 debitur
2221 1086 2379 1156 599
2415 1096 2467 1139 et
2506 1084 2643 1152 quod
2686 1083 2814 1136 dicit
2858 1080 3101 1149 primitiae
3159 1077 3386 1144 Spiritus
3427 1091 3493 1128 ex

1977 1177 2153 1230 multis
2185 1177 2402 1244 reliquis
2425 1174 2702 1242 spiritibus
2732 1172 2931 1224 sanctis
2956 1180 3011 1221 et
3041 1168 3209 1222 beatis
3234 1179 3369 1219 unus
3398 1165 3496 1217 ali-

1974 1262 2092 1334 quis
2119 1279 2239 1317 esse
2291 1261 2624 1331 praecipuus?
2660 1260 2738 1312 An
2773 1258 2901 1312 illud
2926 1257 3102 1324 potius
3122 1254 3493 1323 intelligemus,

1975 1356 2114 1423 quod
2131 1392 2148 1416 ,
2172 1353 2464 1407 secundum
2489 1365 2551 1405 ea
2578 1350 2685 1419 (12)
2724 1364 2841 1417 qua:
2862 1346 3102 1414 superius
3131 1343 3494 1406 disseruimus,

1974 1442 2127 1496 multi
2173 1441 2281 1494 sint
2335 1440 2558 1508 spiritus
2605 1438 2985 1491 ministeriales
3033 1433 3395 1488 ministrantes
3442 1430 3494 1484 in

1976 1532 2277 1585 ministerio
2326 1540 2545 1598 propter
2591 1544 2684 1581 eos
2733 1529 2819 1593 qui
2872 1525 3237 1580 luereditatem
3283 1522 3497 1586 capiunt

1975 1621 2164 1674 salutis
2191 1621 2256 1680 ",
2287 1621 2386 1673 sub
2428 1619 2619 1685 quibus
2662 1632 2827 1682 agens
2870 1615 3236 1683 unusquisque
3277 1612 3496 1665 creden-

336 1717 477 1754 nem
516 1703 764 1770 corporis
809 1703 996 1756 nostri.
1037 1703 1144 1771 Spe
1169 1706 1307 1756 enim
1339 1705 1469 1757 salvi
1519 1705 1639 1757 facti
1674 1720 1875 1758 sunms.
1908 1685 1948 1738 Β
1979 1711 2107 1762 tium
2152 1707 2296 1761 velut
2335 1706 2431 1759 sub
2477 1706 2737 1757 tutoribus
2774 1712 2827 1757 et
2874 1703 3304 1770 procuratoribus
3347 1700 3499 1752 insti-

336 1789 495 1857 Spes
522 1800 702 1844 autem
733 1806 848 1858 qua:
874 1792 1095 1854 videtur,
1132 1808 1234 1845 non
1271 1804 1352 1846 est
1397 1809 1534 1861 spes.
1565 1794 1711 1858 Quod
1740 1796 1876 1847 enim

337 1881 508 1934 videt
535 1881 658 1947 quis
683 1921 699 1945 ,
730 1880 853 1946 quid
884 1881 1100 1947 sperat?
1133 1881 1235 1934 Sed
1270 1882 1314 1934 si
1340 1885 1476 1950 quod
1509 1900 1608 1935 non
1644 1884 1880 1938 videmus

334 1982 643 2034 Speramus
667 2006 683 2032 ,
715 1983 807 2035 per
839 1970 1146 2034 patientiam
1179 1981 1548 2038 exspectamus
1593 1974 1655 2026 ".
1695 1993 1713 2024 ι
1745 1974 1881 2027 Con-

333 2056 696 2110 soetudinern
721 2060 1019 2125 apostolica:
1043 2061 1359 2113 elocutionis
1385 2077 1502 2115 esse
1527 2077 1663 2130 sa'pe
1698 2063 1880 2117 docui-

335 2162 495 2209 ruus,
519 2163 640 2199 cum
673 2148 820 2209 dicit,
853 2166 872 2198 ι
907 2149 1017 2202 Νοη
1047 2149 1214 2203 solum
1247 2162 1447 2214 autem,
1476 2171 1493 2199 ι
1522 2162 1574 2204 et
1604 2153 1727 2205 nihil
1757 2156 1883 2207 sub-

326 2235 531 2306 jungit
573 2237 662 2290 cui
708 2240 873 2304 aptari
927 2239 1152 2303 debeat,
1187 2241 1548 2308 superioribus
1580 2243 1736 2294 dictis
1768 2257 1883 2295 esse

336 2327 703 2379 referendum
729 2369 743 2390 ,
781 2329 920 2381 sicut
950 2339 1004 2381 et
1039 2330 1088 2382 in
1129 2331 1374 2399 praesenti
1402 2330 1633 2399 capitulo
1663 2330 1882 2399 intelligi

335 2416 539 2468 datur.
585 2414 718 2469 Tale
746 2432 970 2485 namque
997 2427 1081 2472 est
1107 2420 1244 2486 quod
1289 2420 1463 2472 dicere
1496 2419 1739 2472 videtur:
1770 2419 1883 2472 Non

332 2504 531 2559 solum
558 2506 736 2558 omnis
769 2515 1012 2559 creatura
1042 2508 1382 2576 congemiscit
1407 2517 1458 2560 et
1490 2509 1767 2573 condolet;
1794 2509 1884 2562 sed

1981 1800 2148 1853 tuitur
2182 1813 2351 1866 usque
2384 1796 2447 1848 ad
2480 1797 2798 1862 przeiiuitum
2828 1803 3033 1859 tempus
3070 1809 3098 1845 a
3124 1791 3276 1844 Patre
3297 1791 3364 1851 ⁸ο,
3399 1791 3500 1842 hoc

1979 1892 2095 1946 est,
2146 1897 2422 1950 usquequo
2464 1882 2527 1932 ad
2575 1880 2862 1947 legitimam
2897 1890 3104 1932 zelatem
3141 1878 3331 1931 animus
3376 1891 3495 1942 per—

1976 1969 2221 2023 fectionis
2247 1969 2548 2031 advenerit,
2583 1970 2669 2019 ubi
2697 1968 2815 2035 quis
2842 1966 2949 2033 jam
2993 1978 3363 2032 supergressus
3390 1961 3500 2033 (15)

1979 2057 2220 2125 spiritum
2269 2057 2541 2110 servitutis
2586 2071 2740 2125 quem
2786 2064 3063 2121 acceperat
3103 2054 3153 2105 in
3194 2052 3420 2113 timore,
3468 2068 3498 2103 a

1978 2160 2083 2212 quo
2122 2144 2267 2196 velut
2300 2145 2586 2211 paedagogo
2631 2151 2966 2203 servaretur,
3006 2143 3193 2206 dignus
3237 2141 3502 2191 eﬂicialnr

1979 2234 2217 2300 accipere
2240 2232 2541 2299 adeptionis
2567 2232 2803 2298 Spiritum
2834 2230 3094 2295 primitias
3115 2230 3343 2294 Spiritus
3367 2228 3499 2295 (14),

1981 2339 2075 2391 per
2102 2337 2256 2390 quem
2288 2323 2567 2389 adoptatus
2598 2322 2648 2372 in
2685 2320 2848 2371 lilium
2889 2319 3054 2385 possit
3081 2319 3238 2370 etiam
3270 2316 3500 2383 primiti-

1982 2429 2165 2465 vormn
2195 2411 2442 2463 Ecclesia:
2476 2426 2592 2478 quae
2626 2411 2676 2463 in
2714 2409 2861 2461 caelis
2892 2418 2974 2461 est
3001 2407 3239 2460 sociari?
3270 2407 3332 2459 Et
3358 2407 3496 2459 sicut

1984 2501 2146 2553 multo
2196 2499 2369 2551 diil'ert
2410 2497 2574 2550 lilium
2621 2512 2740 2549 esse
2767 2511 2923 2563 quam
2953 2508 3163 2547 servum
3186 2531 3202 2556 ,
3233 2492 3304 2545 ita
3336 2492 3503 2544 multo

1983 2589 2160 2642 dill'ert
2184 2604 2212 2640 a
2250 2587 2692 2641 rninisterialibus
2716 2584 2984 2651 spiritibus
3011 2582 3238 2649 Spiritus
3265 2592 3501 2645 sanctus,

1982 2679 2134 2747 cujus
2173 2676 2439 2744 primitias
2468 2674 2662 2727 Paulus
2704 2690 2820 2726 cum
2863 2675 2974 2725 suis
3022 2672 3283 2725 similibus
3311 2672 3505 2726 habere

333 2601 397 2645 et
434 2606 543 2645 nos
576 2591 675 2659 ipsi
724 2591 987 2658 primitias
1034 2591 1261 2660 Spiritus
1286 2592 1539 2645 habentes
1562 2630 1578 2654 ,
1620 2593 1754 2645 intra
1790 2608 1886 2645 nos

335 2682 647 2752 gemimus.
679 2679 749 2733 Et
780 2695 873 2733 nos
909 2682 1046 2734 enim
1075 2693 1438 2748 exspectamus
1464 2681 1801 2748 adoptionem
1827 2680 1887 2733 li-

334 2770 556 2823 liorum
581 2767 698 2833 Dei,
723 2776 777 2820 et
807 2768 1217 2834 redemptionem
1238 2767 1474 2836 corporis
1494 2767 1888 2832 nostri.Qu'am-
1983 2781 2040 2819 se
2069 2767 2216 2818 dicit.
2263 2764 2410 2819 Unus
2448 2763 2539 2816 hic
2575 2762 2766 2815 modus
2806 2761 2879 2813 sit
2906 2775 3010 2828 quo
3051 2761 3313 2813 sermonis
3346 2758 3504 2825 hujus

332 2861 431 2913 vis
478 2858 588 2912 hoc
620 2858 740 2926 ipso
760 2857 866 2924 jam
903 2859 1039 2925 quod
1069 2850 1280 2912 Christo
1323 2859 1587 2913 credimus
1614 2896 1631 2920 ,
1661 2858 1883 2911 salutem
1985 2855 2386 2922 intelligentiam
2437 2851 2703 2921 potuimus
2743 2851 3012 2919 indagare.
3060 2850 3342 2904 Videamus
3367 2864 3506 2903 nunc

334 2947 514 3002 nobis
573 2948 861 3015 praestitam
916 2949 1233 3011 noverimus,
1284 2956 1452 3000 tamen
1483 2948 1535 3000 in
1576 2960 1671 3013 spe
1717 2945 1886 2999 adhuc
1909 2986 1952 3041 ϐ
1984 2951 2037 2996 et
2067 2943 2248 2994 alium.
2294 2940 2541 3009 Legimus
2574 2943 2711 3009 apud
2743 2940 2916 3007 ipsum
2949 2940 3246 3008 apostolum
3278 2937 3503 2992 Paulum

331 3048 428 3093 est
453 3037 609 3092 salus
632 3036 754 3100 ista,
777 3053 879 3091 non
912 3037 962 3089 in
993 3046 1208 3103 aspectu
1236 3036 1518 3090 visibilium
1549 3035 1645 3106 (8).
1673 3035 1726 3087 Si
1744 3036 1882 3089 enim

328 3128 460 3198 jam
493 3128 788 3190 videretur,
825 3142 924 3179 non
957 3128 1136 3191 utique
1160 3136 1485 3194 speraretur.
1522 3126 1710 3193 Sperat
1740 3125 1881 3178 enim

330 3217 480 3287 quis
512 3223 573 3270 ut
601 3215 797 3269 videat.
824 3214 880 3269 Si
903 3230 1025 3268 vero
1044 3216 1218 3268 videat
1245 3231 1361 3283 qua:
1393 3217 1659 3282 sperabat,
1693 3228 1881 3280 strper-

330 3309 520 3362 ﬂuum
550 3314 636 3360 est
668 3307 804 3360 ultra
834 3318 1049 3373 sperare
1083 3319 1200 3372 quae
1241 3305 1391 3357 videt
1432 3303 1527 3374 (9).
1558 3302 1664 3359 Nos
1705 3312 1879 3357 autem

333 3411 508 3465 spem
541 3410 650 3449 non
674 3395 938 3447 habemus
966 3394 1018 3446 in
1056 3393 1137 3447 bis
1164 3409 1279 3461 qua:
1308 3394 1582 3458 videnlur,
1615 3410 1678 3447 ne
1712 3391 1881 3446 inanis

334 3488 420 3542 sit
459 3499 590 3555 spes
626 3494 830 3549 nostra,
858 3485 949 3538 sed
988 3484 1040 3536 in
1070 3484 1152 3537 bis
1197 3500 1314 3552 qua:
1362 3498 1462 3537 non
1509 3484 1772 3537 videntur.
1819 3483 1882 3535 Et

337 3578 479 3632 ideo
506 3575 632 3644 quia
659 3589 775 3644 qua:
807 3590 906 3627 non
941 3574 1186 3627 videntur
1214 3590 1513 3641 speramus,
1552 3583 1605 3627 et
1634 3584 1738 3626 tam
1768 3590 1881 3626 ma-

337 3682 459 3737 gna
510 3675 637 3720 sunt
686 3674 900 3734 tamque
938 3664 1162 3732 gloriosa
1195 3705 1211 3727 ,
1250 3674 1305 3717 ut
1341 3667 1518 3718 umltis
1566 3667 1836 3719 laboribus
1863 3705 1880 3730 ,

335 3754 649 3823 multisque
697 3755 1125 3809 tribulationibus
1168 3765 1222 3807 et
1270 3755 1520 3822 periculis
1568 3757 1883 3823 capiantur,

337 3847 565 3902 idcirco
611 3858 673 3898 ea
707 3860 800 3910 per
847 3844 1154 3911 patientiam
1205 3855 1599 3912 exspectamus,
1635 3856 1881 3910 tanquam

333 3936 441 3987 vix
503 3931 797 3999 aliquando
862 3943 1100 3984 ventura.
1164 3932 1286 3985 Haec
1342 3932 1571 3986 dixintus
1629 3933 1882 3985 directum

334 4025 667 4093 quemdam,
693 4031 742 4073 et
774 4020 1077 4073 lucidiorem
1104 4023 1437 4074 sermonilms
1480 4024 1604 4088 ipsis
1634 4022 1885 4089 apostoli-

334 4115 427 4166 cis
456 4110 707 4167 ordinem
744 4110 950 4164 dantes.
969 4109 1137 4172 Nunc,
1168 4112 1211 4163 si
1245 4112 1468 4173 videtur,
1494 4113 1619 4180 quid
1643 4112 1881 4178 estquod

1984 3032 2119 3085 dona
2158 3031 2240 3082 vel
2270 3032 2468 3098 gratias
2493 3031 2664 3082 sancti
2691 3028 2921 3094 Spiritus
2947 3028 3138 3081 multus
3162 3028 3377 3095 spiritus
3410 3043 3507 3079 no-

1986 3121 2196 3182 rnmari,
2228 3131 2284 3171 ut
2308 3134 2426 3172 curn
2452 3120 2579 3171 dicit
2606 3136 2620 3170 :
2658 3136 2678 3167 ι
2700 3118 2846 3169 Nunc
2868 3127 3043 3169 autem
3070 3118 3319 3184 quoniam
3343 3131 3507 3169 annu-

1983 3210 2179 3263 latores
2204 3210 2335 3263 estis
2366 3210 2648 3277 spirituum
2676 3248 2692 3273 ,
2723 3210 2786 3261 ad
2816 3208 3221 3261 aediﬁcationem
3255 3206 3506 3260 Ecclesia:

1985 3300 2206 3368 qumite
2241 3306 2298 3350 ut
2338 3298 2618 3352 abundetis
2639 3299 2681 3329 ¹¹
2704 3313 2718 3360 ;
2743 3316 2761 3348 ι
2796 3308 2848 3350 et
2877 3298 2998 3350 item
3027 3298 3199 3351 alibi:
3234 3316 3253 3349 ‹
3276 3296 3506 3365 Spiritus

1985 3388 2358 3456 prophetarum
2388 3388 2662 3454 prophetis
2682 3385 2910 3453 subjecti~
2937 3396 3060 3440 sunt
3086 3388 3162 3452 ²²;
3189 3404 3207 3436 ι
3242 3386 3506 3454 subjectos

1985 3478 2167 3532 dicens
2193 3477 2408 3544 spiritus
2437 3475 2546 3545 (l5)
2588 3477 3002 3545 prophetarum,
3051 3491 3151 3530 non
3203 3477 3356 3543 quasi
3394 3489 3505 3527 me-

1986 3565 2106 3620 liori
2136 3563 2443 3629 inferiores,
2490 3564 2580 3618 sed
2618 3580 2715 3632 pro
2745 3582 2809 3617 eo
2839 3566 2975 3631 quod
3009 3566 3207 3617 habens
3236 3564 3356 3632 quis
3383 3578 3508 3630 pro-

1985 3656 2178 3724 pbetize
2210 3656 2450 3726 spiritum
2502 3671 2604 3708 nou
2651 3658 2850 3709 invitus
2890 3656 3031 3724 loqui
3064 3656 3307 3723 cogitur,
3354 3663 3412 3706 ut
3435 3653 3506 3707 illi

1986 3752 2074 3816 qui
2128 3748 2323 3801 habent
2355 3745 2574 3816 spiritus
2622 3746 2921 3801 immundos
2947 3784 2961 3807 ,
3010 3746 3099 3796 sed
3144 3759 3262 3796 cum
3303 3742 3413 3795 vult
3454 3750 3509 3794 et

1990 3840 2123 3891 ratio
2165 3838 2396 3906 postulat
2431 3838 2562 3890 dicit
2589 3854 2604 3888 :
2638 3853 2756 3891 cum
2787 3849 2913 3891 vero
2945 3833 3124 3884 dicere
3153 3841 3506 3899 opportunum

1988 3944 2091 3979 non
2126 3928 2385 3980 videbitur
2407 3965 2422 3991 ,
2473 3926 2624 3991 silet,
2675 3928 2809 3979 bene
2840 3926 3012 3979 sciens
3050 3923 3174 3993 qsxia
3207 3931 3410 3985 Icmpus
3439 3919 3509 3973 sit

1991 4016 2195 4068 tacendi
2224 4026 2278 4068 et
2307 4026 2511 4083 tempus
2537 4015 2785 4083 loquendi
2815 4015 2878 4067 ”.
2922 4015 2985 4068 Et
3017 4016 3135 4069 ideo
3166 4030 3269 4067 non
3307 4012 3374 4065 ad
3422 4010 3509 4063 in-

1979 4107 2174 4173 juriam
2207 4107 2434 4170 dicitur,
2463 4107 2585 4175 quia
2634 4107 2902 4175 prophetis
2928 4107 3151 4175 subjecti
3182 4115 3304 4160 sunt
3344 4104 3504 4173 spiri-

336 4213 493 4255 uovo
531 4198 639 4252 hoc
668 4212 917 4250 sermone
967 4196 1162 4250 indicet
1208 4197 1480 4252 videamus
1506 4237 1521 4261 ,
1554 4214 1658 4265 quo
1698 4198 1831 4250 dixit
1867 4216 1879 4250 :
1916 4192 1957 4245 D
1990 4208 2103 4260 tus,
2131 4195 2222 4248 sed
2246 4194 2311 4248 ad
2343 4195 2827 4262 dispensationem,
2873 4198 3009 4250 sicut
3056 4206 3110 4250 et
3153 4196 3278 4249 illud
3305 4196 3501 4250 dictum

420 4362 474 4399 ³⁸
504 4359 670 4414 Rom.
692 4372 808 4417 vin.
835 4355 925 4409 22.
1020 4356 1061 4387 “
1091 4356 1242 4407 Rom.
1271 4373 1378 4417 xu,
1410 4356 1494 4410 15.

1591 4359 1635 4389 ’⁸
1662 4357 1813 4410 Rom.
1843 4372 1930 4409 \‘Ill
1951 4398 1964 4417 ,
1993 4356 2176 4410 22-25.

2270 4357 2310 4387 "’
2356 4354 2507 4408 Nmn.
2536 4371 2658 4408 xvm
2686 4398 2699 4417 ,
2734 4357 2819 4409 97.
2915 4357 2956 4389 ¹⁸
2985 4358 3125 4412 Exod
3150 4398 3163 4412 .
3194 4366 3383 4423 xxxiv,
3415 4328 3507 4418 ‘26.

345 4432 400 4463 "'
433 4429 607 4483 Hebr.
642 4442 682 4491 l,
715 4426 799 4480 M.
867 4428 911 4456 ¹⁰
939 4424 1110 4478 Galal.
1138 4440 1210 4486 tv,
1236 4424 1289 4476 2.
1357 4427 1400 4457 ²¹
1430 4426 1447 4478 Ι
1473 4427 1597 4479 Cor.
1628 4441 1698 4488 Iv,
1735 4427 1821 4478 12.
1851 4428 1896 4456 ¹²
1928 4428 2055 4479 ibid.
2081 4425 2169 4478 59..
2242 4425 2288 4455 “
2321 4425 2493 4477 Eccle.
2530 4441 2607 4489 Ill,
2639 4427 2689 4478 7.

422 4603 504 4670 (3i
543 4599 709 4664 Editi,
737 4618 756 4650 ι
782 4600 1194 4667 congemiscitct
1222 4600 1468 4667 parturit,
1492 4610 1544 4654 et
1570 4601 1833 4666 condolet,
1860 4619 1878 4652 ι

335 4674 517 4727 male.

424 4741 507 4808 (4)
534 4735 864 4808 Quidam.er
895 4736 1054 4787 editis
1085 4736 1366 4808 omittitur.

449 4804 507 4869 5)
533 4805 700 4865 Edili,
733 4826 751 4854 ι
785 4805 915 4857 Cum
946 4820 1070 4870 ergo
1095 4805 1350 4857 vincimus
1382 4804 1591 4871 gaudet.
1628 4822 1647 4856 ι

449 4810 507 4869 5)
533 4809 700 4865 Edili,
733 4826 751 4854 ι
785 4809 915 4857 Cum
946 4820 1070 4870 ergo
1095 4809 1240 4857 vincis

422 4809 507 4944 (6)
549 4872 803 4944 [deditis
827 4873 977 4944 deest
1009 4891 1026 4944 ε
1062 4873 1184 4925 illis.
1220 4892 1240 4920 ι

425 4939 505 5011 (7)
528 4941 707 5011 Editi,
744 4949 863 5011 t‘et‘
882 4939 979 5007 ipsi
1015 4939 1145 4991 intra
1180 4954 1273 4992 nos
1318 4939 1608 5011 gemimus,
1643 4941 1885 5008 adoptio-

336 5006 743 5070 neiudiliorum
777 5006 931 5068 Dei,»
963 5017 1090 5069 etc.,
1119 5016 1173 5061 et
1201 5017 1405 5074 postea,
1430 5025 1447 5056 ι
1474 5008 1527 5061 Si
1552 5017 1724 5063 autem
1743 5006 1881 5078 quod

338 5097 464 5137 non
493 5079 761 5137 videmus,
802 5094 821 5126 ι
848 5082 952 5128 etc.

424 5148 506 5217 (8)
549 5142 671 5197 Non
715 5145 1014 5217 prospectu
1058 5142 1350 5217 visibilium.
1391 5140 1482 5195 Sic
1526 5158 1652 5217 mss.
1682 5158 1887 5217 omnes,

342 5211 624 5271 Ba‘banus
650 5220 702 5264 et
723 5211 871 5274 editi,
901 5211 1163 5277 nisiquod
1195 5211 1429 5276 plerique
1445 5212 1690 5262 emittant
1722 5231 1740 5261 ι
1766 5215 1836 5267 in.
1863 5233 1882 5265 ι

343 5286 469 5339 Sed
511 5290 691 5334 tamen
732 5279 1005 5347 legendum
1038 5278 1264 5340 videtur,
1299 5296 1317 5328 ι
1352 5294 1453 5331 non
1487 5277 1538 5329 in
1569 5292 1783 5345 aspectu
1810 5283 1888 5335 vi-

340 5350 526 5408 sibili.
576 5366 596 5399 ι

427 5418 507 5485 t9)
540 5413 681 5485 Editi
707 5453 722 5478 ,
751 5431 771 5463 α
803 5427 906 5465 non
937 5418 1017 5463 est
1045 5410 1182 5462 ultra
1214 5412 1607 5485 speraremquod
1638 5413 1825 5485 videt.
1852 5435 1871 5485 ξ

429 5479 547 5554 (10)
596 5483 687 5555 S_ic
715 5494 910 5555 omnes
942 5493 1087 5555 mssa
1121 5482 1283 5531 uestri
1331 5489 1383 5555 et
1427 5479 1684 5555 Rabauus.
1733 5481 1873 5537 Editi

341 5548 538 5619 γεέο,⁷
561 5569 581 5602 r
612 5550 879 5617 Scriptum
901 5548 1163 5608 cstenim,
1195 5558 1250 5599 ut
1282 5548 1497 5611 scimus,
1528 5549 1575 5599 iu
1606 5549 1740 5617 lege.
1778 5569 1797 5601 ι

2057 4600 2165 4669 (ll)
2200 4600 2334 4652 Editi
2371 4609 2423 4652 et
2449 4617 2546 4652 ms.
2579 4617 2713 4651 unus
2747 4601 2940 4669 llegins
2973 4601 3336 4669 nttrti.1659.t
3359 4601 3505 4666 ejus.

1993 4669 2109 4720 dem
2150 4667 2381 4735 liquoris
2412 4678 2490 4721 est
2518 4670 2668 4737 t'ttjus
2708 4667 2967 4729 torcular;
3003 4670 3142 4721 itane
3168 4667 3446 4737 videbitur,
3486 4688 3504 4719 ι

1985 4748 2109 4798 etc.,
2139 4749 2191 4789 et
2215 4738 2365 4801 tieest
2388 4775 2402 4798 ,
2442 4756 2458 4786 ι
2511 4736 2677 4801 frugis
2713 4747 2831 4788 Sillli
2860 4777 2874 4798 ,
2921 4737 3068 4801 cujus
3099 4745 3260 4789 estet
3309 4736 3508 4803 reliqua

1988 4818 2136 4864 area,
2169 4805 2247 4856 vel
2280 4804 2537 4870 ejusdem,
2570 4822 2588 4853 ι
2623 4815 2724 4855 etc.

2053 4872 2163 4941 (12)
2199 4869 2337 4924 Editi
2384 4881 2438 4924 et
2478 4886 2605 4922 mss.
2653 4871 2904 4941 quidam,
2944 4890 2961 4920 ι
2988 4869 3335 4941 intelligimus
3368 4869 3508 4941 quod

1983 4937 2125 5004 cum,
2146 4937 2447 4993 secundum
2475 4953 2556 4990 ea.
2586 4956 2603 4987 ι
2653 4937 2851 4990 Deinde
2882 4955 2979 4990 ms.
3014 4952 3181 4997 unus,
3229 4954 3246 4987 ι
3271 4938 3508 4990 ministe-

1982 5008 2141 5060 riales
2168 5010 2218 5060 in
2251 5007 2601 5061 ministerium
2642 5005 2812 5057 missi.
2853 5024 2870 5055 ι
2916 5017 3018 5058 etc.
3044 5046 3057 5067 ,
3100 5013 3153 5056 et
3191 5006 3346 5072 paulo
3391 5010 3510 5074 post

1981 5077 2130 5137 editi,
2168 5094 2185 5125 ί
2216 5076 2516 5135 instruitur,
2544 5090 2561 5121 ι
2612 5088 2707 5138 pro
2755 5088 2772 5120 t
2800 5074 3112 5125 instituitur.
3140 5090 3158 5121 ι

2052 5140 2167 5211 (15)
2203 5140 2290 5211 Sic
2341 5142 2462 5192 editi
2516 5149 2739 5211 et_t_nss.
2777 5139 2888 5192 fere
2931 5138 3506 5211 omnes.‘his._tamen

1983 5205 2118 5263 unus
2145 5205 2338 5276 Regius
2369 5223 2514 5259 num.
2544 5205 2711 5276 1659Ξ
2750 5223 2770 5255 ι
2802 5222 3074 5276 usquequo
3102 5207 3193 5276 ad,
3215 5207 3505 5275 legitimam

1985 5272 2343 5331 liaeredita'tem
2378 5276 2567 5327 animm
2594 5272 2924 5342 perfectioris
2953 5272 3246 5341 advenerit,
3272 5272 3339 5328 ut
3380 5291 3504 5343 gra—

1984 5345 2147 5396 datim
2180 5357 2548 5408 supergressus
2567 5382 2580 5400 ,
2609 5360 2627 5391 ι
2660 5350 2761 5393 etc.

2050 5414 2159 5482 (14)
2191 5411 2472 5482 Primi-(iris
2491 5411 2736 5475 Spiritus.
2770 5410 2891 5463 “tu:
2920 5410 3074 5461 verba
3108 5409 3295 5475 desunt
3326 5410 3377 5465 iu
3405 5428 3502 5466 rus.

1979 5478 2144 5549 Regio
2171 5495 2325 5549 num.
2349 5478 2497 5549 165d.

2048 5545 2156 5617 (l5)
2188 5548 2431 5615 Spiritus.
2466 5545 2795 5599 Dcsidcratur
2826 5545 2875 5598 it:
2908 5546 3083 5599 editis.
