3894 6236
367 287 502 342 1115

1779 288 2093 345 ORIGENIS

3565 267 3708 322 1116

367 398 654 464 accipimus
696 397 759 448 de
789 395 1064 449 Salvatore
1110 395 1254 463 (16),
1302 397 1426 465 quia
1462 416 1483 450 ο
1511 405 1635 453 tunc
1681 407 1736 454 et
1778 401 1892 468 ipse
1920 412 1966 464 Α
1997 403 2160 464 ritus,
2188 399 2386 455 videris
2431 399 2476 452 si
2519 393 2860 466 probandus
2891 383 3203 442 occurrit.
3251 378 3484 468 Adhuc
3516 387 3704 468 autem

366 485 533 540 Filius
563 485 830 552 subjectus
862 486 964 539 erit
989 487 1037 540 ei
1069 487 1156 554 qui
1185 487 1284 540 sibi
1315 489 1551 542 subdidit
1580 491 1758 543 omnia
1787 492 1887 544 “.i

366 574 432 626 Et
463 574 546 626 hic
573 573 711 626 enim
738 592 756 622 ι
779 573 1050 641 subjectus
1077 593 1094 624 ι
1127 589 1234 627 non
1259 577 1411 643 quasi
1438 578 1658 632 inferior
1678 580 1890 632 dicitur.

365 665 639 730 Quomodo
685 665 825 718 enim
873 665 1095 720 inferior
1131 667 1234 721 dici
1286 677 1461 736 potest
1495 671 1586 738 qui
1619 671 1785 725 Filius
1812 682 1894 725 est

361 765 414 807 et
438 753 614 806 omnia
646 762 726 806 est
764 770 880 822 qua!
911 753 1068 808 Pater
1099 757 1211 824 (l7)
1237 758 1260 810 ?
1297 776 1314 808 ι
1340 757 1528 812 Omnia
1556 761 1698 814 enim
1719 797 1735 824 ,
1762 779 1779 810 ι
1813 760 1893 812 in-

360 844 506 911 quit,
545 861 564 894 r
596 842 783 908 Pater,
825 854 910 897 tua
959 861 1074 900 mea
1111 857 1232 901 sunt
1261 850 1359 902 π.»
1395 849 1498 904 Sed
1538 851 1588 903 in
1641 850 1726 905 his
1763 865 1893 919 quos

360 931 503 986 Patri
529 933 706 988 subdit
731 936 1011 989 credentes
1040 936 1089 989 in
1117 951 1194 1003 se,
1217 940 1467 1006 quoniam
1500 941 1549 991 in
1576 954 1894 1007 unoquoque

359 1037 543 1076 eorum
574 1039 632 1077 se
659 1039 778 1078 esse
801 1026 928 1079 dicit
953 1067 969 1091 ,
999 1036 1050 1080 et
1078 1043 1132 1080 se
1165 1028 1214 1079 in
1241 1029 1318 1081 eis
1346 1030 1473 1081 dicit
1501 1031 1546 1060 η
1577 1029 1815 1091 esurire,
1841 1039 1894 1082 et

359 1111 507 1164 sitire
531 1149 546 1173 ,
584 1120 638 1165 et
669 1113 868 1165 nudum
901 1128 1019 1166 esse
1045 1155 1059 1176 ,
1090 1129 1253 1182 sa-que
1282 1117 1422 1182 pasci
1458 1116 1508 1168 in
1539 1116 1618 1169 eis
1645 1125 1700 1170 et
1746 1115 1891 1169 indui

357 1199 669 1268 proﬁtetur,
704 1201 903 1255 idcirco
941 1213 994 1257 et
1023 1204 1074 1256 in
1107 1204 1210 1257 illis
1237 1204 1348 1272 ipse
1389 1206 1584 1259 dicitur
1623 1221 1740 1259 esse
1767 1206 1894 1258 sub-

353 1287 528 1353 jectus
553 1288 686 1357 (18).
720 1289 825 1344 Sed
857 1291 970 1344 bare
1003 1306 1096 1358 per
1125 1307 1405 1346 excessum
1437 1294 1716 1360 quemdam
1757 1293 1891 1346 dicta

361 1379 486 1432 sint.
520 1379 668 1434 Nunc
689 1391 863 1435 autem
896 1382 960 1434 ad
993 1384 1316 1450 propositum
1350 1385 1561 1451 quidem
1596 1387 1888 1440 redeamus.

360 1469 506 1524 Dona
536 1486 665 1541 ergo
711 1472 920 1526 diversa
954 1471 1186 1541 Spiritus
1220 1490 1246 1526 a
1280 1473 1446 1528 Paulo
1481 1475 1630 1528 multi
1679 1474 1895 1543 spiritus

360 1561 710 1628 appellantur.
784 1563 982 1616 Horum
1049 1573 1226 1618 autem
1292 1565 1575 1619 multorum
1634 1566 1893 1620 donorum

358 1652 612 1721 quidquid
654 1662 740 1708 est
767 1669 1030 1708 summum
1057 1665 1110 1708 et
1139 1671 1387 1724 magnum
1418 1657 1533 1710 sine
1563 1657 1724 1710 dubio
1767 1672 1894 1724 apo-

359 1739 481 1793 stoli
517 1745 788 1796 consecuti
824 1757 949 1797 sunt
974 1785 988 1805 ,
1018 1753 1073 1796 ut
1105 1745 1278 1799 idonei
1310 1759 1509 1807 essent,
1538 1747 1675 1800 sicut
1702 1756 1754 1799 et
1783 1748 1894 1814 ipse

361 1828 554 1884 Paulus
575 1830 704 1885 dicit
727 1833 790 1896 ’⁷,
824 1834 1047 1887 ministri
1077 1832 1213 1887 Novi
1244 1835 1603 1899 Testamenti,
1634 1845 1689 1889 et
1723 1847 1779 1890 ut
1812 1851 1896 1889 re.

361 1919 506 1986 plere
564 1931 780 1987 possent
830 1922 1176 1992 Evangelium
1221 1924 1334 1993 (l9)
1385 1924 1452 1978 ab
1492 1922 1787 1979 Jerusalem
1840 1925 1894 1978 in

358 2009 584 2064 circuitu
629 2028 797 2080 usque
844 2015 908 2066 ad
945 2014 1213 2084 Illyricum
1244 2016 1307 2068 ’“.
1343 2015 1455 2068 Hoc
1489 2030 1617 2084 ergo
1658 2014 1797 2083 quod
1840 2014 1893 2068 in

359 2115 453 2154 eos
502 2116 609 2169 prce
651 2103 860 2156 caeteris
908 2105 1190 2158 sublimius
1228 2115 1281 2158 et
1310 2105 1616 2174 praeclarius
1643 2105 1894 2158 collatum

359 2199 439 2242 est
482 2192 652 2245 sancti
681 2193 912 2260 Spiritus
944 2194 1137 2248 donum
1166 2235 1181 2260 ,
1212 2195 1402 2248 merito
1435 2195 1696 2264 primitias
1723 2196 1893 2248 sancti

361 2284 593 2353 Spiritus
621 2287 926 2356 appellavit.
958 2287 1022 2340 Et
1050 2289 1168 2342 ideo
1194 2289 1340 2351 dicit,
1377 2307 1394 2339 ι
1415 2291 1507 2363 sed
1538 2299 1590 2342 et
1620 2303 1714 2341 nos
1739 2287 1890 2356 ipsi.»

357 2373 418 2429 In
471 2390 576 2444 quo
621 2377 924 2444 specialiter
977 2379 1255 2447 designare
1299 2380 1509 2432 videtur
1551 2379 1895 2446 apostolicam

358 2465 692 2534 dignitatem.
736 2486 753 2516 ί
785 2465 919 2520 Nos»
963 2482 1091 2534 ergo
1114 2505 1128 2530 ,
1161 2469 1369 2536 inquit,
1412 2469 1539 2535 «ipsi
1567 2507 1582 2530 ,
1615 2487 1633 2518 ι
1674 2468 1776 2521 hoc
1809 2477 1892 2522 est

359 2552 616 2620 apostoli,
652 2573 669 2604 ι
693 2555 956 2622 primitias
988 2557 1220 2625 Spiritus
1248 2557 1526 2620 habentes,
1557 2575 1574 2607 ι
1626 2557 1714 2625 qui
1744 2556 1897 2610 electi

359 2655 542 2696 sumus
571 2642 638 2696 ad
669 2645 769 2697 hoc
815 2654 871 2696 ut
919 2645 1183 2712 primitias
1228 2644 1460 2713 Spiritus
1506 2647 1894 2713 acciperemus,

356 2731 518 2784 etiam
554 2750 572 2782 ι
623 2732 718 2800 ipsi
760 2733 895 2786 intra
932 2750 1030 2788 nos
1059 2729 1387 2802 gemimusd
1439 2735 1494 2786 In
1544 2745 1784 2799 tantum,
1819 2737 1899 2787 in-

359 2821 496 2888 quit,
531 2822 672 2874 nulla
700 2833 944 2877 creatura
978 2835 1060 2877 est
1096 2839 1213 2892 quae
1241 2825 1517 2878 doloribus
1541 2833 1594 2878 et
1619 2825 1898 2893 gemitibus

362 2921 546 2972 vacet,
611 2919 668 2964 ut
717 2912 879 2966 etiam
931 2929 1030 2966 nos
1085 2913 1184 2980 ipsi
1234 2913 1324 2981 qui
1374 2928 1579 2967 summa
1625 2929 1653 2966 a
1699 2913 1896 2982 Spiritu

363 3010 545 3052 sancto
589 3009 641 3052 et
685 3000 852 3054 electa
893 3004 1032 3055 dona
1078 3004 1448 3070 percepimus,
1490 3013 1663 3057 tamen
1703 3019 1898 3073 exspe-

361 3095 569 3140 ctantes
597 3086 705 3156 (ευ)
734 3088 1066 3156 adoptionem
1097 3089 1346 3150 liliorum,
1380 3089 1430 3141 id
1462 3099 1543 3143 est
1564 3129 1578 3151 ,
1609 3089 1894 3158 perfectio-

365 3192 484 3230 nem
517 3192 700 3231 eorum
735 3193 867 3246 quos
899 3179 1089 3231 docere
1115 3190 1166 3232 et
1193 3179 1477 3232 instituere
1507 3179 1652 3233 missi
1687 3195 1892 3243 sumus,

365 3272 534 3323 donec
555 3269 827 3322 videamus
850 3284 941 3323 eos
963 3269 1015 3322 in
1042 3278 1245 3322 tantum
1269 3268 1552 3336 prolicere,
1577 3279 1634 3322 ut
1655 3269 1892 3338 adoptari

367 3369 672 3414 mereantur
702 3359 752 3411 in
787 3357 958 3423 lilios,
1009 3360 1308 3413 necessario
1359 3359 1598 3413 dolemus
1636 3367 1689 3412 et
1727 3359 1896 3427 gemi-

367 3464 504 3501 lllllS.
546 3448 722 3502 Donec
750 3463 876 3516 ergo
907 3463 1034 3511 nos,
1068 3448 1279 3516 inquam
1301 3487 1316 3513 ,
1349 3449 1438 3517 qui
1483 3449 1810 3502 instituimur
1832 3447 1900 3501 ab

365 3535 446 3590 eis
480 3535 614 3605 (2|),
649 3536 997 3604 negligimus,
1028 3545 1081 3590 et
1111 3552 1400 3600 moramur,
1431 3546 1484 3591 et
1508 3537 1901 3592 emendationis

370 3634 566 3678 nostra:
599 3634 804 3692 tempus
835 3625 1044 3693 longius
1068 3625 1390 3693 protelamus
1410 3664 1426 3690 ,
1458 3626 1628 3679 donec
1669 3640 1771 3680 non
1809 3626 1897 3680 in-

370 3715 600 3770 visibilia
626 3717 936 3784 quaerimus,
963 3715 1055 3768 sed
1092 3715 1387 3768 visibilibus
1417 3714 1742 3770 delectamur
1761 3754 1778 3781 ,
1805 3715 1902 3770 do-

367 3807 509 3864 iores
553 3807 804 3878 apostolis
859 3821 1288 3869 commovemus,
1331 3819 1394 3860 ac
1437 3806 1670 3871 luctum,
1719 3816 1777 3860 ut
1821 3807 1895 3862 ita

367 3900 574 3964 dicam,
618 3900 878 3954 universa:
903 3907 1160 3952 creatura:
1186 3908 1241 3952 et
1281 3896 1510 3966 gemitus
1551 3897 1894 3952 suscitamus.

371 3988 626 4044 liniversa
656 4004 883 4058 namque
921 3997 1166 4044 creatura
1215 3987 1514 4057 ingemiscit
1559 3996 1613 4040 et
1653 3985 1898 4040 condolet

367 4079 574 4132 duritiae
599 4089 654 4134 et
684 4077 1126 4134 dissimulationis
1156 4087 1348 4131 nostra:
1370 4076 1564 4128 damna
1595 4075 1892 4141 suspirans.

1991 493 2246 547 addemus
2277 491 2390 562 (22)
2419 501 2473 544 et
2503 490 2768 544 tertium.
2827 482 2997 535 Idem
3036 478 3174 547 ipse
3197 467 3565 568 AApostolus
3597 467 3705 568 ite-

1992 598 2106 636 rum
2157 583 2278 636 dicit
2331 581 2444 650 (‘23)
2493 579 2562 632 de
2591 576 2840 630 Domino
2869 571 3016 625 Jesu
3055 565 3329 650 Christo
3358 601 3392 650 ,4
3441 565 3582 627 quia
3635 565 3704 610 sit

1996 686 2015 718 ι
2047 647 2435 736 primogenitus
2472 665 2657 718 omnis
2700 673 3001 714 creaturae
3037 657 3113 706 ³³.
3144 673 3169 705 ι
3222 649 3315 704 Ne
3365 647 3532 702 forte
3574 662 3706 713 ergo

1992 769 2050 810 ut
2095 756 2181 810 ille
2215 774 2233 806 ι
2264 757 2669 826 primogenitus
2702 752 2823 825 (24)
2861 769 2882 802 ›
2925 748 3164 802 dicitur
3216 759 3242 792 ε
3279 739 3491 794 omnis
3539 752 3706 792 crea-

1993 857 2161 912 turm,
2191 867 2209 900 ο
2242 849 2331 902 tali
2366 850 2605 916 quadam
2639 849 2871 901 ratione
2905 843 3100 897 etiam
3138 833 3496 890 multorum
3535 831 3704 897 spiri-

1995 948 2141 991 tuum
2173 939 2424 1006 primitize
2460 939 2683 992 dicatur
2713 935 2976 1004 Spiritus
3007 937 3315 984 sanctus.
3368 922 3470 976 Sit
3501 931 3563 976 et
3607 921 3708 974 iste

1991 1025 2338 1093 expositionis
2367 1027 2561 1080 tertius
2591 1025 2711 1094 (25)
2753 1035 2995 1077 mouus.
3050 1017 3304 1072 Probet
3353 1022 3560 1066 autem
3614 1011 3707 1079 qui

1992 1115 2150 1184 legit,
2198 1116 2325 1185 quid
2373 1118 2566 1171 horum
2619 1115 2802 1185 magis
2849 1109 3071 1166 sensui
3132 1104 3494 1162 conveniat
3539 1101 3709 1172 θα)

1991 1209 2303 1274 apostolico.
2337 1209 2394 1262 Si
2430 1223 2564 1262 vero
2593 1209 2744 1276 quod
2780 1206 2976 1266 dixit,
3028 1221 3051 1252 ι
3095 1201 3183 1255 Et
3216 1213 3337 1253 nos
3371 1197 3486 1266 ipsi
3519 1197 3705 1265 primi-

1995 1299 2095 1353 tias
2139 1299 2376 1368 Spiritus
2422 1300 2730 1364 habentes,
2760 1315 2780 1348 ι
2831 1297 2906 1350 de
2955 1293 3274 1348 omnibus
3332 1289 3565 1342 dictum
3615 1286 3703 1354 qui

1992 1391 2217 1456 gratiam
2246 1385 2501 1455 baptismi
2530 1383 2828 1440 consecuti
2861 1382 3176 1435 videntur
3215 1376 3499 1445 accipias
3527 1414 3544 1438 ,
3578 1390 3705 1441 spe-

1994 1477 2218 1530 randum
2265 1484 2352 1530 est
2395 1476 2526 1530 illud
2575 1475 2724 1545 quod
2779 1474 2942 1528 idem
3004 1468 3375 1540 Apostolus
3430 1465 3700 1554 dixit't:

1997 1581 2016 1616 ι
2045 1565 2196 1630 Quod
2223 1565 2267 1619 si
2301 1565 2560 1633 primitiae
2605 1572 2822 1618 sancta:
2850 1599 2869 1625 ,
2917 1569 2986 1616 et
3044 1575 3272 1614 massa
3312 1575 3330 1613 :
3375 1567 3440 1611 et
3470 1557 3518 1610 si
3552 1555 3702 1611 radix

1994 1665 2198 1719 sancta,
2232 1665 2288 1710 et
2313 1657 2472 1710 rami.
2505 1675 2524 1707 ι
2561 1655 2718 1720 Quod
2759 1661 2820 1708 et
2871 1653 2922 1706 si
2963 1653 3058 1704 ita
3097 1652 3226 1714 sit,
3284 1657 3494 1702 tamen
3538 1647 3703 1714 ipsius

1926 1729 1970 1788 Β
1998 1760 2182 1798 massa:
2213 1744 2264 1796 in
2295 1758 2400 1810 qua
2445 1745 2664 1797 videtur
2708 1740 2969 1796 indicari
3016 1737 3379 1793 multitudo
3427 1736 3698 1801 ﬁdelium,

1995 1834 2243 1902 primitiae
2287 1833 2600 1887 necessario
2653 1832 3031 1886 videbuntur
3093 1829 3238 1898 (26)
3305 1829 3370 1882 in
3435 1826 3700 1895 apostolis

1995 1921 2285 1976 collocatae.
2335 1921 2426 1975 Sic
2469 1922 2620 1975 enim
2665 1921 2961 1990 scriptum
3003 1929 3115 1973 est
3147 1918 3228 1980 ”,
3267 1919 3417 1987 quia
3472 1917 3570 1970 «in
3606 1915 3696 1969 Ec-

1995 2013 2154 2067 clesia
2197 2012 2376 2082 posuit
2413 2011 2558 2066 Deus
2601 2013 2786 2081 primo
2822 2011 3168 2079 apostolos
3194 2049 3214 2074 ,
3272 2009 3546 2064 secundo
3575 2023 3695 2076 pro-

1997 2103 2220 2169 phetas,
2253 2103 2414 2157 tertio
2446 2104 2731 2157 doctores.
2765 2121 2787 2154 ι
2846 2102 2954 2156 Isti
2996 2117 3164 2172 ergo
3213 2103 3327 2172 qui
3362 2103 3556 2170 primo
3585 2099 3694 2155 loco

1995 2193 2267 2246 constituti
2311 2202 2476 2257 sunt,
2509 2201 2914 2261 competenter
2966 2193 3314 2260 primitias
3351 2192 3546 2246 sancti
3580 2192 3694 2259 Spi-

1996 2283 2129 2335 ritus
2157 2283 2348 2350 gratia:
2384 2283 2650 2350 spiritalis
2695 2283 2922 2336 habere
2961 2285 3351 2337 credentur.
3400 2282 3568 2338 Nunc
3587 2282 3688 2351 jam

1995 2374 2271 2427 videamus
2299 2373 2571 2440 quomodo
2599 2372 2990 2438 adoptionem
3041 2373 3334 2428 ﬁliorum
3369 2385 3692 2442 exspectare

1997 2476 2054 2516 se
2100 2462 2241 2516 dicat
2263 2463 2353 2531 qui
2404 2462 2460 2516 in
2509 2463 2917 2532 superioribus
2979 2464 3152 2519 dixit
3187 2465 3271 2529 ³³,
3330 2466 3480 2534 quia
3537 2482 3557 2517 ι
3588 2464 3691 2534 ipse

1996 2552 2224 2620 Spiritus
2263 2553 2633 2607 testimonium
2686 2553 2886 2608 reddit
2937 2555 3215 2624 spiritui
3261 2567 3526 2621 nostro,
3572 2558 3687 2624 quia

1995 2659 2176 2697 sumus
2225 2643 2317 2696 lilii
2364 2644 2495 2707 Dei;
2527 2663 2546 2694 ›
2601 2655 2659 2698 et
2691 2646 2911 2699 iterum
2968 2649 3318 2714 quomodo
3351 2648 3686 2716 redemptio-

2001 2744 2122 2784 nem
2152 2729 2388 2799 corporis
2427 2741 2612 2801 sperat
2662 2733 2759 2801 qui
2810 2733 2875 2787 in
2928 2735 3081 2789 aliis
3126 2736 3287 2790 dicit
3325 2755 3340 2788 ε
3385 2755 3406 2786 ι
3442 2735 3683 2789 Christus

1999 2837 2096 2881 nos
2135 2820 2357 2875 redemit
2380 2821 2450 2874 ⁸³.
2488 2839 2507 2871 ι
2534 2822 2642 2875 Sed
2664 2823 2806 2892 (27),
2834 2832 2908 2877 ut
2934 2824 3100 2879 mihi
3135 2827 3416 2889 videtur,
3451 2827 3570 2896 ipse
3592 2825 3684 2878 hoc

1995 2929 2059 2967 eo
2086 2926 2332 2966 sermone
2361 2912 2452 2982 qui
2505 2911 2558 2964 in
2606 2913 3008 2980 sequentibus
3051 2915 3338 2971 habetur
3368 2954 3387 2979 ,
3436 2916 3684 2970 absolvit.

1998 3002 2085 3055 Ait
2129 3001 2319 3055 enim:
2357 3019 2375 3052 ι
2407 2999 2516 3068 Spe
2558 3001 2697 3054 salvi
2750 3001 2898 3056 facti
2950 3020 3217 3060 sumus.
3257 3025 3281 3058 ι
3344 3006 3516 3072 Quod
3568 3019 3688 3073 ergo

1999 3092 2090 3144 ﬁlii
2145 3106 2371 3153 sumus,
2416 3100 2471 3144 et
2517 3092 2790 3159 redempti
2843 3108 3118 3159 sumus,
3174 3107 3242 3150 et
3289 3098 3456 3166 quod
3501 3097 3685 3150 salrati

1998 3195 2206 3244 sumus,
2239 3179 2292 3232 in
2319 3194 2416 3248 spe
2454 3181 2731 3235 consistit.
2789 3197 2810 3232 ‹
2839 3181 3030 3238 Nunc
3069 3188 3244 3240 enim
3284 3188 3560 3242 videmus
3603 3200 3691 3255 per

1997 3271 2292 3341 speculum,
2341 3280 2397 3324 et
2446 3270 2498 3324 in
2531 3270 2878 3339 aenigmate;
2937 3285 3108 3331 tunc
3167 3288 3384 3333 autem
3441 3279 3585 3334 facie
3628 3277 3689 3333 ad

1999 3359 2187 3412 [aciem
2210 3359 2255 3390 ”
2283 3375 2298 3412 :
2330 3375 2348 3409 ι
2386 3370 2485 3425 per
2511 3357 2803 3426 speculum
2835 3373 2993 3429 ergo
3035 3372 3108 3417 et
3147 3363 3211 3419 in
3248 3366 3566 3434 aenigmate
3605 3379 3688 3416 ac-

1995 3448 2220 3515 cipimus
2249 3445 2361 3517 (28)
2394 3455 2450 3499 et
2470 3445 2834 3512 adoptionem
2861 3459 2929 3502 et
2959 3451 3500 3523 redemptionem.
3545 3474 3565 3507 ι
3590 3454 3687 3508 Ad.

1994 3537 2140 3589 venit
2169 3555 2187 3586 ι
2237 3537 2381 3588 enim
2433 3535 2766 3603 «plenitudo
2823 3547 3202 3608 temporum
3235 3586 3254 3611 ,
3295 3565 3318 3599 ι
3378 3555 3442 3602 et
3497 3564 3518 3598 ι
3551 3546 3688 3600 misit

1995 3624 2134 3680 Deus
2162 3623 2354 3678 Filium
2382 3640 2539 3678 suum
2577 3625 2792 3681 factum
2825 3643 2904 3684 ex
2957 3635 3246 3692 muliere
3269 3678 3288 3702 ,
3328 3639 3550 3696 factum
3594 3637 3686 3694 sub

1994 3715 2131 3784 lege,
2175 3724 2234 3768 ut
2264 3729 2358 3768 eos
2398 3715 2495 3784 qui
2523 3717 2629 3771 sub
2675 3717 2801 3785 lege
2861 3733 3056 3778 erant
3116 3730 3487 3795 redimeret,
3517 3739 3578 3784 ut
3599 3729 3686 3782 ad-

1999 3806 2266 3872 optionem
2299 3805 2534 3860 ﬁliorum
2572 3809 2977 3878 reciperemus
3016 3816 3102 3874 ³⁸.
3130 3837 3153 3870 ο
3187 3818 3544 3890 Recipimus
3567 3835 3687 3890 ergo

2003 3896 2113 3966 (9.9)
2152 3897 2532 3965 adoptionem,
2577 3899 2675 3954 sed
2708 3899 2884 3957 istam
2917 3919 3068 3972 quae
3115 3921 3217 3964 est
3256 3927 3370 3981 per
3401 3910 3682 3980 speculum

2000 3999 2053 4042 et
2084 3988 2134 4041 in
2165 3987 2466 4057 aenigmate.
2495 3987 2633 4043 Cum
2688 3991 2884 4046 autem
2920 4000 3233 4056 venerint
3263 4018 3408 4067 quae
3451 4000 3683 4072 perfecta

2001 4087 2146 4143 sunt,
2185 4087 2312 4133 tunc
2353 4080 2706 4149 adoptionem
2754 4098 2776 4134 ι
2811 4083 2974 4140 lacie
3029 4089 3114 4143 ad
3166 4089 3406 4148 faciem
3439 4112 3461 4145 ι
3497 4105 3686 4147 conse-

366 4169 516 4224 Αιίυε
545 4168 632 4222 hic
659 4170 813 4224 nobis
839 4167 1233 4236 explanationis
1261 4165 1391 4219 ordo
1417 4165 1484 4216 de
1508 4162 1756 4231 primitiis
1778 4162 1896 4231 Spi-
1927 4178 1970 4232 ι)
1999 4181 2245 4234 quemur.
2276 4165 2430 4232 Quod
2457 4176 2646 4222 autem
2677 4169 2850 4237 dixit,
2886 4191 2908 4224 ι
2943 4176 3458 4248 redemptionem
3491 4196 3687 4252 corpo-

432 4284 480 4314 “
508 4281 523 4334 I
550 4282 672 4358 αρε.
700 4298 798 4358 xv,
815 4282 906 4358 g8.
979 4283 1022 4312 ’⁸
1051 4279 1202 4358 Joan:
1235 4295 1337 4358 xv_u
1357 4277 1485 4358 ,_
1559 4277 1605 4308 '°
1630 4275 1818 4358 Matth.
1851 4294 1894 4358 δέ

2111 4294 2224 4348 seq.
2281 4281 2344 4358 ᾗ]
2375 4279 2419 4334 ll
2445 4280 2574 4358 ςξθιζζ
2608 4297 2691 4358 in,
2709 4280 2764 4336 6.
2845 4287 3130 4358 "HRom.
3171 4309 3280 4358 xv,
3324 4296 3426 4350 19,
3507 4297 3554 4329 η
3585 4297 3684 4349 ρο-

367 4348 496 4403 loss.
524 4366 563 4413 ι,
599 4350 682 4403 l5.
756 4351 800 4381 ⁸ο
833 4349 986 4402 Rom.
1028 4364 1104 4415 ιι,
1138 4349 1218 4401 16.
1293 4348 1334 4378 ³¹
1369 4347 1390 4400 1
1424 4347 1547 4400 Cor.
1577 4361 1667 4410 xu,
1695 4344 1782 4400 28.
1855 4348 1894 4378 ⁸¹

2075 4386 2088 4402 .
2120 4344 2240 4414 vui,
2276 4348 2360 4403 16.

371 4417 416 4448 ³⁵
445 4418 619 4472 Galat.
649 4433 722 4484 ιν,
747 4419 803 4482 4,
831 4419 883 4471 5.

439 4509 548 4578 (16)
576 4510 737 4576 Editi,
771 4510 1104 4578 «accepimus
1133 4525 1160 4563 a
1194 4508 1486 4563 Salvatore.
1508 4527 1527 4559 ι

371 4649 412 4703 Ρ
441 4581 554 4699 (17)
589 4580 724 4633 Editi
744 4619 760 4644 ,
791 4599 808 4630 ι
831 4577 1037 4648 poterat
1063 4579 1152 4648 qui
1187 4578 1348 4632 Filius
1375 4586 1430 4632 et
1461 4577 1636 4630 omnia
1669 4586 1750 4631 est
1782 4591 1899 4646 quae

415 4665 442 4701 a
471 4664 548 4700 er.
576 4667 594 4700 ι

415 4659 548 4701 ater.
576 4667 594 4700 Ι

439 4715 554 4788 (18)
590 4715 896 4788 subjectus.
936 4714 1094 4770 Deest
1151 4713 1404 4788 in__edi_t_is
1442 4723 1500 4788 et
1537 4713 1590 4766 in
1640 4714 1903 4788 plerisque

372 4781 501 4841 mss.
521 4781 544 4848 ,'
571 4787 662 4840 sed
691 4781 992 4840 restituitur
1026 4799 1088 4837 ex
1122 4783 1302 4837 codice
1329 4781 1492 4850 Regio
1521 4797 1665 4834 num.
1699 4782 1852 4835 1659.

441 4854 552 4926 (19)
581 4854 671 4909 Sic
699 4869 801 4908 ms.
835 4869 970 4906 unus
996 4852 1190 4926 liegius
1222 4869 1366 4905 num.
1392 4851 1524 4926 16339
1555 4860 1614 4926 _et_
1633 4851 1899 4926 Italianus.

370 4919 560 4978 Caéteri
591 4936 718 4977 vero
750 4937 876 4976 mss.
905 4932 959 4974 et
977 4919 1126 4981 editi.
1163 4939 1182 4971 ‹
1207 4931 1260 4973 et
1295 4932 1350 4972 ut
1379 4920 1567 4987 repleri
1596 4919 1692 5039 sal.
1714 4956 1728 4980 ,
1772 4935 1790 4967 ι
1818 4932 1897 4972 re-

375 4993 576 5039 nleresl
601 4992 803 5039 nossint
826 4989 1106 5039 Evanuelio
1128 4989 1244 5039 (aL.
1280 4990 1374 5039 tab
1391 4989 1600 5039 Evanue
1623 4989 1752 5039 i0.s\
1791 4995 1895 5039 etc.

375 4993 576 5062 plores)
591 4992 803 5062 possint
826 4989 1106 5058 Evangelio
1128 4989 1244 5059 (al.,
1280 4990 1374 5042 «ab
1391 4989 1752 5062 Evangelio,s)
1791 4995 1895 5040 etc.

444 5059 556 5131 (20)
586 5059 747 5131 Editi,
781 5077 800 5110 ι
827 5069 1030 5131 tantum
1062 5069 1453 5127 exspectantes.
1479 5074 1500 5110 ι

466 5127 556 5191 2f)
585 5129 745 5191 Etliti,
778 5144 796 5177 t
827 5128 893 5179 ab
922 5127 1059 5180 aliis.
1083 5147 1101 5178 ι

466 5133 529 5180 21
585 5133 745 5191 Editi,
778 5144 796 5177 t
827 5133 893 5179 ab
922 5133 1059 5180 aliis.
1083 5147 1101 5178 ι

445 5133 557 5265 1‘22;
585 5197 744 5260 Editi,
764 5213 790 5265 _¢
811 5197 1022 5265 duritiei
1044 5193 1481 5249 dissimulationis
1498 5199 1694 5265 nostra:
1711 5190 1900 5265 damna

379 5260 672 5338 suspirans.
714 5263 867 5338 Alius
908 5264 1008 5338 bi_e_
1035 5265 1188 5318 nobis
1230 5262 1622 5338 explanationis
1662 5261 1791 5313 ordo
1834 5260 1902 5338 de

379 5331 881 5400 priuiitiisrspiritus
926 5333 1164 5392 videtur,
1210 5332 1253 5385 si
1301 5332 1607 5398 probandus
1649 5331 1899 5400 occurrit.

381 5396 564 5450 Adhuc
589 5396 839 5452 addemus
861 5416 876 5465 ;
899 5419 916 5450 ι
949 5416 1048 5454 nis.
1083 5417 1248 5464 unus,
1285 5396 1508 5454 {Adhuc
1537 5409 1710 5451 tamen
1742 5397 1905 5450 adde-

387 5477 572 5596 ωιξξξὸἔ
594 5474 1008 5604 ﬁglpleriquc,
1057 5554 1074 5585 ι
1097 5537 1222 5590 Item
1263 5537 1375 5603 ipse
1401 5534 1685 5604 Apostolus
1721 5533 1860 5596 dicit,
1884 5551 1902 5582 ι

391 5606 495 5650 etc.
517 5635 531 5660 ,
561 5601 936 5670 etomittunt}
969 5605 1179 5670 iterum,
1211 5623 1228 5656 ι
1268 5601 1404 5660 sicut
1439 5613 1487 5658 et
1517 5602 1666 5657 editi.

2447 4349 2494 4380 ⁸⁸
2534 4349 2719 4405 Galat.
2754 4368 2846 4418 tu,
2883 4356 2987 4412 15.
3082 4361 3140 4391 ³⁸
3178 4363 3206 4417 ι
3241 4349 3566 4432 Coraxm,
3603 4365 3684 4419 t2.

2066 4509 2176 4650 E24)
2204 4510 2381 4593 Editi,
2415 4532 2434 4564 ι
2458 4513 2538 4598 Ne
2563 4513 2707 4596 forte
2730 4531 2875 4586 ergo
2902 4522 3006 4576 ubi
3037 4523 3148 4580 ille
3192 4530 3681 4597 primogenitum

2087 4581 2180 4648 25)
2213 4580 2394 4650 Edul.
2439 4599 2458 4632 ι
2491 4586 2738 4650 Spiritus
2783 4600 3061 4647 sanctus.
3118 4595 3223 4650 Sit
3258 4616 3410 4650 ergo
3450 4603 3560 4650 iste
3596 4616 3681 4650 ex-

2087 4580 2408 4670 E§antlilifn
2424 4583 2738 4670 Δ«μξξρξνίῑξιις
2783 4580 3061 4647 sanctus.
3118 4580 3684 4670 sri'éi'éb‘iéié‘éi;

1997 4661 2272 4728 posuimus

1999 4729 2104 4770 tius
2121 4757 2137 4780 ,
2159 4730 2179 4767 ι
2215 4729 2320 4771 etc.

2069 4785 2178 4864 (26)
2211 4786 2303 4840 Sic
2346 4787 2579 4864 editiet
2625 4807 2733 4846 ms.
2774 4809 2951 4852 unus.
2991 4800 3226 4860 Czeleri
3268 4823 3420 4864 vero
3454 4823 3594 4864 mss.
3632 4819 3684 4864 et

2005 4854 2276 4917 Rabanus,
2313 4874 2331 4906 ι
2360 4857 2714 4916 videbantur.
2738 4881 2761 4915 ι

2077 4923 2189 4990 (an
2220 4923 2350 4978 Sed.
2387 4925 2558 4991 Editi,
2599 4947 2618 4979 ι
2652 4931 2771 4984 Sic.
2799 4950 2820 4984 ι

2041 4991 2638 5085 ξᾷῐξξιηᾳ
2662 5010 2855 5055 autem
2886 5006 3176 5085 videmus
3209 5029 3327 5082 per
3367 5017 3686 5085 speculum,

2005 5062 2325 5154 Yi‘lfi‘li'fi“
2347 5065 2646 5154 θεέξίεπέξιιθ
2677 5087 2690 5122 ε
2725 5062 3167 5154 νθτξνεςιιιυέτῖ
3196 5062 3348 5137 ἕ(ίή
3367 5062 3682 5154 ’ἑῆῖὲὧᾶὶὲ

2007 5135 2348 5213 accipimus,»
2377 5144 2486 5188 etc.
2517 5135 2624 5190 Ms.
2651 5135 2797 5213 unus
2825 5135 3050 5213 Regius
3073 5135 3680 5212 ηυιιίλῦὃξῖξὶᾟύύᾶ

2007 5199 2144 5287 Epig!)
2162 5199 2406 5287 fidamus
2429 5210 2844 5287 peraspeculum
2865 5199 3476 5287 ;.rw.;i§.i.:ie','tﬁi{c
3490 5199 3677 5277 5.1;};

2007 5265 2486 5359 {afﬁcittﬁﬁiﬁih
2518 5265 2670 5359 Εέεο
2695 5291 2754 5333 ει
2774 5265 3486 5359 mniisf-Iﬁiéi’é'é’é'iia'iait};
3495 5265 3673 5348 Τὲἷὲῗ

2153 5350 2492 5430 vfrqnlnsfi,
2532 5362 2551 5395 ‹
2578 5335 2744 5430 Nunc
2774 5335 2963 5406 suis...
2991 5335 3676 5430 ἶῑῖξέιῖἷιίἕᾝὲιῗὶῇεἱῖἷῖ

2010 5402 2325 5528 inquid:
2374 5412 2677 5482 aenigmate
2714 5402 2738 5473 ε’
2769 5402 3438 5498 ρὲιῖέβεέίίὶὖὶὶῗέτεῗζ
3465 5402 3668 5494 ἔῖἲὶῗ,

2029 5498 2067 5524 ΙΙ.
2099 5498 2148 5524 ΙΙΙ
2181 5498 2348 5528 ιιτλιυ.

2081 5542 2192 5610 ('29)
2229 5543 2368 5602 Editi
2397 5547 2684 5623 plerique,
2725 5577 2743 5610 ι
2777 5559 3118 5635 Recepimus
3156 5579 3330 5637 ergo.
3359 5586 3382 5620 ι

2345 4649 2760 4720 (Genebrardus
2789 4696 2806 4722 .
2891 4676 2911 4709 ι
2947 4649 3414 4732 mammas;
3445 4649 3560 4739 δ”
3585 4649 3687 4724 ila}-
