3894 6230
317 263 469 321 ill?

1242 265 1586 324 COMMENT.
1625 263 1690 320 ΙΝ
1725 259 1940 318 EPIST.
1975 259 2062 314 AD
2099 259 2260 317 80M.
2294 259 2418 316 LIB.
2457 258 2568 315 VII.

315 379 396 435 ris
431 384 628 449 nostri,
663 403 682 435 ι
718 398 817 456 ego
845 388 1077 448 arbitror
1120 387 1260 454 quod
1309 385 1470 438 totius
1496 381 1739 437 Ecclesiae
1767 381 1848 436 in-
1873 383 1919 441 Α
1945 393 2064 433 cum
2095 387 2332 447 tempore
2361 377 2633 436 ﬁniuntur,
2673 389 2696 425 ι
2721 386 2838 441 qua
2860 377 3035 424 autem
3056 381 3160 424 non
3188 365 3453 433 videntur,

314 469 471 525 dicet
498 490 712 540 corpus,
742 477 879 529 sicut
898 486 952 530 et
973 477 1094 530 alibi
1123 475 1250 528 dicit
1280 489 1296 528 :
1336 490 1355 523 ι
1387 471 1489 526 Vos
1513 482 1686 526 autem
1713 470 1841 525 estis

309 574 521 627 corpus
542 561 760 625 Christi,
791 575 844 617 et
865 567 1095 618 membra
1118 579 1179 618 ex
1211 574 1358 632 parte
1388 563 1453 614 ³⁸.
1486 581 1504 612 ι
1534 560 1700 616 Omne
1717 575 1842 630 ergo

309 661 518 716 corpus
551 650 796 704 Ecclesia:
830 652 1184 705 redimendum
1211 660 1388 718 sperat
1415 649 1712 718 Apostolus,
1745 643 1854 703 nec~

308 744 475 801 putat
500 751 660 806 posse
686 753 803 807 quae
832 738 1064 806 perfecta
1092 747 1213 792 sunt
1238 738 1353 793 dari
1381 737 1599 806 singulis
1627 738 1840 806 quibus-

305 837 422 892 que
442 825 722 893 membris,
751 828 849 882 nisi
875 828 1172 881 universum
1197 841 1389 896 corpus
1415 828 1466 882 in
1497 843 1656 881 unum
1683 827 1840 882 fuerit

305 923 726 981 congregatum.
758 915 935 969 Potest
963 924 1135 969 autem
1163 925 1216 969 et
1240 916 1316 969 sic
1357 915 1614 984 intelligi,
1653 923 1709 969 ut
1751 930 1838 970 re-

303 999 684 1070 demptionem
712 1005 947 1072 corporis
979 1004 1144 1058 nostri
1178 1005 1318 1057 dicat
1349 1004 1489 1059 illam
1518 1021 1634 1073 qua:
1665 1005 1716 1058 in
1751 1019 1836 1059 re-

299 1087 654 1142 surrectione
692 1090 866 1144 futura
896 1101 1002 1155 est,
1028 1105 1147 1144 cum
1182 1105 1284 1143 non
1311 1091 1478 1144 solum
1508 1091 1714 1150 animae.
1747 1091 1837 1145 sed

297 1183 360 1228 et
405 1189 642 1244 corpora
683 1180 894 1233 venient
931 1197 949 1231 ι
978 1191 1100 1235 ante
1129 1181 1356 1235 tribunal
1388 1182 1584 1236 Christi
1612 1221 1628 1247 ,
1659 1190 1716 1234 ut
1751 1196 1837 1235 re-

299 1272 493 1331 portet
508 1267 876 1334 unusquisque
897 1267 1105 1335 propria
1122 1269 1360 1336 corporis
1382 1277 1539 1335 prout
1560 1267 1797 1335 gessit",
1810 1283 1830 1317 ι

293 1361 356 1404 et
401 1352 699 1407 secundum
730 1353 857 1408 illud
885 1356 1022 1422 quod
1052 1355 1246 1411 dictum
1277 1365 1400 1410 est:
1441 1373 1460 1407 ι
1491 1356 1695 1410 Timete
1724 1370 1836 1408 ma-

294 1442 386 1510 gis
416 1456 545 1496 eum
572 1442 662 1510 qui
705 1453 876 1511 potest
900 1453 953 1498 et
977 1459 1169 1512 corpus
1198 1454 1251 1499 et
1272 1445 1503 1500 animam
1533 1445 1751 1513 perdere
1781 1446 1832 1498 in

293 1532 606 1598 gehennam
640 1531 702 1586 ³⁸.
735 1551 754 1584 ι
799 1533 862 1587 Et
888 1533 1006 1587 ideo
1045 1534 1325 1588 dolendum
1363 1534 1642 1602 unicuique
1670 1542 1751 1586 est
1779 1533 1829 1586 in

292 1619 405 1672 hoc
430 1619 628 1673 sarculo
651 1631 700 1673 et
730 1623 1069 1689 gemendum,
1100 1636 1164 1675 ne
1191 1622 1326 1677 forte
1354 1637 1450 1690 per
1475 1623 1652 1675 malos
1675 1629 1826 1675 actus

289 1718 350 1761 et
404 1711 692 1778 praesentis
733 1710 851 1762 vitae
884 1710 1249 1780 negligentiam
1293 1687 1396 1764 non
1443 1719 1709 1764 mereatur
1747 1725 1828 1764 re-
1857 1687 1900 1740 Β

288 1797 664 1865 demptionem
707 1799 944 1865 corporis
995 1800 1075 1852 sui
1124 1799 1414 1866 consequi;
1463 1800 1554 1853 sed
1601 1798 1829 1851 inveniat

286 1901 422 1939 eum
452 1887 556 1940 ista
582 1886 843 1941 sententia
873 1901 988 1952 qua:
1020 1901 1208 1956 corpus
1236 1895 1283 1940 et
1317 1886 1543 1938 animam
1576 1885 1828 1952 gehennae

288 1973 521 2043 ignibus
559 1975 777 2028 damnat
815 1975 945 2043 (50).
989 1975 1112 2029 Post
1144 1976 1256 2028 hate
1287 1975 1415 2028 dicit
1446 1991 1460 2027 :
1498 1991 1517 2025 ι
1551 1973 1654 2041 Spe
1687 1977 1826 2026 enim

289 2063 440 2118 salvi
470 2063 598 2118 facti
627 2079 830 2118 sumus.
865 2063 996 2133 Spes
1019 2073 1194 2118 autem
1224 2079 1340 2133 quas
1360 2063 1585 2126 videtur,
1613 2077 1715 2116 non
1748 2070 1828 2116 est

286 2167 446 2220 spes.
470 2171 490 2205 ι
520 2152 670 2207 Sicut
697 2155 937 2223 superius
960 2155 1024 2207 de
1046 2161 1284 2207 creatura
1309 2153 1536 2212 dixerat,
1557 2151 1676 2217 quia
1707 2168 1726 2202 ι
1746 2165 1830 2201 va-

263 2242 461 2297 nitati
515 2243 754 2310 subjecta
807 2253 889 2296 est
935 2253 1148 2313 prOpter
1194 2258 1312 2297 eum
1365 2243 1454 2310 qui
1498 2240 1718 2308 subjecit
1774 2241 1825 2293 in

285 2347 390 2398 spe
417 2331 506 2390 ³⁹;
547 2351 564 2381 ι
595 2332 665 2384 ita
697 2341 752 2385 et
799 2331 885 2386 hic
930 2335 993 2387 de
1035 2333 1318 2399 semetipso
1351 2331 1445 2383 'vel
1484 2344 1826 2398 quoscunque

287 2434 486 2473 secum
518 2421 859 2473 annumerari
899 2421 1078 2485 novit,
1119 2420 1288 2473 dicit:
1325 2436 1347 2470 ι
1379 2419 1482 2486 Spe
1511 2419 1649 2471 enim
1693 2418 1824 2472 salvi

287 2512 430 2568 facti
475 2527 663 2567 sumus
696 2529 711 2565 :
754 2531 774 2565 ι
811 2511 948 2566 sicut
983 2521 1036 2565 et
1080 2511 1361 2580 gemitibus
1396 2519 1655 2564 creatura:
1700 2523 1826 2563 suos

287 2615 519 2670 quoque
551 2601 781 2670 gemitus
826 2600 1070 2653 sociavit.
1109 2598 1379 2663 Quomodo
1416 2607 1587 2651 autem
1637 2598 1689 2650 in
1731 2611 1826 2665 spe

286 2691 368 2746 sit
400 2689 551 2744 salus
577 2689 690 2760 (51)
723 2705 738 2741 :
772 2702 894 2756 spes
935 2701 1058 2740 vero
1085 2701 1186 2740 non
1211 2688 1280 2740 sit
1323 2687 1374 2739 in
1405 2686 1486 2740 bis
1515 2686 1679 2754 posita
1705 2699 1824 2752 quae

285 2785 574 2848 videntur,
604 2784 695 2837 sed
721 2797 838 2850 quae
864 2794 968 2835 non
996 2780 1269 2840 videntur,
1299 2780 1408 2849 jam
1434 2780 1675 2848 superius
1701 2780 1827 2834 edo-

282 2876 530 2929 cuimus.
560 2873 692 2926 Illud
723 2872 891 2926 solum
920 2869 1148 2924 breviter
1185 2871 1438 2925 addemus
1457 2908 1472 2932 ,
1501 2871 1638 2938 quod
1667 2878 1721 2922 et
1759 2884 1824 2923 ex

282 2967 376 3019 bis
403 2964 745 3018 sermonibus
767 3000 784 3026 ,
815 2971 867 3015 et
896 2976 959 3013 ex
1009 2959 1110 3012 illis
1149 2961 1198 3011 in
1236 2960 1429 3028 quibus
1458 2959 1614 3024 dicit,
1660 2977 1678 3009 ι
1710 2957 1821 3011 Non

283 3054 650 3123 respicientes
683 3053 770 3105 illa
798 3067 914 3119 quae
950 3051 1212 3112 videntur,
1241 3051 1332 3104 sed
1362 3064 1480 3118 quae
1513 3064 1615 3102 non
1646 3049 1822 3102 viden-

279 3156 377 3200 tur
404 3143 478 3209 ⁸⁸,
507 3161 529 3195 ι
561 3144 751 3197 edocet
793 3157 888 3196 nos
932 3142 982 3195 in
1029 3139 1222 3194 futuris
1274 3140 1426 3194 bonis
1463 3139 1596 3193 nihil
1644 3153 1822 3192 eorum

277 3246 409 3300 qua
444 3245 592 3284 nunc
620 3230 888 3292 videntur,
919 3228 1000 3282 vel
1025 3227 1189 3281 videri
1219 3237 1456 3295 possunt,
1485 3241 1701 3294 sperare
1729 3227 1819 3280 dc-

275 3317 442 3378 bere,
495 3316 707 3369 etiamsi
745 3315 937 3369 calum
978 3314 1154 3367 videas
1184 3313 1323 3366 istud
1357 3314 1583 3380 visibile,
1615 3314 1820 3368 etiamsi

276 3415 512 3458 terram.
543 3402 678 3456 Audi
707 3403 770 3456 de
803 3402 907 3466 his,
935 3402 1058 3471 quia
1089 3401 1316 3455 tcmlum
1345 3410 1401 3455 et
1437 3410 1574 3456 terra
1602 3410 1821 3471 praeter-

274 3493 443 3547 ibunt
479 3481 612 3554 “,i
681 3489 1106 3544 visibiliaenim
1162 3497 1324 3555 sunt;
1377 3499 1433 3543 et
1475 3490 1613 3557 quod
1654 3490 1818 3553 vides,

272 3583 415 3652 quid
443 3597 631 3650 speras
659 3580 747 3633 "i
782 3580 923 3634 Nihil
958 3594 1085 3648 ergo
1121 3594 1338 3648 prorsus
1384 3580 1700 3648 sperandum
1739 3588 1821 3633 est

273 3674 332 3728 in
357 3673 548 3727 futuro
569 3673 636 3726 de
660 3670 743 3724 Itis
763 3684 880 3738 qua:
901 3669 1169 3723 videntur.
1198 3685 1217 3718 ‹
1237 3665 1429 3722 Oculus
1451 3685 1470 3719 ι
1505 3669 1645 3722 enim
1671 3684 1691 3716 ε
1715 3681 1816 3720 non

272 3764 418 3818 vidit
444 3777 566 3831 qua:
591 3759 908 3831 praeparavit
931 3759 1068 3812 Deus
1100 3757 1183 3811 his
1207 3757 1298 3825 qui
1323 3755 1551 3825 diligunt
1578 3755 1812 3809 eunt".i

274 3852 444 3906 Videt
481 3859 662 3904 autem
707 3846 892 3901 oculus
932 3845 1124 3900 calum
1163 3853 1217 3897 et
1260 3853 1495 3907 terram;
1539 3859 1644 3898 non
1692 3859 1817 3911 ergo

269 3949 503 4009 oportet
530 3939 632 3993 hoc
664 3937 804 4007 quod
835 3935 1061 3997 videtur,
1089 3931 1232 3988 credi
1265 3942 1612 4002 praeparatum
1641 3948 1757 3987 esse
1785 3949 1816 3986 a

273 4032 392 4086 Deo
416 4030 503 4086 bis
545 4029 635 4093 Qui
681 4026 903 4094 diligunt
929 4038 1050 4078 eum
1074 4038 1092 4087 ;
1121 4023 1211 4076 sed
1231 4021 1422 4076 caelum
1445 4024 1680 4091 quidem,
1709 4024 1816 4077 into

270 4119 467 4190 potius
515 4116 684 4170 caelos
732 4113 896 4168 multo
943 4111 1325 4164 eminentiores
1371 4119 1427 4164 et
1474 4110 1812 4173 excelsiores,

269 4224 442 4278 quam
475 4214 560 4260 est
585 4204 708 4258 illud
737 4204 1121 4256 ﬁrmamentum
1159 4201 1298 4268 quod
1331 4200 1494 4253 videri
1521 4200 1691 4255 oculis
1721 4216 1812 4267 po-

1935 476 2132 522 :eterna
2161 476 2316 530 sunt,
2340 483 2361 518 ι
2397 480 2517 533 quae
2553 463 2812 532 speranda
2843 457 3124 529 Apostolus
3165 457 3336 512 docet.
3374 457 3454 510 ld-

1934 557 2077 611 circo
2115 569 2343 623 namque
2377 562 2431 608 et
2471 554 2583 623 ipsa
2617 551 2855 619 corporis
2887 548 3057 602 nostri
3099 549 3360 615 reparatio
3386 563 3451 601 ex

1934 642 2270 712 corruptibili
2301 641 2731 710 incorruptibilis,
2760 649 2815 695 et
2838 654 2905 694 ex
2933 636 3139 692 mortali
3173 637 3449 690 immorta-

1934 733 2021 798 lis,
2042 743 2095 788 et
2115 748 2182 788 ex
2207 733 2510 788 inﬁrmitate
2536 733 2589 784 in
2613 732 2805 786 virtute
2829 727 3146 792 restituitur,
3171 735 3224 781 et
3239 741 3302 782 ex
3331 727 3448 780 ani-

1933 821 2054 876 mali
2081 834 2298 890 corpore
2327 833 2516 887 corpus
2540 817 2763 873 elﬁcitur
2782 816 3039 887 spiritale,
3060 824 3136 878 ut,
3154 829 3274 869 cum
3296 814 3450 882 spiri-

1934 907 2038 961 tale
2063 906 2258 961 factum
2283 904 2462 967 fuerit,
2490 905 2656 972 possit
2681 904 2839 957 etiam
2865 900 3222 958 invisibilibus
3249 899 3448 968 perfrui

1931 995 2085 1050 bonis
2121 1008 2136 1046 :
2177 1009 2294 1062 qua:
2327 993 2461 1047 bona
2487 993 2539 1046 iu
2571 993 2811 1060 praesenti
2835 991 3026 1046 saeculo
3054 1005 3156 1046 non
3185 991 3448 1052 videntes,

1931 1099 2026 1154 per
2038 1098 2185 1152 spem
2206 1096 2498 1151 speramus,
2513 1089 2564 1135 et
2580 1095 2674 1149 per
2689 1080 2991 1147 patientiam
3009 1079 3447 1148 exspectamus“.

2039 1171 2094 1224 6.
2162 1169 2469 1224 «Similiter
2537 1178 2591 1222 et
2658 1167 2885 1235 Spiritus
2951 1167 3160 1234 adjuvat
3227 1167 3450 1222 inﬁrmi-

1931 1268 2091 1314 tatem
2159 1267 2418 1313 nostram.
2487 1257 2617 1312 Nam
2684 1257 2814 1327 quid
2879 1271 3092 1311 oremus
3159 1257 3446 1311 secundum

1930 1347 2069 1412 quod
2117 1355 2326 1415 oportet
2382 1347 2683 1411 nescimus;
2733 1345 2823 1400 sed
2882 1346 3002 1414 ipse
3059 1345 3292 1415 Spiritus
3348 1359 3448 1414 pro

1929 1435 2084 1504 θοι
2130 1435 2283 1490 nobis
2330 1434 2630 1504 interpellat
2663 1434 2948 1502 gemitibus
2982 1432 3442 1488 inenarrabilibus.

1929 1524 2029 1589 Qui
2051 1532 2223 1578 autem
2255 1533 2520 1577 scrutatur
2545 1525 2728 1589 corda,
2757 1525 2859 1578 scit
2881 1523 3006 1590 quid
3034 1521 3300 1576 desideret
3327 1521 3448 1590 Spi-

1930 1613 2091 1676 ritus;
2135 1613 2256 1680 quia
2310 1613 2593 1666 secundnm
2641 1611 2802 1665 Deum
2835 1610 3131 1677 interpellat
3170 1625 3265 1678 pro
3319 1625 3445 1664 san-

1923 1700 2020 1753 ctis
2039 1700 2105 1755 ".
2127 1719 2145 1752 ι
2175 1700 2304 1754 Cum
2336 1702 2386 1754 in
2416 1699 2772 1769 superioribus
2788 1699 3006 1753 dixisset
3027 1698 3095 1763 ",
3121 1700 3245 1766 quia
3271 1698 3446 1752 omnis

1926 1795 2165 1841 creatura
2205 1787 2288 1841 his
2324 1787 2494 1855 quiin
2529 1802 2695 1855 agone
2752 1785 2906 1853 hujus
2948 1786 3068 1839 vitae
3107 1795 3239 1850 sunt
3287 1786 3442 1853 positi

1925 1878 2342 1946 congemisceret
2367 1886 2420 1930 et
2453 1878 2791 1939 condoleret,
2819 1877 2919 1930 hoc
2954 1885 3036 1930 est
3063 1875 3441 1938 collaboraret,

1924 1968 2170 2036 viresque
2213 1964 2497 2032 conferret,
2549 1974 2658 2018 tttm
2701 1964 2863 2018 etiam
2893 1963 3122 2033 seipsunt
3149 1962 3348 2016 Paulus
3379 1977 3444 2016 ac

1923 2057 2003 2110 sui
2035 2055 2236 2108 similes
2269 2055 2502 2122 proferre
2525 2053 2753 2122 geutitus
2784 2066 2881 2120 pro
2924 2051 3288 2104 laborantibus
3328 2065 3440 2104 me-

1926 2153 2183 2198 morasset
2203 2143 2267 2207 ",
2291 2152 2347 2194 ttt
2376 2157 2470 2210 per
2500 2144 2612 2196 haec
2643 2140 2907 2196 solaretur
2947 2141 3000 2192 in
3033 2140 3324 2192 certamine
3344 2154 3440 2206 po-

1923 2236 2072 2298 sitos,
2118 2247 2238 2287 cum
2279 2232 2518 2285 viderent
2545 2243 2728 2284 omnes
2774 2239 2988 2284 sanctos
3030 2229 3442 2293 universantque

1923 2330 2222 2375 creaturam
2256 2319 2444 2374 aﬁ‘ectu
2475 2333 2651 2373 secum
2681 2318 2948 2381 laborare,
2971 2317 3304 2385 gemitusque
3325 2313 3438 2383 (52)

1922 2410 2265 2477 conjungere;
2291 2409 2436 2464 addit
2474 2421 2615 2461 nunc
2652 2405 2912 2460 excelsius
2941 2403 3137 2471 aliquid
3181 2413 3235 2457 ct
3268 2404 3439 2456 subli-

1922 2497 2080 2551 mius.
2103 2495 2199 2560 Ne,
2227 2495 2417 2562 inquit,
2452 2508 2672 2563 parvum
2701 2493 2812 2562 (55)
2845 2493 3039 2561 putetis
3074 2491 3211 2560 quod
3261 2490 3438 2544 omnis

1923 2585 2198 2639 nobiscum
2243 2581 2590 2665 congcmiscit
2642 2589 2695 2635 et
2738 2581 2983 2634 condolet
3031 2589 3320 2632 creatura:
3372 2594 3438 2632 ne

1921 2691 2138 2746 parvum
2161 2674 2402 2729 videatur
2440 2659 2583 2741 quod
2616 2685 2712 2726 nos
2742 2669 2840 2739 ipsi
2868 2671 3128 2739 gemimus
3162 2683 3256 2738 pro
3294 2667 3439 2721 labo-

1922 2770 2066 2823 ribus
2091 2768 2300 2822 vestris.
2332 2766 2501 2820 Etiam
2527 2764 2719 2819 divinat
2742 2763 2839 2831 ipsi
2869 2770 3066 2816 natura!
3090 2776 3213 2829 erga
3239 2773 3438 2828 agones

1923 2866 2130 2912 nostros
2152 2855 2447 2925 (vobiscum
2469 2855 2609 2909 enim
2641 2867 2725 2907 me
2753 2865 2966 2922 quoque
2981 2849 3263 2918 conjungo)
3299 2848 3438 2900 inest

1921 2947 2131 3014 quidam
2159 2942 2512 2997 miserationis
2541 2939 2779 3002 allectus,
2809 2948 2864 2992 et
2889 2939 3000 3005 ipse
3035 2953 3053 2987 t
3081 2935 3316 3003 Spiritus
3335 2934 3433 2985 ad-

1875 3025 1888 3046 ⁴
1916 3036 2064 3102 juvat
2088 3032 2198 3103 (54)
2225 3032 2584 3085 inﬁrmitatem
2611 3040 2863 3085 nostram.
2891 3045 2908 3078 ι
2940 3026 3174 3092 Denique
3193 3025 3315 3091 quid
3339 3035 3436 3076 nos

1919 3139 2092 3188 orare,
2117 3122 2243 3191 quid
2273 3137 2300 3173 a
2329 3121 2435 3174 Deo
2475 3131 2654 3188 petere
2695 3126 2955 3186 oporteat,
2996 3116 3319 3184 ignoramus.
3350 3111 3435 3165 In-

1920 3212 2126 3265 terdum
2155 3209 2296 3264 enim
2331 3224 2448 3276 qua:
2485 3207 2744 3261 contraria
2795 3204 2950 3259 saluti
2997 3211 3120 3256 sunt
3166 3202 3432 3270 cupimus,

1920 3298 2224 3352 inﬁrmitate
2253 3305 2494 3364 cogente.
2527 3294 2676 3348 Sicut
2701 3292 2841 3346 enim
2881 3291 3003 3356 quis
3034 3290 3086 3342 in
3123 3288 3433 3357 aegritudine

1917 3384 2152 3452 corporis
2180 3383 2381 3451 positus
2408 3396 2509 3434 non
2544 3395 2605 3434 ea
2635 3393 2751 3448 quze
2776 3377 2989 3431 sanitati
3021 3383 3318 3444 congruunt
3348 3374 3432 3428 vel

1915 3476 2236 3535 conducunt,
2263 3474 2352 3527 sed
2375 3486 2437 3526 ea
2472 3485 2590 3540 qua:
2632 3468 2906 3537 pressantis
2943 3465 3266 3521 inﬁrmitatis
3290 3464 3434 3518 desi-

1916 3563 2117 3618 derium
2150 3560 2496 3629 suggesserit,
2527 3558 2698 3627 poscit
2720 3573 2749 3611 a
2779 3559 3020 3612 medico:
3056 3556 3126 3610 ita
3159 3563 3214 3610 et
3249 3569 3346 3609 nos
3377 3556 3429 3608 in

1915 3649 2070 3719 huius
2094 3649 2216 3703 vitae
2259 3647 2369 3717 (55)
2417 3647 2728 3700 inﬁrmitate
2760 3645 3067 3714 languentes
3101 3643 3360 3697 interdum
3401 3657 3431 3694 a

1915 3738 2024 3791 Deo
2051 3738 2274 3806 petimus
2301 3735 2442 3804 quod
2483 3748 2590 3788 non
2620 3735 2833 3802 expedit
2861 3732 3035 3787 nobis.
3063 3731 3298 3799 Denique
3332 3744 3432 3800 ego

1914 3827 2026 3894 ipse
2061 3824 2255 3879 Paulus
2282 3823 2372 3892 qui
2396 3823 2508 3875 haec
2543 3821 2732 3890 loquor
2757 3822 2824 3875 ad
2845 3835 2960 3883 vos,
2998 3836 3118 3874 cum
3144 3820 3271 3872 mibi
3309 3833 3432 3887 pro-

1913 3923 2029 3984 pter
2054 3913 2427 3968 sublimitatem
2459 3911 2840 3965 revelationum
2865 3925 2932 3964 ne
2961 3910 3246 3964 extollerer
3275 3909 3432 3962 datus

1913 4003 2098 4056 fuisset
2121 4017 2150 4054 a
2195 4000 2416 4055 Domino
2446 4017 2465 4049 ε
2494 4000 2712 4068 angelus
2748 4000 2957 4053 Satanae
2989 3999 3080 4067 qui
3119 4013 3202 4050 me
3225 4015 3245 4049 ι
3283 3997 3429 4051 cola-

1911 4093 2165 4161 phizaret,
2217 4106 2236 4140 ι
2268 4100 2348 4142 ter
2399 4088 2679 4144 Dominum
2727 4089 2907 4159 rogavi
2958 4097 3014 4141 ut
3064 4087 3360 4142 discederet
3398 4100 3429 4138 a

1912 4197 1996 4234 me
2020 4181 2086 4245 ⁸⁸,
2111 4199 2130 4233 ›
2163 4179 2404 4234 nesciens
2465 4176 2591 4246 quid
2633 4191 2840 4232 orarem
2871 4193 2885 4230 :
2921 4187 2974 4230 et
3012 4178 3128 4231 ideo
3167 4177 3288 4245 quia
3340 4191 3432 4228 ne-

269 4271 404 4353 test.
432 4294 541 4349 Sed
564 4303 620 4347 et
648 4304 789 4347 terra
817 4290 1078 4359 speranda
1099 4299 1200 4354 est,
1226 4304 1327 4342 non
1358 4299 1532 4342 tamen
1565 4291 1673 4344 haec
1696 4306 1812 4359 quae
1843 4291 1886 4345 D
1913 4275 2144 4330 δοίεδθπη
2169 4275 2452 4330 secundum
2473 4271 2614 4341 quod
2643 4278 2854 4337 oportet
2883 4281 3058 4329 orare.
3089 4282 3191 4359 ηοη
3227 4279 3310 4319 ωε
3337 4279 3431 4359 itif

267 4385 432 4440 arida
465 4383 668 4437 dicitur
699 4390 752 4434 et
776 4379 945 4433 oculis
978 4377 1242 4444 subiacet,
1277 4378 1367 4429 sed
1398 4377 1482 4429 illa
1517 4379 1620 4431 erit
1655 4393 1806 4430 man-

267 4485 560 4531 suetornm
589 4480 729 4524 terra
757 4483 916 4536 quam
943 4465 1125 4520 oculus
1156 4480 1259 4517 non
1291 4465 1443 4517 vidit.
1475 4465 1700 4518 Evidens
1727 4473 1810 4518 est

267 4566 426 4622 enim
455 4559 697 4629 Apostoli
729 4555 1013 4618 sententia,
1046 4568 1163 4621 quae
1189 4555 1341 4608 docet
1374 4567 1474 4606 non
1502 4553 1728 4606 visibilia
1758 4562 1811 4608 et

266 4652 585 4724 corporalia
639 4649 903 4719 speranda
950 4648 1002 4700 in
1051 4644 1270 4708 futuris,
1315 4643 1404 4696 sed
1453 4641 1711 4709 spiritalia
1756 4654 1811 4694 et

265 4759 480 4802 asterna
511 4757 528 4796 :
557 4743 683 4812 quia
723 4757 742 4791 ι
771 4753 889 4807 qua
915 4736 1160 4790 videntur
1209 4729 1512 4798 temporalia
1541 4740 1680 4794 sunt,
1695 4749 1723 4798 ξ»
1755 4739 1810 4783 et

1908 4367 2041 4420 divit
2069 4365 2342 4428 Dominus,
2391 4363 2484 4418 scd
2517 4362 2654 4417 dixit
2688 4362 2815 4415 mibi
2854 4361 2963 4432 (56)
2996 4378 3008 4412 :
3044 4378 3062 4410 ο
3092 4358 3293 4412 Suﬁicit
3330 4355 3427 4409 tibi

1910 4459 2074 4526 gratia
2099 4470 2237 4518 mea,
2267 4471 2385 4508 nam
2414 4455 2581 4506 virtus
2604 4454 2654 4506 in
2692 4451 3000 4505 inﬁrmitate
3023 4450 3297 4519 perﬁcitur
3323 4446 3424 4506 δ’.»

1912 4549 2000 4601 Sic
2023 4561 2148 4614 ergo
2176 4563 2196 4596 ι
2217 4544 2343 4612 quid
2370 4558 2584 4596 oremus
2609 4543 2896 4595 secundum
2931 4541 3069 4608 quod
3098 4548 3311 4606 oportet
3335 4553 3428 4592 ne-

1910 4639 2144 4700 scimus;
2173 4635 2265 4688 sed
2295 4635 2407 4702 ipse
2445 4631 2676 4699 Spiritus
2707 4630 3004 4698 interpellat
3033 4642 3126 4696 pro
3157 4627 3309 4681 nobis
3335 4641 3430 4694 ge-

1911 4721 2638 4779 ntilibusinenarrabilibus.»
2669 4720 2910 4787 Magnum
2941 4716 3117 4769 nescio
3138 4716 3262 4782 quid
3288 4715 3426 4766 Pau-

339 4836 387 4867 ³ο
415 4802 692 4891 ιοοτῖιιι,
714 4802 804 4880 εγζ
877 4825 918 4857 ιτ
941 4824 980 4876 ιι
1009 4825 1209 4891 Cor._v,
1228 4820 1312 4872 to.
1353 4887 1370 4891 Α
1387 4819 1430 4849 ιε
1452 4817 1633 4891 nanti.
1660 4835 1714 4880 χ,
1735 4819 1825 4871 es.

1922 4818 1941 4847 ³
1968 4811 2373 4891 ltotn_._vttt,20.
2399 4811 2482 4891 “1°
2509 4809 2696 4891 ligor.
2724 4823 2799 4870 tv,
2833 4807 2919 4860 l8.
2951 4805 3034 4891 ﬂ:
3062 4802 3254 4891 Mittit.
3278 4818 3422 4891 με,

265 4904 363 4958 55.
447 4904 492 4932 ⁸³
522 4904 676 4951 Rom.
705 4904 928 4953 vas.
995 4904 1039 4922 "
1062 4904 1082 4944 1
1107 4904 1194 4942 uol

267 4972 322 5005 ⁸⁸
345 4970 388 5023 ll
413 4970 542 5024 Cor.
569 4982 666 5030 ιιι,
698 4966 748 5025 ’1.
781 4964 834 5018 8.
907 4961 952 4992 δ’
983 4959 1110 5012 ibid.
1140 4959 1194 5011 9.

346 5063 468 5135 ('50)
494 5059 680 5135 _Edili,
727 5074 746 5106 r
774 5055 866 5109 sed
900 5055 1201 5109 inveniatur
1237 5061 1356 5102 cum
1397 5046 1496 5099 ista
1540 5048 1804 5101 sententia

349 5132 720 5281 )dgl'ilitnsf‘;
738 5144 1522 5281 l’gettt‘itus'socianILPuomodo
1546 5190 1721 5234 autem
1749 5183 1800 5236 in

267 5257 371 5337 spe
401 5257 474 5320 sit
523 5264 652 5331 (al.,
687 5278 706 5311 ι
738 5257 869 5322 litt)
918 5257 1128 5314 salvus,
1154 5272 1171 5303 ι
1207 5265 1310 5306 etc.
1385 5319 1397 5330 ν

346 5336 458 5406 (se)
486 5332 648 5406 Etliti,
724 5353 742 5380 ι
783 5342 962 5382 secum
1016 5326 1228 5406 labores
1261 5326 1608 5406 gemitusque,
1638 5335 1658 5368 ι
1687 5326 1796 5370 etc.

346 5390 460 5465 (‘35)
488 5390 656 5460 Alias,
696 5409 937 5460 «parum,
968 5409 984 5438 ι
1019 5394 1154 5465 sicut
1179 5398 1236 5465 et
1261 5390 1419 5465 infra.

370 5405 439 5455 35
488 5404 656 5460 Alias,
696 5409 937 5460 «parum,
968 5409 984 5438 ι
1019 5404 1154 5442 sucut
1179 5404 1234 5438 et
1261 5404 1419 5440 Intra.

369 5404 460 5539 54;
485 5468 577 5520 Sic
595 5476 926 5539 otnnes_tnss.
945 5459 1104 5539 nostri
1127 5465 1179 5506 et
1200 5453 1621 5539 iiaiilllltls..‘EdLli
1640 5467 1796 5539 vero,

273 5562 295 5595 ο
337 5521 707 5596 t‘nismationis
735 5529 972 5582 aﬂectus.
1005 5525 1112 5591 Ipse
1141 5523 1300 5585 enim,
1333 5523 1530 5590 inquit,
1566 5521 1801 5592 Spiritus

447 4870 824 4953 ﬂii.
841 4870 1046 4946 24f“;
1347 4887 1399 4942 9.
1460 4886 1506 4916 “
1527 4885 1678 4939 Rom.
1702 4870 1819 4952 vui,

1921 4923 1934 4937 .
2004 4883 2046 4915 “
2066 4882 2201 4936 Ibid.
2229 4896 2374 4945 xxvr,
2399 4879 2491 4932 27.
2559 4875 2606 4908 “
2626 4877 2780 4930 llom.
2804 4889 2922 4938 vni,
2951 4872 3039 4925 22.
3112 4871 3154 4900 "
3185 4870 3294 4924 ibid
3333 4871 3423 4924 25.

1904 5046 2137 5112 adjuvat,
2170 5063 2188 5094 ι
2219 5054 2324 5097 etc.

1971 5097 2080 5186 (55)
2107 5097 2273 5186 Alias,
2323 5127 2343 5159 ι
2381 5107 2594 5186 sanitati
2637 5105 2935 5186 conducunt
2969 5097 3435 5186 7(al:,_4t__a.d_sa_n_i:

1902 5168 2410 5240 tateut'conducunt;
2439 5195 2470 5246 )_
2495 5177 2588 5246 al.,
2616 5193 2634 5224 ι
2658 5174 2943 5246 sanitatem
2964 5168 3232 5246 adducunt
3265 5169 3432 5246 »μω

1897 5267 1959 5304 ea
2011 5265 2126 5317 quae
2165 5260 2393 5314 praesens
2442 5243 2766 5317 desiderium
2812 5243 3137 5317 suggessertt
3178 5243 3364 5299 poscit
3405 5250 3438 5287 a

1903 5307 2135 5375 medico;
2162 5307 2232 5366 ita
2259 5321 2312 5364 et
2340 5327 2435 5364 nos
2467 5313 2516 5362 itt
2547 5312 2697 5373 hujus
2727 5307 2926 5366 saeculi,
2954 5321 2972 5353 ι
3009 5308 3123 5375 etc_._
3171 5368 3183 5375 -
3301 5367 3337 5375 __
3367 5369 3378 5375 _
3439 5335 3442 5338 ~

1971 5367 2267 5457 (367)7Editi,
2296 5398 2313 5430 ι
2345 5395 2428 5434 tne
2451 5367 2650 5434 audivit
2689 5375 2956 5436 Dominus,
2989 5378 3045 5423 et
3075 5368 3218 5421 dixit
3243 5367 3437 5432 ntilti,t

1903 5459 2121 5518 omisso,
2150 5469 2168 5502 ι
2199 5464 2320 5504 non.
2343 5465 2362 5498 ι
