  <div class='ocr_page' id='page_1' title='image "/cluster/home/n/w/nwhite01/storage/ocr_20150623/14 (Origen; pt. 4)/nyp.33433081862280/571.png"; bbox 0 0 3894 6228; ppageno 0'>
   <div class='ocr_carea' id='block_1_1' title="bbox 384 245 517 300">
    <p class='ocr_par' dir='ltr' id='par_1_1' title="bbox 384 245 517 300">
     <span class='ocr_line' id='line_1_1' title="bbox 384 245 517 300; baseline 0.015 -2"><span class='ocrx_word' id='word_1_1' title='bbox 384 245 517 300; x_wconf 74' lang='lat' dir='ltr'><strong>&quot;l9</strong></span> 
     </span>
    </p>
   </div>
   <div class='ocr_carea' id='block_1_2' title="bbox 1818 245 2131 302">
    <p class='ocr_par' dir='ltr' id='par_1_2' title="bbox 1818 245 2131 302">
     <span class='ocr_line' id='line_1_2' title="bbox 1818 245 2131 302; baseline 0.016 -4"><span class='ocrx_word' id='word_1_2' title='bbox 1818 245 2131 302; x_wconf 77' lang='lat' dir='ltr'><strong>ORIGENIS</strong></span> 
     </span>
    </p>
   </div>
   <div class='ocr_carea' id='block_1_3' title="bbox 3592 221 3720 277">
    <p class='ocr_par' dir='ltr' id='par_1_3' title="bbox 3592 221 3720 277">
     <span class='ocr_line' id='line_1_3' title="bbox 3592 221 3720 277; baseline 0.008 -1"><span class='ocrx_word' id='word_1_3' title='bbox 3592 221 3720 277; x_wconf 63' lang='grc'><strong>1120</strong></span> 
     </span>
    </p>
   </div>
   <div class='ocr_carea' id='block_1_4' title="bbox 382 338 3730 435">
    <p class='ocr_par' dir='ltr' id='par_1_4' title="bbox 382 338 3730 435">
     <span class='ocr_line' id='line_1_4' title="bbox 382 338 3730 435; baseline 0.003 -20"><span class='ocrx_word' id='word_1_4' title='bbox 382 363 466 417; x_wconf 87' lang='lat' dir='ltr'><strong>lus</strong></span> <span class='ocrx_word' id='word_1_5' title='bbox 493 365 544 416; x_wconf 91' lang='lat' dir='ltr'><strong>in</strong></span> <span class='ocrx_word' id='word_1_6' title='bbox 574 363 856 430; x_wconf 80' lang='lat' dir='ltr'><strong>gemitibus</strong></span> <span class='ocrx_word' id='word_1_7' title='bbox 884 363 1079 415; x_wconf 87' lang='lat' dir='ltr'><strong>sentit:</strong></span> <span class='ocrx_word' id='word_1_8' title='bbox 1112 377 1234 416; x_wconf 76' lang='lat' dir='ltr'><strong>ecce</strong></span> <span class='ocrx_word' id='word_1_9' title='bbox 1255 362 1399 416; x_wconf 88' lang='lat' dir='ltr'><strong>enim</strong></span> <span class='ocrx_word' id='word_1_10' title='bbox 1419 362 1528 430; x_wconf 81' lang='lat' dir='ltr'><strong>jam</strong></span> <span class='ocrx_word' id='word_1_11' title='bbox 1557 364 1715 419; x_wconf 90' lang='lat' dir='ltr'><strong>tertio</strong></span> <span class='ocrx_word' id='word_1_12' title='bbox 1742 367 1904 435; x_wconf 83' lang='lat' dir='ltr'><strong>gemi-</strong></span> <span class='ocrx_word' id='word_1_13' title='bbox 1934 377 1979 429; x_wconf 81' lang='grc' dir='ltr'><strong>Α</strong></span> <span class='ocrx_word' id='word_1_14' title='bbox 2006 376 2118 422; x_wconf 89' lang='lat' dir='ltr'><strong>ster</strong></span> <span class='ocrx_word' id='word_1_15' title='bbox 2147 364 2390 434; x_wconf 77' lang='lat' dir='ltr'><strong>spiritus,</strong></span> <span class='ocrx_word' id='word_1_16' title='bbox 2417 361 2462 415; x_wconf 90' lang='lat' dir='ltr'><strong>si</strong></span> <span class='ocrx_word' id='word_1_17' title='bbox 2493 368 2688 414; x_wconf 82' lang='lat' dir='ltr'><strong>tamen</strong></span> <span class='ocrx_word' id='word_1_18' title='bbox 2723 338 3523 435; x_wconf 42' lang='grc' dir='ltr'><strong>ιιίεεὶΡ¹¹¹¹¹⁸β⁵⁶θμδ³⁰θιί</strong></span> <span class='ocrx_word' id='word_1_19' title='bbox 3560 338 3730 435; x_wconf 59' lang='grc' dir='ltr'><strong>δΡίή’</strong></span> 
     </span>
    </p>
   </div>
   <div class='ocr_carea' id='block_1_5' title="bbox 382 452 1902 522">
    <p class='ocr_par' dir='ltr' id='par_1_5' title="bbox 382 452 1902 522">
     <span class='ocr_line' id='line_1_5' title="bbox 382 452 1902 522; baseline 0.001 -17"><span class='ocrx_word' id='word_1_20' title='bbox 382 460 468 506; x_wconf 84' lang='lat' dir='ltr'><strong>tus</strong></span> <span class='ocrx_word' id='word_1_21' title='bbox 514 455 677 519; x_wconf 91' lang='lat' dir='ltr'><strong>ponit.</strong></span> <span class='ocrx_word' id='word_1_22' title='bbox 717 452 848 506; x_wconf 83' lang='lat' dir='ltr'><strong>Nam</strong></span> <span class='ocrx_word' id='word_1_23' title='bbox 878 463 932 506; x_wconf 92' lang='lat' dir='ltr'><strong>et</strong></span> <span class='ocrx_word' id='word_1_24' title='bbox 967 471 986 497; x_wconf 78' lang='grc' dir='ltr'><strong><em>ο</em></strong></span> <span class='ocrx_word' id='word_1_25' title='bbox 1013 463 1279 515; x_wconf 88' lang='lat' dir='ltr'><strong>creatura,</strong></span> <span class='ocrx_word' id='word_1_26' title='bbox 1306 473 1323 504; x_wconf 81' lang='grc' dir='ltr'><strong>ι</strong></span> <span class='ocrx_word' id='word_1_27' title='bbox 1356 454 1552 520; x_wconf 89' lang='lat' dir='ltr'><strong>inquit,</strong></span> <span class='ocrx_word' id='word_1_28' title='bbox 1587 472 1605 504; x_wconf 76' lang='grc' dir='ltr'><strong>ι</strong></span> <span class='ocrx_word' id='word_1_29' title='bbox 1637 457 1902 522; x_wconf 66' lang='lat' dir='ltr'><strong>congemi-</strong></span> 
     </span>
    </p>
   </div>
   <div class='ocr_carea' id='block_1_6' title="bbox 381 541 1902 612">
    <p class='ocr_par' dir='ltr' id='par_1_6' title="bbox 381 541 1902 612">
     <span class='ocr_line' id='line_1_6' title="bbox 381 541 1902 612; baseline 0.002 -17"><span class='ocrx_word' id='word_1_30' title='bbox 381 545 502 602; x_wconf 82' lang='lat' dir='ltr'><strong>scit,</strong></span> <span class='ocrx_word' id='word_1_31' title='bbox 534 562 550 591; x_wconf 79' lang='grc' dir='ltr'><strong>ι</strong></span> <span class='ocrx_word' id='word_1_32' title='bbox 581 551 633 595; x_wconf 92' lang='lat' dir='ltr'><strong>et</strong></span> <span class='ocrx_word' id='word_1_33' title='bbox 669 559 687 591; x_wconf 72' lang='grc' dir='ltr'><strong>ι</strong></span> <span class='ocrx_word' id='word_1_34' title='bbox 713 557 807 594; x_wconf 90' lang='lat' dir='ltr'><strong>nos</strong></span> <span class='ocrx_word' id='word_1_35' title='bbox 853 541 952 608; x_wconf 86' lang='lat' dir='ltr'><strong>ipsi</strong></span> <span class='ocrx_word' id='word_1_36' title='bbox 1007 543 1286 609; x_wconf 84' lang='lat' dir='ltr'><strong>gemimus,</strong></span> <span class='ocrx_word' id='word_1_37' title='bbox 1317 563 1335 594; x_wconf 82' lang='lat' dir='ltr'><strong>I</strong></span> <span class='ocrx_word' id='word_1_38' title='bbox 1383 553 1436 596; x_wconf 89' lang='lat' dir='ltr'><strong>et</strong></span> <span class='ocrx_word' id='word_1_39' title='bbox 1479 563 1496 595; x_wconf 75' lang='grc' dir='ltr'><strong>ι</strong></span> <span class='ocrx_word' id='word_1_40' title='bbox 1529 545 1641 612; x_wconf 86' lang='lat' dir='ltr'><strong>ipse</strong></span> <span class='ocrx_word' id='word_1_41' title='bbox 1671 545 1902 612; x_wconf 75' lang='lat' dir='ltr'><strong>Spiritus</strong></span> 
     </span>
    </p>
   </div>
   <div class='ocr_carea' id='block_1_7' title="bbox 381 630 1903 699">
    <p class='ocr_par' dir='ltr' id='par_1_7' title="bbox 381 630 1903 699">
     <span class='ocr_line' id='line_1_7' title="bbox 381 630 1903 699; baseline 0.004 -17"><span class='ocrx_word' id='word_1_42' title='bbox 381 631 662 696; x_wconf 70' lang='lat' dir='ltr'><strong>gemitibus</strong></span> <span class='ocrx_word' id='word_1_43' title='bbox 707 630 1008 699; x_wconf 80' lang='lat' dir='ltr'><strong>interpellat</strong></span> <span class='ocrx_word' id='word_1_44' title='bbox 1044 632 1203 684; x_wconf 91' lang='lat' dir='ltr'><strong>Deum</strong></span> <span class='ocrx_word' id='word_1_45' title='bbox 1239 649 1336 699; x_wconf 93' lang='lat' dir='ltr'><strong>pro</strong></span> <span class='ocrx_word' id='word_1_46' title='bbox 1383 636 1606 688; x_wconf 81' lang='lat' dir='ltr'><strong>sanctis.</strong></span> <span class='ocrx_word' id='word_1_47' title='bbox 1635 652 1654 685; x_wconf 71' lang='grc' dir='ltr'><strong>ι</strong></span> <span class='ocrx_word' id='word_1_48' title='bbox 1689 635 1903 688; x_wconf 81' lang='lat' dir='ltr'><strong>Addidit</strong></span> 
     </span>
    </p>
   </div>
   <div class='ocr_carea' id='block_1_8' title="bbox 379 718 1904 787">
    <p class='ocr_par' dir='ltr' id='par_1_8' title="bbox 379 718 1904 787">
     <span class='ocr_line' id='line_1_8' title="bbox 379 718 1904 787; baseline 0.004 -19"><span class='ocrx_word' id='word_1_49' title='bbox 379 733 505 770; x_wconf 86' lang='lat' dir='ltr'><strong>sane</strong></span> <span class='ocrx_word' id='word_1_50' title='bbox 529 719 581 770; x_wconf 90' lang='lat' dir='ltr'><strong>in</strong></span> <span class='ocrx_word' id='word_1_51' title='bbox 631 718 718 771; x_wconf 86' lang='lat' dir='ltr'><strong>his</strong></span> <span class='ocrx_word' id='word_1_52' title='bbox 747 719 1026 784; x_wconf 73' lang='lat' dir='ltr'><strong>gemitibus</strong></span> <span class='ocrx_word' id='word_1_53' title='bbox 1056 733 1186 785; x_wconf 90' lang='lat' dir='ltr'><strong>quos</strong></span> <span class='ocrx_word' id='word_1_54' title='bbox 1219 736 1310 784; x_wconf 86' lang='lat' dir='ltr'><strong>per</strong></span> <span class='ocrx_word' id='word_1_55' title='bbox 1337 721 1596 787; x_wconf 83' lang='lat' dir='ltr'><strong>Spiritum</strong></span> <span class='ocrx_word' id='word_1_56' title='bbox 1638 723 1750 776; x_wconf 83' lang='lat' dir='ltr'><strong>Deo</strong></span> <span class='ocrx_word' id='word_1_57' title='bbox 1774 723 1904 776; x_wconf 82' lang='lat' dir='ltr'><strong>dicit</strong></span> 
     </span>
    </p>
   </div>
   <div class='ocr_carea' id='block_1_9' title="bbox 378 805 1905 876">
    <p class='ocr_par' dir='ltr' id='par_1_9' title="bbox 378 805 1905 876">
     <span class='ocr_line' id='line_1_9' title="bbox 378 805 1905 876; baseline 0.004 -18"><span class='ocrx_word' id='word_1_58' title='bbox 378 805 580 870; x_wconf 80' lang='lat' dir='ltr'><strong>offerri,</strong></span> <span class='ocrx_word' id='word_1_59' title='bbox 610 809 749 874; x_wconf 91' lang='lat' dir='ltr'><strong>quod</strong></span> <span class='ocrx_word' id='word_1_60' title='bbox 783 808 892 860; x_wconf 87' lang='lat' dir='ltr'><strong>sint</strong></span> <span class='ocrx_word' id='word_1_61' title='bbox 942 809 1350 862; x_wconf 77' lang='lat' dir='ltr'><strong>inenarrabiles.</strong></span> <span class='ocrx_word' id='word_1_62' title='bbox 1388 809 1496 863; x_wconf 85' lang='lat' dir='ltr'><strong>lloe</strong></span> <span class='ocrx_word' id='word_1_63' title='bbox 1528 821 1704 863; x_wconf 88' lang='lat' dir='ltr'><strong>autem</strong></span> <span class='ocrx_word' id='word_1_64' title='bbox 1735 825 1905 876; x_wconf 89' lang='lat' dir='ltr'><strong>neque</strong></span> 
     </span>
    </p>
   </div>
   <div class='ocr_carea' id='block_1_10' title="bbox 379 899 1902 971">
    <p class='ocr_par' dir='ltr' id='par_1_10' title="bbox 379 899 1902 971">
     <span class='ocr_line' id='line_1_10' title="bbox 379 899 1902 971; baseline 0.003 -21"><span class='ocrx_word' id='word_1_65' title='bbox 379 899 445 951; x_wconf 90' lang='lat' dir='ltr'><strong>de</strong></span> <span class='ocrx_word' id='word_1_66' title='bbox 475 900 637 951; x_wconf 83' lang='lat' dir='ltr'><strong>totius</strong></span> <span class='ocrx_word' id='word_1_67' title='bbox 667 909 943 962; x_wconf 69' lang='lat' dir='ltr'><strong>creaturae,</strong></span> <span class='ocrx_word' id='word_1_68' title='bbox 975 914 1147 966; x_wconf 81' lang='lat' dir='ltr'><strong>neque</strong></span> <span class='ocrx_word' id='word_1_69' title='bbox 1172 903 1237 954; x_wconf 87' lang='lat' dir='ltr'><strong>de</strong></span> <span class='ocrx_word' id='word_1_70' title='bbox 1292 904 1404 954; x_wconf 88' lang='lat' dir='ltr'><strong>suis</strong></span> <span class='ocrx_word' id='word_1_71' title='bbox 1431 903 1716 971; x_wconf 79' lang='lat' dir='ltr'><strong>gemitibus</strong></span> <span class='ocrx_word' id='word_1_72' title='bbox 1748 903 1902 954; x_wconf 80' lang='lat' dir='ltr'><strong>dixit.</strong></span> 
     </span>
    </p>
   </div>
   <div class='ocr_carea' id='block_1_11' title="bbox 379 986 1907 1058">
    <p class='ocr_par' dir='ltr' id='par_1_11' title="bbox 379 986 1907 1058">
     <span class='ocr_line' id='line_1_11' title="bbox 379 986 1907 1058; baseline 0.003 -20"><span class='ocrx_word' id='word_1_73' title='bbox 379 986 444 1039; x_wconf 87' lang='lat' dir='ltr'><strong>Et</strong></span> <span class='ocrx_word' id='word_1_74' title='bbox 473 988 594 1040; x_wconf 78' lang='lat' dir='ltr'><strong>vide</strong></span> <span class='ocrx_word' id='word_1_75' title='bbox 616 989 657 1040; x_wconf 91' lang='lat' dir='ltr'><strong>si</strong></span> <span class='ocrx_word' id='word_1_76' title='bbox 683 1003 959 1056; x_wconf 90' lang='lat' dir='ltr'><strong>possumus</strong></span> <span class='ocrx_word' id='word_1_77' title='bbox 990 989 1042 1041; x_wconf 91' lang='lat' dir='ltr'><strong>in</strong></span> <span class='ocrx_word' id='word_1_78' title='bbox 1076 991 1190 1042; x_wconf 88' lang='lat' dir='ltr'><strong>istis</strong></span> <span class='ocrx_word' id='word_1_79' title='bbox 1214 991 1496 1058; x_wconf 78' lang='lat' dir='ltr'><strong>gemitibus</strong></span> <span class='ocrx_word' id='word_1_80' title='bbox 1518 992 1738 1044; x_wconf 90' lang='lat' dir='ltr'><strong>multum</strong></span> <span class='ocrx_word' id='word_1_81' title='bbox 1772 991 1907 1045; x_wconf 85' lang='lat' dir='ltr'><strong>ﬁdu-</strong></span> 
     </span>
    </p>
   </div>
   <div class='ocr_carea' id='block_1_12' title="bbox 379 1076 1905 1148">
    <p class='ocr_par' dir='ltr' id='par_1_12' title="bbox 379 1076 1905 1148">
     <span class='ocr_line' id='line_1_12' title="bbox 379 1076 1905 1148; baseline 0.003 -21"><span class='ocrx_word' id='word_1_82' title='bbox 379 1077 476 1127; x_wconf 71' lang='lat' dir='ltr'><strong>ciae</strong></span> <span class='ocrx_word' id='word_1_83' title='bbox 503 1087 556 1127; x_wconf 91' lang='lat' dir='ltr'><strong>et</strong></span> <span class='ocrx_word' id='word_1_84' title='bbox 587 1076 844 1128; x_wconf 83' lang='lat' dir='ltr'><strong>libertatis</strong></span> <span class='ocrx_word' id='word_1_85' title='bbox 874 1077 926 1128; x_wconf 93' lang='lat' dir='ltr'><strong>in</strong></span> <span class='ocrx_word' id='word_1_86' title='bbox 951 1088 1239 1144; x_wconf 89' lang='lat' dir='ltr'><strong>conspectu</strong></span> <span class='ocrx_word' id='word_1_87' title='bbox 1276 1078 1368 1132; x_wconf 88' lang='lat' dir='ltr'><strong>Dei</strong></span> <span class='ocrx_word' id='word_1_88' title='bbox 1417 1080 1732 1148; x_wconf 79' lang='lat' dir='ltr'><strong>intelligere,</strong></span> <span class='ocrx_word' id='word_1_89' title='bbox 1765 1079 1905 1148; x_wconf 92' lang='lat' dir='ltr'><strong>quod</strong></span> 
     </span>
    </p>
   </div>
   <div class='ocr_carea' id='block_1_13' title="bbox 379 1163 1906 1232">
    <p class='ocr_par' dir='ltr' id='par_1_13' title="bbox 379 1163 1906 1232">
     <span class='ocr_line' id='line_1_13' title="bbox 379 1163 1906 1232; baseline 0.004 -20"><span class='ocrx_word' id='word_1_90' title='bbox 379 1165 550 1213; x_wconf 86' lang='lat' dir='ltr'><strong>oratio</strong></span> <span class='ocrx_word' id='word_1_91' title='bbox 573 1177 692 1228; x_wconf 67' lang='lat' dir='ltr'><strong>qua:</strong></span> <span class='ocrx_word' id='word_1_92' title='bbox 722 1177 842 1215; x_wconf 91' lang='lat' dir='ltr'><strong>cum</strong></span> <span class='ocrx_word' id='word_1_93' title='bbox 873 1163 1052 1217; x_wconf 88' lang='lat' dir='ltr'><strong>dolore</strong></span> <span class='ocrx_word' id='word_1_94' title='bbox 1081 1174 1134 1218; x_wconf 82' lang='lat' dir='ltr'><strong>et</strong></span> <span class='ocrx_word' id='word_1_95' title='bbox 1163 1166 1359 1232; x_wconf 83' lang='lat' dir='ltr'><strong>gemitu</strong></span> <span class='ocrx_word' id='word_1_96' title='bbox 1406 1164 1623 1218; x_wconf 86' lang='lat' dir='ltr'><strong>oll&#39;ertur</strong></span> <span class='ocrx_word' id='word_1_97' title='bbox 1656 1165 1782 1229; x_wconf 90' lang='lat' dir='ltr'><strong>Deo,</strong></span> <span class='ocrx_word' id='word_1_98' title='bbox 1822 1181 1906 1219; x_wconf 85' lang='lat' dir='ltr'><strong>ac-</strong></span> 
     </span>
    </p>
   </div>
   <div class='ocr_carea' id='block_1_14' title="bbox 376 1250 1904 1319">
    <p class='ocr_par' dir='ltr' id='par_1_14' title="bbox 376 1250 1904 1319">
     <span class='ocr_line' id='line_1_14' title="bbox 376 1250 1904 1319; baseline 0.007 -20"><span class='ocrx_word' id='word_1_99' title='bbox 376 1250 541 1314; x_wconf 86' lang='lat' dir='ltr'><strong>cipiat</strong></span> <span class='ocrx_word' id='word_1_100' title='bbox 593 1251 840 1304; x_wconf 88' lang='lat' dir='ltr'><strong>fiduciam</strong></span> <span class='ocrx_word' id='word_1_101' title='bbox 884 1266 913 1304; x_wconf 90' lang='lat' dir='ltr'><strong>a</strong></span> <span class='ocrx_word' id='word_1_102' title='bbox 974 1253 1174 1319; x_wconf 89' lang='lat' dir='ltr'><strong>Spiritu</strong></span> <span class='ocrx_word' id='word_1_103' title='bbox 1226 1263 1411 1308; x_wconf 90' lang='lat' dir='ltr'><strong>sancto</strong></span> <span class='ocrx_word' id='word_1_104' title='bbox 1465 1257 1780 1310; x_wconf 90' lang='lat' dir='ltr'><strong>ascendendi</strong></span> <span class='ocrx_word' id='word_1_105' title='bbox 1838 1256 1904 1309; x_wconf 88' lang='lat' dir='ltr'><strong>ad</strong></span> 
     </span>
    </p>
   </div>
   <div class='ocr_carea' id='block_1_15' title="bbox 378 1337 1900 1415">
    <p class='ocr_par' dir='ltr' id='par_1_15' title="bbox 378 1337 1900 1415">
     <span class='ocr_line' id='line_1_15' title="bbox 378 1337 1900 1415; baseline 0.008 -27"><span class='ocrx_word' id='word_1_106' title='bbox 378 1337 561 1392; x_wconf 88' lang='lat' dir='ltr'><strong>Deum.</strong></span> <span class='ocrx_word' id='word_1_107' title='bbox 595 1340 829 1407; x_wconf 88' lang='lat' dir='ltr'><strong>Denique</strong></span> <span class='ocrx_word' id='word_1_108' title='bbox 847 1341 1013 1394; x_wconf 85' lang='lat' dir='ltr'><strong>Adam</strong></span> <span class='ocrx_word' id='word_1_109' title='bbox 1043 1357 1160 1396; x_wconf 90' lang='lat' dir='ltr'><strong>cum</strong></span> <span class='ocrx_word' id='word_1_110' title='bbox 1190 1358 1478 1411; x_wconf 84' lang='lat' dir='ltr'><strong>peccasset,</strong></span> <span class='ocrx_word' id='word_1_111' title='bbox 1508 1348 1737 1415; x_wconf 86' lang='lat' dir='ltr'><strong>perdidit</strong></span> <span class='ocrx_word' id='word_1_112' title='bbox 1766 1348 1900 1400; x_wconf 85' lang='lat' dir='ltr'><strong>fidu-</strong></span> 
     </span>
    </p>
   </div>
   <div class='ocr_carea' id='block_1_16' title="bbox 376 1429 1896 1493">
    <p class='ocr_par' dir='ltr' id='par_1_16' title="bbox 376 1429 1896 1493">
     <span class='ocr_line' id='line_1_16' title="bbox 376 1429 1896 1493; baseline 0.008 -15"><span class='ocrx_word' id='word_1_113' title='bbox 376 1429 532 1493; x_wconf 84' lang='lat' dir='ltr'><strong>ciam,</strong></span> <span class='ocrx_word' id='word_1_114' title='bbox 563 1440 614 1482; x_wconf 91' lang='lat' dir='ltr'><strong>et</strong></span> <span class='ocrx_word' id='word_1_115' title='bbox 641 1429 914 1484; x_wconf 86' lang='lat' dir='ltr'><strong>abscondit</strong></span> <span class='ocrx_word' id='word_1_116' title='bbox 938 1448 1038 1485; x_wconf 90' lang='lat' dir='ltr'><strong>sea</strong></span> <span class='ocrx_word' id='word_1_117' title='bbox 1073 1432 1208 1488; x_wconf 84' lang='lat' dir='ltr'><strong>facie</strong></span> <span class='ocrx_word' id='word_1_118' title='bbox 1240 1437 1328 1489; x_wconf 89' lang='lat' dir='ltr'><strong>Dei</strong></span> <span class='ocrx_word' id='word_1_119' title='bbox 1359 1438 1424 1489; x_wconf 78' lang='grc'><strong>⁵⁸.</strong></span> <span class='ocrx_word' id='word_1_120' title='bbox 1461 1438 1693 1491; x_wconf 85' lang='lat' dir='ltr'><strong>Sanctus</strong></span> <span class='ocrx_word' id='word_1_121' title='bbox 1722 1446 1896 1490; x_wconf 89' lang='lat' dir='ltr'><strong>autem</strong></span> 
     </span>
    </p>
   </div>
   <div class='ocr_carea' id='block_1_17' title="bbox 378 1517 1901 1591">
    <p class='ocr_par' dir='ltr' id='par_1_17' title="bbox 378 1517 1901 1591">
     <span class='ocr_line' id='line_1_17' title="bbox 378 1517 1901 1591; baseline 0.009 -23"><span class='ocrx_word' id='word_1_122' title='bbox 378 1517 540 1571; x_wconf 82' lang='lat' dir='ltr'><strong>David</strong></span> <span class='ocrx_word' id='word_1_123' title='bbox 571 1520 716 1583; x_wconf 89' lang='lat' dir='ltr'><strong>dicit,</strong></span> <span class='ocrx_word' id='word_1_124' title='bbox 733 1523 864 1588; x_wconf 71' lang='lat' dir='ltr'><strong>quia</strong></span> <span class='ocrx_word' id='word_1_125' title='bbox 899 1541 916 1572; x_wconf 86' lang='grc'>‹</span> <span class='ocrx_word' id='word_1_126' title='bbox 941 1526 1165 1591; x_wconf 85' lang='lat' dir='ltr'><strong>gemitus</strong></span> <span class='ocrx_word' id='word_1_127' title='bbox 1195 1541 1342 1579; x_wconf 90' lang='lat' dir='ltr'><strong>meus</strong></span> <span class='ocrx_word' id='word_1_128' title='bbox 1372 1542 1399 1580; x_wconf 89' lang='lat' dir='ltr'><strong>a</strong></span> <span class='ocrx_word' id='word_1_129' title='bbox 1438 1537 1487 1580; x_wconf 90' lang='lat' dir='ltr'><strong>te</strong></span> <span class='ocrx_word' id='word_1_130' title='bbox 1519 1542 1618 1579; x_wconf 92' lang='lat' dir='ltr'><strong>nou</strong></span> <span class='ocrx_word' id='word_1_131' title='bbox 1653 1536 1735 1581; x_wconf 92' lang='lat' dir='ltr'><strong>est</strong></span> <span class='ocrx_word' id='word_1_132' title='bbox 1771 1529 1901 1581; x_wconf 91' lang='lat' dir='ltr'><strong>abs-</strong></span> 
     </span>
    </p>
   </div>
   <div class='ocr_carea' id='block_1_18' title="bbox 377 1609 1894 1683">
    <p class='ocr_par' dir='ltr' id='par_1_18' title="bbox 377 1609 1894 1683">
     <span class='ocr_line' id='line_1_18' title="bbox 377 1609 1894 1683; baseline 0.007 -26"><span class='ocrx_word' id='word_1_133' title='bbox 377 1609 618 1660; x_wconf 79' lang='lat' dir='ltr'><strong>conditus</strong></span> <span class='ocrx_word' id='word_1_134' title='bbox 646 1610 712 1662; x_wconf 84' lang='lat'><strong>“.</strong></span> <span class='ocrx_word' id='word_1_135' title='bbox 753 1629 770 1659; x_wconf 80' lang='grc'><strong>»</strong></span> <span class='ocrx_word' id='word_1_136' title='bbox 809 1611 910 1664; x_wconf 88' lang='lat' dir='ltr'><strong>Sed</strong></span> <span class='ocrx_word' id='word_1_137' title='bbox 943 1615 1213 1666; x_wconf 84' lang='lat' dir='ltr'><strong>videamus</strong></span> <span class='ocrx_word' id='word_1_138' title='bbox 1253 1614 1380 1680; x_wconf 91' lang='lat' dir='ltr'><strong>quid</strong></span> <span class='ocrx_word' id='word_1_139' title='bbox 1411 1625 1492 1668; x_wconf 82' lang='lat' dir='ltr'><strong>est</strong></span> <span class='ocrx_word' id='word_1_140' title='bbox 1538 1617 1676 1683; x_wconf 90' lang='lat' dir='ltr'><strong>quod</strong></span> <span class='ocrx_word' id='word_1_141' title='bbox 1712 1615 1845 1669; x_wconf 90' lang='lat' dir='ltr'><strong>dicit</strong></span> <span class='ocrx_word' id='word_1_142' title='bbox 1880 1632 1894 1667; x_wconf 89' lang='lat'><strong>:</strong></span> 
     </span>
    </p>
   </div>
   <div class='ocr_carea' id='block_1_19' title="bbox 383 1695 1903 1769">
    <p class='ocr_par' dir='ltr' id='par_1_19' title="bbox 383 1695 1903 1769">
     <span class='ocr_line' id='line_1_19' title="bbox 383 1695 1903 1769; baseline 0.008 -26"><span class='ocrx_word' id='word_1_143' title='bbox 383 1711 402 1743; x_wconf 82' lang='grc' dir='ltr'><strong>ι</strong></span> <span class='ocrx_word' id='word_1_144' title='bbox 432 1695 544 1762; x_wconf 90' lang='lat' dir='ltr'><strong>Ipse</strong></span> <span class='ocrx_word' id='word_1_145' title='bbox 573 1695 802 1762; x_wconf 82' lang='lat' dir='ltr'><strong>Spiritus</strong></span> <span class='ocrx_word' id='word_1_146' title='bbox 840 1701 1136 1769; x_wconf 87' lang='lat' dir='ltr'><strong>interpellat</strong></span> <span class='ocrx_word' id='word_1_147' title='bbox 1160 1718 1255 1769; x_wconf 91' lang='lat' dir='ltr'><strong>pro</strong></span> <span class='ocrx_word' id='word_1_148' title='bbox 1287 1705 1438 1757; x_wconf 87' lang='lat' dir='ltr'><strong>nobis</strong></span> <span class='ocrx_word' id='word_1_149' title='bbox 1461 1705 1524 1756; x_wconf 83' lang='grc'><strong>⁸³.</strong></span> <span class='ocrx_word' id='word_1_150' title='bbox 1554 1722 1572 1753; x_wconf 75' lang='grc' dir='ltr'><strong>ι</strong></span> <span class='ocrx_word' id='word_1_151' title='bbox 1615 1702 1722 1756; x_wconf 86' lang='lat' dir='ltr'><strong>Hoc</strong></span> <span class='ocrx_word' id='word_1_152' title='bbox 1765 1704 1903 1755; x_wconf 87' lang='lat' dir='ltr'><strong>enim</strong></span> 
     </span>
    </p>
   </div>
   <div class='ocr_carea' id='block_1_20' title="bbox 383 1782 1905 1858">
    <p class='ocr_par' dir='ltr' id='par_1_20' title="bbox 383 1782 1905 1858">
     <span class='ocr_line' id='line_1_20' title="bbox 383 1782 1905 1858; baseline 0.007 -25"><span class='ocrx_word' id='word_1_153' title='bbox 383 1793 434 1834; x_wconf 91' lang='lat' dir='ltr'><strong>et</strong></span> <span class='ocrx_word' id='word_1_154' title='bbox 461 1782 693 1838; x_wconf 77' lang='lat' dir='ltr'><strong>Joannes</strong></span> <span class='ocrx_word' id='word_1_155' title='bbox 721 1785 897 1839; x_wconf 84' lang='lat' dir='ltr'><strong>Jesum</strong></span> <span class='ocrx_word' id='word_1_156' title='bbox 928 1791 1100 1842; x_wconf 84' lang='lat' dir='ltr'><strong>facere</strong></span> <span class='ocrx_word' id='word_1_157' title='bbox 1129 1791 1389 1858; x_wconf 83' lang='lat' dir='ltr'><strong>designat,</strong></span> <span class='ocrx_word' id='word_1_158' title='bbox 1417 1807 1533 1844; x_wconf 91' lang='lat' dir='ltr'><strong>cum</strong></span> <span class='ocrx_word' id='word_1_159' title='bbox 1561 1793 1690 1844; x_wconf 91' lang='lat' dir='ltr'><strong>dicit</strong></span> <span class='ocrx_word' id='word_1_160' title='bbox 1717 1810 1732 1845; x_wconf 89' lang='lat'><strong>:</strong></span> <span class='ocrx_word' id='word_1_161' title='bbox 1767 1811 1785 1842; x_wconf 80' lang='grc' dir='ltr'><strong>ι</strong></span> <span class='ocrx_word' id='word_1_162' title='bbox 1815 1792 1905 1844; x_wconf 80' lang='lat' dir='ltr'><strong>Fi-</strong></span> 
     </span>
    </p>
   </div>
   <div class='ocr_carea' id='block_1_21' title="bbox 382 1870 1904 1948">
    <p class='ocr_par' dir='ltr' id='par_1_21' title="bbox 382 1870 1904 1948">
     <span class='ocr_line' id='line_1_21' title="bbox 382 1870 1904 1948; baseline 0.009 -26"><span class='ocrx_word' id='word_1_163' title='bbox 382 1870 516 1936; x_wconf 86' lang='lat' dir='ltr'><strong>lioli,</strong></span> <span class='ocrx_word' id='word_1_164' title='bbox 547 1873 659 1926; x_wconf 78' lang='lat' dir='ltr'><strong>lnec</strong></span> <span class='ocrx_word' id='word_1_165' title='bbox 698 1877 877 1930; x_wconf 89' lang='lat' dir='ltr'><strong>scribo</strong></span> <span class='ocrx_word' id='word_1_166' title='bbox 913 1878 1080 1940; x_wconf 81' lang='lat' dir='ltr'><strong>vobis,</strong></span> <span class='ocrx_word' id='word_1_167' title='bbox 1111 1889 1166 1930; x_wconf 90' lang='lat' dir='ltr'><strong>ut</strong></span> <span class='ocrx_word' id='word_1_168' title='bbox 1213 1896 1315 1932; x_wconf 90' lang='lat' dir='ltr'><strong>non</strong></span> <span class='ocrx_word' id='word_1_169' title='bbox 1365 1882 1630 1948; x_wconf 83' lang='lat' dir='ltr'><strong>peccetis:</strong></span> <span class='ocrx_word' id='word_1_170' title='bbox 1659 1883 1703 1934; x_wconf 89' lang='lat' dir='ltr'><strong>si</strong></span> <span class='ocrx_word' id='word_1_171' title='bbox 1733 1892 1904 1936; x_wconf 87' lang='lat' dir='ltr'><strong>autem</strong></span> 
     </span>
    </p>
   </div>
   <div class='ocr_carea' id='block_1_22' title="bbox 380 1965 1907 2032">
    <p class='ocr_par' dir='ltr' id='par_1_22' title="bbox 380 1965 1907 2032">
     <span class='ocr_line' id='line_1_22' title="bbox 380 1965 1907 2032; baseline 0.007 -18"><span class='ocrx_word' id='word_1_172' title='bbox 380 1972 433 2014; x_wconf 91' lang='lat' dir='ltr'><strong>et</strong></span> <span class='ocrx_word' id='word_1_173' title='bbox 464 1965 763 2030; x_wconf 84' lang='lat' dir='ltr'><strong>peccaverit</strong></span> <span class='ocrx_word' id='word_1_174' title='bbox 787 1967 983 2032; x_wconf 89' lang='lat' dir='ltr'><strong>aliquis</strong></span> <span class='ocrx_word' id='word_1_175' title='bbox 1019 1979 1283 2029; x_wconf 89' lang='lat' dir='ltr'><strong>nostrum,</strong></span> <span class='ocrx_word' id='word_1_176' title='bbox 1304 1971 1620 2023; x_wconf 88' lang='lat' dir='ltr'><strong>advocatum</strong></span> <span class='ocrx_word' id='word_1_177' title='bbox 1652 1972 1907 2026; x_wconf 79' lang='lat' dir='ltr'><strong>habemus</strong></span> 
     </span>
    </p>
   </div>
   <div class='ocr_carea' id='block_1_23' title="bbox 381 2054 1908 2129">
    <p class='ocr_par' dir='ltr' id='par_1_23' title="bbox 381 2054 1908 2129">
     <span class='ocr_line' id='line_1_23' title="bbox 381 2054 1908 2129; baseline 0.007 -25"><span class='ocrx_word' id='word_1_178' title='bbox 381 2055 517 2120; x_wconf 86' lang='lat' dir='ltr'><strong>apud</strong></span> <span class='ocrx_word' id='word_1_179' title='bbox 549 2054 756 2109; x_wconf 87' lang='lat' dir='ltr'><strong>Patrem</strong></span> <span class='ocrx_word' id='word_1_180' title='bbox 782 2055 981 2119; x_wconf 80' lang='lat' dir='ltr'><strong>justum</strong></span> <span class='ocrx_word' id='word_1_181' title='bbox 1013 2057 1213 2119; x_wconf 84' lang='lat' dir='ltr'><strong>Jesnm,</strong></span> <span class='ocrx_word' id='word_1_182' title='bbox 1243 2061 1330 2126; x_wconf 85' lang='lat' dir='ltr'><strong>qui</strong></span> <span class='ocrx_word' id='word_1_183' title='bbox 1366 2070 1417 2112; x_wconf 92' lang='lat' dir='ltr'><strong>et</strong></span> <span class='ocrx_word' id='word_1_184' title='bbox 1466 2061 1764 2128; x_wconf 86' lang='lat' dir='ltr'><strong>interpellat</strong></span> <span class='ocrx_word' id='word_1_185' title='bbox 1813 2078 1908 2129; x_wconf 89' lang='lat' dir='ltr'><strong>pro</strong></span> 
     </span>
    </p>
   </div>
   <div class='ocr_carea' id='block_1_24' title="bbox 381 2141 1904 2216">
    <p class='ocr_par' dir='ltr' id='par_1_24' title="bbox 381 2141 1904 2216">
     <span class='ocr_line' id='line_1_24' title="bbox 381 2141 1904 2216; baseline 0.007 -24"><span class='ocrx_word' id='word_1_186' title='bbox 381 2141 534 2194; x_wconf 87' lang='lat' dir='ltr'><strong>nobis</strong></span> <span class='ocrx_word' id='word_1_187' title='bbox 561 2142 627 2194; x_wconf 80' lang='grc'><strong>⁵³.</strong></span> <span class='ocrx_word' id='word_1_188' title='bbox 655 2161 673 2192; x_wconf 71' lang='grc' dir='ltr'><strong>ι</strong></span> <span class='ocrx_word' id='word_1_189' title='bbox 717 2143 780 2194; x_wconf 88' lang='grc' dir='ltr'>Ει</span> <span class='ocrx_word' id='word_1_190' title='bbox 811 2145 917 2206; x_wconf 91' lang='lat' dir='ltr'><strong>hic,</strong></span> <span class='ocrx_word' id='word_1_191' title='bbox 945 2146 1176 2212; x_wconf 77' lang='lat' dir='ltr'><strong>Spiritus</strong></span> <span class='ocrx_word' id='word_1_192' title='bbox 1207 2147 1507 2214; x_wconf 86' lang='lat' dir='ltr'><strong>interpellat</strong></span> <span class='ocrx_word' id='word_1_193' title='bbox 1539 2165 1632 2216; x_wconf 86' lang='lat' dir='ltr'><strong>pro</strong></span> <span class='ocrx_word' id='word_1_194' title='bbox 1662 2151 1812 2204; x_wconf 89' lang='lat' dir='ltr'><strong>nobis</strong></span> <span class='ocrx_word' id='word_1_195' title='bbox 1835 2151 1904 2203; x_wconf 79' lang='lat'><strong>“.</strong></span> 
     </span>
    </p>
   </div>
   <div class='ocr_carea' id='block_1_25' title="bbox 377 2227 1909 2301">
    <p class='ocr_par' dir='ltr' id='par_1_25' title="bbox 377 2227 1909 2301">
     <span class='ocr_line' id='line_1_25' title="bbox 377 2227 1909 2301; baseline 0.008 -21"><span class='ocrx_word' id='word_1_196' title='bbox 377 2227 488 2280; x_wconf 85' lang='lat' dir='ltr'><strong>Hoc</strong></span> <span class='ocrx_word' id='word_1_197' title='bbox 520 2239 692 2281; x_wconf 89' lang='lat' dir='ltr'><strong>autem</strong></span> <span class='ocrx_word' id='word_1_198' title='bbox 743 2231 866 2284; x_wconf 84' lang='lat' dir='ltr'><strong>facit</strong></span> <span class='ocrx_word' id='word_1_199' title='bbox 912 2232 1145 2299; x_wconf 88' lang='lat' dir='ltr'><strong>Spiritus</strong></span> <span class='ocrx_word' id='word_1_200' title='bbox 1188 2235 1382 2301; x_wconf 84' lang='lat' dir='ltr'><strong>juvans</strong></span> <span class='ocrx_word' id='word_1_201' title='bbox 1417 2237 1776 2292; x_wconf 82' lang='lat' dir='ltr'><strong>infirmitatem</strong></span> <span class='ocrx_word' id='word_1_202' title='bbox 1814 2256 1909 2293; x_wconf 88' lang='lat' dir='ltr'><strong>no-</strong></span> 
     </span>
    </p>
   </div>
   <div class='ocr_carea' id='block_1_26' title="bbox 380 2319 1911 2396">
    <p class='ocr_par' dir='ltr' id='par_1_26' title="bbox 380 2319 1911 2396">
     <span class='ocr_line' id='line_1_26' title="bbox 380 2319 1911 2396; baseline 0.008 -27"><span class='ocrx_word' id='word_1_203' title='bbox 380 2329 564 2370; x_wconf 91' lang='lat' dir='ltr'><strong>stram.</strong></span> <span class='ocrx_word' id='word_1_204' title='bbox 591 2319 718 2384; x_wconf 71' lang='lat' dir='ltr'><strong>Quae</strong></span> <span class='ocrx_word' id='word_1_205' title='bbox 747 2328 921 2374; x_wconf 85' lang='lat' dir='ltr'><strong>autem</strong></span> <span class='ocrx_word' id='word_1_206' title='bbox 951 2323 1016 2374; x_wconf 88' lang='lat' dir='ltr'><strong>sit</strong></span> <span class='ocrx_word' id='word_1_207' title='bbox 1049 2323 1332 2378; x_wconf 75' lang='lat' dir='ltr'><strong>infirmitas</strong></span> <span class='ocrx_word' id='word_1_208' title='bbox 1359 2335 1561 2390; x_wconf 91' lang='lat' dir='ltr'><strong>nostra,</strong></span> <span class='ocrx_word' id='word_1_209' title='bbox 1589 2329 1698 2396; x_wconf 91' lang='lat' dir='ltr'><strong>ipse</strong></span> <span class='ocrx_word' id='word_1_210' title='bbox 1726 2329 1911 2383; x_wconf 86' lang='lat' dir='ltr'><strong>Domi-</strong></span> 
     </span>
    </p>
   </div>
   <div class='ocr_carea' id='block_1_27' title="bbox 382 2407 1908 2479">
    <p class='ocr_par' dir='ltr' id='par_1_27' title="bbox 382 2407 1908 2479">
     <span class='ocr_line' id='line_1_27' title="bbox 382 2407 1908 2479; baseline 0.007 -22"><span class='ocrx_word' id='word_1_211' title='bbox 382 2421 482 2458; x_wconf 88' lang='lat' dir='ltr'><strong>nus</strong></span> <span class='ocrx_word' id='word_1_212' title='bbox 511 2407 663 2459; x_wconf 89' lang='lat' dir='ltr'><strong>docet</strong></span> <span class='ocrx_word' id='word_1_213' title='bbox 690 2421 808 2459; x_wconf 90' lang='lat' dir='ltr'><strong>cum</strong></span> <span class='ocrx_word' id='word_1_214' title='bbox 830 2408 956 2460; x_wconf 88' lang='lat' dir='ltr'><strong>dicit</strong></span> <span class='ocrx_word' id='word_1_215' title='bbox 982 2425 995 2460; x_wconf 90' lang='lat'><strong>:</strong></span> <span class='ocrx_word' id='word_1_216' title='bbox 1033 2427 1050 2458; x_wconf 80' lang='grc' dir='ltr'><strong>ι</strong></span> <span class='ocrx_word' id='word_1_217' title='bbox 1085 2409 1318 2477; x_wconf 89' lang='lat' dir='ltr'><strong>Spiritus</strong></span> <span class='ocrx_word' id='word_1_218' title='bbox 1342 2423 1636 2479; x_wconf 88' lang='lat' dir='ltr'><strong>promptus,</strong></span> <span class='ocrx_word' id='word_1_219' title='bbox 1655 2429 1782 2467; x_wconf 90' lang='lat' dir='ltr'><strong>caro</strong></span> <span class='ocrx_word' id='word_1_220' title='bbox 1814 2430 1908 2468; x_wconf 91' lang='lat' dir='ltr'><strong>au-</strong></span> 
     </span>
    </p>
   </div>
   <div class='ocr_carea' id='block_1_28' title="bbox 385 2495 1908 2566">
    <p class='ocr_par' dir='ltr' id='par_1_28' title="bbox 385 2495 1908 2566">
     <span class='ocr_line' id='line_1_28' title="bbox 385 2495 1908 2566; baseline 0.009 -20"><span class='ocrx_word' id='word_1_221' title='bbox 385 2504 486 2546; x_wconf 91' lang='lat' dir='ltr'><strong>tem</strong></span> <span class='ocrx_word' id='word_1_222' title='bbox 522 2495 728 2549; x_wconf 89' lang='lat' dir='ltr'><strong>inlirma</strong></span> <span class='ocrx_word' id='word_1_223' title='bbox 749 2498 816 2550; x_wconf 62' lang='lat'><strong>5&#39;.</strong></span> <span class='ocrx_word' id='word_1_224' title='bbox 843 2515 861 2548; x_wconf 74' lang='grc' dir='ltr'><strong>ι</strong></span> <span class='ocrx_word' id='word_1_225' title='bbox 899 2499 1064 2566; x_wconf 81' lang='lat' dir='ltr'><strong>Igitur</strong></span> <span class='ocrx_word' id='word_1_226' title='bbox 1097 2500 1378 2553; x_wconf 84' lang='lat' dir='ltr'><strong>infirmitas</strong></span> <span class='ocrx_word' id='word_1_227' title='bbox 1422 2513 1600 2555; x_wconf 87' lang='lat' dir='ltr'><strong>nostra</strong></span> <span class='ocrx_word' id='word_1_228' title='bbox 1640 2519 1704 2556; x_wconf 86' lang='lat' dir='ltr'><strong>ex</strong></span> <span class='ocrx_word' id='word_1_229' title='bbox 1731 2507 1908 2560; x_wconf 89' lang='lat' dir='ltr'><strong>carnis</strong></span> 
     </span>
    </p>
   </div>
   <div class='ocr_carea' id='block_1_29' title="bbox 383 2584 1906 2662">
    <p class='ocr_par' dir='ltr' id='par_1_29' title="bbox 383 2584 1906 2662">
     <span class='ocr_line' id='line_1_29' title="bbox 383 2584 1906 2662; baseline 0.009 -28"><span class='ocrx_word' id='word_1_230' title='bbox 383 2584 689 2639; x_wconf 79' lang='lat' dir='ltr'><strong>inﬁrmitate</strong></span> <span class='ocrx_word' id='word_1_231' title='bbox 735 2587 1027 2641; x_wconf 89' lang='lat' dir='ltr'><strong>descendit.</strong></span> <span class='ocrx_word' id='word_1_232' title='bbox 1075 2588 1190 2652; x_wconf 86' lang='lat' dir='ltr'><strong>Ipsa</strong></span> <span class='ocrx_word' id='word_1_233' title='bbox 1229 2599 1316 2652; x_wconf 61' lang='lat' dir='ltr'><strong>est.</strong></span> <span class='ocrx_word' id='word_1_234' title='bbox 1343 2592 1484 2642; x_wconf 89' lang='lat' dir='ltr'><strong>enim</strong></span> <span class='ocrx_word' id='word_1_235' title='bbox 1511 2607 1629 2659; x_wconf 64' lang='lat' dir='ltr'><strong>qua:</strong></span> <span class='ocrx_word' id='word_1_236' title='bbox 1653 2597 1906 2662; x_wconf 86' lang='lat' dir='ltr'><strong>concupi-</strong></span> 
     </span>
    </p>
   </div>
   <div class='ocr_carea' id='block_1_30' title="bbox 382 2675 1910 2750">
    <p class='ocr_par' dir='ltr' id='par_1_30' title="bbox 382 2675 1910 2750">
     <span class='ocr_line' id='line_1_30' title="bbox 382 2675 1910 2750; baseline 0.007 -24"><span class='ocrx_word' id='word_1_237' title='bbox 382 2675 485 2726; x_wconf 87' lang='lat' dir='ltr'><strong>scit</strong></span> <span class='ocrx_word' id='word_1_238' title='bbox 528 2675 784 2729; x_wconf 85' lang='lat' dir='ltr'><strong>adversus</strong></span> <span class='ocrx_word' id='word_1_239' title='bbox 818 2679 1062 2745; x_wconf 89' lang='lat' dir='ltr'><strong>spiritum</strong></span> <span class='ocrx_word' id='word_1_240' title='bbox 1088 2678 1162 2743; x_wconf 84' lang='grc'><strong>⁵⁶;</strong></span> <span class='ocrx_word' id='word_1_241' title='bbox 1198 2689 1250 2732; x_wconf 89' lang='lat' dir='ltr'><strong>et</strong></span> <span class='ocrx_word' id='word_1_242' title='bbox 1287 2680 1410 2732; x_wconf 90' lang='lat' dir='ltr'><strong>dum</strong></span> <span class='ocrx_word' id='word_1_243' title='bbox 1454 2683 1910 2750; x_wconf 88' lang='lat' dir='ltr'><strong>concupiscentias</strong></span> 
     </span>
    </p>
   </div>
   <div class='ocr_carea' id='block_1_31' title="bbox 387 2764 1908 2837">
    <p class='ocr_par' dir='ltr' id='par_1_31' title="bbox 387 2764 1908 2837">
     <span class='ocr_line' id='line_1_31' title="bbox 387 2764 1908 2837; baseline 0.009 -23"><span class='ocrx_word' id='word_1_244' title='bbox 387 2777 515 2814; x_wconf 85' lang='lat' dir='ltr'><strong>suas</strong></span> <span class='ocrx_word' id='word_1_245' title='bbox 556 2764 766 2831; x_wconf 86' lang='lat' dir='ltr'><strong>ingerit,</strong></span> <span class='ocrx_word' id='word_1_246' title='bbox 799 2769 1078 2832; x_wconf 88' lang='lat' dir='ltr'><strong>puritatem</strong></span> <span class='ocrx_word' id='word_1_247' title='bbox 1123 2769 1343 2836; x_wconf 90' lang='lat' dir='ltr'><strong>spiritus</strong></span> <span class='ocrx_word' id='word_1_248' title='bbox 1387 2770 1628 2837; x_wconf 90' lang='lat' dir='ltr'><strong>impedit,</strong></span> <span class='ocrx_word' id='word_1_249' title='bbox 1653 2781 1706 2824; x_wconf 92' lang='lat' dir='ltr'><strong>et</strong></span> <span class='ocrx_word' id='word_1_250' title='bbox 1735 2775 1908 2828; x_wconf 78' lang='lat' dir='ltr'><strong>since—</strong></span> 
     </span>
    </p>
   </div>
   <div class='ocr_carea' id='block_1_32' title="bbox 383 2855 1907 2931">
    <p class='ocr_par' dir='ltr' id='par_1_32' title="bbox 383 2855 1907 2931">
     <span class='ocr_line' id='line_1_32' title="bbox 383 2855 1907 2931; baseline 0.008 -26"><span class='ocrx_word' id='word_1_251' title='bbox 383 2855 589 2905; x_wconf 88' lang='lat' dir='ltr'><strong>ritatem</strong></span> <span class='ocrx_word' id='word_1_252' title='bbox 616 2856 876 2911; x_wconf 88' lang='lat' dir='ltr'><strong>orationis</strong></span> <span class='ocrx_word' id='word_1_253' title='bbox 905 2858 1151 2914; x_wconf 72' lang='lat' dir='ltr'><strong>olfuscat.</strong></span> <span class='ocrx_word' id='word_1_254' title='bbox 1186 2861 1289 2915; x_wconf 91' lang='lat' dir='ltr'><strong>Sed</strong></span> <span class='ocrx_word' id='word_1_255' title='bbox 1322 2862 1406 2915; x_wconf 92' lang='lat' dir='ltr'><strong>ubi</strong></span> <span class='ocrx_word' id='word_1_256' title='bbox 1442 2861 1637 2915; x_wconf 80' lang='lat' dir='ltr'><strong>viderit</strong></span> <span class='ocrx_word' id='word_1_257' title='bbox 1675 2863 1907 2931; x_wconf 89' lang='lat' dir='ltr'><strong>Spiritus</strong></span> 
     </span>
    </p>
   </div>
   <div class='ocr_carea' id='block_1_33' title="bbox 2004 431 3724 519">
    <p class='ocr_par' dir='ltr' id='par_1_33' title="bbox 2004 431 3724 519">
     <span class='ocr_line' id='line_1_33' title="bbox 2004 431 3724 519; baseline -0.015 -9"><span class='ocrx_word' id='word_1_258' title='bbox 2004 465 2091 509; x_wconf 86' lang='lat' dir='ltr'><strong>tus</strong></span> <span class='ocrx_word' id='word_1_259' title='bbox 2136 431 2427 518; x_wconf 75' lang='lat' dir='ltr'><strong>desiderat,</strong></span> <span class='ocrx_word' id='word_1_260' title='bbox 2476 457 2887 519; x_wconf 84' lang='lat' dir='ltr'><strong>prosequatur</strong></span> <span class='ocrx_word' id='word_1_261' title='bbox 2923 457 2942 496; x_wconf 88' lang='lat'><strong>:</strong></span> <span class='ocrx_word' id='word_1_262' title='bbox 3012 439 3160 505; x_wconf 85' lang='lat' dir='ltr'><strong>ipse</strong></span> <span class='ocrx_word' id='word_1_263' title='bbox 3220 431 3414 487; x_wconf 76' lang='lat' dir='ltr'><strong>oﬂ&#39;ert</strong></span> <span class='ocrx_word' id='word_1_264' title='bbox 3466 431 3724 498; x_wconf 71' lang='lat' dir='ltr'><strong>gemitus,</strong></span> 
     </span>
    </p>
   </div>
   <div class='ocr_carea' id='block_1_34' title="bbox 2001 523 3727 612">
    <p class='ocr_par' dir='ltr' id='par_1_34' title="bbox 2001 523 3727 612">
     <span class='ocr_line' id='line_1_34' title="bbox 2001 523 3727 612; baseline -0.013 -15"><span class='ocrx_word' id='word_1_265' title='bbox 2001 545 2192 612; x_wconf 90' lang='lat' dir='ltr'><strong>quibus</strong></span> <span class='ocrx_word' id='word_1_266' title='bbox 2214 553 2400 596; x_wconf 89' lang='lat' dir='ltr'><strong>noster</strong></span> <span class='ocrx_word' id='word_1_267' title='bbox 2427 542 2671 608; x_wconf 81' lang='lat' dir='ltr'><strong>Spiritus</strong></span> <span class='ocrx_word' id='word_1_268' title='bbox 2711 525 3026 591; x_wconf 83' lang='lat' dir='ltr'><strong>doceatur</strong></span> <span class='ocrx_word' id='word_1_269' title='bbox 3043 528 3186 598; x_wconf 71' lang='grc'><strong>(41)</strong></span> <span class='ocrx_word' id='word_1_270' title='bbox 3221 523 3727 612; x_wconf 32' lang='grc' dir='ltr'>ἰηεειηὶειιειιεηιιι</span> 
     </span>
    </p>
   </div>
   <div class='ocr_carea' id='block_1_35' title="bbox 2003 611 3728 701">
    <p class='ocr_par' dir='ltr' id='par_1_35' title="bbox 2003 611 3728 701">
     <span class='ocr_line' id='line_1_35' title="bbox 2003 611 3728 701; baseline -0.014 -13"><span class='ocrx_word' id='word_1_271' title='bbox 2003 611 2318 701; x_wconf 77' lang='lat' dir='ltr'><strong>repropitiet</strong></span> <span class='ocrx_word' id='word_1_272' title='bbox 2352 631 2458 686; x_wconf 87' lang='lat' dir='ltr'><strong>sibi</strong></span> <span class='ocrx_word' id='word_1_273' title='bbox 2493 631 2700 683; x_wconf 89' lang='lat' dir='ltr'><strong>Deum.</strong></span> <span class='ocrx_word' id='word_1_274' title='bbox 2729 626 2796 680; x_wconf 88' lang='lat' dir='ltr'><strong>Si</strong></span> <span class='ocrx_word' id='word_1_275' title='bbox 2831 636 2990 676; x_wconf 82' lang='lat' dir='ltr'><strong>vero</strong></span> <span class='ocrx_word' id='word_1_276' title='bbox 3037 616 3342 686; x_wconf 86' lang='lat' dir='ltr'><strong>Spiritus</strong></span> <span class='ocrx_word' id='word_1_277' title='bbox 3365 611 3606 681; x_wconf 87' lang='lat' dir='ltr'><strong>quidem</strong></span> <span class='ocrx_word' id='word_1_278' title='bbox 3641 611 3728 665; x_wconf 86' lang='lat' dir='ltr'><strong>do-</strong></span> 
     </span>
    </p>
   </div>
   <div class='ocr_carea' id='block_1_36' title="bbox 2002 712 3728 787">
    <p class='ocr_par' dir='ltr' id='par_1_36' title="bbox 2002 712 3728 787">
     <span class='ocr_line' id='line_1_36' title="bbox 2002 712 3728 787; baseline -0.014 -11"><span class='ocrx_word' id='word_1_279' title='bbox 2002 731 2142 784; x_wconf 89' lang='lat' dir='ltr'><strong>ceat,</strong></span> <span class='ocrx_word' id='word_1_280' title='bbox 2168 731 2221 776; x_wconf 89' lang='lat' dir='ltr'><strong>et</strong></span> <span class='ocrx_word' id='word_1_281' title='bbox 2250 731 2436 774; x_wconf 91' lang='lat' dir='ltr'><strong>noster</strong></span> <span class='ocrx_word' id='word_1_282' title='bbox 2468 719 2730 787; x_wconf 82' lang='lat' dir='ltr'><strong>spiritus,</strong></span> <span class='ocrx_word' id='word_1_283' title='bbox 2763 715 2820 767; x_wconf 89' lang='lat' dir='ltr'><strong>id</strong></span> <span class='ocrx_word' id='word_1_284' title='bbox 2863 721 2965 765; x_wconf 87' lang='lat' dir='ltr'><strong>est</strong></span> <span class='ocrx_word' id='word_1_285' title='bbox 3011 721 3212 762; x_wconf 88' lang='lat' dir='ltr'><strong>mens</strong></span> <span class='ocrx_word' id='word_1_286' title='bbox 3252 712 3472 756; x_wconf 87' lang='lat' dir='ltr'><strong>nostra</strong></span> <span class='ocrx_word' id='word_1_287' title='bbox 3511 717 3623 754; x_wconf 85' lang='lat' dir='ltr'><strong>non</strong></span> <span class='ocrx_word' id='word_1_288' title='bbox 3650 715 3728 752; x_wconf 80' lang='lat' dir='ltr'><strong>se-</strong></span> 
     </span>
    </p>
   </div>
   <div class='ocr_carea' id='block_1_37' title="bbox 2003 790 3728 880">
    <p class='ocr_par' dir='ltr' id='par_1_37' title="bbox 2003 790 3728 880">
     <span class='ocr_line' id='line_1_37' title="bbox 2003 790 3728 880; baseline -0.012 -17"><span class='ocrx_word' id='word_1_289' title='bbox 2003 823 2217 880; x_wconf 90' lang='lat' dir='ltr'><strong>quatur,</strong></span> <span class='ocrx_word' id='word_1_290' title='bbox 2244 827 2342 864; x_wconf 89' lang='lat' dir='ltr'><strong>suo</strong></span> <span class='ocrx_word' id='word_1_291' title='bbox 2366 810 2500 862; x_wconf 82' lang='lat' dir='ltr'><strong>vitio</strong></span> <span class='ocrx_word' id='word_1_292' title='bbox 2542 807 2916 861; x_wconf 88' lang='lat' dir='ltr'><strong>infructuosa</strong></span> <span class='ocrx_word' id='word_1_293' title='bbox 2951 800 3016 854; x_wconf 84' lang='lat' dir='ltr'><strong>ei</strong></span> <span class='ocrx_word' id='word_1_294' title='bbox 3068 797 3145 851; x_wconf 83' lang='lat' dir='ltr'><strong>fit</strong></span> <span class='ocrx_word' id='word_1_295' title='bbox 3181 790 3482 863; x_wconf 79' lang='lat' dir='ltr'><strong>magistri</strong></span> <span class='ocrx_word' id='word_1_296' title='bbox 3537 790 3728 846; x_wconf 83' lang='lat' dir='ltr'><strong>doctri-</strong></span> 
     </span>
    </p>
   </div>
   <div class='ocr_carea' id='block_1_38' title="bbox 2003 883 3728 964">
    <p class='ocr_par' dir='ltr' id='par_1_38' title="bbox 2003 883 3728 964">
     <span class='ocr_line' id='line_1_38' title="bbox 2003 883 3728 964; baseline -0.012 -9"><span class='ocrx_word' id='word_1_297' title='bbox 2003 917 2092 954; x_wconf 88' lang='lat' dir='ltr'><strong>na.</strong></span> <span class='ocrx_word' id='word_1_298' title='bbox 2127 902 2193 954; x_wconf 89' lang='lat' dir='ltr'><strong>Et</strong></span> <span class='ocrx_word' id='word_1_299' title='bbox 2223 900 2365 954; x_wconf 89' lang='lat' dir='ltr'><strong>istud</strong></span> <span class='ocrx_word' id='word_1_300' title='bbox 2400 898 2614 951; x_wconf 85' lang='lat' dir='ltr'><strong>Paulus</strong></span> <span class='ocrx_word' id='word_1_301' title='bbox 2644 894 3018 964; x_wconf 84' lang='lat' dir='ltr'><strong>mysterium</strong></span> <span class='ocrx_word' id='word_1_302' title='bbox 3059 888 3208 958; x_wconf 71' lang='grc'><strong>(42)</strong></span> <span class='ocrx_word' id='word_1_303' title='bbox 3244 888 3416 938; x_wconf 81' lang='lat' dir='ltr'><strong>intra</strong></span> <span class='ocrx_word' id='word_1_304' title='bbox 3456 883 3728 936; x_wconf 83' lang='lat' dir='ltr'><strong>hominem</strong></span> 
     </span>
    </p>
   </div>
   <div class='ocr_carea' id='block_1_39' title="bbox 2004 971 3728 1061">
    <p class='ocr_par' dir='ltr' id='par_1_39' title="bbox 2004 971 3728 1061">
     <span class='ocr_line' id='line_1_39' title="bbox 2004 971 3728 1061; baseline -0.013 -16"><span class='ocrx_word' id='word_1_305' title='bbox 2004 993 2115 1061; x_wconf 82' lang='lat' dir='ltr'><strong>geri</strong></span> <span class='ocrx_word' id='word_1_306' title='bbox 2161 971 2359 1051; x_wconf 84' lang='lat' dir='ltr'><strong>sciens,</strong></span> <span class='ocrx_word' id='word_1_307' title='bbox 2403 988 2628 1041; x_wconf 87' lang='lat' dir='ltr'><strong>dicebat</strong></span> <span class='ocrx_word' id='word_1_308' title='bbox 2678 984 2774 1037; x_wconf 72' lang='lat'><strong>‘7:</strong></span> <span class='ocrx_word' id='word_1_309' title='bbox 2820 1001 2843 1029; x_wconf 78' lang='grc' dir='ltr'><strong>ι</strong></span> <span class='ocrx_word' id='word_1_310' title='bbox 2875 981 3043 1034; x_wconf 77' lang='lat' dir='ltr'><strong>Nam</strong></span> <span class='ocrx_word' id='word_1_311' title='bbox 3102 978 3162 1033; x_wconf 78' lang='lat' dir='ltr'><strong>si</strong></span> <span class='ocrx_word' id='word_1_312' title='bbox 3228 975 3470 1042; x_wconf 78' lang='lat' dir='ltr'><strong>linguis</strong></span> <span class='ocrx_word' id='word_1_313' title='bbox 3517 972 3728 1041; x_wconf 87' lang='lat' dir='ltr'><strong>loquar,</strong></span> 
     </span>
    </p>
   </div>
   <div class='ocr_carea' id='block_1_40' title="bbox 2004 1065 3728 1146">
    <p class='ocr_par' dir='ltr' id='par_1_40' title="bbox 2004 1065 3728 1146">
     <span class='ocr_line' id='line_1_40' title="bbox 2004 1065 3728 1146; baseline -0.01 -15"><span class='ocrx_word' id='word_1_314' title='bbox 2004 1078 2223 1146; x_wconf 91' lang='lat' dir='ltr'><strong>spiritus</strong></span> <span class='ocrx_word' id='word_1_315' title='bbox 2258 1091 2409 1129; x_wconf 88' lang='lat' dir='ltr'><strong>meus</strong></span> <span class='ocrx_word' id='word_1_316' title='bbox 2437 1085 2593 1138; x_wconf 89' lang='lat' dir='ltr'><strong>orat,</strong></span> <span class='ocrx_word' id='word_1_317' title='bbox 2620 1074 2726 1128; x_wconf 89' lang='lat' dir='ltr'><strong>sed</strong></span> <span class='ocrx_word' id='word_1_318' title='bbox 2760 1087 2940 1125; x_wconf 87' lang='lat' dir='ltr'><strong>mens</strong></span> <span class='ocrx_word' id='word_1_319' title='bbox 2979 1083 3130 1122; x_wconf 82' lang='lat' dir='ltr'><strong>mea</strong></span> <span class='ocrx_word' id='word_1_320' title='bbox 3175 1066 3325 1119; x_wconf 89' lang='lat' dir='ltr'><strong>sine</strong></span> <span class='ocrx_word' id='word_1_321' title='bbox 3353 1066 3557 1117; x_wconf 81' lang='lat' dir='ltr'><strong>fructu</strong></span> <span class='ocrx_word' id='word_1_322' title='bbox 3576 1065 3728 1133; x_wconf 68' lang='lat'><strong>603</strong></span> 
     </span>
    </p>
   </div>
   <div class='ocr_carea' id='block_1_41' title="bbox 2003 1153 3730 1232">
    <p class='ocr_par' dir='ltr' id='par_1_41' title="bbox 2003 1153 3730 1232">
     <span class='ocr_line' id='line_1_41' title="bbox 2003 1153 3730 1232; baseline -0.01 -10"><span class='ocrx_word' id='word_1_323' title='bbox 2003 1179 2086 1222; x_wconf 89' lang='lat' dir='ltr'><strong>est</strong></span> <span class='ocrx_word' id='word_1_324' title='bbox 2110 1187 2122 1220; x_wconf 92' lang='lat'>:</span> <span class='ocrx_word' id='word_1_325' title='bbox 2148 1187 2166 1217; x_wconf 78' lang='grc' dir='ltr'><strong>ι</strong></span> <span class='ocrx_word' id='word_1_326' title='bbox 2197 1167 2446 1232; x_wconf 86' lang='lat' dir='ltr'><strong>spiritum</strong></span> <span class='ocrx_word' id='word_1_327' title='bbox 2477 1180 2640 1217; x_wconf 88' lang='lat' dir='ltr'><strong>suum</strong></span> <span class='ocrx_word' id='word_1_328' title='bbox 2673 1163 2892 1216; x_wconf 86' lang='lat' dir='ltr'><strong>dicens</strong></span> <span class='ocrx_word' id='word_1_329' title='bbox 2923 1159 3226 1229; x_wconf 80' lang='lat' dir='ltr'><strong>gratiam</strong></span> <span class='ocrx_word' id='word_1_330' title='bbox 3258 1155 3469 1209; x_wconf 83' lang='lat' dir='ltr'><strong>sancti</strong></span> <span class='ocrx_word' id='word_1_331' title='bbox 3497 1153 3730 1221; x_wconf 86' lang='lat' dir='ltr'><strong>Spiritus</strong></span> 
     </span>
    </p>
   </div>
   <div class='ocr_carea' id='block_1_42' title="bbox 2005 1244 3729 1324">
    <p class='ocr_par' dir='ltr' id='par_1_42' title="bbox 2005 1244 3729 1324">
     <span class='ocr_line' id='line_1_42' title="bbox 2005 1244 3729 1324; baseline -0.008 -18"><span class='ocrx_word' id='word_1_332' title='bbox 2005 1272 2124 1324; x_wconf 77' lang='lat' dir='ltr'><strong>qua:</strong></span> <span class='ocrx_word' id='word_1_333' title='bbox 2156 1271 2185 1307; x_wconf 89' lang='lat' dir='ltr'><strong>a</strong></span> <span class='ocrx_word' id='word_1_334' title='bbox 2219 1255 2329 1308; x_wconf 91' lang='lat' dir='ltr'><strong>Deo</strong></span> <span class='ocrx_word' id='word_1_335' title='bbox 2356 1253 2681 1306; x_wconf 87' lang='lat' dir='ltr'><strong>hominibus</strong></span> <span class='ocrx_word' id='word_1_336' title='bbox 2705 1252 2917 1304; x_wconf 89' lang='lat' dir='ltr'><strong>datur.</strong></span> <span class='ocrx_word' id='word_1_337' title='bbox 2958 1247 3160 1302; x_wconf 85' lang='lat' dir='ltr'><strong>Unde</strong></span> <span class='ocrx_word' id='word_1_338' title='bbox 3195 1254 3266 1298; x_wconf 88' lang='lat' dir='ltr'><strong>et</strong></span> <span class='ocrx_word' id='word_1_339' title='bbox 3290 1244 3620 1298; x_wconf 76' lang='lat' dir='ltr'><strong>cohortalis</strong></span> <span class='ocrx_word' id='word_1_340' title='bbox 3643 1259 3729 1294; x_wconf 84' lang='lat' dir='ltr'><strong>nos</strong></span> 
     </span>
    </p>
   </div>
   <div class='ocr_carea' id='block_1_43' title="bbox 2007 1333 3727 1400">
    <p class='ocr_par' dir='ltr' id='par_1_43' title="bbox 2007 1333 3727 1400">
     <span class='ocr_line' id='line_1_43' title="bbox 2007 1333 3727 1400; baseline -0.008 -4"><span class='ocrx_word' id='word_1_341' title='bbox 2007 1356 2065 1396; x_wconf 94' lang='lat' dir='ltr'><strong>ut</strong></span> <span class='ocrx_word' id='word_1_342' title='bbox 2097 1359 2199 1396; x_wconf 91' lang='lat' dir='ltr'><strong>non</strong></span> <span class='ocrx_word' id='word_1_343' title='bbox 2237 1342 2542 1396; x_wconf 82' lang='lat' dir='ltr'><strong>habeamus</strong></span> <span class='ocrx_word' id='word_1_344' title='bbox 2617 1340 3096 1393; x_wconf 89' lang='lat' dir='ltr'><strong>infructuosum</strong></span> <span class='ocrx_word' id='word_1_345' title='bbox 3155 1337 3285 1388; x_wconf 85' lang='lat' dir='ltr'><strong>hoc</strong></span> <span class='ocrx_word' id='word_1_346' title='bbox 3327 1333 3529 1387; x_wconf 86' lang='lat' dir='ltr'><strong>sancti</strong></span> <span class='ocrx_word' id='word_1_347' title='bbox 3563 1333 3727 1400; x_wconf 86' lang='lat' dir='ltr'><strong>Spiri-</strong></span> 
     </span>
    </p>
   </div>
   <div class='ocr_carea' id='block_1_44' title="bbox 2007 1425 3730 1495">
    <p class='ocr_par' dir='ltr' id='par_1_44' title="bbox 2007 1425 3730 1495">
     <span class='ocr_line' id='line_1_44' title="bbox 2007 1425 3730 1495; baseline -0.005 -9"><span class='ocrx_word' id='word_1_348' title='bbox 2007 1443 2094 1486; x_wconf 92' lang='lat' dir='ltr'><strong>tus</strong></span> <span class='ocrx_word' id='word_1_349' title='bbox 2147 1431 2486 1495; x_wconf 86' lang='lat' dir='ltr'><strong>benelicium,</strong></span> <span class='ocrx_word' id='word_1_350' title='bbox 2555 1431 2716 1483; x_wconf 83' lang='lat' dir='ltr'><strong>addit</strong></span> <span class='ocrx_word' id='word_1_351' title='bbox 2773 1442 2834 1483; x_wconf 89' lang='lat' dir='ltr'><strong>et</strong></span> <span class='ocrx_word' id='word_1_352' title='bbox 2891 1427 3065 1482; x_wconf 86' lang='lat' dir='ltr'><strong>dicit</strong></span> <span class='ocrx_word' id='word_1_353' title='bbox 3101 1443 3122 1480; x_wconf 91' lang='lat'><strong>:</strong></span> <span class='ocrx_word' id='word_1_354' title='bbox 3164 1443 3190 1475; x_wconf 75' lang='grc' dir='ltr'><strong>ι</strong></span> <span class='ocrx_word' id='word_1_355' title='bbox 3224 1425 3402 1491; x_wconf 82' lang='lat' dir='ltr'><strong>Quid</strong></span> <span class='ocrx_word' id='word_1_356' title='bbox 3443 1439 3586 1492; x_wconf 75' lang='lat' dir='ltr'><strong>ergo</strong></span> <span class='ocrx_word' id='word_1_357' title='bbox 3621 1427 3730 1478; x_wconf 82' lang='lat' dir='ltr'><strong>est?</strong></span> 
     </span>
    </p>
   </div>
   <div class='ocr_carea' id='block_1_45' title="bbox 2007 1516 3728 1591">
    <p class='ocr_par' dir='ltr' id='par_1_45' title="bbox 2007 1516 3728 1591">
     <span class='ocr_line' id='line_1_45' title="bbox 2007 1516 3728 1591; baseline -0.005 -14"><span class='ocrx_word' id='word_1_358' title='bbox 2007 1522 2187 1577; x_wconf 88' lang='lat' dir='ltr'><strong>Orabo</strong></span> <span class='ocrx_word' id='word_1_359' title='bbox 2231 1524 2450 1591; x_wconf 91' lang='lat' dir='ltr'><strong>spiritu,</strong></span> <span class='ocrx_word' id='word_1_360' title='bbox 2498 1520 2674 1573; x_wconf 89' lang='lat' dir='ltr'><strong>orabo</strong></span> <span class='ocrx_word' id='word_1_361' title='bbox 2724 1528 2786 1573; x_wconf 90' lang='lat' dir='ltr'><strong>et</strong></span> <span class='ocrx_word' id='word_1_362' title='bbox 2835 1527 3068 1571; x_wconf 84' lang='lat' dir='ltr'><strong>mente</strong></span> <span class='ocrx_word' id='word_1_363' title='bbox 3123 1533 3141 1570; x_wconf 92' lang='lat'><strong>:</strong></span> <span class='ocrx_word' id='word_1_364' title='bbox 3196 1516 3519 1582; x_wconf 72' lang='lat' dir='ltr'><strong>p—almum</strong></span> <span class='ocrx_word' id='word_1_365' title='bbox 3565 1518 3728 1570; x_wconf 84' lang='lat' dir='ltr'><strong>dicam</strong></span> 
     </span>
    </p>
   </div>
   <div class='ocr_carea' id='block_1_46' title="bbox 2009 1606 3731 1681">
    <p class='ocr_par' dir='ltr' id='par_1_46' title="bbox 2009 1606 3731 1681">
     <span class='ocr_line' id='line_1_46' title="bbox 2009 1606 3731 1681; baseline -0.004 -15"><span class='ocrx_word' id='word_1_366' title='bbox 2009 1615 2220 1680; x_wconf 84' lang='lat' dir='ltr'><strong>spiritu.</strong></span> <span class='ocrx_word' id='word_1_367' title='bbox 2258 1612 2525 1681; x_wconf 85' lang='lat' dir='ltr'><strong>psalmum</strong></span> <span class='ocrx_word' id='word_1_368' title='bbox 2560 1611 2747 1662; x_wconf 91' lang='lat' dir='ltr'><strong>dicam</strong></span> <span class='ocrx_word' id='word_1_369' title='bbox 2794 1619 2859 1660; x_wconf 85' lang='lat' dir='ltr'><strong>et</strong></span> <span class='ocrx_word' id='word_1_370' title='bbox 2897 1617 3129 1660; x_wconf 87' lang='lat' dir='ltr'><strong>mente</strong></span> <span class='ocrx_word' id='word_1_371' title='bbox 3153 1607 3241 1659; x_wconf 77' lang='grc'><strong>⁸⁸.</strong></span> <span class='ocrx_word' id='word_1_372' title='bbox 3274 1627 3299 1658; x_wconf 74' lang='lat' dir='ltr'><strong>a</strong></span> <span class='ocrx_word' id='word_1_373' title='bbox 3347 1606 3538 1677; x_wconf 82' lang='lat' dir='ltr'><strong>igitur</strong></span> <span class='ocrx_word' id='word_1_374' title='bbox 3556 1623 3731 1676; x_wconf 83' lang='lat' dir='ltr'><strong>quam-</strong></span> 
     </span>
    </p>
   </div>
   <div class='ocr_carea' id='block_1_47' title="bbox 1940 1679 3727 1765">
    <p class='ocr_par' dir='ltr' id='par_1_47' title="bbox 1940 1679 3727 1765">
     <span class='ocr_line' id='line_1_47' title="bbox 1940 1679 3727 1765; baseline -0.001 -14"><span class='ocrx_word' id='word_1_375' title='bbox 1940 1679 1980 1737; x_wconf 76' lang='grc' dir='ltr'><strong><em>Β</em></strong></span> <span class='ocrx_word' id='word_1_376' title='bbox 2012 1679 2088 1752; x_wconf 81' lang='lat' dir='ltr'><strong>vis</strong></span> <span class='ocrx_word' id='word_1_377' title='bbox 2113 1703 2224 1754; x_wconf 70' lang='lat' dir='ltr'><strong>haec</strong></span> <span class='ocrx_word' id='word_1_378' title='bbox 2254 1679 2651 1752; x_wconf 78' lang='lat' dir='ltr'><strong>inenarrabilia</strong></span> <span class='ocrx_word' id='word_1_379' title='bbox 2677 1710 2812 1750; x_wconf 87' lang='lat' dir='ltr'><strong>esse</strong></span> <span class='ocrx_word' id='word_1_380' title='bbox 2847 1695 3111 1749; x_wconf 82' lang='lat' dir='ltr'><strong>Paulus</strong></span> <span class='ocrx_word' id='word_1_381' title='bbox 3177 1698 3327 1764; x_wconf 86' lang='lat' dir='ltr'><strong>ipse</strong></span> <span class='ocrx_word' id='word_1_382' title='bbox 3385 1697 3651 1765; x_wconf 83' lang='lat' dir='ltr'><strong>signarit,</strong></span> <span class='ocrx_word' id='word_1_383' title='bbox 3678 1706 3727 1750; x_wconf 85' lang='lat' dir='ltr'><strong>et</strong></span> 
     </span>
    </p>
   </div>
   <div class='ocr_carea' id='block_1_48' title="bbox 2009 1785 3724 1856">
    <p class='ocr_par' dir='ltr' id='par_1_48' title="bbox 2009 1785 3724 1856">
     <span class='ocr_line' id='line_1_48' title="bbox 2009 1785 3724 1856; baseline -0.001 -14"><span class='ocrx_word' id='word_1_384' title='bbox 2009 1788 2465 1842; x_wconf 86' lang='lat' dir='ltr'><strong>inenarrabilibus</strong></span> <span class='ocrx_word' id='word_1_385' title='bbox 2499 1787 2812 1854; x_wconf 83' lang='lat' dir='ltr'><strong>gemitibus</strong></span> <span class='ocrx_word' id='word_1_386' title='bbox 2868 1789 3018 1854; x_wconf 81' lang='lat' dir='ltr'><strong>geri</strong></span> <span class='ocrx_word' id='word_1_387' title='bbox 3077 1785 3272 1856; x_wconf 70' lang='grc'><strong>(45),</strong></span> <span class='ocrx_word' id='word_1_388' title='bbox 3314 1795 3519 1840; x_wconf 88' lang='lat' dir='ltr'><strong>tamen</strong></span> <span class='ocrx_word' id='word_1_389' title='bbox 3576 1797 3724 1856; x_wconf 86' lang='lat' dir='ltr'><strong>prout</strong></span> 
     </span>
    </p>
   </div>
   <div class='ocr_carea' id='block_1_49' title="bbox 2009 1877 3720 1948">
    <p class='ocr_par' dir='ltr' id='par_1_49' title="bbox 2009 1877 3720 1948">
     <span class='ocr_line' id='line_1_49' title="bbox 2009 1877 3720 1948; baseline 0.002 -18"><span class='ocrx_word' id='word_1_390' title='bbox 2009 1881 2257 1948; x_wconf 89' lang='lat' dir='ltr'><strong>possibile</strong></span> <span class='ocrx_word' id='word_1_391' title='bbox 2280 1879 2437 1932; x_wconf 88' lang='lat' dir='ltr'><strong>nobis</strong></span> <span class='ocrx_word' id='word_1_392' title='bbox 2460 1877 2584 1940; x_wconf 83' lang='lat' dir='ltr'><strong>fuit,</strong></span> <span class='ocrx_word' id='word_1_393' title='bbox 2616 1877 2951 1946; x_wconf 79' lang='lat' dir='ltr'><strong>imaginem</strong></span> <span class='ocrx_word' id='word_1_394' title='bbox 2985 1881 3364 1945; x_wconf 81' lang='lat' dir='ltr'><strong>quamdam</strong></span> <span class='ocrx_word' id='word_1_395' title='bbox 3401 1893 3595 1931; x_wconf 87' lang='lat' dir='ltr'><strong>rerum</strong></span> <span class='ocrx_word' id='word_1_396' title='bbox 3612 1895 3720 1948; x_wconf 71' lang='lat' dir='ltr'><strong>qua</strong></span> 
     </span>
    </p>
   </div>
   <div class='ocr_carea' id='block_1_50' title="bbox 2007 1968 3713 2038">
    <p class='ocr_par' dir='ltr' id='par_1_50' title="bbox 2007 1968 3713 2038">
     <span class='ocr_line' id='line_1_50' title="bbox 2007 1968 3713 2038; baseline 0.003 -18"><span class='ocrx_word' id='word_1_397' title='bbox 2007 1969 2260 2021; x_wconf 89' lang='lat' dir='ltr'><strong>divinitus</strong></span> <span class='ocrx_word' id='word_1_398' title='bbox 2287 1979 2570 2036; x_wconf 83' lang='lat' dir='ltr'><strong>geruntur,</strong></span> <span class='ocrx_word' id='word_1_399' title='bbox 2592 1983 2862 2036; x_wconf 86' lang='lat' dir='ltr'><strong>quasque</strong></span> <span class='ocrx_word' id='word_1_400' title='bbox 2905 1968 3056 2035; x_wconf 85' lang='lat' dir='ltr'><strong>ipse</strong></span> <span class='ocrx_word' id='word_1_401' title='bbox 3087 1969 3429 2023; x_wconf 79' lang='lat' dir='ltr'><strong>obtectius</strong></span> <span class='ocrx_word' id='word_1_402' title='bbox 3471 1971 3588 2038; x_wconf 66' lang='grc' dir='ltr'><strong>(Η)</strong></span> <span class='ocrx_word' id='word_1_403' title='bbox 3612 1988 3713 2038; x_wconf 66' lang='grc' dir='ltr'><strong>μω</strong></span> 
     </span>
    </p>
   </div>
   <div class='ocr_carea' id='block_1_51' title="bbox 2009 2058 3722 2125">
    <p class='ocr_par' dir='ltr' id='par_1_51' title="bbox 2009 2058 3722 2125">
     <span class='ocr_line' id='line_1_51' title="bbox 2009 2058 3722 2125; baseline 0.001 -13"><span class='ocrx_word' id='word_1_404' title='bbox 2009 2061 2134 2122; x_wconf 90' lang='lat' dir='ltr'><strong>fert,</strong></span> <span class='ocrx_word' id='word_1_405' title='bbox 2171 2060 2460 2111; x_wconf 88' lang='lat' dir='ltr'><strong>edidimus.</strong></span> <span class='ocrx_word' id='word_1_406' title='bbox 2495 2058 2600 2123; x_wconf 84' lang='lat' dir='ltr'><strong>Qui</strong></span> <span class='ocrx_word' id='word_1_407' title='bbox 2660 2067 2867 2110; x_wconf 87' lang='lat' dir='ltr'><strong>autem</strong></span> <span class='ocrx_word' id='word_1_408' title='bbox 2926 2059 3272 2125; x_wconf 81' lang='lat' dir='ltr'><strong>spiritalis</strong></span> <span class='ocrx_word' id='word_1_409' title='bbox 3325 2072 3425 2114; x_wconf 87' lang='lat' dir='ltr'><strong>est</strong></span> <span class='ocrx_word' id='word_1_410' title='bbox 3455 2066 3722 2114; x_wconf 69' lang='lat' dir='ltr'><strong>examine;</strong></span> 
     </span>
    </p>
   </div>
   <div class='ocr_carea' id='block_1_52' title="bbox 2007 2148 3718 2222">
    <p class='ocr_par' dir='ltr' id='par_1_52' title="bbox 2007 2148 3718 2222">
     <span class='ocr_line' id='line_1_52' title="bbox 2007 2148 3718 2222; baseline 0.003 -21"><span class='ocrx_word' id='word_1_411' title='bbox 2007 2150 2184 2201; x_wconf 87' lang='lat' dir='ltr'><strong>omnia</strong></span> <span class='ocrx_word' id='word_1_412' title='bbox 2208 2149 2275 2212; x_wconf 64' lang='lat'><strong>5’,</strong></span> <span class='ocrx_word' id='word_1_413' title='bbox 2309 2158 2363 2202; x_wconf 87' lang='lat' dir='ltr'><strong>et</strong></span> <span class='ocrx_word' id='word_1_414' title='bbox 2391 2150 2434 2202; x_wconf 92' lang='lat' dir='ltr'><strong>si</strong></span> <span class='ocrx_word' id='word_1_415' title='bbox 2475 2149 2606 2214; x_wconf 88' lang='lat' dir='ltr'><strong>quid</strong></span> <span class='ocrx_word' id='word_1_416' title='bbox 2648 2149 2740 2202; x_wconf 89' lang='lat' dir='ltr'><strong>his</strong></span> <span class='ocrx_word' id='word_1_417' title='bbox 2773 2148 2973 2202; x_wconf 86' lang='lat' dir='ltr'><strong>altius</strong></span> <span class='ocrx_word' id='word_1_418' title='bbox 3007 2151 3440 2222; x_wconf 82' lang='lat' dir='ltr'><strong>investigare</strong></span> <span class='ocrx_word' id='word_1_419' title='bbox 3469 2157 3718 2222; x_wconf 89' lang='lat' dir='ltr'><strong>potuerit,</strong></span> 
     </span>
    </p>
   </div>
   <div class='ocr_carea' id='block_1_53' title="bbox 2007 2238 3719 2312">
    <p class='ocr_par' dir='ltr' id='par_1_53' title="bbox 2007 2238 3719 2312">
     <span class='ocr_line' id='line_1_53' title="bbox 2007 2238 3719 2312; baseline 0.004 -21"><span class='ocrx_word' id='word_1_420' title='bbox 2007 2239 2196 2291; x_wconf 85' lang='lat' dir='ltr'><strong>habeat</strong></span> <span class='ocrx_word' id='word_1_421' title='bbox 2223 2240 2363 2306; x_wconf 81' lang='lat' dir='ltr'><strong>apud</strong></span> <span class='ocrx_word' id='word_1_422' title='bbox 2389 2253 2449 2291; x_wconf 90' lang='lat' dir='ltr'><strong>se</strong></span> <span class='ocrx_word' id='word_1_423' title='bbox 2482 2254 2497 2290; x_wconf 87' lang='lat'><strong>:</strong></span> <span class='ocrx_word' id='word_1_424' title='bbox 2539 2257 2557 2288; x_wconf 80' lang='grc' dir='ltr'><strong>ι</strong></span> <span class='ocrx_word' id='word_1_425' title='bbox 2584 2238 2803 2292; x_wconf 85' lang='lat' dir='ltr'><strong>Fidelis</strong></span> <span class='ocrx_word' id='word_1_426' title='bbox 2825 2259 2846 2289; x_wconf 78' lang='grc' dir='ltr'><strong>ι</strong></span> <span class='ocrx_word' id='word_1_427' title='bbox 2887 2241 3082 2293; x_wconf 84' lang='lat' dir='ltr'><strong>enim</strong></span> <span class='ocrx_word' id='word_1_428' title='bbox 3132 2261 3158 2293; x_wconf 73' lang='grc' dir='ltr'><strong>ε</strong></span> <span class='ocrx_word' id='word_1_429' title='bbox 3195 2245 3432 2312; x_wconf 77' lang='lat' dir='ltr'><strong>Spiritu</strong></span> <span class='ocrx_word' id='word_1_430' title='bbox 3464 2246 3608 2298; x_wconf 86' lang='lat' dir='ltr'><strong>celat</strong></span> <span class='ocrx_word' id='word_1_431' title='bbox 3636 2262 3719 2298; x_wconf 85' lang='lat' dir='ltr'><strong>ne-</strong></span> 
     </span>
    </p>
   </div>
   <div class='ocr_carea' id='block_1_54' title="bbox 2007 2331 3713 2405">
    <p class='ocr_par' dir='ltr' id='par_1_54' title="bbox 2007 2331 3713 2405">
     <span class='ocr_line' id='line_1_54' title="bbox 2007 2331 3713 2405; baseline 0.005 -23"><span class='ocrx_word' id='word_1_432' title='bbox 2007 2331 2230 2398; x_wconf 77' lang='lat' dir='ltr'><strong>gotia“.</strong></span> <span class='ocrx_word' id='word_1_433' title='bbox 2255 2352 2272 2381; x_wconf 81' lang='grc' dir='ltr'><strong>ι</strong></span> <span class='ocrx_word' id='word_1_434' title='bbox 2309 2331 2656 2385; x_wconf 82' lang='lat' dir='ltr'><strong>Admonendi</strong></span> <span class='ocrx_word' id='word_1_435' title='bbox 2682 2341 2884 2385; x_wconf 88' lang='lat' dir='ltr'><strong>tamen</strong></span> <span class='ocrx_word' id='word_1_436' title='bbox 2924 2345 3092 2387; x_wconf 88' lang='lat' dir='ltr'><strong>sunt</strong></span> <span class='ocrx_word' id='word_1_437' title='bbox 3129 2337 3250 2404; x_wconf 90' lang='lat' dir='ltr'><strong>qui</strong></span> <span class='ocrx_word' id='word_1_438' title='bbox 3282 2339 3713 2405; x_wconf 78' lang='lat' dir='ltr'><strong>prosperitate</strong></span> 
     </span>
    </p>
   </div>
   <div class='ocr_carea' id='block_1_55' title="bbox 2008 2420 3720 2493">
    <p class='ocr_par' dir='ltr' id='par_1_55' title="bbox 2008 2420 3720 2493">
     <span class='ocr_line' id='line_1_55' title="bbox 2008 2420 3720 2493; baseline 0.005 -21"><span class='ocrx_word' id='word_1_439' title='bbox 2008 2420 2109 2472; x_wconf 91' lang='lat' dir='ltr'><strong>sibi</strong></span> <span class='ocrx_word' id='word_1_440' title='bbox 2152 2421 2433 2487; x_wconf 69' lang='lat' dir='ltr'><strong>praesentis</strong></span> <span class='ocrx_word' id='word_1_441' title='bbox 2469 2421 2620 2486; x_wconf 64' lang='lat' dir='ltr'><strong>vitae,</strong></span> <span class='ocrx_word' id='word_1_442' title='bbox 2654 2431 2713 2474; x_wconf 88' lang='lat' dir='ltr'><strong>et</strong></span> <span class='ocrx_word' id='word_1_443' title='bbox 2757 2424 3160 2493; x_wconf 85' lang='lat' dir='ltr'><strong>sanitatem,</strong></span> <span class='ocrx_word' id='word_1_444' title='bbox 3210 2428 3314 2481; x_wconf 79' lang='lat' dir='ltr'><strong>vel</strong></span> <span class='ocrx_word' id='word_1_445' title='bbox 3351 2430 3614 2492; x_wconf 75' lang='lat' dir='ltr'><strong>divitias,</strong></span> <span class='ocrx_word' id='word_1_446' title='bbox 3651 2432 3720 2480; x_wconf 76' lang='lat' dir='ltr'><strong>rei</strong></span> 
     </span>
    </p>
   </div>
   <div class='ocr_carea' id='block_1_56' title="bbox 2010 2507 3719 2584">
    <p class='ocr_par' dir='ltr' id='par_1_56' title="bbox 2010 2507 3719 2584">
     <span class='ocr_line' id='line_1_56' title="bbox 2010 2507 3719 2584; baseline 0.006 -24"><span class='ocrx_word' id='word_1_447' title='bbox 2010 2509 2240 2561; x_wconf 83' lang='lat' dir='ltr'><strong>honores</strong></span> <span class='ocrx_word' id='word_1_448' title='bbox 2290 2507 2566 2576; x_wconf 89' lang='lat' dir='ltr'><strong>postulant</strong></span> <span class='ocrx_word' id='word_1_449' title='bbox 2600 2524 2630 2562; x_wconf 89' lang='lat' dir='ltr'><strong>a</strong></span> <span class='ocrx_word' id='word_1_450' title='bbox 2671 2511 2828 2576; x_wconf 89' lang='lat' dir='ltr'><strong>Deo,</strong></span> <span class='ocrx_word' id='word_1_451' title='bbox 2869 2513 3033 2580; x_wconf 87' lang='lat' dir='ltr'><strong>quia</strong></span> <span class='ocrx_word' id='word_1_452' title='bbox 3095 2517 3262 2584; x_wconf 87' lang='lat' dir='ltr'><strong>quid</strong></span> <span class='ocrx_word' id='word_1_453' title='bbox 3304 2530 3492 2573; x_wconf 90' lang='lat' dir='ltr'><strong>orent</strong></span> <span class='ocrx_word' id='word_1_454' title='bbox 3540 2535 3719 2574; x_wconf 87' lang='lat' dir='ltr'><strong>secun-</strong></span> 
     </span>
    </p>
   </div>
   <div class='ocr_carea' id='block_1_57' title="bbox 2009 2599 3715 2674">
    <p class='ocr_par' dir='ltr' id='par_1_57' title="bbox 2009 2599 3715 2674">
     <span class='ocr_line' id='line_1_57' title="bbox 2009 2599 3715 2674; baseline 0.005 -23"><span class='ocrx_word' id='word_1_455' title='bbox 2009 2599 2128 2651; x_wconf 90' lang='lat' dir='ltr'><strong>dum</strong></span> <span class='ocrx_word' id='word_1_456' title='bbox 2163 2599 2304 2666; x_wconf 83' lang='lat' dir='ltr'><strong>quod</strong></span> <span class='ocrx_word' id='word_1_457' title='bbox 2336 2601 2558 2666; x_wconf 77' lang='lat' dir='ltr'><strong>expedit</strong></span> <span class='ocrx_word' id='word_1_458' title='bbox 2588 2603 2866 2656; x_wconf 91' lang='lat' dir='ltr'><strong>nesciunt</strong></span> <span class='ocrx_word' id='word_1_459' title='bbox 2901 2605 2988 2657; x_wconf 75' lang='grc'><strong>⁸³.</strong></span> <span class='ocrx_word' id='word_1_460' title='bbox 3027 2606 3230 2674; x_wconf 67' lang='lat' dir='ltr'><strong>Saepe</strong></span> <span class='ocrx_word' id='word_1_461' title='bbox 3275 2612 3449 2664; x_wconf 78' lang='lat' dir='ltr'><strong>eitim</strong></span> <span class='ocrx_word' id='word_1_462' title='bbox 3489 2612 3554 2664; x_wconf 85' lang='lat' dir='ltr'><strong>fit</strong></span> <span class='ocrx_word' id='word_1_463' title='bbox 3578 2623 3633 2664; x_wconf 88' lang='lat' dir='ltr'><strong>ut</strong></span> <span class='ocrx_word' id='word_1_464' title='bbox 3655 2610 3715 2662; x_wconf 83' lang='lat' dir='ltr'><strong>ad</strong></span> 
     </span>
    </p>
   </div>
   <div class='ocr_carea' id='block_1_58' title="bbox 2009 2684 3716 2768">
    <p class='ocr_par' dir='ltr' id='par_1_58' title="bbox 2009 2684 3716 2768">
     <span class='ocr_line' id='line_1_58' title="bbox 2009 2684 3716 2768; baseline 0.008 -31"><span class='ocrx_word' id='word_1_465' title='bbox 2009 2684 2255 2737; x_wconf 87' lang='lat' dir='ltr'><strong>dauumm</strong></span> <span class='ocrx_word' id='word_1_466' title='bbox 2283 2687 2479 2739; x_wconf 62' lang='lat' dir='ltr'><strong>animm</strong></span> <span class='ocrx_word' id='word_1_467' title='bbox 2515 2690 2598 2739; x_wconf 81' lang='lat' dir='ltr'><strong>vel</strong></span> <span class='ocrx_word' id='word_1_468' title='bbox 2637 2690 3058 2756; x_wconf 89' lang='lat' dir='ltr'><strong>opprobrium</strong></span> <span class='ocrx_word' id='word_1_469' title='bbox 3106 2698 3259 2766; x_wconf 83' lang='lat' dir='ltr'><strong>ejus</strong></span> <span class='ocrx_word' id='word_1_470' title='bbox 3316 2700 3716 2768; x_wconf 80' lang='lat' dir='ltr'><strong>sempiternum</strong></span> 
     </span>
    </p>
   </div>
   <div class='ocr_carea' id='block_1_59' title="bbox 2008 2775 3716 2857">
    <p class='ocr_par' dir='ltr' id='par_1_59' title="bbox 2008 2775 3716 2857">
     <span class='ocr_line' id='line_1_59' title="bbox 2008 2775 3716 2857; baseline 0.008 -29"><span class='ocrx_word' id='word_1_471' title='bbox 2008 2776 2200 2829; x_wconf 88' lang='lat' dir='ltr'><strong>cedant</strong></span> <span class='ocrx_word' id='word_1_472' title='bbox 2220 2775 2328 2846; x_wconf 67' lang='lat'><strong>(45)</strong></span> <span class='ocrx_word' id='word_1_473' title='bbox 2349 2780 2640 2844; x_wconf 70' lang='lat' dir='ltr'><strong>prtesentia</strong></span> <span class='ocrx_word' id='word_1_474' title='bbox 2661 2780 2787 2835; x_wconf 52' lang='lat' dir='ltr'><strong>haec</strong></span> <span class='ocrx_word' id='word_1_475' title='bbox 2814 2781 2998 2838; x_wconf 89' lang='lat' dir='ltr'><strong>lucra</strong></span> <span class='ocrx_word' id='word_1_476' title='bbox 3020 2797 3092 2839; x_wconf 87' lang='lat' dir='ltr'><strong>et</strong></span> <span class='ocrx_word' id='word_1_477' title='bbox 3114 2791 3404 2857; x_wconf 85' lang='lat' dir='ltr'><strong>dignitas</strong></span> <span class='ocrx_word' id='word_1_478' title='bbox 3424 2792 3716 2846; x_wconf 67' lang='lat' dir='ltr'><strong>saecularis.</strong></span> 
     </span>
    </p>
   </div>
   <div class='ocr_carea' id='block_1_60' title="bbox 2009 2865 3715 2944">
    <p class='ocr_par' dir='ltr' id='par_1_60' title="bbox 2009 2865 3715 2944">
     <span class='ocr_line' id='line_1_60' title="bbox 2009 2865 3715 2944; baseline 0.006 -27"><span class='ocrx_word' id='word_1_479' title='bbox 2009 2865 2074 2917; x_wconf 90' lang='lat' dir='ltr'><strong>Et</strong></span> <span class='ocrx_word' id='word_1_480' title='bbox 2105 2865 2222 2918; x_wconf 90' lang='lat' dir='ltr'><strong>ideo</strong></span> <span class='ocrx_word' id='word_1_481' title='bbox 2253 2865 2378 2917; x_wconf 89' lang='lat' dir='ltr'><strong>illud</strong></span> <span class='ocrx_word' id='word_1_482' title='bbox 2410 2868 2588 2930; x_wconf 79' lang='lat' dir='ltr'><strong>magis</strong></span> <span class='ocrx_word' id='word_1_483' title='bbox 2618 2871 2953 2924; x_wconf 88' lang='lat' dir='ltr'><strong>tenendum</strong></span> <span class='ocrx_word' id='word_1_484' title='bbox 2993 2884 3126 2939; x_wconf 88' lang='lat' dir='ltr'><strong>est,</strong></span> <span class='ocrx_word' id='word_1_485' title='bbox 3168 2880 3345 2944; x_wconf 80' lang='lat' dir='ltr'><strong>quod</strong></span> <span class='ocrx_word' id='word_1_486' title='bbox 3383 2895 3494 2932; x_wconf 90' lang='lat' dir='ltr'><strong>nos</strong></span> <span class='ocrx_word' id='word_1_487' title='bbox 3526 2881 3580 2932; x_wconf 92' lang='lat' dir='ltr'><strong>in</strong></span> <span class='ocrx_word' id='word_1_488' title='bbox 3603 2894 3715 2932; x_wconf 79' lang='lat' dir='ltr'><strong>ora-</strong></span> 
     </span>
    </p>
   </div>
   <div class='ocr_carea' id='block_1_61' title="bbox 383 2943 3720 3050">
    <p class='ocr_par' dir='ltr' id='par_1_61' title="bbox 383 2943 3720 3050">
     <span class='ocr_line' id='line_1_61' title="bbox 383 2943 3720 3050; baseline 0.007 -55"><span class='ocrx_word' id='word_1_489' title='bbox 383 2943 474 2995; x_wconf 88' lang='lat' dir='ltr'><strong>Dei</strong></span> <span class='ocrx_word' id='word_1_490' title='bbox 507 2943 749 2998; x_wconf 84' lang='lat' dir='ltr'><strong>laborare</strong></span> <span class='ocrx_word' id='word_1_491' title='bbox 779 2949 1023 3014; x_wconf 89' lang='lat' dir='ltr'><strong>spiritum</strong></span> <span class='ocrx_word' id='word_1_492' title='bbox 1065 2961 1299 3003; x_wconf 86' lang='lat' dir='ltr'><strong>nostrum</strong></span> <span class='ocrx_word' id='word_1_493' title='bbox 1337 2953 1446 3020; x_wconf 77' lang='lat'><strong>(57)</strong></span> <span class='ocrx_word' id='word_1_494' title='bbox 1476 2954 1525 3004; x_wconf 94' lang='lat' dir='ltr'><strong>in</strong></span> <span class='ocrx_word' id='word_1_495' title='bbox 1581 2954 1906 3007; x_wconf 81' lang='lat' dir='ltr'><strong>adversando</strong></span> <span class='ocrx_word' id='word_1_496' title='bbox 1938 2997 1982 3050; x_wconf 64' lang='grc' dir='ltr'><strong>Β</strong></span> <span class='ocrx_word' id='word_1_497' title='bbox 2013 2955 2157 3006; x_wconf 88' lang='lat' dir='ltr'><strong>tione</strong></span> <span class='ocrx_word' id='word_1_498' title='bbox 2205 2953 2384 3006; x_wconf 78' lang='lat' dir='ltr'><strong>dicere</strong></span> <span class='ocrx_word' id='word_1_499' title='bbox 2412 2954 2530 3024; x_wconf 66' lang='grc'><strong>(46)</strong></span> <span class='ocrx_word' id='word_1_500' title='bbox 2571 2954 2768 3009; x_wconf 89' lang='lat' dir='ltr'><strong>docuit</strong></span> <span class='ocrx_word' id='word_1_501' title='bbox 2809 2959 3133 3016; x_wconf 87' lang='lat' dir='ltr'><strong>Dominus</strong></span> <span class='ocrx_word' id='word_1_502' title='bbox 3167 2943 3207 3017; x_wconf 14' lang='lat'><strong>:7</strong></span> <span class='ocrx_word' id='word_1_503' title='bbox 3232 2985 3254 3016; x_wconf 74' lang='grc' dir='ltr'><strong>ι</strong></span> <span class='ocrx_word' id='word_1_504' title='bbox 3295 2965 3441 3020; x_wconf 82' lang='lat' dir='ltr'><strong>Fiat</strong></span> <span class='ocrx_word' id='word_1_505' title='bbox 3481 2968 3720 3020; x_wconf 78' lang='lat' dir='ltr'><strong>voluntas</strong></span> 
     </span>
    </p>
   </div>
   <div class='ocr_carea' id='block_1_62' title="bbox 382 3032 1907 3110">
    <p class='ocr_par' dir='ltr' id='par_1_62' title="bbox 382 3032 1907 3110">
     <span class='ocr_line' id='line_1_62' title="bbox 382 3032 1907 3110; baseline 0.008 -26"><span class='ocrx_word' id='word_1_506' title='bbox 382 3032 549 3094; x_wconf 86' lang='lat' dir='ltr'><strong>carni,</strong></span> <span class='ocrx_word' id='word_1_507' title='bbox 582 3042 635 3085; x_wconf 90' lang='lat' dir='ltr'><strong>et</strong></span> <span class='ocrx_word' id='word_1_508' title='bbox 659 3035 977 3090; x_wconf 63' lang='lat' dir='ltr'><strong>adhaarendo</strong></span> <span class='ocrx_word' id='word_1_509' title='bbox 1008 3039 1129 3101; x_wconf 84' lang='lat' dir='ltr'><strong>sibi,</strong></span> <span class='ocrx_word' id='word_1_510' title='bbox 1162 3043 1388 3108; x_wconf 56' lang='lat' dir='ltr'><strong>porr-Tgit</strong></span> <span class='ocrx_word' id='word_1_511' title='bbox 1416 3059 1650 3106; x_wconf 82' lang='lat' dir='ltr'><strong>manum,</strong></span> <span class='ocrx_word' id='word_1_512' title='bbox 1680 3055 1732 3096; x_wconf 88' lang='lat' dir='ltr'><strong>et</strong></span> <span class='ocrx_word' id='word_1_513' title='bbox 1759 3045 1907 3110; x_wconf 84' lang='lat' dir='ltr'><strong>adju-</strong></span> 
     </span>
    </p>
   </div>
   <div class='ocr_carea' id='block_1_63' title="bbox 382 3121 1906 3199">
    <p class='ocr_par' dir='ltr' id='par_1_63' title="bbox 382 3121 1906 3199">
     <span class='ocr_line' id='line_1_63' title="bbox 382 3121 1906 3199; baseline 0.011 -30"><span class='ocrx_word' id='word_1_514' title='bbox 382 3127 472 3170; x_wconf 78' lang='lat' dir='ltr'><strong>vat</strong></span> <span class='ocrx_word' id='word_1_515' title='bbox 506 3121 861 3177; x_wconf 83' lang='lat' dir='ltr'><strong>infirmitatem</strong></span> <span class='ocrx_word' id='word_1_516' title='bbox 911 3126 1064 3193; x_wconf 83' lang='lat' dir='ltr'><strong>ejus:</strong></span> <span class='ocrx_word' id='word_1_517' title='bbox 1095 3139 1148 3180; x_wconf 93' lang='lat' dir='ltr'><strong>et</strong></span> <span class='ocrx_word' id='word_1_518' title='bbox 1192 3129 1334 3181; x_wconf 86' lang='lat' dir='ltr'><strong>velut</strong></span> <span class='ocrx_word' id='word_1_519' title='bbox 1379 3131 1421 3182; x_wconf 90' lang='lat' dir='ltr'><strong>si</strong></span> <span class='ocrx_word' id='word_1_520' title='bbox 1460 3132 1710 3199; x_wconf 72' lang='lat' dir='ltr'><strong>magister</strong></span> <span class='ocrx_word' id='word_1_521' title='bbox 1737 3134 1906 3186; x_wconf 86' lang='lat' dir='ltr'><strong>susci-</strong></span> 
     </span>
    </p>
   </div>
   <div class='ocr_carea' id='block_1_64' title="bbox 383 3209 1902 3287">
    <p class='ocr_par' dir='ltr' id='par_1_64' title="bbox 383 3209 1902 3287">
     <span class='ocr_line' id='line_1_64' title="bbox 383 3209 1902 3287; baseline 0.007 -26"><span class='ocrx_word' id='word_1_522' title='bbox 383 3209 536 3275; x_wconf 88' lang='lat' dir='ltr'><strong>piens</strong></span> <span class='ocrx_word' id='word_1_523' title='bbox 563 3213 744 3265; x_wconf 89' lang='lat' dir='ltr'><strong>rudem</strong></span> <span class='ocrx_word' id='word_1_524' title='bbox 778 3213 1092 3281; x_wconf 90' lang='lat' dir='ltr'><strong>discipulum</strong></span> <span class='ocrx_word' id='word_1_525' title='bbox 1141 3216 1270 3286; x_wconf 79' lang='lat'><strong>(38),</strong></span> <span class='ocrx_word' id='word_1_526' title='bbox 1298 3229 1353 3270; x_wconf 88' lang='lat' dir='ltr'><strong>et</strong></span> <span class='ocrx_word' id='word_1_527' title='bbox 1392 3223 1717 3286; x_wconf 78' lang='lat' dir='ltr'><strong>ignorantem</strong></span> <span class='ocrx_word' id='word_1_528' title='bbox 1759 3219 1902 3287; x_wconf 80' lang='lat' dir='ltr'><strong>peni-</strong></span> 
     </span>
    </p>
   </div>
   <div class='ocr_carea' id='block_1_65' title="bbox 384 3299 1907 3373">
    <p class='ocr_par' dir='ltr' id='par_1_65' title="bbox 384 3299 1907 3373">
     <span class='ocr_line' id='line_1_65' title="bbox 384 3299 1907 3373; baseline 0.008 -23"><span class='ocrx_word' id='word_1_529' title='bbox 384 3307 469 3350; x_wconf 91' lang='lat' dir='ltr'><strong>tus</strong></span> <span class='ocrx_word' id='word_1_530' title='bbox 493 3299 718 3365; x_wconf 89' lang='lat' dir='ltr'><strong>litteras,</strong></span> <span class='ocrx_word' id='word_1_531' title='bbox 747 3312 804 3356; x_wconf 91' lang='lat' dir='ltr'><strong>nt</strong></span> <span class='ocrx_word' id='word_1_532' title='bbox 836 3318 956 3356; x_wconf 89' lang='lat' dir='ltr'><strong>eum</strong></span> <span class='ocrx_word' id='word_1_533' title='bbox 990 3304 1181 3358; x_wconf 84' lang='lat' dir='ltr'><strong>docere</strong></span> <span class='ocrx_word' id='word_1_534' title='bbox 1213 3308 1378 3373; x_wconf 84' lang='lat' dir='ltr'><strong>possit</strong></span> <span class='ocrx_word' id='word_1_535' title='bbox 1403 3317 1456 3360; x_wconf 94' lang='lat' dir='ltr'><strong>et</strong></span> <span class='ocrx_word' id='word_1_536' title='bbox 1488 3308 1788 3371; x_wconf 84' lang='lat' dir='ltr'><strong>instituere,</strong></span> <span class='ocrx_word' id='word_1_537' title='bbox 1815 3324 1907 3362; x_wconf 89' lang='lat' dir='ltr'><strong>ue-</strong></span> 
     </span>
    </p>
   </div>
   <div class='ocr_carea' id='block_1_66' title="bbox 383 3390 1904 3463">
    <p class='ocr_par' dir='ltr' id='par_1_66' title="bbox 383 3390 1904 3463">
     <span class='ocr_line' id='line_1_66' title="bbox 383 3390 1904 3463; baseline 0.008 -25"><span class='ocrx_word' id='word_1_538' title='bbox 383 3400 534 3441; x_wconf 90' lang='lat' dir='ltr'><strong>cesse</strong></span> <span class='ocrx_word' id='word_1_539' title='bbox 564 3390 722 3444; x_wconf 88' lang='lat' dir='ltr'><strong>habet</strong></span> <span class='ocrx_word' id='word_1_540' title='bbox 751 3393 1006 3447; x_wconf 88' lang='lat' dir='ltr'><strong>inclinare</strong></span> <span class='ocrx_word' id='word_1_541' title='bbox 1030 3410 1086 3447; x_wconf 89' lang='lat' dir='ltr'><strong>se</strong></span> <span class='ocrx_word' id='word_1_542' title='bbox 1117 3396 1180 3447; x_wconf 91' lang='lat' dir='ltr'><strong>ad</strong></span> <span class='ocrx_word' id='word_1_543' title='bbox 1227 3397 1469 3463; x_wconf 87' lang='lat' dir='ltr'><strong>discipuli</strong></span> <span class='ocrx_word' id='word_1_544' title='bbox 1509 3398 1821 3463; x_wconf 87' lang='lat' dir='ltr'><strong>rudimenta,</strong></span> <span class='ocrx_word' id='word_1_545' title='bbox 1850 3408 1904 3450; x_wconf 93' lang='lat' dir='ltr'><strong>et</strong></span> 
     </span>
    </p>
   </div>
   <div class='ocr_carea' id='block_1_67' title="bbox 384 3474 1910 3554">
    <p class='ocr_par' dir='ltr' id='par_1_67' title="bbox 384 3474 1910 3554">
     <span class='ocr_line' id='line_1_67' title="bbox 384 3474 1910 3554; baseline 0.01 -28"><span class='ocrx_word' id='word_1_546' title='bbox 384 3474 497 3540; x_wconf 86' lang='lat' dir='ltr'><strong>ipse</strong></span> <span class='ocrx_word' id='word_1_547' title='bbox 548 3479 692 3544; x_wconf 88' lang='lat' dir='ltr'><strong>prius</strong></span> <span class='ocrx_word' id='word_1_548' title='bbox 737 3481 911 3536; x_wconf 88' lang='lat' dir='ltr'><strong>dicere</strong></span> <span class='ocrx_word' id='word_1_549' title='bbox 945 3498 1137 3537; x_wconf 87' lang='lat' dir='ltr'><strong>nomen</strong></span> <span class='ocrx_word' id='word_1_550' title='bbox 1187 3485 1391 3548; x_wconf 73' lang='lat' dir='ltr'><strong>litterze,</strong></span> <span class='ocrx_word' id='word_1_551' title='bbox 1443 3498 1499 3539; x_wconf 91' lang='lat' dir='ltr'><strong>ut</strong></span> <span class='ocrx_word' id='word_1_552' title='bbox 1541 3489 1910 3554; x_wconf 89' lang='lat' dir='ltr'><strong>respondendo</strong></span> 
     </span>
    </p>
   </div>
   <div class='ocr_carea' id='block_1_68' title="bbox 384 3566 1908 3645">
    <p class='ocr_par' dir='ltr' id='par_1_68' title="bbox 384 3566 1908 3645">
     <span class='ocr_line' id='line_1_68' title="bbox 384 3566 1908 3645; baseline 0.009 -28"><span class='ocrx_word' id='word_1_553' title='bbox 384 3566 674 3634; x_wconf 89' lang='lat' dir='ltr'><strong>discipulus</strong></span> <span class='ocrx_word' id='word_1_554' title='bbox 704 3570 870 3623; x_wconf 86' lang='lat' dir='ltr'><strong>discat</strong></span> <span class='ocrx_word' id='word_1_555' title='bbox 897 3572 1030 3642; x_wconf 78' lang='lat'><strong>(39),</strong></span> <span class='ocrx_word' id='word_1_556' title='bbox 1057 3584 1107 3626; x_wconf 90' lang='lat' dir='ltr'><strong>et</strong></span> <span class='ocrx_word' id='word_1_557' title='bbox 1138 3574 1194 3626; x_wconf 89' lang='lat' dir='ltr'><strong>lit</strong></span> <span class='ocrx_word' id='word_1_558' title='bbox 1226 3577 1615 3641; x_wconf 86' lang='lat' dir='ltr'><strong>quodammodo</strong></span> <span class='ocrx_word' id='word_1_559' title='bbox 1649 3578 1908 3645; x_wconf 83' lang='lat' dir='ltr'><strong>magister</strong></span> 
     </span>
    </p>
   </div>
   <div class='ocr_carea' id='block_1_69' title="bbox 385 3655 1909 3734">
    <p class='ocr_par' dir='ltr' id='par_1_69' title="bbox 385 3655 1909 3734">
     <span class='ocr_line' id='line_1_69' title="bbox 385 3655 1909 3734; baseline 0.009 -27"><span class='ocrx_word' id='word_1_560' title='bbox 385 3655 498 3722; x_wconf 89' lang='lat' dir='ltr'><strong>ipse</strong></span> <span class='ocrx_word' id='word_1_561' title='bbox 549 3659 818 3724; x_wconf 86' lang='lat' dir='ltr'><strong>incipienti</strong></span> <span class='ocrx_word' id='word_1_562' title='bbox 862 3663 1123 3732; x_wconf 87' lang='lat' dir='ltr'><strong>discipulo</strong></span> <span class='ocrx_word' id='word_1_563' title='bbox 1175 3665 1385 3727; x_wconf 84' lang='lat' dir='ltr'><strong>similis,</strong></span> <span class='ocrx_word' id='word_1_564' title='bbox 1419 3680 1479 3716; x_wconf 90' lang='lat' dir='ltr'><strong>ea</strong></span> <span class='ocrx_word' id='word_1_565' title='bbox 1516 3667 1736 3734; x_wconf 90' lang='lat' dir='ltr'><strong>loquens</strong></span> <span class='ocrx_word' id='word_1_566' title='bbox 1765 3677 1816 3720; x_wconf 89' lang='lat' dir='ltr'><strong>et</strong></span> <span class='ocrx_word' id='word_1_567' title='bbox 1849 3683 1909 3721; x_wconf 89' lang='lat' dir='ltr'><strong>ea</strong></span> 
     </span>
    </p>
   </div>
   <div class='ocr_carea' id='block_1_70' title="bbox 341 3745 1911 3820">
    <p class='ocr_par' dir='ltr' id='par_1_70' title="bbox 341 3745 1911 3820">
     <span class='ocr_line' id='line_1_70' title="bbox 341 3745 1911 3820; baseline 0.01 -27"><span class='ocrx_word' id='word_1_568' title='bbox 341 3768 360 3786; x_wconf 71' lang='grc' dir='ltr'><em>κ</em></span> <span class='ocrx_word' id='word_1_569' title='bbox 389 3745 646 3798; x_wconf 88' lang='lat' dir='ltr'><strong>meditans</strong></span> <span class='ocrx_word' id='word_1_570' title='bbox 680 3763 796 3814; x_wconf 67' lang='lat' dir='ltr'><strong>quae</strong></span> <span class='ocrx_word' id='word_1_571' title='bbox 837 3749 1094 3817; x_wconf 87' lang='lat' dir='ltr'><strong>incipiens</strong></span> <span class='ocrx_word' id='word_1_572' title='bbox 1134 3752 1275 3820; x_wconf 88' lang='lat' dir='ltr'><strong>loqui</strong></span> <span class='ocrx_word' id='word_1_573' title='bbox 1309 3754 1496 3806; x_wconf 90' lang='lat' dir='ltr'><strong>debeat</strong></span> <span class='ocrx_word' id='word_1_574' title='bbox 1526 3769 1586 3806; x_wconf 87' lang='lat' dir='ltr'><strong>ac</strong></span> <span class='ocrx_word' id='word_1_575' title='bbox 1626 3756 1867 3808; x_wconf 88' lang='lat' dir='ltr'><strong>meditari</strong></span> <span class='ocrx_word' id='word_1_576' title='bbox 1895 3772 1911 3809; x_wconf 90' lang='lat'><strong>:</strong></span> 
     </span>
    </p>
   </div>
   <div class='ocr_carea' id='block_1_71' title="bbox 389 3835 1915 3911">
    <p class='ocr_par' dir='ltr' id='par_1_71' title="bbox 389 3835 1915 3911">
     <span class='ocr_line' id='line_1_71' title="bbox 389 3835 1915 3911; baseline 0.009 -26"><span class='ocrx_word' id='word_1_577' title='bbox 389 3835 461 3886; x_wconf 84' lang='lat' dir='ltr'><strong>ita</strong></span> <span class='ocrx_word' id='word_1_578' title='bbox 513 3845 567 3888; x_wconf 86' lang='lat' dir='ltr'><strong>et</strong></span> <span class='ocrx_word' id='word_1_579' title='bbox 614 3837 846 3904; x_wconf 89' lang='lat' dir='ltr'><strong>Spiritus</strong></span> <span class='ocrx_word' id='word_1_580' title='bbox 894 3852 1112 3894; x_wconf 89' lang='lat' dir='ltr'><strong>sanctus</strong></span> <span class='ocrx_word' id='word_1_581' title='bbox 1165 3842 1274 3910; x_wconf 75' lang='grc' dir='ltr'><strong>μυ)</strong></span> <span class='ocrx_word' id='word_1_582' title='bbox 1305 3844 1390 3896; x_wconf 92' lang='lat' dir='ltr'><strong>ubi</strong></span> <span class='ocrx_word' id='word_1_583' title='bbox 1440 3845 1915 3911; x_wconf 83' lang='lat' dir='ltr'><strong>oppugnationibus</strong></span> 
     </span>
    </p>
   </div>
   <div class='ocr_carea' id='block_1_72' title="bbox 386 3927 1915 3999">
    <p class='ocr_par' dir='ltr' id='par_1_72' title="bbox 386 3927 1915 3999">
     <span class='ocr_line' id='line_1_72' title="bbox 386 3927 1915 3999; baseline 0.007 -25"><span class='ocrx_word' id='word_1_584' title='bbox 386 3927 565 3978; x_wconf 76' lang='lat' dir='ltr'><strong>carnis</strong></span> <span class='ocrx_word' id='word_1_585' title='bbox 605 3931 906 3995; x_wconf 90' lang='lat' dir='ltr'><strong>perturbari</strong></span> <span class='ocrx_word' id='word_1_586' title='bbox 940 3941 1173 3983; x_wconf 89' lang='lat' dir='ltr'><strong>nostrum</strong></span> <span class='ocrx_word' id='word_1_587' title='bbox 1222 3932 1464 3999; x_wconf 79' lang='lat' dir='ltr'><strong>spiritum</strong></span> <span class='ocrx_word' id='word_1_588' title='bbox 1502 3933 1714 3992; x_wconf 82' lang='lat' dir='ltr'><strong>viderit,</strong></span> <span class='ocrx_word' id='word_1_589' title='bbox 1740 3943 1792 3985; x_wconf 90' lang='lat' dir='ltr'><strong>et</strong></span> <span class='ocrx_word' id='word_1_590' title='bbox 1824 3949 1915 3985; x_wconf 91' lang='lat' dir='ltr'><strong>ne-</strong></span> 
     </span>
    </p>
   </div>
   <div class='ocr_carea' id='block_1_73' title="bbox 394 4015 1913 4088">
    <p class='ocr_par' dir='ltr' id='par_1_73' title="bbox 394 4015 1913 4088">
     <span class='ocr_line' id='line_1_73' title="bbox 394 4015 1913 4088; baseline 0.006 -22"><span class='ocrx_word' id='word_1_591' title='bbox 394 4015 645 4068; x_wconf 87' lang='lat' dir='ltr'><strong>scientem</strong></span> <span class='ocrx_word' id='word_1_592' title='bbox 668 4022 792 4087; x_wconf 89' lang='lat' dir='ltr'><strong>quid</strong></span> <span class='ocrx_word' id='word_1_593' title='bbox 821 4037 977 4074; x_wconf 87' lang='lat' dir='ltr'><strong>orare</strong></span> <span class='ocrx_word' id='word_1_594' title='bbox 998 4023 1185 4076; x_wconf 86' lang='lat' dir='ltr'><strong>debeat</strong></span> <span class='ocrx_word' id='word_1_595' title='bbox 1218 4022 1505 4075; x_wconf 88' lang='lat' dir='ltr'><strong>secundum</strong></span> <span class='ocrx_word' id='word_1_596' title='bbox 1529 4023 1665 4087; x_wconf 91' lang='lat' dir='ltr'><strong>quod</strong></span> <span class='ocrx_word' id='word_1_597' title='bbox 1683 4033 1913 4088; x_wconf 88' lang='lat' dir='ltr'><strong>oportet,</strong></span> 
     </span>
    </p>
   </div>
   <div class='ocr_carea' id='block_1_74' title="bbox 2008 3043 2228 3095">
    <p class='ocr_par' dir='ltr' id='par_1_74' title="bbox 2008 3043 2228 3095">
     <span class='ocr_line' id='line_1_74' title="bbox 2008 3043 2228 3095; baseline 0 -1"><span class='ocrx_word' id='word_1_598' title='bbox 2008 3050 2096 3095; x_wconf 88' lang='lat' dir='ltr'><strong>tua</strong></span> <span class='ocrx_word' id='word_1_599' title='bbox 2119 3043 2183 3095; x_wconf 79' lang='grc'><strong>⁶¹.</strong></span> <span class='ocrx_word' id='word_1_600' title='bbox 2210 3062 2228 3094; x_wconf 82' lang='grc' dir='ltr'><strong>ι</strong></span> 
     </span>
    </p>
   </div>
   <div class='ocr_carea' id='block_1_75' title="bbox 2083 3132 3719 3214">
    <p class='ocr_par' dir='ltr' id='par_1_75' title="bbox 2083 3132 3719 3214">
     <span class='ocr_line' id='line_1_75' title="bbox 2083 3132 3719 3214; baseline 0.012 -33"><span class='ocrx_word' id='word_1_601' title='bbox 2083 3151 2102 3181; x_wconf 79' lang='grc' dir='ltr'><strong>ι</strong></span> <span class='ocrx_word' id='word_1_602' title='bbox 2134 3132 2232 3196; x_wconf 85' lang='lat' dir='ltr'><strong>Qui</strong></span> <span class='ocrx_word' id='word_1_603' title='bbox 2267 3143 2446 3184; x_wconf 87' lang='lat' dir='ltr'><strong>autem</strong></span> <span class='ocrx_word' id='word_1_604' title='bbox 2474 3143 2769 3188; x_wconf 89' lang='lat' dir='ltr'><strong>scrutatur</strong></span> <span class='ocrx_word' id='word_1_605' title='bbox 2796 3139 3033 3204; x_wconf 83' lang='lat' dir='ltr'><strong>corda,</strong></span> <span class='ocrx_word' id='word_1_606' title='bbox 3079 3146 3212 3198; x_wconf 85' lang='lat' dir='ltr'><strong>scit</strong></span> <span class='ocrx_word' id='word_1_607' title='bbox 3255 3148 3414 3214; x_wconf 89' lang='lat' dir='ltr'><strong>quid</strong></span> <span class='ocrx_word' id='word_1_608' title='bbox 3455 3149 3719 3201; x_wconf 83' lang='lat' dir='ltr'><strong>desideret</strong></span> 
     </span>
    </p>
   </div>
   <div class='ocr_carea' id='block_1_76' title="bbox 2012 3221 3719 3309">
    <p class='ocr_par' dir='ltr' id='par_1_76' title="bbox 2012 3221 3719 3309">
     <span class='ocr_line' id='line_1_76' title="bbox 2012 3221 3719 3309; baseline 0.011 -36"><span class='ocrx_word' id='word_1_609' title='bbox 2012 3221 2260 3290; x_wconf 87' lang='lat' dir='ltr'><strong>Spiritus,</strong></span> <span class='ocrx_word' id='word_1_610' title='bbox 2287 3227 2412 3291; x_wconf 86' lang='lat' dir='ltr'><strong>quia</strong></span> <span class='ocrx_word' id='word_1_611' title='bbox 2443 3228 2758 3280; x_wconf 88' lang='lat' dir='ltr'><strong>secundum</strong></span> <span class='ocrx_word' id='word_1_612' title='bbox 2795 3229 2930 3302; x_wconf 79' lang='grc'><strong>(47)</strong></span> <span class='ocrx_word' id='word_1_613' title='bbox 2977 3236 3191 3291; x_wconf 86' lang='lat' dir='ltr'><strong>Deum</strong></span> <span class='ocrx_word' id='word_1_614' title='bbox 3245 3240 3603 3309; x_wconf 86' lang='lat' dir='ltr'><strong>interpellat</strong></span> <span class='ocrx_word' id='word_1_615' title='bbox 3634 3255 3719 3308; x_wconf 90' lang='lat' dir='ltr'><strong>pro</strong></span> 
     </span>
    </p>
   </div>
   <div class='ocr_carea' id='block_1_77' title="bbox 2008 3312 3720 3384">
    <p class='ocr_par' dir='ltr' id='par_1_77' title="bbox 2008 3312 3720 3384">
     <span class='ocr_line' id='line_1_77' title="bbox 2008 3312 3720 3384; baseline 0.011 -21"><span class='ocrx_word' id='word_1_616' title='bbox 2008 3312 2211 3364; x_wconf 86' lang='lat' dir='ltr'><strong>sanctis</strong></span> <span class='ocrx_word' id='word_1_617' title='bbox 2237 3312 2300 3364; x_wconf 73' lang='grc'><strong>⁵³.</strong></span> <span class='ocrx_word' id='word_1_618' title='bbox 2327 3331 2346 3363; x_wconf 74' lang='grc' dir='ltr'><strong>ι</strong></span> <span class='ocrx_word' id='word_1_619' title='bbox 2384 3314 2638 3367; x_wconf 78' lang='lat' dir='ltr'><strong>(istendit</strong></span> <span class='ocrx_word' id='word_1_620' title='bbox 2671 3320 2917 3384; x_wconf 86' lang='lat' dir='ltr'><strong>quidem</strong></span> <span class='ocrx_word' id='word_1_621' title='bbox 2965 3340 3002 3376; x_wconf 86' lang='lat' dir='ltr'><strong>a</strong></span> <span class='ocrx_word' id='word_1_622' title='bbox 3041 3325 3180 3380; x_wconf 84' lang='lat' dir='ltr'><strong>Deo</strong></span> <span class='ocrx_word' id='word_1_623' title='bbox 3231 3344 3362 3382; x_wconf 89' lang='lat' dir='ltr'><strong>non</strong></span> <span class='ocrx_word' id='word_1_624' title='bbox 3408 3340 3527 3382; x_wconf 88' lang='lat' dir='ltr'><strong>tam</strong></span> <span class='ocrx_word' id='word_1_625' title='bbox 3566 3329 3720 3383; x_wconf 71' lang='lat' dir='ltr'><strong>verba</strong></span> 
     </span>
    </p>
   </div>
   <div class='ocr_carea' id='block_1_78' title="bbox 2009 3402 3714 3487">
    <p class='ocr_par' dir='ltr' id='par_1_78' title="bbox 2009 3402 3714 3487">
     <span class='ocr_line' id='line_1_78' title="bbox 2009 3402 3714 3487; baseline 0.01 -33"><span class='ocrx_word' id='word_1_626' title='bbox 2009 3411 2186 3454; x_wconf 89' lang='lat' dir='ltr'><strong>nostra</strong></span> <span class='ocrx_word' id='word_1_627' title='bbox 2210 3402 2263 3454; x_wconf 89' lang='lat' dir='ltr'><strong>in</strong></span> <span class='ocrx_word' id='word_1_628' title='bbox 2285 3404 2554 3466; x_wconf 85' lang='lat' dir='ltr'><strong>oratione,</strong></span> <span class='ocrx_word' id='word_1_629' title='bbox 2583 3421 2756 3472; x_wconf 88' lang='lat' dir='ltr'><strong>quam</strong></span> <span class='ocrx_word' id='word_1_630' title='bbox 2791 3423 2906 3461; x_wconf 86' lang='lat' dir='ltr'><strong>cor</strong></span> <span class='ocrx_word' id='word_1_631' title='bbox 2935 3425 3373 3485; x_wconf 87' lang='lat' dir='ltr'><strong>mentemque</strong></span> <span class='ocrx_word' id='word_1_632' title='bbox 3407 3421 3677 3487; x_wconf 87' lang='lat' dir='ltr'><strong>perpendi</strong></span> <span class='ocrx_word' id='word_1_633' title='bbox 3701 3436 3714 3471; x_wconf 90' lang='lat'><em>:</em></span> 
     </span>
    </p>
   </div>
   <div class='ocr_carea' id='block_1_79' title="bbox 2015 3490 3718 3578">
    <p class='ocr_par' dir='ltr' id='par_1_79' title="bbox 2015 3490 3718 3578">
     <span class='ocr_line' id='line_1_79' title="bbox 2015 3490 3718 3578; baseline 0.014 -37"><span class='ocrx_word' id='word_1_634' title='bbox 2015 3490 2128 3555; x_wconf 86' lang='lat' dir='ltr'><strong>ipse</strong></span> <span class='ocrx_word' id='word_1_635' title='bbox 2160 3491 2302 3542; x_wconf 89' lang='lat' dir='ltr'><strong>enim</strong></span> <span class='ocrx_word' id='word_1_636' title='bbox 2328 3501 2411 3544; x_wconf 89' lang='lat' dir='ltr'><strong>est</strong></span> <span class='ocrx_word' id='word_1_637' title='bbox 2435 3494 2526 3558; x_wconf 89' lang='lat' dir='ltr'><strong>qui</strong></span> <span class='ocrx_word' id='word_1_638' title='bbox 2571 3506 2873 3550; x_wconf 87' lang='lat' dir='ltr'><strong>scrutatur</strong></span> <span class='ocrx_word' id='word_1_639' title='bbox 2900 3505 3107 3558; x_wconf 82' lang='lat' dir='ltr'><strong>corda</strong></span> <span class='ocrx_word' id='word_1_640' title='bbox 3157 3519 3225 3562; x_wconf 83' lang='lat' dir='ltr'><strong>et</strong></span> <span class='ocrx_word' id='word_1_641' title='bbox 3264 3525 3454 3566; x_wconf 86' lang='lat' dir='ltr'><strong>renes</strong></span> <span class='ocrx_word' id='word_1_642' title='bbox 3482 3513 3552 3565; x_wconf 67' lang='lat'><strong>“.</strong></span> <span class='ocrx_word' id='word_1_643' title='bbox 3579 3512 3718 3578; x_wconf 84' lang='lat' dir='ltr'><strong>Quod</strong></span> 
     </span>
    </p>
   </div>
   <div class='ocr_carea' id='block_1_80' title="bbox 2017 3583 3714 3671">
    <p class='ocr_par' dir='ltr' id='par_1_80' title="bbox 2017 3583 3714 3671">
     <span class='ocr_line' id='line_1_80' title="bbox 2017 3583 3714 3671; baseline 0.013 -40"><span class='ocrx_word' id='word_1_644' title='bbox 2017 3590 2194 3633; x_wconf 86' lang='lat' dir='ltr'><strong>autem</strong></span> <span class='ocrx_word' id='word_1_645' title='bbox 2219 3583 2455 3634; x_wconf 89' lang='lat' dir='ltr'><strong>secundo</strong></span> <span class='ocrx_word' id='word_1_646' title='bbox 2489 3583 2644 3645; x_wconf 90' lang='lat' dir='ltr'><strong>dicit,</strong></span> <span class='ocrx_word' id='word_1_647' title='bbox 2687 3588 2823 3653; x_wconf 86' lang='lat' dir='ltr'><strong>quia</strong></span> <span class='ocrx_word' id='word_1_648' title='bbox 2879 3609 2900 3640; x_wconf 71' lang='grc' dir='ltr'><strong>ι</strong></span> <span class='ocrx_word' id='word_1_649' title='bbox 2932 3591 3235 3660; x_wconf 84' lang='lat' dir='ltr'><strong>Spiritus</strong></span> <span class='ocrx_word' id='word_1_650' title='bbox 3294 3602 3673 3671; x_wconf 82' lang='lat' dir='ltr'><strong>interpellat,</strong></span> <span class='ocrx_word' id='word_1_651' title='bbox 3697 3622 3714 3653; x_wconf 75' lang='grc' dir='ltr'><strong>ι</strong></span> 
     </span>
    </p>
   </div>
   <div class='ocr_carea' id='block_1_81' title="bbox 2019 3670 3718 3763">
    <p class='ocr_par' dir='ltr' id='par_1_81' title="bbox 2019 3670 3718 3763">
     <span class='ocr_line' id='line_1_81' title="bbox 2019 3670 3718 3763; baseline 0.017 -41"><span class='ocrx_word' id='word_1_652' title='bbox 2019 3670 2119 3723; x_wconf 89' lang='lat' dir='ltr'><strong>hoc</strong></span> <span class='ocrx_word' id='word_1_653' title='bbox 2156 3682 2239 3724; x_wconf 89' lang='lat' dir='ltr'><strong>est</strong></span> <span class='ocrx_word' id='word_1_654' title='bbox 2267 3673 2408 3739; x_wconf 91' lang='lat' dir='ltr'><strong>quod</strong></span> <span class='ocrx_word' id='word_1_655' title='bbox 2458 3675 2659 3729; x_wconf 84' lang='lat' dir='ltr'><strong>edocet</strong></span> <span class='ocrx_word' id='word_1_656' title='bbox 2695 3695 2710 3730; x_wconf 89' lang='lat'><strong>:</strong></span> <span class='ocrx_word' id='word_1_657' title='bbox 2750 3695 2868 3733; x_wconf 91' lang='lat' dir='ltr'><strong>non</strong></span> <span class='ocrx_word' id='word_1_658' title='bbox 2915 3685 3274 3744; x_wconf 87' lang='lat' dir='ltr'><strong>minimam</strong></span> <span class='ocrx_word' id='word_1_659' title='bbox 3343 3670 3718 3763; x_wconf 87' lang='lat' dir='ltr'><strong>dispensatio-</strong></span> 
     </span>
    </p>
   </div>
   <div class='ocr_carea' id='block_1_82' title="bbox 2018 3761 3715 3842">
    <p class='ocr_par' dir='ltr' id='par_1_82' title="bbox 2018 3761 3715 3842">
     <span class='ocr_line' id='line_1_82' title="bbox 2018 3761 3715 3842; baseline 0.016 -31"><span class='ocrx_word' id='word_1_660' title='bbox 2018 3775 2136 3811; x_wconf 83' lang='lat' dir='ltr'><strong>nem</strong></span> <span class='ocrx_word' id='word_1_661' title='bbox 2165 3761 2324 3814; x_wconf 88' lang='lat' dir='ltr'><strong>etiam</strong></span> <span class='ocrx_word' id='word_1_662' title='bbox 2355 3763 2466 3831; x_wconf 75' lang='grc'>(48)</span> <span class='ocrx_word' id='word_1_663' title='bbox 2493 3779 2590 3830; x_wconf 88' lang='lat' dir='ltr'><strong>per</strong></span> <span class='ocrx_word' id='word_1_664' title='bbox 2626 3768 2918 3836; x_wconf 88' lang='lat' dir='ltr'><strong>Spiritum</strong></span> <span class='ocrx_word' id='word_1_665' title='bbox 2955 3790 3270 3836; x_wconf 87' lang='lat' dir='ltr'><strong>sanctum</strong></span> <span class='ocrx_word' id='word_1_666' title='bbox 3305 3786 3371 3838; x_wconf 90' lang='lat' dir='ltr'><strong>in</strong></span> <span class='ocrx_word' id='word_1_667' title='bbox 3403 3761 3715 3842; x_wconf 82' lang='lat' dir='ltr'><strong>hominibus</strong></span> 
     </span>
    </p>
   </div>
   <div class='ocr_carea' id='block_1_83' title="bbox 2018 3851 3715 3947">
    <p class='ocr_par' dir='ltr' id='par_1_83' title="bbox 2018 3851 3715 3947">
     <span class='ocr_line' id='line_1_83' title="bbox 2018 3851 3715 3947; baseline 0.023 -49"><span class='ocrx_word' id='word_1_668' title='bbox 2018 3851 2148 3916; x_wconf 83' lang='lat' dir='ltr'><strong>geri.</strong></span> <span class='ocrx_word' id='word_1_669' title='bbox 2181 3851 2438 3916; x_wconf 81' lang='lat' dir='ltr'><strong>Quamvis</strong></span> <span class='ocrx_word' id='word_1_670' title='bbox 2469 3857 2617 3907; x_wconf 85' lang='lat' dir='ltr'><strong>enim</strong></span> <span class='ocrx_word' id='word_1_671' title='bbox 2655 3861 3012 3926; x_wconf 78' lang='lat' dir='ltr'><strong>unigenitus</strong></span> <span class='ocrx_word' id='word_1_672' title='bbox 3072 3870 3288 3928; x_wconf 89' lang='lat' dir='ltr'><strong>Filius</strong></span> <span class='ocrx_word' id='word_1_673' title='bbox 3348 3878 3461 3932; x_wconf 83' lang='lat' dir='ltr'><strong>Dei</strong></span> <span class='ocrx_word' id='word_1_674' title='bbox 3501 3895 3604 3947; x_wconf 87' lang='lat' dir='ltr'><strong>pro</strong></span> <span class='ocrx_word' id='word_1_675' title='bbox 3640 3896 3715 3932; x_wconf 77' lang='lat' dir='ltr'><strong>sa-</strong></span> 
     </span>
    </p>
   </div>
   <div class='ocr_carea' id='block_1_84' title="bbox 2018 3939 3717 4035">
    <p class='ocr_par' dir='ltr' id='par_1_84' title="bbox 2018 3939 3717 4035">
     <span class='ocr_line' id='line_1_84' title="bbox 2018 3939 3717 4035; baseline 0.02 -45"><span class='ocrx_word' id='word_1_676' title='bbox 2018 3939 2126 3991; x_wconf 89' lang='lat' dir='ltr'><strong>lute</strong></span> <span class='ocrx_word' id='word_1_677' title='bbox 2174 3941 2392 3996; x_wconf 89' lang='lat' dir='ltr'><strong>humani</strong></span> <span class='ocrx_word' id='word_1_678' title='bbox 2424 3946 2643 4012; x_wconf 78' lang='lat' dir='ltr'><strong>generis</strong></span> <span class='ocrx_word' id='word_1_679' title='bbox 2691 3947 3059 4012; x_wconf 87' lang='lat' dir='ltr'><strong>incarnatus</strong></span> <span class='ocrx_word' id='word_1_680' title='bbox 3111 3973 3181 4015; x_wconf 87' lang='lat' dir='ltr'><strong>et</strong></span> <span class='ocrx_word' id='word_1_681' title='bbox 3234 3939 3626 4035; x_wconf 45' lang='lat' dir='ltr'><strong>passus-sit,</strong></span> <span class='ocrx_word' id='word_1_682' title='bbox 3671 3981 3717 4023; x_wconf 67' lang='lat' dir='ltr'><strong>et</strong></span> 
     </span>
    </p>
   </div>
   <div class='ocr_carea' id='block_1_85' title="bbox 2021 4034 3718 4118">
    <p class='ocr_par' dir='ltr' id='par_1_85' title="bbox 2021 4034 3718 4118">
     <span class='ocr_line' id='line_1_85' title="bbox 2021 4034 3718 4118; baseline 0.016 -38"><span class='ocrx_word' id='word_1_683' title='bbox 2021 4039 2187 4082; x_wconf 87' lang='lat' dir='ltr'><strong>morte</strong></span> <span class='ocrx_word' id='word_1_684' title='bbox 2235 4046 2331 4084; x_wconf 90' lang='lat' dir='ltr'><strong>sua</strong></span> <span class='ocrx_word' id='word_1_685' title='bbox 2380 4034 2716 4091; x_wconf 81' lang='lat' dir='ltr'><strong>destruxerit</strong></span> <span class='ocrx_word' id='word_1_686' title='bbox 2774 4057 3075 4113; x_wconf 79' lang='lat' dir='ltr'><strong>mortem,</strong></span> <span class='ocrx_word' id='word_1_687' title='bbox 3152 4066 3225 4108; x_wconf 74' lang='grc' dir='ltr'>θι</span> <span class='ocrx_word' id='word_1_688' title='bbox 3285 4034 3718 4118; x_wconf 61' lang='lat' dir='ltr'><strong>resurrectione</strong></span> 
     </span>
    </p>
   </div>
   <div class='ocr_carea' id='block_1_86' title="bbox 398 4103 3720 4218">
    <p class='ocr_par' dir='ltr' id='par_1_86' title="bbox 398 4103 3720 4218">
     <span class='ocr_line' id='line_1_86' title="bbox 398 4103 3720 4218; baseline 0.016 -62"><span class='ocrx_word' id='word_1_689' title='bbox 398 4103 511 4170; x_wconf 86' lang='lat' dir='ltr'><strong>ipse</strong></span> <span class='ocrx_word' id='word_1_690' title='bbox 538 4110 679 4161; x_wconf 85' lang='lat' dir='ltr'><strong>velut</strong></span> <span class='ocrx_word' id='word_1_691' title='bbox 705 4112 957 4181; x_wconf 86' lang='lat' dir='ltr'><strong>magister</strong></span> <span class='ocrx_word' id='word_1_692' title='bbox 983 4113 1275 4166; x_wconf 89' lang='lat' dir='ltr'><strong>orationem</strong></span> <span class='ocrx_word' id='word_1_693' title='bbox 1311 4116 1604 4183; x_wconf 80' lang='lat' dir='ltr'><strong>pranuittit,</strong></span> <span class='ocrx_word' id='word_1_694' title='bbox 1629 4130 1785 4181; x_wconf 88' lang='lat' dir='ltr'><strong>quam</strong></span> <span class='ocrx_word' id='word_1_695' title='bbox 1819 4129 1916 4166; x_wconf 90' lang='lat' dir='ltr'><strong>no-</strong></span> <span class='ocrx_word' id='word_1_696' title='bbox 1952 4108 1994 4161; x_wconf 83' lang='grc' dir='ltr'><strong>Ι)</strong></span> <span class='ocrx_word' id='word_1_697' title='bbox 2025 4117 2314 4172; x_wconf 85' lang='lat' dir='ltr'><strong>reddiderit</strong></span> <span class='ocrx_word' id='word_1_698' title='bbox 2333 4122 2522 4187; x_wconf 83' lang='lat' dir='ltr'><strong>vitam,</strong></span> <span class='ocrx_word' id='word_1_699' title='bbox 2559 4127 2738 4180; x_wconf 90' lang='lat' dir='ltr'><strong>nihilo</strong></span> <span class='ocrx_word' id='word_1_700' title='bbox 2762 4135 3020 4200; x_wconf 87' lang='lat' dir='ltr'><strong>segnius</strong></span> <span class='ocrx_word' id='word_1_701' title='bbox 3060 4103 3225 4215; x_wconf 36' lang='grc' dir='ltr'><strong>(ὦ).</strong></span> 
     </span>
    </p>
   </div>
   <div class='ocr_carea' id='block_1_87' title="bbox 389 4290 990 4358">
    <p class='ocr_par' dir='ltr' id='par_1_87' title="bbox 389 4290 990 4358">
     <span class='ocr_line' id='line_1_87' title="bbox 389 4290 990 4358; baseline 0.02 -18"><span class='ocrx_word' id='word_1_702' title='bbox 389 4290 477 4343; x_wconf 59' lang='lat' dir='ltr'><strong>ll.</strong></span> <span class='ocrx_word' id='word_1_703' title='bbox 552 4295 596 4325; x_wconf 77' lang='grc'><strong>⁵⁸</strong></span> <span class='ocrx_word' id='word_1_704' title='bbox 621 4295 789 4352; x_wconf 87' lang='lat' dir='ltr'><strong>Galat.</strong></span> <span class='ocrx_word' id='word_1_705' title='bbox 828 4313 875 4358; x_wconf 85' lang='grc' dir='ltr'><strong>ν,</strong></span> <span class='ocrx_word' id='word_1_706' title='bbox 908 4299 990 4352; x_wconf 86' lang='lat' dir='ltr'><strong>l7.</strong></span> 
     </span>
    </p>
   </div>
   <div class='ocr_carea' id='block_1_88' title="bbox 388 4362 612 4422">
    <p class='ocr_par' dir='ltr' id='par_1_88' title="bbox 388 4362 612 4422">
     <span class='ocr_line' id='line_1_88' title="bbox 388 4362 612 4422; baseline 0.022 -12"><span class='ocrx_word' id='word_1_707' title='bbox 388 4373 501 4422; x_wconf 71' lang='lat' dir='ltr'><strong>Vm,</strong></span> <span class='ocrx_word' id='word_1_708' title='bbox 524 4362 612 4416; x_wconf 73' lang='grc'><strong>26.</strong></span> 
     </span>
    </p>
   </div>
   <div class='ocr_carea' id='block_1_89' title="bbox 465 4473 1904 4545">
    <p class='ocr_par' dir='ltr' id='par_1_89' title="bbox 465 4473 1904 4545">
     <span class='ocr_line' id='line_1_89' title="bbox 465 4473 1904 4545; baseline 0.006 -19"><span class='ocrx_word' id='word_1_709' title='bbox 600 4473 868 4545; x_wconf 59' lang='lat' dir='ltr'><strong>Nostrum.</strong></span> <span class='ocrx_word' id='word_1_710' title='bbox 897 4477 1050 4532; x_wconf 90' lang='lat' dir='ltr'><strong>Deest</strong></span> <span class='ocrx_word' id='word_1_711' title='bbox 1078 4478 1130 4530; x_wconf 91' lang='lat' dir='ltr'><strong>in</strong></span> <span class='ocrx_word' id='word_1_712' title='bbox 1162 4479 1407 4539; x_wconf 87' lang='lat' dir='ltr'><strong>editis,ct</strong></span> <span class='ocrx_word' id='word_1_713' title='bbox 1438 4479 1486 4528; x_wconf 90' lang='lat' dir='ltr'><strong>in</strong></span> <span class='ocrx_word' id='word_1_714' title='bbox 1513 4479 1752 4545; x_wconf 83' lang='lat' dir='ltr'><strong>pluribus</strong></span> <span class='ocrx_word' id='word_1_715' title='bbox 1780 4496 1904 4535; x_wconf 90' lang='lat' dir='ltr'><strong>mss.</strong></span> 
     </span>
    </p>
   </div>
   <div class='ocr_carea' id='block_1_90' title="bbox 463 4475 1904 4614">
    <p class='ocr_par' dir='ltr' id='par_1_90' title="bbox 463 4475 1904 4614">
     <span class='ocr_line' id='line_1_90' title="bbox 465 4475 1904 4545; baseline 0.008 -21"><span class='ocrx_word' id='word_1_716' title='bbox 465 4475 552 4538; x_wconf 78' lang='lat'><strong>(5&#39;7</strong></span> <span class='ocrx_word' id='word_1_717' title='bbox 604 4475 868 4528; x_wconf 76' lang='lat' dir='ltr'><strong>Nostrum.</strong></span> <span class='ocrx_word' id='word_1_718' title='bbox 897 4477 1050 4532; x_wconf 90' lang='lat' dir='ltr'><strong>Deest</strong></span> <span class='ocrx_word' id='word_1_719' title='bbox 1078 4478 1130 4530; x_wconf 91' lang='lat' dir='ltr'><strong>in</strong></span> <span class='ocrx_word' id='word_1_720' title='bbox 1162 4479 1407 4539; x_wconf 87' lang='lat' dir='ltr'><strong>editis,ct</strong></span> <span class='ocrx_word' id='word_1_721' title='bbox 1438 4479 1486 4528; x_wconf 90' lang='lat' dir='ltr'><strong>in</strong></span> <span class='ocrx_word' id='word_1_722' title='bbox 1513 4479 1752 4545; x_wconf 83' lang='lat' dir='ltr'><strong>pluribus</strong></span> <span class='ocrx_word' id='word_1_723' title='bbox 1780 4496 1904 4535; x_wconf 90' lang='lat' dir='ltr'><strong>mss.</strong></span> 
     </span>
     <span class='ocr_line' id='line_1_91' title="bbox 463 4475 1904 4614; baseline 0.003 -20"><span class='ocrx_word' id='word_1_724' title='bbox 463 4475 573 4612; x_wconf 46' lang='grc' dir='ltr'><strong>(διὲξ</strong></span> <span class='ocrx_word' id='word_1_725' title='bbox 599 4543 756 4614; x_wconf 73' lang='lat' dir='ltr'><strong>Editi,</strong></span> <span class='ocrx_word' id='word_1_726' title='bbox 781 4563 798 4593; x_wconf 75' lang='grc' dir='ltr'><strong>ι</strong></span> <span class='ocrx_word' id='word_1_727' title='bbox 827 4547 1118 4612; x_wconf 88' lang='lat' dir='ltr'><strong>suscipiens</strong></span> <span class='ocrx_word' id='word_1_728' title='bbox 1138 4549 1202 4597; x_wconf 89' lang='lat' dir='ltr'><strong>ad</strong></span> <span class='ocrx_word' id='word_1_729' title='bbox 1231 4548 1523 4599; x_wconf 89' lang='lat' dir='ltr'><strong>rudimenta</strong></span> <span class='ocrx_word' id='word_1_730' title='bbox 1541 4550 1904 4614; x_wconf 70' lang='lat' dir='ltr'><strong>discipuluum</strong></span> 
     </span>
    </p>
   </div>
   <div class='ocr_carea' id='block_1_91' title="bbox 394 4611 1904 4682">
    <p class='ocr_par' dir='ltr' id='par_1_91' title="bbox 394 4611 1904 4682">
     <span class='ocr_line' id='line_1_92' title="bbox 394 4611 1904 4682; baseline 0.003 -18"><span class='ocrx_word' id='word_1_731' title='bbox 394 4611 769 4682; x_wconf 61' lang='lat' dir='ltr'><strong>Mssquidam,</strong></span> <span class='ocrx_word' id='word_1_732' title='bbox 795 4632 812 4662; x_wconf 85' lang='grc' dir='ltr'><strong>ι</strong></span> <span class='ocrx_word' id='word_1_733' title='bbox 832 4611 1204 4680; x_wconf 66' lang='lat' dir='ltr'><strong>suecipientem</strong></span> <span class='ocrx_word' id='word_1_734' title='bbox 1223 4616 1512 4667; x_wconf 87' lang='lat' dir='ltr'><strong>rudimenta</strong></span> <span class='ocrx_word' id='word_1_735' title='bbox 1533 4611 1868 4682; x_wconf 80' lang='lat' dir='ltr'><strong>discipulum.</strong></span> <span class='ocrx_word' id='word_1_736' title='bbox 1883 4637 1904 4669; x_wconf 69' lang='grc' dir='ltr'><strong>ι</strong></span> 
     </span>
    </p>
   </div>
   <div class='ocr_carea' id='block_1_92' title="bbox 394 4681 1911 4750">
    <p class='ocr_par' dir='ltr' id='par_1_92' title="bbox 394 4681 1911 4750">
     <span class='ocr_line' id='line_1_93' title="bbox 394 4681 1911 4750; baseline 0.005 -18"><span class='ocrx_word' id='word_1_737' title='bbox 394 4681 607 4734; x_wconf 77' lang='lat' dir='ltr'><strong>Rectius</strong></span> <span class='ocrx_word' id='word_1_738' title='bbox 635 4695 762 4732; x_wconf 82' lang='lat' dir='ltr'><strong>vero</strong></span> <span class='ocrx_word' id='word_1_739' title='bbox 791 4698 890 4734; x_wconf 91' lang='lat' dir='ltr'><strong>uts.</strong></span> <span class='ocrx_word' id='word_1_740' title='bbox 929 4699 1060 4736; x_wconf 87' lang='lat' dir='ltr'><strong>ttntts</strong></span> <span class='ocrx_word' id='word_1_741' title='bbox 1089 4684 1280 4750; x_wconf 77' lang='lat' dir='ltr'><strong>Regius</strong></span> <span class='ocrx_word' id='word_1_742' title='bbox 1313 4699 1454 4736; x_wconf 81' lang='lat' dir='ltr'><strong>nunt.</strong></span> <span class='ocrx_word' id='word_1_743' title='bbox 1485 4684 1616 4736; x_wconf 80' lang='grc'><strong>1659</strong></span> <span class='ocrx_word' id='word_1_744' title='bbox 1651 4699 1701 4738; x_wconf 89' lang='lat' dir='ltr'><strong>et</strong></span> <span class='ocrx_word' id='word_1_745' title='bbox 1734 4685 1911 4738; x_wconf 76' lang='lat' dir='ltr'><strong>Raba-</strong></span> 
     </span>
    </p>
   </div>
   <div class='ocr_carea' id='block_1_93' title="bbox 393 4750 1498 4818">
    <p class='ocr_par' dir='ltr' id='par_1_93' title="bbox 393 4750 1498 4818">
     <span class='ocr_line' id='line_1_94' title="bbox 393 4750 1498 4818; baseline 0.002 -16"><span class='ocrx_word' id='word_1_746' title='bbox 393 4766 512 4810; x_wconf 86' lang='lat' dir='ltr'><strong>nus,</strong></span> <span class='ocrx_word' id='word_1_747' title='bbox 548 4767 565 4798; x_wconf 79' lang='grc' dir='ltr'><strong>ι</strong></span> <span class='ocrx_word' id='word_1_748' title='bbox 590 4750 885 4818; x_wconf 79' lang='lat' dir='ltr'><strong>suscipiens</strong></span> <span class='ocrx_word' id='word_1_749' title='bbox 918 4753 1098 4804; x_wconf 89' lang='lat' dir='ltr'><strong>rudem</strong></span> <span class='ocrx_word' id='word_1_750' title='bbox 1125 4751 1458 4818; x_wconf 74' lang='lat' dir='ltr'><strong>discipulum.</strong></span> <span class='ocrx_word' id='word_1_751' title='bbox 1481 4771 1498 4803; x_wconf 77' lang='grc' dir='ltr'><strong>ι</strong></span> 
     </span>
    </p>
   </div>
   <div class='ocr_carea' id='block_1_94' title="bbox 463 4815 1911 4900">
    <p class='ocr_par' dir='ltr' id='par_1_94' title="bbox 463 4815 1911 4900">
     <span class='ocr_line' id='line_1_95' title="bbox 463 4815 1911 4900; baseline 0.002 -30"><span class='ocrx_word' id='word_1_752' title='bbox 463 4818 588 4900; x_wconf 59' lang='grc' dir='ltr'><strong>(βθ)Δ</strong></span> <span class='ocrx_word' id='word_1_753' title='bbox 627 4815 927 4900; x_wconf 50' lang='grc' dir='ltr'>Μεζιιιιιιε,</span> <span class='ocrx_word' id='word_1_754' title='bbox 967 4837 984 4869; x_wconf 83' lang='grc' dir='ltr'><strong>ι</strong></span> <span class='ocrx_word' id='word_1_755' title='bbox 1014 4821 1172 4874; x_wconf 90' lang='lat' dir='ltr'><strong>dicat.</strong></span> <span class='ocrx_word' id='word_1_756' title='bbox 1208 4840 1226 4871; x_wconf 73' lang='grc' dir='ltr'><strong>ι</strong></span> <span class='ocrx_word' id='word_1_757' title='bbox 1264 4815 1461 4872; x_wconf 85' lang='lat' dir='ltr'><strong>Deinde</strong></span> <span class='ocrx_word' id='word_1_758' title='bbox 1503 4821 1627 4873; x_wconf 84' lang='lat' dir='ltr'><strong>editi</strong></span> <span class='ocrx_word' id='word_1_759' title='bbox 1657 4822 1911 4888; x_wconf 90' lang='lat' dir='ltr'><strong>plerique,</strong></span> 
     </span>
    </p>
   </div>
   <div class='ocr_carea' id='block_1_95' title="bbox 398 4887 847 4946">
    <p class='ocr_par' dir='ltr' id='par_1_95' title="bbox 398 4887 847 4946">
     <span class='ocr_line' id='line_1_96' title="bbox 398 4887 847 4946; baseline 0 -8"><span class='ocrx_word' id='word_1_760' title='bbox 398 4904 418 4938; x_wconf 71' lang='grc' dir='ltr'><strong>ι</strong></span> <span class='ocrx_word' id='word_1_761' title='bbox 446 4896 499 4938; x_wconf 91' lang='lat' dir='ltr'><strong>et</strong></span> <span class='ocrx_word' id='word_1_762' title='bbox 528 4887 614 4946; x_wconf 87' lang='lat' dir='ltr'><strong>sit,</strong></span> <span class='ocrx_word' id='word_1_763' title='bbox 642 4906 658 4938; x_wconf 75' lang='grc' dir='ltr'><strong>ι</strong></span> <span class='ocrx_word' id='word_1_764' title='bbox 695 4887 847 4940; x_wconf 84' lang='lat' dir='ltr'><strong>male.</strong></span> 
     </span>
    </p>
   </div>
   <div class='ocr_carea' id='block_1_96' title="bbox 463 4954 1914 5024">
    <p class='ocr_par' dir='ltr' id='par_1_96' title="bbox 463 4954 1914 5024">
     <span class='ocr_line' id='line_1_97' title="bbox 463 4954 1914 5024; baseline 0.003 -18"><span class='ocrx_word' id='word_1_765' title='bbox 463 4955 572 5023; x_wconf 65' lang='lat'><strong>(40)</strong></span> <span class='ocrx_word' id='word_1_766' title='bbox 602 4954 724 5008; x_wconf 79' lang='lat' dir='ltr'><strong>Mss.</strong></span> <span class='ocrx_word' id='word_1_767' title='bbox 758 4954 990 5022; x_wconf 88' lang='lat' dir='ltr'><strong>plerique</strong></span> <span class='ocrx_word' id='word_1_768' title='bbox 1038 4966 1089 5008; x_wconf 88' lang='lat' dir='ltr'><strong>et</strong></span> <span class='ocrx_word' id='word_1_769' title='bbox 1122 4956 1370 5009; x_wconf 83' lang='lat' dir='ltr'><strong>Rabanns</strong></span> <span class='ocrx_word' id='word_1_770' title='bbox 1407 4957 1607 5024; x_wconf 86' lang='lat' dir='ltr'><strong>legunt,</strong></span> <span class='ocrx_word' id='word_1_771' title='bbox 1639 4973 1656 5005; x_wconf 84' lang='grc' dir='ltr'><strong>ι</strong></span> <span class='ocrx_word' id='word_1_772' title='bbox 1687 4956 1755 5008; x_wconf 92' lang='lat' dir='ltr'><strong>ita</strong></span> <span class='ocrx_word' id='word_1_773' title='bbox 1789 4970 1914 5023; x_wconf 81' lang='lat' dir='ltr'><strong>ergo</strong></span> 
     </span>
    </p>
   </div>
   <div class='ocr_carea' id='block_1_97' title="bbox 395 5025 1914 5090">
    <p class='ocr_par' dir='ltr' id='par_1_97' title="bbox 395 5025 1914 5090">
     <span class='ocr_line' id='line_1_98' title="bbox 395 5025 1914 5090; baseline 0.002 -15"><span class='ocrx_word' id='word_1_774' title='bbox 395 5031 448 5075; x_wconf 91' lang='lat' dir='ltr'><strong>et</strong></span> <span class='ocrx_word' id='word_1_775' title='bbox 486 5035 702 5076; x_wconf 87' lang='lat' dir='ltr'><strong>sanctus</strong></span> <span class='ocrx_word' id='word_1_776' title='bbox 754 5025 1001 5090; x_wconf 86' lang='lat' dir='ltr'><strong>Spiritus,</strong></span> <span class='ocrx_word' id='word_1_777' title='bbox 1025 5044 1042 5075; x_wconf 79' lang='grc' dir='ltr'><strong>ι</strong></span> <span class='ocrx_word' id='word_1_778' title='bbox 1079 5037 1183 5078; x_wconf 85' lang='lat' dir='ltr'><strong>etc.</strong></span> <span class='ocrx_word' id='word_1_779' title='bbox 1215 5025 1316 5077; x_wconf 86' lang='lat' dir='ltr'><strong>Sed</strong></span> <span class='ocrx_word' id='word_1_780' title='bbox 1369 5027 1664 5078; x_wconf 86' lang='lat' dir='ltr'><strong>redundare</strong></span> <span class='ocrx_word' id='word_1_781' title='bbox 1707 5025 1914 5078; x_wconf 86' lang='lat' dir='ltr'><strong>videtur</strong></span> 
     </span>
    </p>
   </div>
   <div class='ocr_carea' id='block_1_98' title="bbox 398 5091 1910 5161">
    <p class='ocr_par' dir='ltr' id='par_1_98' title="bbox 398 5091 1910 5161">
     <span class='ocr_line' id='line_1_99' title="bbox 398 5091 1910 5161; baseline 0 -15"><span class='ocrx_word' id='word_1_782' title='bbox 398 5106 495 5146; x_wconf 79' lang='lat' dir='ltr'><strong>vox</strong></span> <span class='ocrx_word' id='word_1_783' title='bbox 533 5112 550 5140; x_wconf 82' lang='grc' dir='ltr'><strong>ι</strong></span> <span class='ocrx_word' id='word_1_784' title='bbox 570 5105 714 5161; x_wconf 64' lang='lat' dir='ltr'><strong>ergo,</strong></span> <span class='ocrx_word' id='word_1_785' title='bbox 749 5111 766 5142; x_wconf 79' lang='grc' dir='ltr'><strong>ι</strong></span> <span class='ocrx_word' id='word_1_786' title='bbox 793 5108 908 5156; x_wconf 70' lang='lat' dir='ltr'><strong>qua:</strong></span> <span class='ocrx_word' id='word_1_787' title='bbox 933 5106 1207 5161; x_wconf 84' lang='lat' dir='ltr'><strong>propterea</strong></span> <span class='ocrx_word' id='word_1_788' title='bbox 1237 5095 1498 5148; x_wconf 88' lang='lat' dir='ltr'><strong>omittitur</strong></span> <span class='ocrx_word' id='word_1_789' title='bbox 1531 5095 1582 5148; x_wconf 90' lang='lat' dir='ltr'><strong>in</strong></span> <span class='ocrx_word' id='word_1_790' title='bbox 1612 5109 1710 5147; x_wconf 83' lang='lat' dir='ltr'><strong>ius.</strong></span> <span class='ocrx_word' id='word_1_791' title='bbox 1743 5091 1910 5160; x_wconf 80' lang='lat' dir='ltr'><strong>Regio</strong></span> 
     </span>
    </p>
   </div>
   <div class='ocr_carea' id='block_1_99' title="bbox 399 5159 1063 5218">
    <p class='ocr_par' dir='ltr' id='par_1_99' title="bbox 399 5159 1063 5218">
     <span class='ocr_line' id='line_1_100' title="bbox 399 5159 1063 5218; baseline 0.014 -10"><span class='ocrx_word' id='word_1_792' title='bbox 399 5173 542 5210; x_wconf 77' lang='lat' dir='ltr'><strong>nunt.</strong></span> <span class='ocrx_word' id='word_1_793' title='bbox 571 5159 702 5211; x_wconf 75' lang='grc'><strong>1659</strong></span> <span class='ocrx_word' id='word_1_794' title='bbox 735 5171 787 5212; x_wconf 88' lang='lat' dir='ltr'><strong>et</strong></span> <span class='ocrx_word' id='word_1_795' title='bbox 811 5163 860 5212; x_wconf 87' lang='lat' dir='ltr'><strong>in</strong></span> <span class='ocrx_word' id='word_1_796' title='bbox 890 5159 1063 5218; x_wconf 73' lang='lat' dir='ltr'><strong>editis.</strong></span> 
     </span>
    </p>
   </div>
   <div class='ocr_carea' id='block_1_100' title="bbox 469 5227 1912 5295">
    <p class='ocr_par' dir='ltr' id='par_1_100' title="bbox 469 5227 1912 5295">
     <span class='ocr_line' id='line_1_101' title="bbox 469 5227 1912 5295; baseline 0.005 -18"><span class='ocrx_word' id='word_1_797' title='bbox 469 5228 576 5295; x_wconf 77' lang='grc'><strong>(41)</strong></span> <span class='ocrx_word' id='word_1_798' title='bbox 611 5227 768 5291; x_wconf 85' lang='lat' dir='ltr'><strong>Editi,</strong></span> <span class='ocrx_word' id='word_1_799' title='bbox 808 5246 826 5277; x_wconf 79' lang='grc' dir='ltr'><strong>ι</strong></span> <span class='ocrx_word' id='word_1_800' title='bbox 849 5229 1044 5290; x_wconf 86' lang='lat' dir='ltr'><strong>discat;</strong></span> <span class='ocrx_word' id='word_1_801' title='bbox 1075 5250 1094 5282; x_wconf 71' lang='grc' dir='ltr'><strong>ι</strong></span> <span class='ocrx_word' id='word_1_802' title='bbox 1132 5235 1222 5286; x_wconf 87' lang='lat' dir='ltr'><strong>sed</strong></span> <span class='ocrx_word' id='word_1_803' title='bbox 1273 5248 1456 5288; x_wconf 83' lang='lat' dir='ltr'><strong>omnes</strong></span> <span class='ocrx_word' id='word_1_804' title='bbox 1505 5245 1632 5285; x_wconf 91' lang='lat' dir='ltr'><strong>mss.</strong></span> <span class='ocrx_word' id='word_1_805' title='bbox 1665 5229 1826 5283; x_wconf 90' lang='lat' dir='ltr'><strong>nostri</strong></span> <span class='ocrx_word' id='word_1_806' title='bbox 1859 5239 1912 5284; x_wconf 91' lang='lat' dir='ltr'><strong>et</strong></span> 
     </span>
    </p>
   </div>
   <div class='ocr_carea' id='block_1_101' title="bbox 403 5290 1066 5353">
    <p class='ocr_par' dir='ltr' id='par_1_101' title="bbox 403 5290 1066 5353">
     <span class='ocr_line' id='line_1_102' title="bbox 403 5290 1066 5353; baseline 0.014 -12"><span class='ocrx_word' id='word_1_807' title='bbox 403 5290 666 5353; x_wconf 65' lang='lat' dir='ltr'><strong>“altanus,</strong></span> <span class='ocrx_word' id='word_1_808' title='bbox 699 5313 716 5344; x_wconf 77' lang='grc' dir='ltr'><strong>ι</strong></span> <span class='ocrx_word' id='word_1_809' title='bbox 745 5290 1011 5350; x_wconf 75' lang='lat' dir='ltr'><strong>dooeatur.</strong></span> <span class='ocrx_word' id='word_1_810' title='bbox 1048 5319 1066 5350; x_wconf 74' lang='grc' dir='ltr'><strong>ι</strong></span> 
     </span>
    </p>
   </div>
   <div class='ocr_carea' id='block_1_102' title="bbox 471 5359 1903 5439">
    <p class='ocr_par' dir='ltr' id='par_1_102' title="bbox 471 5359 1903 5439">
     <span class='ocr_line' id='line_1_103' title="bbox 471 5359 1903 5439; baseline 0.007 -29"><span class='ocrx_word' id='word_1_811' title='bbox 471 5359 576 5439; x_wconf 66' lang='grc'>(42)</span> <span class='ocrx_word' id='word_1_812' title='bbox 600 5362 758 5424; x_wconf 76' lang='lat' dir='ltr'><strong>Alias,</strong></span> <span class='ocrx_word' id='word_1_813' title='bbox 789 5383 807 5414; x_wconf 78' lang='grc' dir='ltr'><strong>ι</strong></span> <span class='ocrx_word' id='word_1_814' title='bbox 831 5366 1042 5439; x_wconf 69' lang='lat' dir='ltr'><strong>etistud</strong></span> <span class='ocrx_word' id='word_1_815' title='bbox 1093 5368 1364 5439; x_wconf 83' lang='lat' dir='ltr'><strong>Paulusin</strong></span> <span class='ocrx_word' id='word_1_816' title='bbox 1395 5369 1718 5439; x_wconf 74' lang='lat' dir='ltr'><strong>mysterium,</strong></span> <span class='ocrx_word' id='word_1_817' title='bbox 1752 5387 1770 5418; x_wconf 73' lang='grc' dir='ltr'><strong>ι</strong></span> <span class='ocrx_word' id='word_1_818' title='bbox 1800 5377 1903 5420; x_wconf 88' lang='lat' dir='ltr'><strong>etc.</strong></span> 
     </span>
    </p>
   </div>
   <div class='ocr_carea' id='block_1_103' title="bbox 406 5423 1906 5505">
    <p class='ocr_par' dir='ltr' id='par_1_103' title="bbox 406 5423 1906 5505">
     <span class='ocr_line' id='line_1_104' title="bbox 406 5423 1906 5505; baseline 0.019 -33"><span class='ocrx_word' id='word_1_819' title='bbox 406 5423 600 5505; x_wconf 67' lang='lat' dir='ltr'><strong>Deinde</strong></span> <span class='ocrx_word' id='word_1_820' title='bbox 630 5423 754 5480; x_wconf 76' lang='lat' dir='ltr'><strong>vero</strong></span> <span class='ocrx_word' id='word_1_821' title='bbox 785 5433 907 5482; x_wconf 87' lang='lat' dir='ltr'><strong>editi</strong></span> <span class='ocrx_word' id='word_1_822' title='bbox 938 5435 1132 5489; x_wconf 83' lang='lat' dir='ltr'><strong>habent</strong></span> <span class='ocrx_word' id='word_1_823' title='bbox 1159 5456 1172 5488; x_wconf 87' lang='lat'>:</span> <span class='ocrx_word' id='word_1_824' title='bbox 1210 5456 1227 5485; x_wconf 81' lang='grc' dir='ltr'><strong>ι</strong></span> <span class='ocrx_word' id='word_1_825' title='bbox 1257 5437 1386 5489; x_wconf 84' lang='lat' dir='ltr'><strong>Natu</strong></span> <span class='ocrx_word' id='word_1_826' title='bbox 1419 5423 1467 5490; x_wconf 73' lang='lat' dir='ltr'><strong>si</strong></span> <span class='ocrx_word' id='word_1_827' title='bbox 1487 5439 1676 5505; x_wconf 84' lang='lat' dir='ltr'><strong>linguis</strong></span> <span class='ocrx_word' id='word_1_828' title='bbox 1701 5423 1906 5501; x_wconf 60' lang='lat' dir='ltr'><strong>loquar,</strong></span> 
     </span>
    </p>
   </div>
   <div class='ocr_carea' id='block_1_104' title="bbox 407 5503 1902 5567">
    <p class='ocr_par' dir='ltr' id='par_1_104' title="bbox 407 5503 1902 5567">
     <span class='ocr_line' id='line_1_105' title="bbox 407 5503 1902 5567; baseline 0.011 -29"><span class='ocrx_word' id='word_1_829' title='bbox 407 5503 618 5552; x_wconf 83' lang='lat' dir='ltr'><strong>spiritus</strong></span> <span class='ocrx_word' id='word_1_830' title='bbox 647 5509 818 5550; x_wconf 87' lang='lat' dir='ltr'><strong>autem</strong></span> <span class='ocrx_word' id='word_1_831' title='bbox 845 5515 1105 5555; x_wconf 87' lang='lat' dir='ltr'><strong>nteusuon</strong></span> <span class='ocrx_word' id='word_1_832' title='bbox 1135 5517 1270 5567; x_wconf 88' lang='lat' dir='ltr'><strong>oret,</strong></span> <span class='ocrx_word' id='word_1_833' title='bbox 1289 5522 1435 5558; x_wconf 87' lang='lat' dir='ltr'><strong>utens</strong></span> <span class='ocrx_word' id='word_1_834' title='bbox 1459 5503 1704 5558; x_wconf 47' lang='lat' dir='ltr'><strong>mea—sine</strong></span> <span class='ocrx_word' id='word_1_835' title='bbox 1733 5505 1902 5555; x_wconf 82' lang='lat' dir='ltr'><strong>fructu</strong></span> 
     </span>
    </p>
   </div>
   <div class='ocr_carea' id='block_1_105' title="bbox 407 5567 1899 5629">
    <p class='ocr_par' dir='ltr' id='par_1_105' title="bbox 407 5567 1899 5629">
     <span class='ocr_line' id='line_1_106' title="bbox 407 5567 1899 5629; baseline 0.013 -22"><span class='ocrx_word' id='word_1_836' title='bbox 407 5567 570 5611; x_wconf 83' lang='lat' dir='ltr'><strong>cst....</strong></span> <span class='ocrx_word' id='word_1_837' title='bbox 601 5577 714 5626; x_wconf 72' lang='lat' dir='ltr'><strong>qua:</strong></span> <span class='ocrx_word' id='word_1_838' title='bbox 743 5580 769 5616; x_wconf 91' lang='lat' dir='ltr'><strong>a</strong></span> <span class='ocrx_word' id='word_1_839' title='bbox 803 5567 910 5621; x_wconf 75' lang='lat' dir='ltr'><strong>lico</strong></span> <span class='ocrx_word' id='word_1_840' title='bbox 926 5572 1167 5626; x_wconf 87' lang='lat' dir='ltr'><strong>omnibus</strong></span> <span class='ocrx_word' id='word_1_841' title='bbox 1195 5574 1369 5629; x_wconf 84' lang='lat' dir='ltr'><strong>datur.</strong></span> <span class='ocrx_word' id='word_1_842' title='bbox 1395 5593 1414 5626; x_wconf 73' lang='grc' dir='ltr'><strong>ι</strong></span> <span class='ocrx_word' id='word_1_843' title='bbox 1449 5577 1549 5629; x_wconf 86' lang='lat' dir='ltr'><strong>Sed</strong></span> <span class='ocrx_word' id='word_1_844' title='bbox 1574 5588 1752 5628; x_wconf 75' lang='lat' dir='ltr'><strong>omnes</strong></span> <span class='ocrx_word' id='word_1_845' title='bbox 1777 5589 1899 5626; x_wconf 84' lang='lat' dir='ltr'><strong>mss.</strong></span> 
     </span>
    </p>
   </div>
   <div class='ocr_carea' id='block_1_106' title="bbox 458 4225 1906 4338">
    <p class='ocr_par' dir='ltr' id='par_1_106' title="bbox 458 4225 1904 4338">
     <span class='ocr_line' id='line_1_107' title="bbox 458 4225 1904 4297; baseline 0.003 -17"><span class='ocrx_word' id='word_1_846' title='bbox 458 4225 502 4254; x_wconf 82' lang='grc'><strong>⁸⁸</strong></span> <span class='ocrx_word' id='word_1_847' title='bbox 531 4227 657 4278; x_wconf 79' lang='lat' dir='ltr'><strong>Gen.</strong></span> <span class='ocrx_word' id='word_1_848' title='bbox 687 4245 762 4288; x_wconf 86' lang='grc' dir='ltr'>ιιι.</span> <span class='ocrx_word' id='word_1_849' title='bbox 795 4229 847 4286; x_wconf 91' lang='lat'><strong>8.</strong></span> <span class='ocrx_word' id='word_1_850' title='bbox 921 4231 962 4261; x_wconf 82' lang='lat'><strong>&#39;“</strong></span> <span class='ocrx_word' id='word_1_851' title='bbox 987 4231 1125 4284; x_wconf 87' lang='lat' dir='ltr'><strong>Psal.</strong></span> <span class='ocrx_word' id='word_1_852' title='bbox 1151 4249 1350 4296; x_wconf 74' lang='lat' dir='ltr'><strong>xxxvu,</strong></span> <span class='ocrx_word' id='word_1_853' title='bbox 1376 4234 1458 4286; x_wconf 90' lang='lat' dir='ltr'><strong>l0.</strong></span> <span class='ocrx_word' id='word_1_854' title='bbox 1531 4233 1574 4263; x_wconf 77' lang='grc'><strong>⁸³</strong></span> <span class='ocrx_word' id='word_1_855' title='bbox 1609 4234 1758 4284; x_wconf 78' lang='lat' dir='ltr'><strong>Rom.</strong></span> <span class='ocrx_word' id='word_1_856' title='bbox 1790 4248 1904 4297; x_wconf 79' lang='lat' dir='ltr'><strong>vttt,</strong></span> 
     </span>
     <span class='ocr_line' id='line_1_108' title="bbox 464 4295 1876 4338; baseline 0 0"><span class='ocrx_word' id='word_1_857' title='bbox 464 4330 477 4338; x_wconf 89' lang='lat'><strong>.</strong></span> <span class='ocrx_word' id='word_1_858' title='bbox 552 4295 596 4325; x_wconf 67' lang='grc'><strong>⁵⁸</strong></span> <span class='ocrx_word' id='word_1_859' title='bbox 621 4295 764 4338; x_wconf 73' lang='lat' dir='ltr'><strong>Calai</strong></span> <span class='ocrx_word' id='word_1_860' title='bbox 828 4313 855 4338; x_wconf 80' lang='grc' dir='ltr'><strong>ν</strong></span> <span class='ocrx_word' id='word_1_861' title='bbox 908 4299 985 4338; x_wconf 35' lang='grc' dir='ltr'><strong>ΙἺν</strong></span> <span class='ocrx_word' id='word_1_862' title='bbox 1069 4300 1111 4330; x_wconf 73' lang='grc'><strong>⁸7</strong></span> <span class='ocrx_word' id='word_1_863' title='bbox 1140 4301 1155 4338; x_wconf 87' lang='grc' dir='ltr'><strong>Ι</strong></span> <span class='ocrx_word' id='word_1_864' title='bbox 1181 4303 1284 4338; x_wconf 55' lang='lat' dir='ltr'><strong>&quot;nr</strong></span> <span class='ocrx_word' id='word_1_865' title='bbox 1349 4317 1436 4338; x_wconf 64' lang='grc' dir='ltr'><strong>νιν</strong></span> <span class='ocrx_word' id='word_1_866' title='bbox 1489 4300 1552 4338; x_wconf 58' lang='lat' dir='ltr'><strong>ll.</strong></span> <span class='ocrx_word' id='word_1_867' title='bbox 1647 4301 1734 4338; x_wconf 76' lang='grc'><strong>⁵81</strong></span> <span class='ocrx_word' id='word_1_868' title='bbox 1769 4303 1876 4338; x_wconf 63' lang='grc' dir='ltr'><strong>Πιπ-</strong></span> 
     </span>
    </p>
   </div>
   <div class='ocr_carea' id='block_1_107' title="bbox 2056 4225 2687 4338">
    <p class='ocr_par' dir='ltr' id='par_1_107' title="bbox 2060 4236 2687 4338">
     <span class='ocr_line' id='line_1_109' title="bbox 2087 4236 2687 4304; baseline 0.022 -18"><span class='ocrx_word' id='word_1_869' title='bbox 2087 4237 2131 4266; x_wconf 80' lang='grc'>³³</span> <span class='ocrx_word' id='word_1_870' title='bbox 2158 4236 2351 4290; x_wconf 80' lang='lat' dir='ltr'><strong>lJoan.</strong></span> <span class='ocrx_word' id='word_1_871' title='bbox 2379 4245 2518 4304; x_wconf 74' lang='lat'><strong>11,1.</strong></span> <span class='ocrx_word' id='word_1_872' title='bbox 2596 4244 2687 4297; x_wconf 62' lang='grc'><strong>⁸³1</strong></span> 
     </span>
     <span class='ocr_line' id='line_1_110' title="bbox 2060 4305 2687 4338; baseline 0 0"><span class='ocrx_word' id='word_1_873' title='bbox 2060 4305 2121 4338; x_wconf 59' lang='lat' dir='ltr'><strong>IK</strong></span> <span class='ocrx_word' id='word_1_874' title='bbox 2217 4307 2308 4338; x_wconf 68' lang='lat' dir='ltr'><strong>Mil</strong></span> <span class='ocrx_word' id='word_1_875' title='bbox 2343 4310 2450 4338; x_wconf 69' lang='grc' dir='ltr'><strong>Ρη-</strong></span> <span class='ocrx_word' id='word_1_876' title='bbox 2507 4329 2543 4338; x_wconf 90' lang='grc'><strong>..</strong></span> <span class='ocrx_word' id='word_1_877' title='bbox 2619 4316 2687 4338; x_wconf 58' lang='grc' dir='ltr'><strong><em>ΑΒ</em></strong></span> 
     </span>
    </p>
   </div>
   <div class='ocr_carea' id='block_1_108' title="bbox 691 4300 2711 4434">
    <p class='ocr_par' dir='ltr' id='par_1_108' title="bbox 691 4300 2711 4434">
     <span class='ocr_line' id='line_1_111' title="bbox 691 4300 2711 4377; baseline 0.009 -32"><span class='ocrx_word' id='word_1_878' title='bbox 691 4300 789 4352; x_wconf 78' lang='lat' dir='ltr'><strong>dat.</strong></span> <span class='ocrx_word' id='word_1_879' title='bbox 828 4313 875 4358; x_wconf 85' lang='grc' dir='ltr'><strong>ν,</strong></span> <span class='ocrx_word' id='word_1_880' title='bbox 908 4300 990 4352; x_wconf 87' lang='lat' dir='ltr'><strong>l7.</strong></span> <span class='ocrx_word' id='word_1_881' title='bbox 1069 4300 1111 4330; x_wconf 82' lang='grc'><strong>⁸⁷</strong></span> <span class='ocrx_word' id='word_1_882' title='bbox 1139 4301 1156 4352; x_wconf 92' lang='lat' dir='ltr'><strong>l</strong></span> <span class='ocrx_word' id='word_1_883' title='bbox 1181 4303 1303 4353; x_wconf 81' lang='lat' dir='ltr'><strong>Cor.</strong></span> <span class='ocrx_word' id='word_1_884' title='bbox 1349 4317 1458 4363; x_wconf 71' lang='lat' dir='ltr'><strong>XIV,</strong></span> <span class='ocrx_word' id='word_1_885' title='bbox 1489 4300 1570 4352; x_wconf 77' lang='lat' dir='ltr'><strong>M.</strong></span> <span class='ocrx_word' id='word_1_886' title='bbox 1647 4301 1691 4331; x_wconf 79' lang='grc'><strong>⁵⁸</strong></span> <span class='ocrx_word' id='word_1_887' title='bbox 1720 4302 1736 4351; x_wconf 91' lang='grc'><strong>1</strong></span> <span class='ocrx_word' id='word_1_888' title='bbox 1769 4303 1893 4354; x_wconf 82' lang='lat' dir='ltr'><strong>Cor.</strong></span> <span class='ocrx_word' id='word_1_889' title='bbox 1923 4318 2032 4366; x_wconf 81' lang='lat' dir='ltr'><strong>xw,</strong></span> <span class='ocrx_word' id='word_1_890' title='bbox 2060 4305 2144 4358; x_wconf 76' lang='grc'><strong>15.</strong></span> <span class='ocrx_word' id='word_1_891' title='bbox 2217 4307 2262 4338; x_wconf 79' lang='grc'><strong>⁵⁹</strong></span> <span class='ocrx_word' id='word_1_892' title='bbox 2292 4310 2312 4360; x_wconf 82' lang='grc' dir='ltr'><strong>ι</strong></span> <span class='ocrx_word' id='word_1_893' title='bbox 2343 4300 2471 4367; x_wconf 84' lang='lat' dir='ltr'><strong>Cor.</strong></span> <span class='ocrx_word' id='word_1_894' title='bbox 2507 4329 2584 4377; x_wconf 86' lang='grc' dir='ltr'>ιι,</span> <span class='ocrx_word' id='word_1_895' title='bbox 2619 4316 2711 4369; x_wconf 76' lang='grc'><strong>15.</strong></span> 
     </span>
     <span class='ocr_line' id='line_1_112' title="bbox 691 4365 2251 4434; baseline 0.006 -16"><span class='ocrx_word' id='word_1_896' title='bbox 691 4365 733 4396; x_wconf 75' lang='grc'><strong>⁸⁸</strong></span> <span class='ocrx_word' id='word_1_897' title='bbox 760 4367 943 4421; x_wconf 84' lang='lat' dir='ltr'><strong>Matth.</strong></span> <span class='ocrx_word' id='word_1_898' title='bbox 978 4385 1049 4431; x_wconf 73' lang='lat' dir='ltr'><strong>vr,</strong></span> <span class='ocrx_word' id='word_1_899' title='bbox 1081 4369 1166 4422; x_wconf 79' lang='grc'>10.</span> <span class='ocrx_word' id='word_1_900' title='bbox 1239 4368 1283 4399; x_wconf 80' lang='grc'><strong>⁸⁸</strong></span> <span class='ocrx_word' id='word_1_901' title='bbox 1319 4370 1471 4422; x_wconf 80' lang='lat' dir='ltr'><strong>Rom.</strong></span> <span class='ocrx_word' id='word_1_902' title='bbox 1505 4383 1617 4432; x_wconf 86' lang='lat' dir='ltr'><strong>vm,</strong></span> <span class='ocrx_word' id='word_1_903' title='bbox 1641 4369 1730 4420; x_wconf 70' lang='lat'><strong>27.</strong></span> <span class='ocrx_word' id='word_1_904' title='bbox 1801 4371 1846 4401; x_wconf 61' lang='grc'><strong>⁸⁵</strong></span> <span class='ocrx_word' id='word_1_905' title='bbox 1871 4371 2007 4424; x_wconf 85' lang='lat' dir='ltr'><strong>Psal.</strong></span> <span class='ocrx_word' id='word_1_906' title='bbox 2039 4389 2133 4434; x_wconf 84' lang='lat' dir='ltr'><strong>vn,</strong></span> <span class='ocrx_word' id='word_1_907' title='bbox 2168 4375 2251 4429; x_wconf 84' lang='lat' dir='ltr'><strong>ll).</strong></span> 
     </span>
    </p>
   </div>
   <div class='ocr_carea' id='block_1_109' title="bbox 2596 4244 3720 4337">
    <p class='ocr_par' dir='ltr' id='par_1_109' title="bbox 2596 4244 3720 4337">
     <span class='ocr_line' id='line_1_113' title="bbox 2596 4244 3720 4337; baseline 0.038 -45"><span class='ocrx_word' id='word_1_908' title='bbox 2596 4244 2845 4337; x_wconf 49' lang='lat' dir='ltr'><strong>“fliom‘;</strong></span> <span class='ocrx_word' id='word_1_909' title='bbox 2869 4269 3011 4337; x_wconf 53' lang='lat' dir='ltr'><strong>vlli,</strong></span> <span class='ocrx_word' id='word_1_910' title='bbox 3033 4259 3149 4316; x_wconf 75' lang='grc'><strong>26.</strong></span> <span class='ocrx_word' id='word_1_911' title='bbox 3247 4266 3304 4297; x_wconf 78' lang='grc'><strong><em>⁵⁵</em></strong></span> <span class='ocrx_word' id='word_1_912' title='bbox 3332 4268 3551 4324; x_wconf 77' lang='lat' dir='ltr'><strong>Matth.</strong></span> <span class='ocrx_word' id='word_1_913' title='bbox 3583 4287 3720 4337; x_wconf 72' lang='lat' dir='ltr'><strong>xx&quot;.</strong></span> 
     </span>
    </p>
   </div>
   <div class='ocr_carea' id='block_1_110' title="bbox 2795 4319 3719 4400">
    <p class='ocr_par' dir='ltr' id='par_1_110' title="bbox 2795 4319 3719 4400">
     <span class='ocr_line' id='line_1_114' title="bbox 2795 4319 3719 4400; baseline 0.021 -27"><span class='ocrx_word' id='word_1_914' title='bbox 2795 4319 2845 4352; x_wconf 80' lang='grc'>⁶⁰</span> <span class='ocrx_word' id='word_1_915' title='bbox 2893 4324 3092 4382; x_wconf 83' lang='lat' dir='ltr'><strong>Prov.</strong></span> <span class='ocrx_word' id='word_1_916' title='bbox 3145 4349 3245 4400; x_wconf 73' lang='lat' dir='ltr'><strong>XI,</strong></span> <span class='ocrx_word' id='word_1_917' title='bbox 3290 4319 3719 4394; x_wconf 38' lang='grc' dir='ltr'><strong>Ιέξῂμίῖιῖιῖιιιξ</strong></span> 
     </span>
    </p>
   </div>
   <div class='ocr_carea' id='block_1_111' title="bbox 2012 4484 3721 4583">
    <p class='ocr_par' dir='ltr' id='par_1_111' title="bbox 2012 4484 3721 4583">
     <span class='ocr_line' id='line_1_115' title="bbox 2012 4484 3721 4583; baseline 0.029 -53"><span class='ocrx_word' id='word_1_918' title='bbox 2012 4484 2767 4583; x_wconf 33' lang='grc' dir='ltr'>εἱριὶειιξῖιιιιιξ-ιξιηιιι-ιιοξιιβο</span> <span class='ocrx_word' id='word_1_919' title='bbox 2806 4510 3025 4579; x_wconf 42' lang='lat' dir='ltr'><strong>.textu,</strong></span> <span class='ocrx_word' id='word_1_920' title='bbox 3064 4515 3192 4566; x_wconf 78' lang='lat' dir='ltr'><strong>nisi</strong></span> <span class='ocrx_word' id='word_1_921' title='bbox 3232 4520 3410 4583; x_wconf 85' lang='lat' dir='ltr'><strong>quod</strong></span> <span class='ocrx_word' id='word_1_922' title='bbox 3450 4537 3602 4576; x_wconf 87' lang='lat' dir='ltr'><strong>unus</strong></span> <span class='ocrx_word' id='word_1_923' title='bbox 3630 4524 3721 4576; x_wconf 77' lang='lat' dir='ltr'><strong>ba~</strong></span> 
     </span>
    </p>
   </div>
   <div class='ocr_carea' id='block_1_112' title="bbox 2013 4553 3352 4648">
    <p class='ocr_par' dir='ltr' id='par_1_112' title="bbox 2013 4553 3352 4648">
     <span class='ocr_line' id='line_1_116' title="bbox 2013 4553 3352 4648; baseline 0.026 -44"><span class='ocrx_word' id='word_1_924' title='bbox 2013 4553 2335 4648; x_wconf 48' lang='lat' dir='ltr'><strong>bet,‘:\Ncant</strong></span> <span class='ocrx_word' id='word_1_925' title='bbox 2365 4561 2408 4612; x_wconf 83' lang='lat' dir='ltr'><strong>si</strong></span> <span class='ocrx_word' id='word_1_926' title='bbox 2437 4563 2633 4632; x_wconf 83' lang='lat' dir='ltr'><strong>linguis</strong></span> <span class='ocrx_word' id='word_1_927' title='bbox 2667 4553 3352 4648; x_wconf 33' lang='lat' dir='ltr'><strong>timum66363551&quot;:</strong></span> 
     </span>
    </p>
   </div>
   <div class='ocr_carea' id='block_1_113' title="bbox 2083 4623 3720 4718">
    <p class='ocr_par' dir='ltr' id='par_1_113' title="bbox 2083 4623 3720 4718">
     <span class='ocr_line' id='line_1_117' title="bbox 2083 4623 3720 4718; baseline 0.024 -44"><span class='ocrx_word' id='word_1_928' title='bbox 2083 4623 2310 4718; x_wconf 36' lang='lat' dir='ltr'><strong>Sta-Sic</strong></span> <span class='ocrx_word' id='word_1_929' title='bbox 2338 4641 2615 4718; x_wconf 40' lang='lat' dir='ltr'><strong>rect-eluta.</strong></span> <span class='ocrx_word' id='word_1_930' title='bbox 2643 4651 2789 4690; x_wconf 88' lang='lat' dir='ltr'><strong>unus</strong></span> <span class='ocrx_word' id='word_1_931' title='bbox 2811 4639 3058 4718; x_wconf 46' lang='lat' dir='ltr'><strong>.liegius</strong></span> <span class='ocrx_word' id='word_1_932' title='bbox 3084 4623 3172 4704; x_wconf 66' lang='lat' dir='ltr'><strong>iiii</strong></span> <span class='ocrx_word' id='word_1_933' title='bbox 3185 4671 3246 4706; x_wconf 86' lang='grc' dir='ltr'><strong>ιιι</strong></span> <span class='ocrx_word' id='word_1_934' title='bbox 3308 4657 3495 4711; x_wconf 74' lang='lat'><strong>1659.</strong></span> <span class='ocrx_word' id='word_1_935' title='bbox 3522 4661 3720 4714; x_wconf 67' lang='lat' dir='ltr'><strong>Creteri</strong></span> 
     </span>
    </p>
   </div>
   <div class='ocr_carea' id='block_1_114' title="bbox 2113 4829 3027 4914">
    <p class='ocr_par' dir='ltr' id='par_1_114' title="bbox 2113 4829 3027 4914">
     <span class='ocr_line' id='line_1_118' title="bbox 2113 4829 3027 4914; baseline 0.033 -38"><span class='ocrx_word' id='word_1_936' title='bbox 2225 4831 2389 4914; x_wconf 42' lang='lat' dir='ltr'><strong>[Ed-iii,</strong></span> <span class='ocrx_word' id='word_1_937' title='bbox 2427 4853 2446 4885; x_wconf 76' lang='grc' dir='ltr'><strong>ι</strong></span> <span class='ocrx_word' id='word_1_938' title='bbox 2477 4839 2753 4905; x_wconf 77' lang='lat' dir='ltr'><strong>obiectus,</strong></span> <span class='ocrx_word' id='word_1_939' title='bbox 2784 4863 2804 4895; x_wconf 75' lang='grc' dir='ltr'><strong>ι</strong></span> <span class='ocrx_word' id='word_1_940' title='bbox 2844 4850 3027 4906; x_wconf 88' lang='lat' dir='ltr'><strong>male.</strong></span> 
     </span>
    </p>
   </div>
   <div class='ocr_carea' id='block_1_115' title="bbox 2109 4896 3338 4985">
    <p class='ocr_par' dir='ltr' id='par_1_115' title="bbox 2109 4896 3338 4985">
     <span class='ocr_line' id='line_1_119' title="bbox 2109 4896 3338 4985; baseline 0.033 -40"><span class='ocrx_word' id='word_1_941' title='bbox 2230 4901 2370 4985; x_wconf 47' lang='grc' dir='ltr'>ἕλιξιιὶ</span> <span class='ocrx_word' id='word_1_942' title='bbox 2413 4896 2785 4985; x_wconf 40' lang='lat' dir='ltr'><strong>perpetranda</strong></span> <span class='ocrx_word' id='word_1_943' title='bbox 2815 4896 3278 4984; x_wconf 61' lang='lat' dir='ltr'><strong>concedantur.</strong></span> <span class='ocrx_word' id='word_1_944' title='bbox 3313 4953 3338 4985; x_wconf 80' lang='grc'><strong><em>›</em></strong></span> 
     </span>
    </p>
   </div>
   <div class='ocr_carea' id='block_1_116' title="bbox 2109 4966 3192 5051">
    <p class='ocr_par' dir='ltr' id='par_1_116' title="bbox 2109 4966 3192 5051">
     <span class='ocr_line' id='line_1_120' title="bbox 2109 4966 3192 5051; baseline 0.03 -37"><span class='ocrx_word' id='word_1_945' title='bbox 2230 4966 2440 5051; x_wconf 58' lang='grc' dir='ltr'><strong>ρξρςνέ.</strong></span> <span class='ocrx_word' id='word_1_946' title='bbox 2482 4966 2848 5051; x_wconf 64' lang='lat' dir='ltr'><strong>Desideralur</strong></span> <span class='ocrx_word' id='word_1_947' title='bbox 2879 4966 2962 5038; x_wconf 42' lang='lat' dir='ltr'><strong>in-</strong></span> 
     </span>
    </p>
   </div>
   <div class='ocr_carea' id='block_1_117' title="bbox 2085 5035 3714 5132">
    <p class='ocr_par' dir='ltr' id='par_1_117' title="bbox 2085 5035 3714 5132">
     <span class='ocr_line' id='line_1_121' title="bbox 2085 5035 3714 5132; baseline 0.034 -50"><span class='ocrx_word' id='word_1_948' title='bbox 2085 5035 2194 5132; x_wconf 39' lang='lat' dir='ltr'><strong>(si?)</strong></span> <span class='ocrx_word' id='word_1_949' title='bbox 2219 5038 2670 5132; x_wconf 41' lang='lat' dir='ltr'><strong>Ettitron&#39;i‘ittiitti</strong></span> <span class='ocrx_word' id='word_1_950' title='bbox 2715 5069 2734 5099; x_wconf 82' lang='grc'><strong>‹</strong></span> <span class='ocrx_word' id='word_1_951' title='bbox 2766 5035 3192 5118; x_wconf 50' lang='grc' dir='ltr'><strong>εέοιὶίὴῆἧξξξσξ</strong></span> <span class='ocrx_word' id='word_1_952' title='bbox 3252 5073 3519 5132; x_wconf 81' lang='lat' dir='ltr'><strong>Deinde.</strong></span> <span class='ocrx_word' id='word_1_953' title='bbox 3566 5097 3586 5128; x_wconf 81' lang='grc' dir='ltr'><strong>ι</strong></span> <span class='ocrx_word' id='word_1_954' title='bbox 3614 5079 3714 5132; x_wconf 81' lang='lat' dir='ltr'><strong>0s-</strong></span> 
     </span>
    </p>
   </div>
   <div class='ocr_carea' id='block_1_118' title="bbox 2018 5108 3690 5204">
    <p class='ocr_par' dir='ltr' id='par_1_118' title="bbox 2018 5108 3690 5204">
     <span class='ocr_line' id='line_1_122' title="bbox 2146 5108 3688 5132; baseline 0.033 -51"><span class='ocrx_word' id='word_1_955' title='bbox 2146 5108 2154 5113; x_wconf 55' lang='lat'>.</span> <span class='ocrx_word' id='word_1_956' title='bbox 2299 5109 2306 5118; x_wconf 60' lang='grc'><strong><em>.</em></strong></span> <span class='ocrx_word' id='word_1_957' title='bbox 2975 5108 2983 5109; x_wconf 35' lang='grc' dir='ltr'><em>κ</em></span> <span class='ocrx_word' id='word_1_958' title='bbox 3017 5108 3122 5118; x_wconf 41' lang='grc' dir='ltr'><strong>---νυ</strong></span> <span class='ocrx_word' id='word_1_959' title='bbox 3162 5108 3179 5117; x_wconf 76' lang='grc' dir='ltr'><strong><em>ν</em></strong></span> <span class='ocrx_word' id='word_1_960' title='bbox 3256 5108 3496 5131; x_wconf 64' lang='grc' dir='ltr'>ινυιιιιιυ</span> <span class='ocrx_word' id='word_1_961' title='bbox 3566 5108 3586 5128; x_wconf 78' lang='lat' dir='ltr'><strong>I</strong></span> <span class='ocrx_word' id='word_1_962' title='bbox 3615 5108 3688 5132; x_wconf 60' lang='grc' dir='ltr'><strong>υ,</strong></span> 
     </span>
     <span class='ocr_line' id='line_1_123' title="bbox 2018 5108 3690 5204; baseline 0.032 -56"><span class='ocrx_word' id='word_1_963' title='bbox 2675 5135 2786 5204; x_wconf 71' lang='lat' dir='ltr'><strong>non</strong></span> <span class='ocrx_word' id='word_1_964' title='bbox 2826 5134 3020 5180; x_wconf 85' lang='lat' dir='ltr'><strong>tam...</strong></span> <span class='ocrx_word' id='word_1_965' title='bbox 3059 5117 3544 5204; x_wconf 50' lang='lat' dir='ltr'><strong>perpendat-«3..»</strong></span> <span class='ocrx_word' id='word_1_966' title='bbox 3582 5148 3690 5201; x_wconf 72' lang='lat' dir='ltr'><strong>Msa</strong></span> 
     </span>
    </p>
   </div>
   <div class='ocr_carea' id='block_1_119' title="bbox 2017 5175 3711 5283">
    <p class='ocr_par' dir='ltr' id='par_1_119' title="bbox 2017 5175 3711 5283">
     <span class='ocr_line' id='line_1_124' title="bbox 2094 5175 3710 5204; baseline 0.012 -22"><span class='ocrx_word' id='word_1_967' title='bbox 2094 5175 2103 5182; x_wconf 85' lang='lat'><strong>.</strong></span> <span class='ocrx_word' id='word_1_968' title='bbox 2536 5185 2545 5194; x_wconf 84' lang='grc'><em>,</em></span> <span class='ocrx_word' id='word_1_969' title='bbox 2687 5189 2696 5198; x_wconf 69' lang='grc'><em>,</em></span> <span class='ocrx_word' id='word_1_970' title='bbox 2950 5175 3019 5180; x_wconf 65' lang='grc' dir='ltr'><strong>ην</strong></span> <span class='ocrx_word' id='word_1_971' title='bbox 3059 5175 3486 5204; x_wconf 68' lang='grc' dir='ltr'>γν-ιιιιιιιιιῖιυ.</span> <span class='ocrx_word' id='word_1_972' title='bbox 3523 5175 3544 5198; x_wconf 75' lang='grc' dir='ltr'><strong>ι</strong></span> <span class='ocrx_word' id='word_1_973' title='bbox 3582 5175 3710 5202; x_wconf 64' lang='grc' dir='ltr'>ωδ..</span> 
     </span>
     <span class='ocr_line' id='line_1_125' title="bbox 2017 5175 3711 5283; baseline 0.019 -57"><span class='ocrx_word' id='word_1_974' title='bbox 2017 5175 2302 5283; x_wconf 45' lang='grc' dir='ltr'>ἓὲιιξιυὲιτ</span> <span class='ocrx_word' id='word_1_975' title='bbox 2323 5177 2577 5236; x_wconf 81' lang='lat' dir='ltr'><strong>Ostendit</strong></span> <span class='ocrx_word' id='word_1_976' title='bbox 2604 5196 2833 5283; x_wconf 38' lang='lat' dir='ltr'><strong>tandem</strong></span> <span class='ocrx_word' id='word_1_977' title='bbox 2859 5211 2928 5244; x_wconf 79' lang='lat' dir='ltr'><strong>ex</strong></span> <span class='ocrx_word' id='word_1_978' title='bbox 2960 5213 3033 5248; x_wconf 78' lang='lat' dir='ltr'><strong>eo</strong></span> <span class='ocrx_word' id='word_1_979' title='bbox 3061 5217 3187 5256; x_wconf 85' lang='lat' dir='ltr'><strong>non</strong></span> <span class='ocrx_word' id='word_1_980' title='bbox 3221 5219 3439 5268; x_wconf 80' lang='lat' dir='ltr'><strong>tam...</strong></span> <span class='ocrx_word' id='word_1_981' title='bbox 3472 5234 3711 5283; x_wconf 65' lang='lat' dir='ltr'><strong>pel-pen.</strong></span> 
     </span>
     <span class='ocr_line' id='line_1_126' title="bbox 2078 5261 3064 5283; baseline 0 0"><span class='ocrx_word' id='word_1_982' title='bbox 2078 5278 2089 5283; x_wconf 88' lang='lat'><strong>-</strong></span> <span class='ocrx_word' id='word_1_983' title='bbox 2172 5273 2184 5283; x_wconf 59' lang='grc' dir='ltr'>λ</span> <span class='ocrx_word' id='word_1_984' title='bbox 2213 5263 2255 5283; x_wconf 74' lang='grc' dir='ltr'><strong>ιι</strong></span> <span class='ocrx_word' id='word_1_985' title='bbox 2321 5262 2399 5283; x_wconf 66' lang='lat' dir='ltr'><strong>Ille</strong></span> <span class='ocrx_word' id='word_1_986' title='bbox 2455 5267 2595 5283; x_wconf 64' lang='lat' dir='ltr'><strong>Ianua</strong></span> <span class='ocrx_word' id='word_1_987' title='bbox 2682 5261 2838 5283; x_wconf 46' lang='grc' dir='ltr'>,διεζημ</span> <span class='ocrx_word' id='word_1_988' title='bbox 2873 5273 2920 5283; x_wconf 64' lang='grc'>...</span> <span class='ocrx_word' id='word_1_989' title='bbox 2961 5265 3000 5283; x_wconf 70' lang='grc' dir='ltr'>Ιι</span> <span class='ocrx_word' id='word_1_990' title='bbox 3053 5267 3064 5283; x_wconf 84' lang='grc' dir='ltr'><strong>ι</strong></span> 
     </span>
    </p>
   </div>
   <div class='ocr_carea' id='block_1_120' title="bbox 2015 5239 3710 5360">
    <p class='ocr_par' dir='ltr' id='par_1_120' title="bbox 2015 5239 3710 5360">
     <span class='ocr_line' id='line_1_127' title="bbox 2015 5239 3710 5296; baseline 0.03 -77"><span class='ocrx_word' id='word_1_991' title='bbox 2115 5259 2132 5289; x_wconf 61' lang='lat'><strong>’</strong></span> <span class='ocrx_word' id='word_1_992' title='bbox 2171 5239 2276 5296; x_wconf 40' lang='grc' dir='ltr'><strong>διά</strong></span> <span class='ocrx_word' id='word_1_993' title='bbox 2627 5239 2637 5250; x_wconf 81' lang='lat'><em>_</em></span> <span class='ocrx_word' id='word_1_994' title='bbox 2752 5239 2832 5270; x_wconf 47' lang='grc' dir='ltr'><strong><em>ἴ---</em></strong></span> <span class='ocrx_word' id='word_1_995' title='bbox 2863 5239 2928 5244; x_wconf 74' lang='grc'><strong>---</strong></span> <span class='ocrx_word' id='word_1_996' title='bbox 2962 5239 3031 5248; x_wconf 66' lang='grc' dir='ltr'><strong>-ιη</strong></span> <span class='ocrx_word' id='word_1_997' title='bbox 3061 5239 3187 5256; x_wconf 87' lang='grc' dir='ltr'>--υιι</span> <span class='ocrx_word' id='word_1_998' title='bbox 3221 5239 3439 5268; x_wconf 68' lang='lat' dir='ltr'><strong>ulli...</strong></span> <span class='ocrx_word' id='word_1_999' title='bbox 3472 5239 3710 5283; x_wconf 72' lang='lat' dir='ltr'><strong>perpen-</strong></span> 
     </span>
     <span class='ocr_line' id='line_1_128' title="bbox 2015 5255 3710 5360; baseline 0.032 -74"><span class='ocrx_word' id='word_1_1000' title='bbox 2015 5278 2181 5360; x_wconf 42' lang='lat' dir='ltr'><strong>leim.</strong></span> <span class='ocrx_word' id='word_1_1001' title='bbox 2213 5263 2240 5327; x_wconf 53' lang='grc' dir='ltr'><strong>ιἼ</strong></span> <span class='ocrx_word' id='word_1_1002' title='bbox 2321 5262 2420 5300; x_wconf 90' lang='lat' dir='ltr'><strong>tus.</strong></span> <span class='ocrx_word' id='word_1_1003' title='bbox 2455 5267 2598 5307; x_wconf 89' lang='lat' dir='ltr'><strong>unus</strong></span> <span class='ocrx_word' id='word_1_1004' title='bbox 2628 5255 2842 5328; x_wconf 78' lang='lat' dir='ltr'><strong>Regius</strong></span> <span class='ocrx_word' id='word_1_1005' title='bbox 2868 5273 2926 5316; x_wconf 85' lang='lat' dir='ltr'><strong>et</strong></span> <span class='ocrx_word' id='word_1_1006' title='bbox 2958 5265 3266 5333; x_wconf 70' lang='lat' dir='ltr'><strong>liabanus</strong></span> <span class='ocrx_word' id='word_1_1007' title='bbox 3309 5286 3536 5336; x_wconf 86' lang='lat' dir='ltr'><strong>melius</strong></span> <span class='ocrx_word' id='word_1_1008' title='bbox 3569 5288 3710 5340; x_wconf 88' lang='lat' dir='ltr'><strong>utin</strong></span> 
     </span>
    </p>
   </div>
   <div class='ocr_carea' id='block_1_121' title="bbox 2084 5379 3075 5458">
    <p class='ocr_par' dir='ltr' id='par_1_121' title="bbox 2084 5379 3075 5458">
     <span class='ocr_line' id='line_1_129' title="bbox 2084 5379 3075 5458; baseline 0.031 -31"><span class='ocrx_word' id='word_1_1009' title='bbox 2229 5380 2430 5458; x_wconf 46' lang='lat' dir='ltr'><strong>filian</strong></span> <span class='ocrx_word' id='word_1_1010' title='bbox 2465 5387 2529 5442; x_wconf 86' lang='lat' dir='ltr'><strong>lu</strong></span> <span class='ocrx_word' id='word_1_1011' title='bbox 2567 5394 2739 5450; x_wconf 90' lang='lat' dir='ltr'><strong>editis</strong></span> <span class='ocrx_word' id='word_1_1012' title='bbox 2772 5403 3075 5458; x_wconf 90' lang='lat' dir='ltr'><strong>omittitur.</strong></span> 
     </span>
    </p>
   </div>
   <div class='ocr_carea' id='block_1_122' title="bbox 2056 5526 3550 5618">
    <p class='ocr_par' dir='ltr' id='par_1_122' title="bbox 2056 5526 3550 5618">
     <span class='ocr_line' id='line_1_130' title="bbox 2056 5526 3550 5618; baseline 0.033 -51"><span class='ocrx_word' id='word_1_1013' title='bbox 2056 5526 2207 5572; x_wconf 66' lang='lat' dir='ltr'><strong>interi</strong></span> <span class='ocrx_word' id='word_1_1014' title='bbox 2240 5537 2371 5579; x_wconf 84' lang='lat' dir='ltr'><strong>vero</strong></span> <span class='ocrx_word' id='word_1_1015' title='bbox 2405 5545 2542 5585; x_wconf 86' lang='lat' dir='ltr'><strong>tuss.</strong></span> <span class='ocrx_word' id='word_1_1016' title='bbox 2571 5544 2631 5592; x_wconf 84' lang='lat' dir='ltr'><strong>et</strong></span> <span class='ocrx_word' id='word_1_1017' title='bbox 2660 5539 2828 5608; x_wconf 85' lang='lat' dir='ltr'><strong>editi,</strong></span> <span class='ocrx_word' id='word_1_1018' title='bbox 2861 5559 2883 5595; x_wconf 76' lang='grc' dir='ltr'><strong>ι</strong></span> <span class='ocrx_word' id='word_1_1019' title='bbox 2916 5526 3502 5618; x_wconf 61' lang='grc' dir='ltr'><strong>ιιιειέιῖιῧζὶἒιὶἰὶζὲἶῖῖ</strong></span> <span class='ocrx_word' id='word_1_1020' title='bbox 3529 5526 3550 5614; x_wconf 49' lang='grc' dir='ltr'><em>ί</em></span> 
     </span>
    </p>
   </div>
  </div>
