  <div class='ocr_page' id='page_1' title='image "/cluster/home/n/w/nwhite01/storage/ocr_20150623/14 (Origen; pt. 4)/nyp.33433081862280/572.png"; bbox 0 0 3894 6226; ppageno 0'>
   <div class='ocr_carea' id='block_1_1' title="bbox 355 267 489 322">
    <p class='ocr_par' dir='ltr' id='par_1_1' title="bbox 355 267 489 322">
     <span class='ocr_line' id='line_1_1' title="bbox 355 267 489 322; baseline 0.007 -2"><span class='ocrx_word' id='word_1_1' title='bbox 355 267 489 322; x_wconf 66' lang='grc'><strong>1121</strong></span> 
     </span>
    </p>
   </div>
   <div class='ocr_carea' id='block_1_2' title="bbox 1285 265 2610 325">
    <p class='ocr_par' dir='ltr' id='par_1_2' title="bbox 1285 265 2610 325">
     <span class='ocr_line' id='line_1_2' title="bbox 1285 265 2610 325; baseline -0.002 -1"><span class='ocrx_word' id='word_1_2' title='bbox 1285 269 1626 325; x_wconf 65' lang='lat' dir='ltr'><strong>COMMILNT.</strong></span> <span class='ocrx_word' id='word_1_3' title='bbox 1668 267 1730 321; x_wconf 86' lang='lat' dir='ltr'>IN</span> <span class='ocrx_word' id='word_1_4' title='bbox 1769 265 1975 320; x_wconf 78' lang='lat' dir='ltr'><strong>EPIST.</strong></span> <span class='ocrx_word' id='word_1_5' title='bbox 2020 265 2106 320; x_wconf 83' lang='lat' dir='ltr'><strong>AD</strong></span> <span class='ocrx_word' id='word_1_6' title='bbox 2146 265 2306 320; x_wconf 70' lang='lat' dir='ltr'><strong>ROM.</strong></span> <span class='ocrx_word' id='word_1_7' title='bbox 2340 268 2463 321; x_wconf 83' lang='lat' dir='ltr'><strong>LIB.</strong></span> <span class='ocrx_word' id='word_1_8' title='bbox 2500 266 2610 321; x_wconf 88' lang='lat' dir='ltr'><strong>VII.</strong></span> 
     </span>
    </p>
   </div>
   <div class='ocr_carea' id='block_1_3' title="bbox 3385 272 3520 328">
    <p class='ocr_par' dir='ltr' id='par_1_3' title="bbox 3385 272 3520 328">
     <span class='ocr_line' id='line_1_3' title="bbox 3385 272 3520 328; baseline 0.015 -2"><span class='ocrx_word' id='word_1_9' title='bbox 3385 272 3520 328; x_wconf 73' lang='lat'><strong>&quot;22</strong></span> 
     </span>
    </p>
   </div>
   <div class='ocr_carea' id='block_1_4' title="bbox 351 384 3514 456">
    <p class='ocr_par' dir='ltr' id='par_1_4' title="bbox 351 384 3514 456">
     <span class='ocr_line' id='line_1_4' title="bbox 351 384 3514 456; baseline 0.001 -20"><span class='ocrx_word' id='word_1_10' title='bbox 351 387 735 439; x_wconf 83' lang='lat' dir='ltr'><strong>incarnatione</strong></span> <span class='ocrx_word' id='word_1_11' title='bbox 764 387 1036 456; x_wconf 79' lang='lat' dir='ltr'><strong>magniﬁca</strong></span> <span class='ocrx_word' id='word_1_12' title='bbox 1061 395 1314 454; x_wconf 81' lang='lat' dir='ltr'><strong>geruntur</strong></span> <span class='ocrx_word' id='word_1_13' title='bbox 1336 388 1495 439; x_wconf 90' lang='lat' dir='ltr'><strong>etiam</strong></span> <span class='ocrx_word' id='word_1_14' title='bbox 1521 400 1616 454; x_wconf 91' lang='lat' dir='ltr'><strong>per</strong></span> <span class='ocrx_word' id='word_1_15' title='bbox 1635 385 1887 454; x_wconf 89' lang='lat' dir='ltr'><strong>Spiritum</strong></span> <span class='ocrx_word' id='word_1_16' title='bbox 1919 391 1961 444; x_wconf 78' lang='grc' dir='ltr'>Α</span> <span class='ocrx_word' id='word_1_17' title='bbox 1989 385 2148 446; x_wconf 91' lang='lat' dir='ltr'><strong>bono,</strong></span> <span class='ocrx_word' id='word_1_18' title='bbox 2174 384 2319 452; x_wconf 90' lang='lat' dir='ltr'><strong>quod</strong></span> <span class='ocrx_word' id='word_1_19' title='bbox 2349 399 2618 450; x_wconf 81' lang='lat' dir='ltr'><strong>nunquam</strong></span> <span class='ocrx_word' id='word_1_20' title='bbox 2646 387 2822 450; x_wconf 82' lang='lat' dir='ltr'><strong>potest</strong></span> <span class='ocrx_word' id='word_1_21' title='bbox 2851 384 3282 442; x_wconf 80' lang='lat' dir='ltr'><strong>permutationem</strong></span> <span class='ocrx_word' id='word_1_22' title='bbox 3311 388 3514 455; x_wconf 79' lang='lat' dir='ltr'><strong>recipe-</strong></span> 
     </span>
    </p>
   </div>
   <div class='ocr_carea' id='block_1_5' title="bbox 349 473 1886 545">
    <p class='ocr_par' dir='ltr' id='par_1_5' title="bbox 349 473 1886 545">
     <span class='ocr_line' id='line_1_5' title="bbox 349 473 1886 545; baseline 0.003 -21"><span class='ocrx_word' id='word_1_23' title='bbox 349 485 630 528; x_wconf 86' lang='lat' dir='ltr'><strong>sanctum.</strong></span> <span class='ocrx_word' id='word_1_24' title='bbox 661 473 886 528; x_wconf 84' lang='lat' dir='ltr'><strong>Tantum</strong></span> <span class='ocrx_word' id='word_1_25' title='bbox 914 488 989 529; x_wconf 89' lang='lat' dir='ltr'><strong>est</strong></span> <span class='ocrx_word' id='word_1_26' title='bbox 1018 480 1153 544; x_wconf 85' lang='lat' dir='ltr'><strong>quod</strong></span> <span class='ocrx_word' id='word_1_27' title='bbox 1183 476 1269 528; x_wconf 90' lang='lat' dir='ltr'><strong>ille</strong></span> <span class='ocrx_word' id='word_1_28' title='bbox 1293 490 1384 540; x_wconf 87' lang='lat' dir='ltr'><strong>pro</strong></span> <span class='ocrx_word' id='word_1_29' title='bbox 1405 475 1580 542; x_wconf 84' lang='lat' dir='ltr'><strong>impiis</strong></span> <span class='ocrx_word' id='word_1_30' title='bbox 1610 475 1718 545; x_wconf 82' lang='lat'><strong>(50)</strong></span> <span class='ocrx_word' id='word_1_31' title='bbox 1746 490 1886 528; x_wconf 83' lang='lat' dir='ltr'><strong>mor-</strong></span> 
     </span>
    </p>
   </div>
   <div class='ocr_carea' id='block_1_6' title="bbox 349 564 1887 634">
    <p class='ocr_par' dir='ltr' id='par_1_6' title="bbox 349 564 1887 634">
     <span class='ocr_line' id='line_1_6' title="bbox 349 564 1887 634; baseline 0.006 -24"><span class='ocrx_word' id='word_1_32' title='bbox 349 571 483 615; x_wconf 89' lang='lat' dir='ltr'><strong>tuus</strong></span> <span class='ocrx_word' id='word_1_33' title='bbox 517 573 602 616; x_wconf 86' lang='lat' dir='ltr'><strong>est</strong></span> <span class='ocrx_word' id='word_1_34' title='bbox 640 564 738 632; x_wconf 84' lang='lat' dir='ltr'><strong>(sic</strong></span> <span class='ocrx_word' id='word_1_35' title='bbox 767 567 906 617; x_wconf 89' lang='lat' dir='ltr'><strong>enim</strong></span> <span class='ocrx_word' id='word_1_36' title='bbox 934 578 985 617; x_wconf 85' lang='lat' dir='ltr'><strong>et</strong></span> <span class='ocrx_word' id='word_1_37' title='bbox 1023 568 1130 634; x_wconf 90' lang='lat' dir='ltr'><strong>ipse</strong></span> <span class='ocrx_word' id='word_1_38' title='bbox 1151 565 1343 618; x_wconf 74' lang='lat' dir='ltr'><strong>Paulus</strong></span> <span class='ocrx_word' id='word_1_39' title='bbox 1385 569 1616 619; x_wconf 89' lang='lat' dir='ltr'><strong>ostendit</strong></span> <span class='ocrx_word' id='word_1_40' title='bbox 1653 581 1771 618; x_wconf 89' lang='lat' dir='ltr'><strong>cum</strong></span> <span class='ocrx_word' id='word_1_41' title='bbox 1805 567 1887 620; x_wconf 89' lang='lat' dir='ltr'><strong>di-</strong></span> 
     </span>
    </p>
   </div>
   <div class='ocr_carea' id='block_1_7' title="bbox 346 652 1885 719">
    <p class='ocr_par' dir='ltr' id='par_1_7' title="bbox 346 652 1885 719">
     <span class='ocr_line' id='line_1_7' title="bbox 346 652 1885 719; baseline 0.006 -18"><span class='ocrx_word' id='word_1_42' title='bbox 346 652 424 704; x_wconf 85' lang='lat' dir='ltr'><strong>cit</strong></span> <span class='ocrx_word' id='word_1_43' title='bbox 463 671 477 705; x_wconf 92' lang='lat'><strong>:</strong></span> <span class='ocrx_word' id='word_1_44' title='bbox 522 672 540 704; x_wconf 90' lang='grc' dir='ltr'><strong>ι</strong></span> <span class='ocrx_word' id='word_1_45' title='bbox 569 654 756 707; x_wconf 80' lang='lat' dir='ltr'><strong>Adhuc</strong></span> <span class='ocrx_word' id='word_1_46' title='bbox 786 657 925 708; x_wconf 76' lang='lat' dir='ltr'><strong>enim</strong></span> <span class='ocrx_word' id='word_1_47' title='bbox 958 658 1215 719; x_wconf 77' lang='lat' dir='ltr'><strong>Christus,</strong></span> <span class='ocrx_word' id='word_1_48' title='bbox 1254 672 1372 710; x_wconf 90' lang='lat' dir='ltr'><strong>cum</strong></span> <span class='ocrx_word' id='word_1_49' title='bbox 1404 658 1598 710; x_wconf 79' lang='lat' dir='ltr'><strong>infirmi</strong></span> <span class='ocrx_word' id='word_1_50' title='bbox 1630 672 1885 719; x_wconf 87' lang='lat' dir='ltr'><strong>essemus,</strong></span> 
     </span>
    </p>
   </div>
   <div class='ocr_carea' id='block_1_8' title="bbox 345 742 1889 812">
    <p class='ocr_par' dir='ltr' id='par_1_8' title="bbox 345 742 1889 812">
     <span class='ocr_line' id='line_1_8' title="bbox 345 742 1889 812; baseline 0.005 -24"><span class='ocrx_word' id='word_1_51' title='bbox 345 742 660 793; x_wconf 88' lang='lat' dir='ltr'><strong>secundum</strong></span> <span class='ocrx_word' id='word_1_52' title='bbox 694 751 900 808; x_wconf 85' lang='lat' dir='ltr'><strong>tempus</strong></span> <span class='ocrx_word' id='word_1_53' title='bbox 927 757 1021 810; x_wconf 91' lang='lat' dir='ltr'><strong>pro</strong></span> <span class='ocrx_word' id='word_1_54' title='bbox 1047 745 1220 812; x_wconf 84' lang='lat' dir='ltr'><strong>impiis</strong></span> <span class='ocrx_word' id='word_1_55' title='bbox 1249 754 1483 796; x_wconf 78' lang='lat' dir='ltr'><strong>mortuus</strong></span> <span class='ocrx_word' id='word_1_56' title='bbox 1507 755 1586 798; x_wconf 90' lang='lat' dir='ltr'><strong>est</strong></span> <span class='ocrx_word' id='word_1_57' title='bbox 1602 745 1686 811; x_wconf 76' lang='grc'><strong>⁸⁸),</strong></span> <span class='ocrx_word' id='word_1_58' title='bbox 1725 765 1743 796; x_wconf 76' lang='grc' dir='ltr'><strong>ι</strong></span> <span class='ocrx_word' id='word_1_59' title='bbox 1769 759 1889 796; x_wconf 87' lang='lat' dir='ltr'><strong>san-</strong></span> 
     </span>
    </p>
   </div>
   <div class='ocr_carea' id='block_1_9' title="bbox 339 830 1885 904">
    <p class='ocr_par' dir='ltr' id='par_1_9' title="bbox 339 830 1885 904">
     <span class='ocr_line' id='line_1_9' title="bbox 339 830 1885 904; baseline 0.005 -23"><span class='ocrx_word' id='word_1_60' title='bbox 339 839 474 883; x_wconf 88' lang='lat' dir='ltr'><strong>ctus</strong></span> <span class='ocrx_word' id='word_1_61' title='bbox 507 839 690 883; x_wconf 89' lang='lat' dir='ltr'><strong>autem</strong></span> <span class='ocrx_word' id='word_1_62' title='bbox 717 830 947 897; x_wconf 89' lang='lat' dir='ltr'><strong>Spiritus</strong></span> <span class='ocrx_word' id='word_1_63' title='bbox 973 849 1070 886; x_wconf 91' lang='lat' dir='ltr'><strong>non</strong></span> <span class='ocrx_word' id='word_1_64' title='bbox 1104 849 1197 898; x_wconf 87' lang='lat' dir='ltr'><strong>pro</strong></span> <span class='ocrx_word' id='word_1_65' title='bbox 1225 835 1398 902; x_wconf 84' lang='lat' dir='ltr'><strong>impiis</strong></span> <span class='ocrx_word' id='word_1_66' title='bbox 1421 835 1529 903; x_wconf 89' lang='lat' dir='ltr'><strong>jam</strong></span> <span class='ocrx_word' id='word_1_67' title='bbox 1569 836 1885 904; x_wconf 91' lang='lat' dir='ltr'><strong>interpellat,</strong></span> 
     </span>
    </p>
   </div>
   <div class='ocr_carea' id='block_1_10' title="bbox 337 919 1884 990">
    <p class='ocr_par' dir='ltr' id='par_1_10' title="bbox 337 919 1884 990">
     <span class='ocr_line' id='line_1_10' title="bbox 337 919 1884 990; baseline 0.006 -21"><span class='ocrx_word' id='word_1_68' title='bbox 337 919 440 970; x_wconf 84' lang='lat' dir='ltr'><strong>sed</strong></span> <span class='ocrx_word' id='word_1_69' title='bbox 479 938 499 968; x_wconf 87' lang='grc'>‹</span> <span class='ocrx_word' id='word_1_70' title='bbox 535 934 636 985; x_wconf 86' lang='lat' dir='ltr'><strong>pro</strong></span> <span class='ocrx_word' id='word_1_71' title='bbox 679 921 912 974; x_wconf 82' lang='lat' dir='ltr'><strong>sanctis:</strong></span> <span class='ocrx_word' id='word_1_72' title='bbox 950 941 966 972; x_wconf 76' lang='grc' dir='ltr'><strong>ι</strong></span> <span class='ocrx_word' id='word_1_73' title='bbox 1017 933 1067 974; x_wconf 93' lang='lat' dir='ltr'><strong>et</strong></span> <span class='ocrx_word' id='word_1_74' title='bbox 1112 923 1410 990; x_wconf 74' lang='lat' dir='ltr'><strong>interpellat</strong></span> <span class='ocrx_word' id='word_1_75' title='bbox 1453 940 1552 977; x_wconf 88' lang='lat' dir='ltr'><strong>non</strong></span> <span class='ocrx_word' id='word_1_76' title='bbox 1603 926 1884 978; x_wconf 86' lang='lat' dir='ltr'><strong>secundum</strong></span> 
     </span>
    </p>
   </div>
   <div class='ocr_carea' id='block_1_11' title="bbox 337 1011 1885 1072">
    <p class='ocr_par' dir='ltr' id='par_1_11' title="bbox 337 1011 1885 1072">
     <span class='ocr_line' id='line_1_11' title="bbox 337 1011 1885 1072; baseline 0.005 -14"><span class='ocrx_word' id='word_1_77' title='bbox 337 1023 603 1072; x_wconf 83' lang='lat' dir='ltr'><strong>carnem,</strong></span> <span class='ocrx_word' id='word_1_78' title='bbox 651 1011 742 1062; x_wconf 90' lang='lat' dir='ltr'><strong>sed</strong></span> <span class='ocrx_word' id='word_1_79' title='bbox 777 1028 795 1059; x_wconf 88' lang='grc' dir='ltr'><strong>ι</strong></span> <span class='ocrx_word' id='word_1_80' title='bbox 820 1011 1109 1062; x_wconf 89' lang='lat' dir='ltr'><strong>secundum</strong></span> <span class='ocrx_word' id='word_1_81' title='bbox 1141 1012 1333 1064; x_wconf 87' lang='lat' dir='ltr'><strong>Deum:</strong></span> <span class='ocrx_word' id='word_1_82' title='bbox 1361 1032 1378 1063; x_wconf 76' lang='grc' dir='ltr'><strong>ι</strong></span> <span class='ocrx_word' id='word_1_83' title='bbox 1431 1011 1678 1067; x_wconf 79' lang='lat' dir='ltr'><strong>Christus</strong></span> <span class='ocrx_word' id='word_1_84' title='bbox 1713 1021 1885 1066; x_wconf 78' lang='lat' dir='ltr'><strong>autern</strong></span> 
     </span>
    </p>
   </div>
   <div class='ocr_carea' id='block_1_12' title="bbox 340 1098 1889 1161">
    <p class='ocr_par' dir='ltr' id='par_1_12' title="bbox 340 1098 1889 1161">
     <span class='ocr_line' id='line_1_12' title="bbox 340 1098 1889 1161; baseline 0.005 -15"><span class='ocrx_word' id='word_1_85' title='bbox 340 1112 454 1148; x_wconf 89' lang='lat' dir='ltr'><strong>non</strong></span> <span class='ocrx_word' id='word_1_86' title='bbox 503 1099 797 1151; x_wconf 89' lang='lat' dir='ltr'><strong>secundum</strong></span> <span class='ocrx_word' id='word_1_87' title='bbox 834 1098 994 1151; x_wconf 91' lang='lat' dir='ltr'><strong>Deum</strong></span> <span class='ocrx_word' id='word_1_88' title='bbox 1031 1109 1266 1152; x_wconf 88' lang='lat' dir='ltr'><strong>mortuus</strong></span> <span class='ocrx_word' id='word_1_89' title='bbox 1312 1101 1535 1161; x_wconf 90' lang='lat' dir='ltr'><strong>dicitur,</strong></span> <span class='ocrx_word' id='word_1_90' title='bbox 1567 1103 1658 1153; x_wconf 82' lang='lat' dir='ltr'><strong>sed</strong></span> <span class='ocrx_word' id='word_1_91' title='bbox 1704 1101 1889 1154; x_wconf 85' lang='lat' dir='ltr'><strong>secun-</strong></span> 
     </span>
    </p>
   </div>
   <div class='ocr_carea' id='block_1_13' title="bbox 342 1184 1886 1255">
    <p class='ocr_par' dir='ltr' id='par_1_13' title="bbox 342 1184 1886 1255">
     <span class='ocr_line' id='line_1_13' title="bbox 342 1184 1886 1255; baseline 0.005 -21"><span class='ocrx_word' id='word_1_92' title='bbox 342 1184 481 1238; x_wconf 87' lang='lat' dir='ltr'><strong>dum</strong></span> <span class='ocrx_word' id='word_1_93' title='bbox 509 1201 746 1238; x_wconf 87' lang='lat' dir='ltr'><strong>carnem.</strong></span> <span class='ocrx_word' id='word_1_94' title='bbox 777 1186 897 1240; x_wconf 92' lang='lat' dir='ltr'><strong>Ideo</strong></span> <span class='ocrx_word' id='word_1_95' title='bbox 919 1201 1019 1238; x_wconf 89' lang='lat' dir='ltr'><strong>non</strong></span> <span class='ocrx_word' id='word_1_96' title='bbox 1042 1187 1217 1239; x_wconf 92' lang='lat' dir='ltr'><strong>verbis</strong></span> <span class='ocrx_word' id='word_1_97' title='bbox 1242 1186 1429 1239; x_wconf 82' lang='lat' dir='ltr'><strong>olTerre</strong></span> <span class='ocrx_word' id='word_1_98' title='bbox 1449 1188 1640 1240; x_wconf 92' lang='lat' dir='ltr'><strong>dicitur</strong></span> <span class='ocrx_word' id='word_1_99' title='bbox 1659 1188 1886 1255; x_wconf 84' lang='lat' dir='ltr'><strong>Spiritus</strong></span> 
     </span>
    </p>
   </div>
   <div class='ocr_carea' id='block_1_14' title="bbox 345 1260 1888 1345">
    <p class='ocr_par' dir='ltr' id='par_1_14' title="bbox 345 1260 1888 1345">
     <span class='ocr_line' id='line_1_14' title="bbox 345 1260 1888 1345; baseline 0.003 -22"><span class='ocrx_word' id='word_1_100' title='bbox 345 1273 847 1342; x_wconf 85' lang='lat' dir='ltr'><strong>interpellationem</strong></span> <span class='ocrx_word' id='word_1_101' title='bbox 877 1291 968 1341; x_wconf 88' lang='lat' dir='ltr'><strong>pro</strong></span> <span class='ocrx_word' id='word_1_102' title='bbox 1007 1277 1235 1335; x_wconf 80' lang='lat' dir='ltr'><strong>sanctis,</strong></span> <span class='ocrx_word' id='word_1_103' title='bbox 1264 1278 1350 1328; x_wconf 89' lang='lat' dir='ltr'><strong>sed</strong></span> <span class='ocrx_word' id='word_1_104' title='bbox 1385 1295 1404 1327; x_wconf 89' lang='grc' dir='ltr'><strong>ι</strong></span> <span class='ocrx_word' id='word_1_105' title='bbox 1437 1260 1752 1345; x_wconf 74' lang='lat' dir='ltr'><strong>gemitibus:</strong></span> <span class='ocrx_word' id='word_1_106' title='bbox 1784 1296 1802 1326; x_wconf 76' lang='grc' dir='ltr'><strong>ι</strong></span> <span class='ocrx_word' id='word_1_107' title='bbox 1834 1286 1888 1328; x_wconf 90' lang='lat' dir='ltr'><strong>et</strong></span> 
     </span>
    </p>
   </div>
   <div class='ocr_carea' id='block_1_15' title="bbox 342 1361 1884 1428">
    <p class='ocr_par' dir='ltr' id='par_1_15' title="bbox 342 1361 1884 1428">
     <span class='ocr_line' id='line_1_15' title="bbox 342 1361 1884 1428; baseline 0.003 -18"><span class='ocrx_word' id='word_1_108' title='bbox 342 1374 460 1411; x_wconf 90' lang='lat' dir='ltr'><strong>non</strong></span> <span class='ocrx_word' id='word_1_109' title='bbox 499 1361 871 1413; x_wconf 83' lang='lat' dir='ltr'><strong>communibus</strong></span> <span class='ocrx_word' id='word_1_110' title='bbox 902 1361 1015 1413; x_wconf 88' lang='lat' dir='ltr'><strong>istis</strong></span> <span class='ocrx_word' id='word_1_111' title='bbox 1041 1361 1345 1428; x_wconf 80' lang='lat' dir='ltr'><strong>gemitibus,</strong></span> <span class='ocrx_word' id='word_1_112' title='bbox 1379 1365 1467 1413; x_wconf 88' lang='lat' dir='ltr'><strong>sed</strong></span> <span class='ocrx_word' id='word_1_113' title='bbox 1504 1382 1522 1411; x_wconf 87' lang='grc' dir='ltr'><strong>ι</strong></span> <span class='ocrx_word' id='word_1_114' title='bbox 1555 1362 1884 1415; x_wconf 84' lang='lat' dir='ltr'><strong>inenarrabi-</strong></span> 
     </span>
    </p>
   </div>
   <div class='ocr_carea' id='block_1_16' title="bbox 336 1447 1886 1519">
    <p class='ocr_par' dir='ltr' id='par_1_16' title="bbox 336 1447 1886 1519">
     <span class='ocr_line' id='line_1_16' title="bbox 336 1447 1886 1519; baseline 0.004 -21"><span class='ocrx_word' id='word_1_115' title='bbox 336 1447 516 1500; x_wconf 68' lang='lat' dir='ltr'><strong>liims.</strong></span> <span class='ocrx_word' id='word_1_116' title='bbox 551 1468 569 1498; x_wconf 76' lang='grc' dir='ltr'><strong>ι</strong></span> <span class='ocrx_word' id='word_1_117' title='bbox 601 1450 876 1515; x_wconf 87' lang='lat' dir='ltr'><strong>Quomodo</strong></span> <span class='ocrx_word' id='word_1_118' title='bbox 901 1451 1039 1502; x_wconf 91' lang='lat' dir='ltr'><strong>enim</strong></span> <span class='ocrx_word' id='word_1_119' title='bbox 1071 1452 1309 1502; x_wconf 79' lang='lat' dir='ltr'><strong>enarrari</strong></span> <span class='ocrx_word' id='word_1_120' title='bbox 1343 1461 1517 1516; x_wconf 75' lang='lat' dir='ltr'><strong>potest</strong></span> <span class='ocrx_word' id='word_1_121' title='bbox 1557 1452 1692 1519; x_wconf 88' lang='lat' dir='ltr'><strong>quod</strong></span> <span class='ocrx_word' id='word_1_122' title='bbox 1719 1452 1886 1519; x_wconf 85' lang='lat' dir='ltr'><strong>Spiri-</strong></span> 
     </span>
    </p>
   </div>
   <div class='ocr_carea' id='block_1_17' title="bbox 335 1537 1882 1605">
    <p class='ocr_par' dir='ltr' id='par_1_17' title="bbox 335 1537 1882 1605">
     <span class='ocr_line' id='line_1_17' title="bbox 335 1537 1882 1605; baseline 0.005 -21"><span class='ocrx_word' id='word_1_123' title='bbox 335 1545 429 1587; x_wconf 90' lang='lat' dir='ltr'><strong>tus</strong></span> <span class='ocrx_word' id='word_1_124' title='bbox 460 1537 559 1589; x_wconf 90' lang='lat' dir='ltr'><strong>Dei</strong></span> <span class='ocrx_word' id='word_1_125' title='bbox 613 1539 848 1605; x_wconf 84' lang='lat' dir='ltr'><strong>loquitur</strong></span> <span class='ocrx_word' id='word_1_126' title='bbox 873 1538 1000 1596; x_wconf 86' lang='lat' dir='ltr'><strong>Deo,</strong></span> <span class='ocrx_word' id='word_1_127' title='bbox 1033 1553 1150 1589; x_wconf 90' lang='lat' dir='ltr'><strong>cum</strong></span> <span class='ocrx_word' id='word_1_128' title='bbox 1187 1539 1444 1589; x_wconf 78' lang='lat' dir='ltr'><strong>interdum</strong></span> <span class='ocrx_word' id='word_1_129' title='bbox 1479 1555 1572 1591; x_wconf 91' lang='lat' dir='ltr'><strong>nec</strong></span> <span class='ocrx_word' id='word_1_130' title='bbox 1605 1541 1716 1605; x_wconf 89' lang='lat' dir='ltr'><strong>ipse</strong></span> <span class='ocrx_word' id='word_1_131' title='bbox 1763 1542 1882 1605; x_wconf 85' lang='lat' dir='ltr'><strong>qni—</strong></span> 
     </span>
    </p>
   </div>
   <div class='ocr_carea' id='block_1_18' title="bbox 333 1625 1884 1694">
    <p class='ocr_par' dir='ltr' id='par_1_18' title="bbox 333 1625 1884 1694">
     <span class='ocr_line' id='line_1_18' title="bbox 333 1625 1884 1694; baseline 0.004 -20"><span class='ocrx_word' id='word_1_132' title='bbox 333 1625 467 1675; x_wconf 87' lang='lat' dir='ltr'><strong>dem</strong></span> <span class='ocrx_word' id='word_1_133' title='bbox 498 1635 681 1675; x_wconf 87' lang='lat' dir='ltr'><strong>noster</strong></span> <span class='ocrx_word' id='word_1_134' title='bbox 701 1627 921 1691; x_wconf 84' lang='lat' dir='ltr'><strong>spiritus</strong></span> <span class='ocrx_word' id='word_1_135' title='bbox 947 1626 1086 1692; x_wconf 89' lang='lat' dir='ltr'><strong>quod</strong></span> <span class='ocrx_word' id='word_1_136' title='bbox 1117 1627 1278 1678; x_wconf 88' lang='lat' dir='ltr'><strong>sentit</strong></span> <span class='ocrx_word' id='word_1_137' title='bbox 1303 1626 1615 1694; x_wconf 79' lang='lat' dir='ltr'><strong>etintelligit</strong></span> <span class='ocrx_word' id='word_1_138' title='bbox 1637 1641 1884 1680; x_wconf 85' lang='lat' dir='ltr'><strong>sermone</strong></span> 
     </span>
    </p>
   </div>
   <div class='ocr_carea' id='block_1_19' title="bbox 334 1716 866 1782">
    <p class='ocr_par' dir='ltr' id='par_1_19' title="bbox 334 1716 866 1782">
     <span class='ocr_line' id='line_1_19' title="bbox 334 1716 866 1782; baseline 0.011 -18"><span class='ocrx_word' id='word_1_139' title='bbox 334 1716 522 1782; x_wconf 83' lang='lat' dir='ltr'><strong>possit</strong></span> <span class='ocrx_word' id='word_1_140' title='bbox 549 1730 822 1781; x_wconf 79' lang='lat' dir='ltr'><strong>eXpouere</strong></span> <span class='ocrx_word' id='word_1_141' title='bbox 843 1717 866 1770; x_wconf 83' lang='lat'>?</span> 
     </span>
    </p>
   </div>
   <div class='ocr_carea' id='block_1_20' title="bbox 409 1805 1876 1874">
    <p class='ocr_par' dir='ltr' id='par_1_20' title="bbox 409 1805 1876 1874">
     <span class='ocr_line' id='line_1_20' title="bbox 409 1805 1876 1874; baseline 0.003 -19"><span class='ocrx_word' id='word_1_142' title='bbox 409 1805 468 1857; x_wconf 89' lang='lat'><strong>7.</strong></span> <span class='ocrx_word' id='word_1_143' title='bbox 520 1823 539 1853; x_wconf 86' lang='grc' dir='ltr'><strong>ι</strong></span> <span class='ocrx_word' id='word_1_144' title='bbox 583 1806 792 1858; x_wconf 89' lang='lat' dir='ltr'><strong>Scimus</strong></span> <span class='ocrx_word' id='word_1_145' title='bbox 843 1817 1018 1858; x_wconf 87' lang='lat' dir='ltr'><strong>autem</strong></span> <span class='ocrx_word' id='word_1_146' title='bbox 1061 1806 1309 1872; x_wconf 88' lang='lat' dir='ltr'><strong>quoniam</strong></span> <span class='ocrx_word' id='word_1_147' title='bbox 1350 1805 1688 1874; x_wconf 82' lang='lat' dir='ltr'><strong>diligentibus</strong></span> <span class='ocrx_word' id='word_1_148' title='bbox 1717 1807 1876 1859; x_wconf 91' lang='lat' dir='ltr'><strong>Deum</strong></span> 
     </span>
    </p>
   </div>
   <div class='ocr_carea' id='block_1_21' title="bbox 329 1896 1878 1963">
    <p class='ocr_par' dir='ltr' id='par_1_21' title="bbox 329 1896 1878 1963">
     <span class='ocr_line' id='line_1_21' title="bbox 329 1896 1878 1963; baseline 0.003 -19"><span class='ocrx_word' id='word_1_149' title='bbox 329 1896 532 1946; x_wconf 82' lang='lat' dir='ltr'><strong>omnia</strong></span> <span class='ocrx_word' id='word_1_150' title='bbox 597 1907 956 1962; x_wconf 74' lang='lat' dir='ltr'><strong>cooperantur</strong></span> <span class='ocrx_word' id='word_1_151' title='bbox 997 1897 1046 1948; x_wconf 92' lang='lat' dir='ltr'><strong>in</strong></span> <span class='ocrx_word' id='word_1_152' title='bbox 1097 1896 1309 1954; x_wconf 89' lang='lat' dir='ltr'><strong>bonum,</strong></span> <span class='ocrx_word' id='word_1_153' title='bbox 1359 1896 1439 1948; x_wconf 90' lang='lat' dir='ltr'><strong>his</strong></span> <span class='ocrx_word' id='word_1_154' title='bbox 1471 1896 1559 1963; x_wconf 92' lang='lat' dir='ltr'><strong>qui</strong></span> <span class='ocrx_word' id='word_1_155' title='bbox 1593 1899 1878 1949; x_wconf 87' lang='lat' dir='ltr'><strong>secumlum</strong></span> 
     </span>
    </p>
   </div>
   <div class='ocr_carea' id='block_1_22' title="bbox 327 1983 1876 2050">
    <p class='ocr_par' dir='ltr' id='par_1_22' title="bbox 327 1983 1876 2050">
     <span class='ocr_line' id='line_1_22' title="bbox 327 1983 1876 2050; baseline 0.003 -18"><span class='ocrx_word' id='word_1_156' title='bbox 327 1983 683 2050; x_wconf 85' lang='lat' dir='ltr'><strong>propositum</strong></span> <span class='ocrx_word' id='word_1_157' title='bbox 718 1983 889 2034; x_wconf 86' lang='lat' dir='ltr'><strong>vocati</strong></span> <span class='ocrx_word' id='word_1_158' title='bbox 919 1992 1040 2034; x_wconf 89' lang='lat' dir='ltr'><strong>sunt</strong></span> <span class='ocrx_word' id='word_1_159' title='bbox 1071 1985 1258 2034; x_wconf 87' lang='lat' dir='ltr'><strong>sancti.</strong></span> <span class='ocrx_word' id='word_1_160' title='bbox 1285 1983 1411 2034; x_wconf 84' lang='lat' dir='ltr'><strong>Nam</strong></span> <span class='ocrx_word' id='word_1_161' title='bbox 1437 1999 1569 2050; x_wconf 87' lang='lat' dir='ltr'><strong>quos</strong></span> <span class='ocrx_word' id='word_1_162' title='bbox 1593 1985 1876 2050; x_wconf 69' lang='lat' dir='ltr'><strong>prtescivit,</strong></span> 
     </span>
    </p>
   </div>
   <div class='ocr_carea' id='block_1_23' title="bbox 327 2071 1874 2144">
    <p class='ocr_par' dir='ltr' id='par_1_23' title="bbox 327 2071 1874 2144">
     <span class='ocr_line' id='line_1_23' title="bbox 327 2071 1874 2144; baseline 0.002 -21"><span class='ocrx_word' id='word_1_163' title='bbox 327 2079 385 2123; x_wconf 77' lang='lat' dir='ltr'><strong>et</strong></span> <span class='ocrx_word' id='word_1_164' title='bbox 427 2071 838 2137; x_wconf 54' lang='lat' dir='ltr'><strong>praydestiuavit</strong></span> <span class='ocrx_word' id='word_1_165' title='bbox 867 2073 1169 2125; x_wconf 83' lang='lat' dir='ltr'><strong>conformes</strong></span> <span class='ocrx_word' id='word_1_166' title='bbox 1197 2074 1307 2126; x_wconf 79' lang='lat' dir='ltr'><strong>fieri</strong></span> <span class='ocrx_word' id='word_1_167' title='bbox 1341 2074 1448 2144; x_wconf 85' lang='grc'><strong>(51)</strong></span> <span class='ocrx_word' id='word_1_168' title='bbox 1478 2075 1724 2142; x_wconf 77' lang='lat' dir='ltr'><strong>imaginis</strong></span> <span class='ocrx_word' id='word_1_169' title='bbox 1758 2075 1874 2127; x_wconf 86' lang='lat' dir='ltr'><strong>Filii</strong></span> 
     </span>
    </p>
   </div>
   <div class='ocr_carea' id='block_1_24' title="bbox 327 2156 1871 2222">
    <p class='ocr_par' dir='ltr' id='par_1_24' title="bbox 327 2156 1871 2222">
     <span class='ocr_line' id='line_1_24' title="bbox 327 2156 1871 2222; baseline 0.003 -15"><span class='ocrx_word' id='word_1_170' title='bbox 327 2157 444 2218; x_wconf 89' lang='lat' dir='ltr'><strong>sui,</strong></span> <span class='ocrx_word' id='word_1_171' title='bbox 487 2167 544 2207; x_wconf 86' lang='lat' dir='ltr'><strong>nt</strong></span> <span class='ocrx_word' id='word_1_172' title='bbox 573 2156 640 2207; x_wconf 90' lang='lat' dir='ltr'><strong>sit</strong></span> <span class='ocrx_word' id='word_1_173' title='bbox 671 2157 779 2221; x_wconf 89' lang='lat' dir='ltr'><strong>ipse</strong></span> <span class='ocrx_word' id='word_1_174' title='bbox 809 2158 1186 2222; x_wconf 68' lang='lat' dir='ltr'><strong>primogenitus</strong></span> <span class='ocrx_word' id='word_1_175' title='bbox 1209 2162 1258 2212; x_wconf 91' lang='lat' dir='ltr'><strong>in</strong></span> <span class='ocrx_word' id='word_1_176' title='bbox 1293 2161 1472 2213; x_wconf 90' lang='lat' dir='ltr'><strong>multis</strong></span> <span class='ocrx_word' id='word_1_177' title='bbox 1500 2160 1753 2214; x_wconf 78' lang='lat' dir='ltr'><strong>fratribus</strong></span> <span class='ocrx_word' id='word_1_178' title='bbox 1774 2161 1871 2212; x_wconf 77' lang='grc'><strong>⁸⁸.»</strong></span> 
     </span>
    </p>
   </div>
   <div class='ocr_carea' id='block_1_25' title="bbox 326 2244 1876 2318">
    <p class='ocr_par' dir='ltr' id='par_1_25' title="bbox 326 2244 1876 2318">
     <span class='ocr_line' id='line_1_25' title="bbox 326 2244 1876 2318; baseline 0.005 -23"><span class='ocrx_word' id='word_1_179' title='bbox 326 2245 387 2295; x_wconf 90' lang='lat' dir='ltr'><strong>Si</strong></span> <span class='ocrx_word' id='word_1_180' title='bbox 427 2244 689 2310; x_wconf 86' lang='lat' dir='ltr'><strong>Spiritus,</strong></span> <span class='ocrx_word' id='word_1_181' title='bbox 726 2247 917 2312; x_wconf 88' lang='lat' dir='ltr'><strong>inquit,</strong></span> <span class='ocrx_word' id='word_1_182' title='bbox 954 2247 1248 2314; x_wconf 81' lang='lat' dir='ltr'><strong>interpellat</strong></span> <span class='ocrx_word' id='word_1_183' title='bbox 1281 2264 1376 2316; x_wconf 90' lang='lat' dir='ltr'><strong>pro</strong></span> <span class='ocrx_word' id='word_1_184' title='bbox 1405 2250 1561 2302; x_wconf 87' lang='lat' dir='ltr'><strong>nobis</strong></span> <span class='ocrx_word' id='word_1_185' title='bbox 1595 2252 1876 2318; x_wconf 80' lang='lat' dir='ltr'><strong>gemitibus</strong></span> 
     </span>
    </p>
   </div>
   <div class='ocr_carea' id='block_1_26' title="bbox 327 2331 1875 2405">
    <p class='ocr_par' dir='ltr' id='par_1_26' title="bbox 327 2331 1875 2405">
     <span class='ocr_line' id='line_1_26' title="bbox 327 2331 1875 2405; baseline 0.004 -22"><span class='ocrx_word' id='word_1_186' title='bbox 327 2331 816 2394; x_wconf 76' lang='lat' dir='ltr'><strong>inenarrabilihus,</strong></span> <span class='ocrx_word' id='word_1_187' title='bbox 849 2344 901 2385; x_wconf 89' lang='lat' dir='ltr'><strong>et</strong></span> <span class='ocrx_word' id='word_1_188' title='bbox 950 2335 1192 2388; x_wconf 90' lang='lat' dir='ltr'><strong>universa</strong></span> <span class='ocrx_word' id='word_1_189' title='bbox 1221 2348 1462 2389; x_wconf 84' lang='lat' dir='ltr'><strong>creatura</strong></span> <span class='ocrx_word' id='word_1_190' title='bbox 1513 2339 1875 2405; x_wconf 72' lang='lat' dir='ltr'><strong>congemlscit,</strong></span> 
     </span>
    </p>
   </div>
   <div class='ocr_carea' id='block_1_27' title="bbox 322 2420 1874 2490">
    <p class='ocr_par' dir='ltr' id='par_1_27' title="bbox 322 2420 1874 2490">
     <span class='ocr_line' id='line_1_27' title="bbox 322 2420 1874 2490; baseline 0.003 -18"><span class='ocrx_word' id='word_1_191' title='bbox 322 2431 380 2472; x_wconf 91' lang='lat' dir='ltr'><strong>et</strong></span> <span class='ocrx_word' id='word_1_192' title='bbox 415 2420 678 2472; x_wconf 88' lang='lat' dir='ltr'><strong>condolet</strong></span> <span class='ocrx_word' id='word_1_193' title='bbox 732 2436 898 2487; x_wconf 85' lang='lat' dir='ltr'><strong>usque</strong></span> <span class='ocrx_word' id='word_1_194' title='bbox 943 2439 1098 2486; x_wconf 90' lang='lat' dir='ltr'><strong>nunc,</strong></span> <span class='ocrx_word' id='word_1_195' title='bbox 1145 2438 1261 2490; x_wconf 63' lang='lat' dir='ltr'><strong>quae</strong></span> <span class='ocrx_word' id='word_1_196' title='bbox 1282 2423 1596 2476; x_wconf 87' lang='lat' dir='ltr'><strong>liberabitur</strong></span> <span class='ocrx_word' id='word_1_197' title='bbox 1634 2439 1757 2478; x_wconf 89' lang='lat' dir='ltr'><strong>tunc</strong></span> <span class='ocrx_word' id='word_1_198' title='bbox 1785 2426 1874 2477; x_wconf 90' lang='lat' dir='ltr'><strong>de-</strong></span> 
     </span>
    </p>
   </div>
   <div class='ocr_carea' id='block_1_28' title="bbox 322 2508 1876 2582">
    <p class='ocr_par' dir='ltr' id='par_1_28' title="bbox 322 2508 1876 2582">
     <span class='ocr_line' id='line_1_28' title="bbox 322 2508 1876 2582; baseline 0.003 -21"><span class='ocrx_word' id='word_1_199' title='bbox 322 2523 489 2561; x_wconf 79' lang='lat' dir='ltr'><strong>num</strong></span> <span class='ocrx_word' id='word_1_200' title='bbox 520 2523 550 2559; x_wconf 89' lang='lat' dir='ltr'><strong>a</strong></span> <span class='ocrx_word' id='word_1_201' title='bbox 601 2508 854 2560; x_wconf 81' lang='lat' dir='ltr'><strong>servitute</strong></span> <span class='ocrx_word' id='word_1_202' title='bbox 901 2511 1275 2576; x_wconf 85' lang='lat' dir='ltr'><strong>corruptionis.</strong></span> <span class='ocrx_word' id='word_1_203' title='bbox 1317 2527 1436 2564; x_wconf 91' lang='lat' dir='ltr'><strong>cum</strong></span> <span class='ocrx_word' id='word_1_204' title='bbox 1494 2511 1709 2565; x_wconf 88' lang='lat' dir='ltr'><strong>libertas</strong></span> <span class='ocrx_word' id='word_1_205' title='bbox 1761 2512 1876 2582; x_wconf 83' lang='lat' dir='ltr'><strong>glo-</strong></span> 
     </span>
    </p>
   </div>
   <div class='ocr_carea' id='block_1_29' title="bbox 325 2596 1872 2666">
    <p class='ocr_par' dir='ltr' id='par_1_29' title="bbox 325 2596 1872 2666">
     <span class='ocr_line' id='line_1_29' title="bbox 325 2596 1872 2666; baseline 0.005 -19"><span class='ocrx_word' id='word_1_206' title='bbox 325 2597 433 2649; x_wconf 69' lang='lat' dir='ltr'><strong>ria:</strong></span> <span class='ocrx_word' id='word_1_207' title='bbox 498 2596 731 2649; x_wconf 77' lang='lat' dir='ltr'><strong>ﬁliorum</strong></span> <span class='ocrx_word' id='word_1_208' title='bbox 787 2597 879 2650; x_wconf 80' lang='lat' dir='ltr'><strong>Dei</strong></span> <span class='ocrx_word' id='word_1_209' title='bbox 916 2599 1207 2659; x_wconf 82' lang='lat' dir='ltr'><strong>advenerit,</strong></span> <span class='ocrx_word' id='word_1_210' title='bbox 1255 2601 1519 2666; x_wconf 87' lang='lat' dir='ltr'><strong>quomodo</strong></span> <span class='ocrx_word' id='word_1_211' title='bbox 1563 2615 1664 2653; x_wconf 90' lang='lat' dir='ltr'><strong>non</strong></span> <span class='ocrx_word' id='word_1_212' title='bbox 1725 2615 1872 2654; x_wconf 82' lang='lat' dir='ltr'><strong>com-</strong></span> 
     </span>
    </p>
   </div>
   <div class='ocr_carea' id='block_1_30' title="bbox 321 2687 1874 2756">
    <p class='ocr_par' dir='ltr' id='par_1_30' title="bbox 321 2687 1874 2756">
     <span class='ocr_line' id='line_1_30' title="bbox 321 2687 1874 2756; baseline 0.004 -20"><span class='ocrx_word' id='word_1_213' title='bbox 321 2695 588 2752; x_wconf 87' lang='lat' dir='ltr'><strong>petenter</strong></span> <span class='ocrx_word' id='word_1_214' title='bbox 639 2687 1064 2753; x_wconf 86' lang='lat' dir='ltr'><strong>pronuntiabitur</strong></span> <span class='ocrx_word' id='word_1_215' title='bbox 1110 2688 1232 2755; x_wconf 89' lang='lat' dir='ltr'><strong>quia</strong></span> <span class='ocrx_word' id='word_1_216' title='bbox 1287 2687 1397 2756; x_wconf 72' lang='lat'><strong>(52)</strong></span> <span class='ocrx_word' id='word_1_217' title='bbox 1431 2706 1450 2738; x_wconf 87' lang='grc' dir='ltr'><strong>ι</strong></span> <span class='ocrx_word' id='word_1_218' title='bbox 1487 2689 1684 2742; x_wconf 85' lang='lat' dir='ltr'><strong>scimus</strong></span> <span class='ocrx_word' id='word_1_219' title='bbox 1734 2691 1874 2756; x_wconf 89' lang='lat' dir='ltr'><strong>quod</strong></span> 
     </span>
    </p>
   </div>
   <div class='ocr_carea' id='block_1_31' title="bbox 321 2773 1873 2843">
    <p class='ocr_par' dir='ltr' id='par_1_31' title="bbox 321 2773 1873 2843">
     <span class='ocr_line' id='line_1_31' title="bbox 321 2773 1873 2843; baseline 0.005 -19"><span class='ocrx_word' id='word_1_220' title='bbox 321 2773 687 2841; x_wconf 79' lang='lat' dir='ltr'><strong>diligentibus</strong></span> <span class='ocrx_word' id='word_1_221' title='bbox 761 2775 920 2827; x_wconf 89' lang='lat' dir='ltr'><strong>Deum</strong></span> <span class='ocrx_word' id='word_1_222' title='bbox 999 2778 1173 2828; x_wconf 83' lang='lat' dir='ltr'><strong>omnia</strong></span> <span class='ocrx_word' id='word_1_223' title='bbox 1240 2786 1594 2843; x_wconf 84' lang='lat' dir='ltr'><strong>cooperantur</strong></span> <span class='ocrx_word' id='word_1_224' title='bbox 1671 2779 1721 2830; x_wconf 93' lang='lat' dir='ltr'><strong>in</strong></span> <span class='ocrx_word' id='word_1_225' title='bbox 1779 2779 1873 2832; x_wconf 87' lang='lat' dir='ltr'><strong>bo-</strong></span> 
     </span>
    </p>
   </div>
   <div class='ocr_carea' id='block_1_32' title="bbox 292 2863 1870 2934">
    <p class='ocr_par' dir='ltr' id='par_1_32' title="bbox 292 2863 1870 2934">
     <span class='ocr_line' id='line_1_32' title="bbox 292 2863 1870 2934; baseline 0.002 -20"><span class='ocrx_word' id='word_1_226' title='bbox 292 2863 512 2914; x_wconf 85' lang='lat' dir='ltr'><strong>.num?</strong></span> <span class='ocrx_word' id='word_1_227' title='bbox 546 2883 562 2913; x_wconf 83' lang='lat' dir='ltr'>l</span> <span class='ocrx_word' id='word_1_228' title='bbox 600 2863 654 2914; x_wconf 94' lang='lat' dir='ltr'><strong>lu</strong></span> <span class='ocrx_word' id='word_1_229' title='bbox 683 2872 889 2915; x_wconf 84' lang='lat' dir='ltr'><strong>tantum</strong></span> <span class='ocrx_word' id='word_1_230' title='bbox 914 2865 1056 2916; x_wconf 84' lang='lat' dir='ltr'><strong>enim</strong></span> <span class='ocrx_word' id='word_1_231' title='bbox 1087 2865 1263 2918; x_wconf 89' lang='lat' dir='ltr'><strong>omnia</strong></span> <span class='ocrx_word' id='word_1_232' title='bbox 1308 2875 1663 2934; x_wconf 87' lang='lat' dir='ltr'><strong>cooperantur</strong></span> <span class='ocrx_word' id='word_1_233' title='bbox 1689 2869 1740 2920; x_wconf 91' lang='lat' dir='ltr'><strong>in</strong></span> <span class='ocrx_word' id='word_1_234' title='bbox 1774 2869 1870 2920; x_wconf 69' lang='lat' dir='ltr'><strong>lto-</strong></span> 
     </span>
    </p>
   </div>
   <div class='ocr_carea' id='block_1_33' title="bbox 322 2951 1873 3024">
    <p class='ocr_par' dir='ltr' id='par_1_33' title="bbox 322 2951 1873 3024">
     <span class='ocr_line' id='line_1_33' title="bbox 322 2951 1873 3024; baseline 0.005 -21"><span class='ocrx_word' id='word_1_235' title='bbox 322 2968 464 3004; x_wconf 89' lang='lat' dir='ltr'><strong>num</strong></span> <span class='ocrx_word' id='word_1_236' title='bbox 489 2952 627 3020; x_wconf 78' lang='lat'>(53),</span> <span class='ocrx_word' id='word_1_237' title='bbox 659 2962 710 3004; x_wconf 88' lang='lat' dir='ltr'><strong>et</strong></span> <span class='ocrx_word' id='word_1_238' title='bbox 739 2951 1064 3004; x_wconf 83' lang='lat' dir='ltr'><strong>coliaboraut</strong></span> <span class='ocrx_word' id='word_1_239' title='bbox 1109 2955 1190 3006; x_wconf 87' lang='lat' dir='ltr'><strong>his</strong></span> <span class='ocrx_word' id='word_1_240' title='bbox 1227 2955 1316 3022; x_wconf 90' lang='lat' dir='ltr'><strong>qui</strong></span> <span class='ocrx_word' id='word_1_241' title='bbox 1343 2956 1568 3024; x_wconf 80' lang='lat' dir='ltr'><strong>diligunt</strong></span> <span class='ocrx_word' id='word_1_242' title='bbox 1604 2956 1788 3019; x_wconf 91' lang='lat' dir='ltr'><strong>Deum,</strong></span> <span class='ocrx_word' id='word_1_243' title='bbox 1816 2967 1873 3010; x_wconf 91' lang='lat' dir='ltr'><strong>ttt</strong></span> 
     </span>
    </p>
   </div>
   <div class='ocr_carea' id='block_1_34' title="bbox 1989 469 3506 540">
    <p class='ocr_par' dir='ltr' id='par_1_34' title="bbox 1989 469 3506 540">
     <span class='ocr_line' id='line_1_34' title="bbox 1989 469 3506 540; baseline 0.003 -17"><span class='ocrx_word' id='word_1_244' title='bbox 1989 487 2066 536; x_wconf 92' lang='lat' dir='ltr'><strong>re,</strong></span> <span class='ocrx_word' id='word_1_245' title='bbox 2096 474 2440 525; x_wconf 85' lang='lat' dir='ltr'><strong>constituant.</strong></span> <span class='ocrx_word' id='word_1_246' title='bbox 2461 472 2607 537; x_wconf 90' lang='lat' dir='ltr'><strong>Quod</strong></span> <span class='ocrx_word' id='word_1_247' title='bbox 2631 472 2674 525; x_wconf 89' lang='lat' dir='ltr'><strong>si</strong></span> <span class='ocrx_word' id='word_1_248' title='bbox 2701 469 2789 522; x_wconf 84' lang='lat' dir='ltr'><strong>alii</strong></span> <span class='ocrx_word' id='word_1_249' title='bbox 2817 479 2941 522; x_wconf 91' lang='lat' dir='ltr'><strong>sunt</strong></span> <span class='ocrx_word' id='word_1_250' title='bbox 2969 473 3057 538; x_wconf 88' lang='lat' dir='ltr'><strong>qui</strong></span> <span class='ocrx_word' id='word_1_251' title='bbox 3076 472 3295 540; x_wconf 74' lang='lat' dir='ltr'><strong>diligunt</strong></span> <span class='ocrx_word' id='word_1_252' title='bbox 3323 475 3506 538; x_wconf 89' lang='lat' dir='ltr'><strong>Deum,</strong></span> 
     </span>
    </p>
   </div>
   <div class='ocr_carea' id='block_1_35' title="bbox 1985 557 3506 626">
    <p class='ocr_par' dir='ltr' id='par_1_35' title="bbox 1985 557 3506 626">
     <span class='ocr_line' id='line_1_35' title="bbox 1985 557 3506 626; baseline 0.002 -14"><span class='ocrx_word' id='word_1_253' title='bbox 1985 571 2037 612; x_wconf 91' lang='lat' dir='ltr'><strong>et</strong></span> <span class='ocrx_word' id='word_1_254' title='bbox 2068 561 2152 612; x_wconf 89' lang='lat' dir='ltr'><strong>alii</strong></span> <span class='ocrx_word' id='word_1_255' title='bbox 2181 561 2268 626; x_wconf 85' lang='lat' dir='ltr'><strong>qui</strong></span> <span class='ocrx_word' id='word_1_256' title='bbox 2314 560 2557 626; x_wconf 77' lang='lat' dir='ltr'><strong>spiritum</strong></span> <span class='ocrx_word' id='word_1_257' title='bbox 2604 557 2880 611; x_wconf 88' lang='lat' dir='ltr'><strong>servitutis</strong></span> <span class='ocrx_word' id='word_1_258' title='bbox 2913 559 3196 625; x_wconf 88' lang='lat' dir='ltr'><strong>accipiunt,</strong></span> <span class='ocrx_word' id='word_1_259' title='bbox 3227 560 3506 615; x_wconf 83' lang='lat' dir='ltr'><strong>videndum</strong></span> 
     </span>
    </p>
   </div>
   <div class='ocr_carea' id='block_1_36' title="bbox 1987 643 3506 712">
    <p class='ocr_par' dir='ltr' id='par_1_36' title="bbox 1987 643 3506 712">
     <span class='ocr_line' id='line_1_36' title="bbox 1987 643 3506 712; baseline 0.001 -13"><span class='ocrx_word' id='word_1_260' title='bbox 1987 657 2068 699; x_wconf 87' lang='lat' dir='ltr'><strong>est</strong></span> <span class='ocrx_word' id='word_1_261' title='bbox 2109 663 2173 699; x_wconf 90' lang='lat' dir='ltr'><strong>ne</strong></span> <span class='ocrx_word' id='word_1_262' title='bbox 2201 648 2333 700; x_wconf 87' lang='lat' dir='ltr'><strong>fnrte</strong></span> <span class='ocrx_word' id='word_1_263' title='bbox 2369 656 2422 696; x_wconf 86' lang='lat' dir='ltr'><strong>et</strong></span> <span class='ocrx_word' id='word_1_264' title='bbox 2461 647 2559 697; x_wconf 84' lang='lat' dir='ltr'><strong>hoc</strong></span> <span class='ocrx_word' id='word_1_265' title='bbox 2585 645 2722 709; x_wconf 90' lang='lat' dir='ltr'><strong>quod</strong></span> <span class='ocrx_word' id='word_1_266' title='bbox 2754 643 2899 704; x_wconf 86' lang='lat' dir='ltr'><strong>dicit,</strong></span> <span class='ocrx_word' id='word_1_267' title='bbox 2931 661 2950 694; x_wconf 91' lang='grc' dir='ltr'><strong>ι</strong></span> <span class='ocrx_word' id='word_1_268' title='bbox 2982 645 3073 698; x_wconf 86' lang='lat' dir='ltr'><strong>llis</strong></span> <span class='ocrx_word' id='word_1_269' title='bbox 3099 648 3186 712; x_wconf 83' lang='lat' dir='ltr'><strong>qui</strong></span> <span class='ocrx_word' id='word_1_270' title='bbox 3221 651 3506 701; x_wconf 84' lang='lat' dir='ltr'><strong>secundum</strong></span> 
     </span>
    </p>
   </div>
   <div class='ocr_carea' id='block_1_37' title="bbox 1985 736 3512 804">
    <p class='ocr_par' dir='ltr' id='par_1_37' title="bbox 1985 736 3512 804">
     <span class='ocr_line' id='line_1_37' title="bbox 1985 736 3512 804; baseline 0.004 -18"><span class='ocrx_word' id='word_1_271' title='bbox 1985 739 2306 804; x_wconf 88' lang='lat' dir='ltr'><strong>propositum</strong></span> <span class='ocrx_word' id='word_1_272' title='bbox 2345 736 2516 788; x_wconf 80' lang='lat' dir='ltr'><strong>vocati</strong></span> <span class='ocrx_word' id='word_1_273' title='bbox 2560 743 2702 794; x_wconf 86' lang='lat' dir='ltr'><strong>sunt,</strong></span> <span class='ocrx_word' id='word_1_274' title='bbox 2736 752 2754 783; x_wconf 74' lang='grc' dir='ltr'><strong>ι</strong></span> <span class='ocrx_word' id='word_1_275' title='bbox 2787 744 2861 797; x_wconf 88' lang='lat' dir='ltr'><strong>et,</strong></span> <span class='ocrx_word' id='word_1_276' title='bbox 2895 755 2916 787; x_wconf 79' lang='grc' dir='ltr'><strong>ι</strong></span> <span class='ocrx_word' id='word_1_277' title='bbox 2948 737 3091 800; x_wconf 81' lang='lat' dir='ltr'><strong>Quos</strong></span> <span class='ocrx_word' id='word_1_278' title='bbox 3149 737 3434 804; x_wconf 67' lang='lat' dir='ltr'><strong>praescivit,</strong></span> <span class='ocrx_word' id='word_1_279' title='bbox 3458 749 3512 792; x_wconf 87' lang='lat' dir='ltr'><strong>et</strong></span> 
     </span>
    </p>
   </div>
   <div class='ocr_carea' id='block_1_38' title="bbox 1985 826 3504 895">
    <p class='ocr_par' dir='ltr' id='par_1_38' title="bbox 1985 826 3504 895">
     <span class='ocr_line' id='line_1_38' title="bbox 1985 826 3504 895; baseline 0.001 -18"><span class='ocrx_word' id='word_1_280' title='bbox 1985 827 2386 893; x_wconf 60' lang='lat' dir='ltr'><strong>prmdestinavit&#39;</strong></span> <span class='ocrx_word' id='word_1_281' title='bbox 2418 828 2719 880; x_wconf 85' lang='lat' dir='ltr'><strong>conformes</strong></span> <span class='ocrx_word' id='word_1_282' title='bbox 2769 829 2880 880; x_wconf 86' lang='lat' dir='ltr'><strong>lieri</strong></span> <span class='ocrx_word' id='word_1_283' title='bbox 2923 826 3169 895; x_wconf 75' lang='lat' dir='ltr'><strong>imaginis</strong></span> <span class='ocrx_word' id='word_1_284' title='bbox 3201 827 3318 880; x_wconf 86' lang='lat' dir='ltr'><strong>Filii</strong></span> <span class='ocrx_word' id='word_1_285' title='bbox 3347 831 3451 891; x_wconf 90' lang='lat' dir='ltr'><strong>sui,</strong></span> <span class='ocrx_word' id='word_1_286' title='bbox 3487 848 3504 878; x_wconf 82' lang='grc' dir='ltr'><strong>ι</strong></span> 
     </span>
    </p>
   </div>
   <div class='ocr_carea' id='block_1_39' title="bbox 1985 913 3506 981">
    <p class='ocr_par' dir='ltr' id='par_1_39' title="bbox 1985 913 3506 981">
     <span class='ocr_line' id='line_1_39' title="bbox 1985 913 3506 981; baseline 0.003 -17"><span class='ocrx_word' id='word_1_287' title='bbox 1985 927 2088 964; x_wconf 83' lang='lat' dir='ltr'><strong>non</strong></span> <span class='ocrx_word' id='word_1_288' title='bbox 2121 915 2407 966; x_wconf 78' lang='lat' dir='ltr'><strong>conveniat</strong></span> <span class='ocrx_word' id='word_1_289' title='bbox 2441 913 2544 966; x_wconf 67' lang='lat' dir='ltr'><strong>illis</strong></span> <span class='ocrx_word' id='word_1_290' title='bbox 2594 914 2682 981; x_wconf 90' lang='lat' dir='ltr'><strong>qui</strong></span> <span class='ocrx_word' id='word_1_291' title='bbox 2716 916 2766 965; x_wconf 93' lang='lat' dir='ltr'><strong>iu</strong></span> <span class='ocrx_word' id='word_1_292' title='bbox 2801 915 2992 976; x_wconf 79' lang='lat' dir='ltr'><strong>spiritu</strong></span> <span class='ocrx_word' id='word_1_293' title='bbox 3041 916 3314 967; x_wconf 82' lang='lat' dir='ltr'><strong>servitutis</strong></span> <span class='ocrx_word' id='word_1_294' title='bbox 3362 929 3506 968; x_wconf 88' lang='lat' dir='ltr'><strong>sunt.</strong></span> 
     </span>
    </p>
   </div>
   <div class='ocr_carea' id='block_1_40' title="bbox 1984 997 3506 1067">
    <p class='ocr_par' dir='ltr' id='par_1_40' title="bbox 1984 997 3506 1067">
     <span class='ocr_line' id='line_1_40' title="bbox 1984 997 3506 1067; baseline 0.003 -18"><span class='ocrx_word' id='word_1_295' title='bbox 1984 997 2213 1051; x_wconf 77' lang='lat' dir='ltr'><strong>Possunt</strong></span> <span class='ocrx_word' id='word_1_296' title='bbox 2239 999 2374 1052; x_wconf 86' lang='lat' dir='ltr'><strong>enim</strong></span> <span class='ocrx_word' id='word_1_297' title='bbox 2396 999 2562 1051; x_wconf 82' lang='lat' dir='ltr'><strong>et&#39;ilti</strong></span> <span class='ocrx_word' id='word_1_298' title='bbox 2595 1001 2766 1051; x_wconf 88' lang='lat' dir='ltr'><strong>vocati</strong></span> <span class='ocrx_word' id='word_1_299' title='bbox 2794 1000 3006 1067; x_wconf 87' lang='lat' dir='ltr'><strong>quidem</strong></span> <span class='ocrx_word' id='word_1_300' title='bbox 3047 1002 3174 1065; x_wconf 89' lang='lat' dir='ltr'><strong>dici,</strong></span> <span class='ocrx_word' id='word_1_301' title='bbox 3201 1016 3305 1054; x_wconf 87' lang='lat' dir='ltr'><strong>non</strong></span> <span class='ocrx_word' id='word_1_302' title='bbox 3337 1012 3506 1056; x_wconf 83' lang='lat' dir='ltr'><strong>tamen</strong></span> 
     </span>
    </p>
   </div>
   <div class='ocr_carea' id='block_1_41' title="bbox 1991 1089 3505 1161">
    <p class='ocr_par' dir='ltr' id='par_1_41' title="bbox 1991 1089 3505 1161">
     <span class='ocr_line' id='line_1_41' title="bbox 1991 1089 3505 1161; baseline 0.001 -22"><span class='ocrx_word' id='word_1_303' title='bbox 1991 1106 2011 1139; x_wconf 83' lang='grc' dir='ltr'><strong>ι</strong></span> <span class='ocrx_word' id='word_1_304' title='bbox 2038 1089 2322 1140; x_wconf 85' lang='lat' dir='ltr'><strong>secundum</strong></span> <span class='ocrx_word' id='word_1_305' title='bbox 2367 1090 2688 1156; x_wconf 84' lang='lat' dir='ltr'><strong>prepositnm</strong></span> <span class='ocrx_word' id='word_1_306' title='bbox 2711 1105 2729 1137; x_wconf 83' lang='grc' dir='ltr'><strong>ι</strong></span> <span class='ocrx_word' id='word_1_307' title='bbox 2768 1092 2981 1142; x_wconf 80' lang='lat' dir='ltr'><strong>vocati:</strong></span> <span class='ocrx_word' id='word_1_308' title='bbox 3014 1100 3070 1143; x_wconf 90' lang='lat' dir='ltr'><strong>et</strong></span> <span class='ocrx_word' id='word_1_309' title='bbox 3109 1103 3207 1158; x_wconf 89' lang='lat' dir='ltr'><strong>pro</strong></span> <span class='ocrx_word' id='word_1_310' title='bbox 3263 1105 3328 1144; x_wconf 90' lang='lat' dir='ltr'><strong>eo</strong></span> <span class='ocrx_word' id='word_1_311' title='bbox 3365 1094 3505 1161; x_wconf 88' lang='lat' dir='ltr'><strong>quod</strong></span> 
     </span>
    </p>
   </div>
   <div class='ocr_carea' id='block_1_42' title="bbox 1984 1177 3508 1246">
    <p class='ocr_par' dir='ltr' id='par_1_42' title="bbox 1984 1177 3508 1246">
     <span class='ocr_line' id='line_1_42' title="bbox 1984 1177 3508 1246; baseline 0.004 -16"><span class='ocrx_word' id='word_1_312' title='bbox 1984 1177 2158 1230; x_wconf 82' lang='lat' dir='ltr'><strong>adhuc</strong></span> <span class='ocrx_word' id='word_1_313' title='bbox 2189 1177 2240 1229; x_wconf 92' lang='lat' dir='ltr'><strong>iu</strong></span> <span class='ocrx_word' id='word_1_314' title='bbox 2265 1177 2449 1243; x_wconf 79' lang='lat' dir='ltr'><strong>spiritu</strong></span> <span class='ocrx_word' id='word_1_315' title='bbox 2481 1178 2750 1230; x_wconf 83' lang='lat' dir='ltr'><strong>servitutis</strong></span> <span class='ocrx_word' id='word_1_316' title='bbox 2771 1189 2919 1240; x_wconf 89' lang='lat' dir='ltr'><strong>sunt,</strong></span> <span class='ocrx_word' id='word_1_317' title='bbox 2952 1195 3056 1231; x_wconf 91' lang='lat' dir='ltr'><strong>non</strong></span> <span class='ocrx_word' id='word_1_318' title='bbox 3091 1191 3312 1246; x_wconf 89' lang='lat' dir='ltr'><strong>possunt</strong></span> <span class='ocrx_word' id='word_1_319' title='bbox 3347 1183 3508 1236; x_wconf 86' lang='lat' dir='ltr'><strong>statui</strong></span> 
     </span>
    </p>
   </div>
   <div class='ocr_carea' id='block_1_43' title="bbox 1955 1267 3508 1338">
    <p class='ocr_par' dir='ltr' id='par_1_43' title="bbox 1955 1267 3508 1338">
     <span class='ocr_line' id='line_1_43' title="bbox 1955 1267 3508 1338; baseline 0.004 -18"><span class='ocrx_word' id='word_1_320' title='bbox 1955 1303 1960 1310; x_wconf 67' lang='grc' dir='ltr'><strong>ι</strong></span> <span class='ocrx_word' id='word_1_321' title='bbox 1984 1270 2118 1321; x_wconf 91' lang='lat' dir='ltr'><strong>inter</strong></span> <span class='ocrx_word' id='word_1_322' title='bbox 2145 1268 2335 1321; x_wconf 87' lang='lat' dir='ltr'><strong>multos</strong></span> <span class='ocrx_word' id='word_1_323' title='bbox 2363 1267 2558 1321; x_wconf 78' lang='lat' dir='ltr'><strong>fratres</strong></span> <span class='ocrx_word' id='word_1_324' title='bbox 2588 1284 2812 1337; x_wconf 90' lang='lat' dir='ltr'><strong>quorum</strong></span> <span class='ocrx_word' id='word_1_325' title='bbox 2842 1269 3223 1338; x_wconf 78' lang='lat' dir='ltr'><strong>primogenitus</strong></span> <span class='ocrx_word' id='word_1_326' title='bbox 3249 1283 3329 1324; x_wconf 88' lang='lat' dir='ltr'><strong>est</strong></span> <span class='ocrx_word' id='word_1_327' title='bbox 3367 1273 3508 1326; x_wconf 82' lang='lat' dir='ltr'><strong>ﬁlius</strong></span> 
     </span>
    </p>
   </div>
   <div class='ocr_carea' id='block_1_44' title="bbox 1983 1357 3509 1426">
    <p class='ocr_par' dir='ltr' id='par_1_44' title="bbox 1983 1357 3509 1426">
     <span class='ocr_line' id='line_1_44' title="bbox 1983 1357 3509 1426; baseline 0.003 -16"><span class='ocrx_word' id='word_1_328' title='bbox 1983 1358 2282 1421; x_wconf 89' lang='lat' dir='ltr'><strong>charitatis,</strong></span> <span class='ocrx_word' id='word_1_329' title='bbox 2315 1366 2369 1409; x_wconf 89' lang='lat' dir='ltr'><strong>et</strong></span> <span class='ocrx_word' id='word_1_330' title='bbox 2397 1375 2414 1406; x_wconf 88' lang='grc' dir='ltr'><strong>ι</strong></span> <span class='ocrx_word' id='word_1_331' title='bbox 2444 1357 2620 1425; x_wconf 74' lang='lat' dir='ltr'><strong>imago</strong></span> <span class='ocrx_word' id='word_1_332' title='bbox 2669 1357 2949 1410; x_wconf 82' lang='lat' dir='ltr'><strong>invisibilis</strong></span> <span class='ocrx_word' id='word_1_333' title='bbox 2991 1358 3102 1418; x_wconf 81' lang='lat' dir='ltr'><strong>Dei.</strong></span> <span class='ocrx_word' id='word_1_334' title='bbox 3127 1375 3146 1408; x_wconf 76' lang='grc' dir='ltr'><strong>ι</strong></span> <span class='ocrx_word' id='word_1_335' title='bbox 3184 1373 3246 1411; x_wconf 90' lang='lat' dir='ltr'><strong>ac</strong></span> <span class='ocrx_word' id='word_1_336' title='bbox 3276 1359 3509 1426; x_wconf 71' lang='lat' dir='ltr'><strong>«prime-</strong></span> 
     </span>
    </p>
   </div>
   <div class='ocr_carea' id='block_1_45' title="bbox 1959 1445 3504 1514">
    <p class='ocr_par' dir='ltr' id='par_1_45' title="bbox 1959 1445 3504 1514">
     <span class='ocr_line' id='line_1_45' title="bbox 1959 1445 3504 1514; baseline 0.004 -18"><span class='ocrx_word' id='word_1_337' title='bbox 1959 1447 2194 1513; x_wconf 29' lang='lat' dir='ltr'><strong>‘geuitus</strong></span> <span class='ocrx_word' id='word_1_338' title='bbox 2218 1446 2391 1499; x_wconf 89' lang='lat' dir='ltr'><strong>omnis</strong></span> <span class='ocrx_word' id='word_1_339' title='bbox 2407 1456 2666 1498; x_wconf 64' lang='lat' dir='ltr'><strong>creaturae</strong></span> <span class='ocrx_word' id='word_1_340' title='bbox 2685 1447 2747 1498; x_wconf 77' lang='grc'><strong>⁸⁸.</strong></span> <span class='ocrx_word' id='word_1_341' title='bbox 2776 1466 2794 1498; x_wconf 79' lang='grc' dir='ltr'><strong>ι</strong></span> <span class='ocrx_word' id='word_1_342' title='bbox 2837 1445 2940 1500; x_wconf 85' lang='lat' dir='ltr'><strong>Sed</strong></span> <span class='ocrx_word' id='word_1_343' title='bbox 2966 1455 3020 1498; x_wconf 91' lang='lat' dir='ltr'><strong>et</strong></span> <span class='ocrx_word' id='word_1_344' title='bbox 3049 1448 3146 1500; x_wconf 90' lang='lat' dir='ltr'><strong>hoc</strong></span> <span class='ocrx_word' id='word_1_345' title='bbox 3165 1449 3306 1514; x_wconf 90' lang='lat' dir='ltr'><strong>quod</strong></span> <span class='ocrx_word' id='word_1_346' title='bbox 3339 1450 3468 1502; x_wconf 76' lang='lat' dir='ltr'><strong>dixit</strong></span> <span class='ocrx_word' id='word_1_347' title='bbox 3491 1468 3504 1502; x_wconf 92' lang='lat'><strong>:</strong></span> 
     </span>
    </p>
   </div>
   <div class='ocr_carea' id='block_1_46' title="bbox 1989 1534 3509 1604">
    <p class='ocr_par' dir='ltr' id='par_1_46' title="bbox 1989 1534 3509 1604">
     <span class='ocr_line' id='line_1_46' title="bbox 1989 1534 3509 1604; baseline 0.006 -21"><span class='ocrx_word' id='word_1_348' title='bbox 1989 1534 2331 1588; x_wconf 72' lang='lat' dir='ltr'><strong>«Conformes</strong></span> <span class='ocrx_word' id='word_1_349' title='bbox 2351 1536 2508 1604; x_wconf 68' lang='lat'><strong>603</strong></span> <span class='ocrx_word' id='word_1_350' title='bbox 2531 1537 2772 1601; x_wconf 73' lang='lat' dir='ltr'><strong>imaginis</strong></span> <span class='ocrx_word' id='word_1_351' title='bbox 2792 1536 2909 1588; x_wconf 85' lang='lat' dir='ltr'><strong>Filii</strong></span> <span class='ocrx_word' id='word_1_352' title='bbox 2928 1537 3029 1596; x_wconf 91' lang='lat' dir='ltr'><strong>sui,</strong></span> <span class='ocrx_word' id='word_1_353' title='bbox 3051 1554 3070 1584; x_wconf 70' lang='grc' dir='ltr'><strong>ι</strong></span> <span class='ocrx_word' id='word_1_354' title='bbox 3095 1537 3216 1588; x_wconf 89' lang='lat' dir='ltr'><strong>volo</strong></span> <span class='ocrx_word' id='word_1_355' title='bbox 3235 1540 3509 1603; x_wconf 83' lang='lat' dir='ltr'><strong>requirere</strong></span> 
     </span>
    </p>
   </div>
   <div class='ocr_carea' id='block_1_47' title="bbox 1984 1625 3505 1696">
    <p class='ocr_par' dir='ltr' id='par_1_47' title="bbox 1984 1625 3505 1696">
     <span class='ocr_line' id='line_1_47' title="bbox 1984 1625 3505 1696; baseline 0.002 -18"><span class='ocrx_word' id='word_1_356' title='bbox 1984 1625 2132 1690; x_wconf 88' lang='lat' dir='ltr'><strong>cujus</strong></span> <span class='ocrx_word' id='word_1_357' title='bbox 2155 1626 2336 1677; x_wconf 78' lang='lat' dir='ltr'><strong>forma:</strong></span> <span class='ocrx_word' id='word_1_358' title='bbox 2364 1627 2662 1679; x_wconf 84' lang='lat' dir='ltr'><strong>conformes</strong></span> <span class='ocrx_word' id='word_1_359' title='bbox 2693 1626 2804 1680; x_wconf 73' lang='lat' dir='ltr'><strong>fieri</strong></span> <span class='ocrx_word' id='word_1_360' title='bbox 2833 1627 3077 1678; x_wconf 86' lang='lat' dir='ltr'><strong>dicantur</strong></span> <span class='ocrx_word' id='word_1_361' title='bbox 3101 1627 3232 1696; x_wconf 84' lang='lat'><strong>(56).</strong></span> <span class='ocrx_word' id='word_1_362' title='bbox 3261 1628 3505 1696; x_wconf 80' lang='lat' dir='ltr'><strong>Legimus</strong></span> 
     </span>
    </p>
   </div>
   <div class='ocr_carea' id='block_1_48' title="bbox 1982 1715 3508 1784">
    <p class='ocr_par' dir='ltr' id='par_1_48' title="bbox 1982 1715 3508 1784">
     <span class='ocr_line' id='line_1_48' title="bbox 1982 1715 3508 1784; baseline 0.005 -18"><span class='ocrx_word' id='word_1_363' title='bbox 1982 1715 2122 1766; x_wconf 86' lang='lat' dir='ltr'><strong>enim</strong></span> <span class='ocrx_word' id='word_1_364' title='bbox 2145 1715 2332 1767; x_wconf 88' lang='lat' dir='ltr'><strong>Filium</strong></span> <span class='ocrx_word' id='word_1_365' title='bbox 2358 1715 2448 1768; x_wconf 84' lang='lat' dir='ltr'><strong>Dei</strong></span> <span class='ocrx_word' id='word_1_366' title='bbox 2468 1716 2748 1783; x_wconf 88' lang='lat' dir='ltr'><strong>aliquando</strong></span> <span class='ocrx_word' id='word_1_367' title='bbox 2767 1717 2816 1767; x_wconf 92' lang='lat' dir='ltr'><strong>in</strong></span> <span class='ocrx_word' id='word_1_368' title='bbox 2839 1717 3003 1767; x_wconf 84' lang='lat' dir='ltr'><strong>forma</strong></span> <span class='ocrx_word' id='word_1_369' title='bbox 3021 1717 3132 1777; x_wconf 86' lang='lat' dir='ltr'><strong>Dei,</strong></span> <span class='ocrx_word' id='word_1_370' title='bbox 3148 1719 3433 1784; x_wconf 85' lang='lat' dir='ltr'><strong>aliquando</strong></span> <span class='ocrx_word' id='word_1_371' title='bbox 3453 1719 3508 1772; x_wconf 89' lang='lat' dir='ltr'><strong>in</strong></span> 
     </span>
    </p>
   </div>
   <div class='ocr_carea' id='block_1_49' title="bbox 1984 1797 3506 1867">
    <p class='ocr_par' dir='ltr' id='par_1_49' title="bbox 1984 1797 3506 1867">
     <span class='ocr_line' id='line_1_49' title="bbox 1984 1797 3506 1867; baseline 0.005 -17"><span class='ocrx_word' id='word_1_372' title='bbox 1984 1797 2150 1850; x_wconf 84' lang='lat' dir='ltr'><strong>forma</strong></span> <span class='ocrx_word' id='word_1_373' title='bbox 2175 1799 2312 1850; x_wconf 88' lang='lat' dir='ltr'><strong>servi</strong></span> <span class='ocrx_word' id='word_1_374' title='bbox 2340 1813 2455 1852; x_wconf 86' lang='lat' dir='ltr'><strong>esse</strong></span> <span class='ocrx_word' id='word_1_375' title='bbox 2486 1801 2712 1867; x_wconf 89' lang='lat' dir='ltr'><strong>positum</strong></span> <span class='ocrx_word' id='word_1_376' title='bbox 2740 1801 2802 1853; x_wconf 75' lang='grc'><strong>⁸⁸⁸.</strong></span> <span class='ocrx_word' id='word_1_377' title='bbox 2823 1801 2916 1853; x_wconf 91' lang='lat' dir='ltr'><strong>Cui</strong></span> <span class='ocrx_word' id='word_1_378' title='bbox 2948 1817 3075 1866; x_wconf 70' lang='lat' dir='ltr'><strong>ergo</strong></span> <span class='ocrx_word' id='word_1_379' title='bbox 3111 1803 3294 1857; x_wconf 73' lang='lat' dir='ltr'><strong>format</strong></span> <span class='ocrx_word' id='word_1_380' title='bbox 3321 1805 3506 1857; x_wconf 87' lang='lat' dir='ltr'><strong>harum</strong></span> 
     </span>
    </p>
   </div>
   <div class='ocr_carea' id='block_1_50' title="bbox 1983 1888 3506 1962">
    <p class='ocr_par' dir='ltr' id='par_1_50' title="bbox 1983 1888 3506 1962">
     <span class='ocr_line' id='line_1_50' title="bbox 1983 1888 3506 1962; baseline 0.006 -24"><span class='ocrx_word' id='word_1_381' title='bbox 1983 1888 2203 1939; x_wconf 88' lang='lat' dir='ltr'><strong>duarum</strong></span> <span class='ocrx_word' id='word_1_382' title='bbox 2234 1890 2534 1943; x_wconf 83' lang='lat' dir='ltr'><strong>conformes</strong></span> <span class='ocrx_word' id='word_1_383' title='bbox 2566 1891 2704 1943; x_wconf 89' lang='lat' dir='ltr'><strong>dicat</strong></span> <span class='ocrx_word' id='word_1_384' title='bbox 2753 1891 2958 1944; x_wconf 85' lang='lat' dir='ltr'><strong>futuros</strong></span> <span class='ocrx_word' id='word_1_385' title='bbox 2985 1894 3263 1958; x_wconf 78' lang='lat' dir='ltr'><strong>Apostolus</strong></span> <span class='ocrx_word' id='word_1_386' title='bbox 3291 1909 3384 1947; x_wconf 89' lang='lat' dir='ltr'><strong>eos</strong></span> <span class='ocrx_word' id='word_1_387' title='bbox 3413 1896 3506 1962; x_wconf 87' lang='lat' dir='ltr'><strong>qui</strong></span> 
     </span>
    </p>
   </div>
   <div class='ocr_carea' id='block_1_51' title="bbox 1982 1976 3508 2048">
    <p class='ocr_par' dir='ltr' id='par_1_51' title="bbox 1982 1976 3508 2048">
     <span class='ocr_line' id='line_1_51' title="bbox 1982 1976 3508 2048; baseline 0.003 -22"><span class='ocrx_word' id='word_1_388' title='bbox 1982 1976 2206 2043; x_wconf 81' lang='lat' dir='ltr'><strong>diligunt</strong></span> <span class='ocrx_word' id='word_1_389' title='bbox 2239 1977 2423 2041; x_wconf 91' lang='lat' dir='ltr'><strong>Deum,</strong></span> <span class='ocrx_word' id='word_1_390' title='bbox 2457 1989 2509 2031; x_wconf 92' lang='lat' dir='ltr'><strong>et</strong></span> <span class='ocrx_word' id='word_1_391' title='bbox 2534 1982 2724 2046; x_wconf 83' lang='lat' dir='ltr'><strong>quibus</strong></span> <span class='ocrx_word' id='word_1_392' title='bbox 2749 1981 2921 2031; x_wconf 87' lang='lat' dir='ltr'><strong>omnia</strong></span> <span class='ocrx_word' id='word_1_393' title='bbox 2952 1989 3304 2048; x_wconf 83' lang='lat' dir='ltr'><strong>coeperantur</strong></span> <span class='ocrx_word' id='word_1_394' title='bbox 3336 1983 3386 2034; x_wconf 91' lang='lat' dir='ltr'><strong>in</strong></span> <span class='ocrx_word' id='word_1_395' title='bbox 3413 1985 3508 2034; x_wconf 72' lang='lat' dir='ltr'><strong>ho-</strong></span> 
     </span>
    </p>
   </div>
   <div class='ocr_carea' id='block_1_52' title="bbox 1983 2068 3504 2130">
    <p class='ocr_par' dir='ltr' id='par_1_52' title="bbox 1983 2068 3504 2130">
     <span class='ocr_line' id='line_1_52' title="bbox 1983 2068 3504 2130; baseline 0.003 -14"><span class='ocrx_word' id='word_1_396' title='bbox 1983 2080 2132 2130; x_wconf 92' lang='lat' dir='ltr'><strong>num,</strong></span> <span class='ocrx_word' id='word_1_397' title='bbox 2171 2080 2277 2118; x_wconf 83' lang='lat' dir='ltr'><strong>non</strong></span> <span class='ocrx_word' id='word_1_398' title='bbox 2310 2068 2466 2119; x_wconf 90' lang='lat' dir='ltr'><strong>otiosi</strong></span> <span class='ocrx_word' id='word_1_399' title='bbox 2500 2069 2624 2119; x_wconf 90' lang='lat' dir='ltr'><strong>mihi</strong></span> <span class='ocrx_word' id='word_1_400' title='bbox 2649 2069 2857 2120; x_wconf 88' lang='lat' dir='ltr'><strong>videtur</strong></span> <span class='ocrx_word' id='word_1_401' title='bbox 2891 2082 3008 2120; x_wconf 89' lang='lat' dir='ltr'><strong>esse</strong></span> <span class='ocrx_word' id='word_1_402' title='bbox 3035 2069 3378 2122; x_wconf 83' lang='lat' dir='ltr'><strong>discriminis.</strong></span> <span class='ocrx_word' id='word_1_403' title='bbox 3402 2071 3504 2122; x_wconf 82' lang='lat' dir='ltr'><strong>Ar-</strong></span> 
     </span>
    </p>
   </div>
   <div class='ocr_carea' id='block_1_53' title="bbox 1983 2151 3506 2220">
    <p class='ocr_par' dir='ltr' id='par_1_53' title="bbox 1983 2151 3506 2220">
     <span class='ocr_line' id='line_1_53' title="bbox 1983 2151 3506 2220; baseline 0.004 -18"><span class='ocrx_word' id='word_1_404' title='bbox 1983 2151 2151 2203; x_wconf 87' lang='lat' dir='ltr'><strong>bitror</strong></span> <span class='ocrx_word' id='word_1_405' title='bbox 2181 2167 2308 2219; x_wconf 80' lang='lat' dir='ltr'><strong>ergo</strong></span> <span class='ocrx_word' id='word_1_406' title='bbox 2339 2155 2628 2205; x_wconf 86' lang='lat' dir='ltr'><strong>secundum</strong></span> <span class='ocrx_word' id='word_1_407' title='bbox 2665 2168 2727 2205; x_wconf 88' lang='lat' dir='ltr'><strong>ea</strong></span> <span class='ocrx_word' id='word_1_408' title='bbox 2757 2168 2877 2220; x_wconf 65' lang='lat' dir='ltr'><strong>quae</strong></span> <span class='ocrx_word' id='word_1_409' title='bbox 2912 2155 2962 2205; x_wconf 90' lang='lat' dir='ltr'><strong>itt</strong></span> <span class='ocrx_word' id='word_1_410' title='bbox 3003 2154 3120 2206; x_wconf 84' lang='lat' dir='ltr'><strong>aliis</strong></span> <span class='ocrx_word' id='word_1_411' title='bbox 3148 2155 3282 2206; x_wconf 88' lang='lat' dir='ltr'><strong>idem</strong></span> <span class='ocrx_word' id='word_1_412' title='bbox 3312 2156 3506 2208; x_wconf 78' lang='lat' dir='ltr'><strong>Paulus</strong></span> 
     </span>
    </p>
   </div>
   <div class='ocr_carea' id='block_1_54' title="bbox 1981 2241 3505 2314">
    <p class='ocr_par' dir='ltr' id='par_1_54' title="bbox 1981 2241 3505 2314">
     <span class='ocr_line' id='line_1_54' title="bbox 1981 2241 3505 2314; baseline 0.003 -20"><span class='ocrx_word' id='word_1_413' title='bbox 1981 2241 2242 2308; x_wconf 78' lang='lat' dir='ltr'><strong>designat,</strong></span> <span class='ocrx_word' id='word_1_414' title='bbox 2287 2242 2372 2295; x_wconf 89' lang='lat' dir='ltr'><strong>ubi</strong></span> <span class='ocrx_word' id='word_1_415' title='bbox 2397 2243 2563 2295; x_wconf 91' lang='lat' dir='ltr'><strong>dicit:</strong></span> <span class='ocrx_word' id='word_1_416' title='bbox 2603 2244 2813 2296; x_wconf 65' lang='lat' dir='ltr'><strong>«Filioli</strong></span> <span class='ocrx_word' id='word_1_417' title='bbox 2850 2247 2952 2298; x_wconf 91' lang='lat' dir='ltr'><strong>mei</strong></span> <span class='ocrx_word' id='word_1_418' title='bbox 2991 2260 3124 2312; x_wconf 84' lang='lat' dir='ltr'><strong>quos</strong></span> <span class='ocrx_word' id='word_1_419' title='bbox 3152 2246 3340 2298; x_wconf 85' lang='lat' dir='ltr'><strong>iterum</strong></span> <span class='ocrx_word' id='word_1_420' title='bbox 3383 2262 3505 2314; x_wconf 86' lang='lat' dir='ltr'><strong>par-</strong></span> 
     </span>
    </p>
   </div>
   <div class='ocr_carea' id='block_1_55' title="bbox 1982 2331 3503 2397">
    <p class='ocr_par' dir='ltr' id='par_1_55' title="bbox 1982 2331 3503 2397">
     <span class='ocr_line' id='line_1_55' title="bbox 1982 2331 3503 2397; baseline 0.005 -17"><span class='ocrx_word' id='word_1_421' title='bbox 1982 2331 2140 2391; x_wconf 88' lang='lat' dir='ltr'><strong>turio,</strong></span> <span class='ocrx_word' id='word_1_422' title='bbox 2158 2333 2328 2383; x_wconf 85' lang='lat' dir='ltr'><strong>donec</strong></span> <span class='ocrx_word' id='word_1_423' title='bbox 2352 2331 2616 2383; x_wconf 82' lang='lat' dir='ltr'><strong>formetur</strong></span> <span class='ocrx_word' id='word_1_424' title='bbox 2638 2332 2880 2386; x_wconf 86' lang='lat' dir='ltr'><strong>Christus</strong></span> <span class='ocrx_word' id='word_1_425' title='bbox 2898 2333 2951 2385; x_wconf 92' lang='lat' dir='ltr'><strong>iu</strong></span> <span class='ocrx_word' id='word_1_426' title='bbox 2974 2333 3204 2397; x_wconf 78' lang='lat' dir='ltr'><strong>vobis&quot;,</strong></span> <span class='ocrx_word' id='word_1_427' title='bbox 3236 2351 3256 2384; x_wconf 71' lang='grc' dir='ltr'><strong>ι</strong></span> <span class='ocrx_word' id='word_1_428' title='bbox 3285 2333 3503 2387; x_wconf 85' lang='lat' dir='ltr'><strong>formari</strong></span> 
     </span>
    </p>
   </div>
   <div class='ocr_carea' id='block_1_56' title="bbox 1979 2418 3507 2488">
    <p class='ocr_par' dir='ltr' id='par_1_56' title="bbox 1979 2418 3507 2488">
     <span class='ocr_line' id='line_1_56' title="bbox 1979 2418 3507 2488; baseline 0.003 -17"><span class='ocrx_word' id='word_1_429' title='bbox 1979 2418 2033 2471; x_wconf 92' lang='lat' dir='ltr'><strong>in</strong></span> <span class='ocrx_word' id='word_1_430' title='bbox 2069 2419 2146 2471; x_wconf 90' lang='lat' dir='ltr'><strong>his</strong></span> <span class='ocrx_word' id='word_1_431' title='bbox 2179 2421 2269 2488; x_wconf 88' lang='lat' dir='ltr'><strong>qui</strong></span> <span class='ocrx_word' id='word_1_432' title='bbox 2319 2421 2384 2473; x_wconf 87' lang='lat' dir='ltr'><strong>ad</strong></span> <span class='ocrx_word' id='word_1_433' title='bbox 2429 2419 2810 2487; x_wconf 86' lang='lat' dir='ltr'><strong>perfectionem</strong></span> <span class='ocrx_word' id='word_1_434' title='bbox 2855 2422 3077 2475; x_wconf 87' lang='lat' dir='ltr'><strong>tendunt</strong></span> <span class='ocrx_word' id='word_1_435' title='bbox 3114 2423 3384 2477; x_wconf 85' lang='lat' dir='ltr'><strong>Christum</strong></span> <span class='ocrx_word' id='word_1_436' title='bbox 3425 2426 3507 2477; x_wconf 84' lang='lat' dir='ltr'><strong>di-</strong></span> 
     </span>
    </p>
   </div>
   <div class='ocr_carea' id='block_1_57' title="bbox 1978 2507 3504 2576">
    <p class='ocr_par' dir='ltr' id='par_1_57' title="bbox 1978 2507 3504 2576">
     <span class='ocr_line' id='line_1_57' title="bbox 1978 2507 3504 2576; baseline 0.006 -17"><span class='ocrx_word' id='word_1_437' title='bbox 1978 2518 2064 2559; x_wconf 87' lang='lat' dir='ltr'><strong>cat</strong></span> <span class='ocrx_word' id='word_1_438' title='bbox 2089 2507 2217 2576; x_wconf 84' lang='lat'><strong>(57),</strong></span> <span class='ocrx_word' id='word_1_439' title='bbox 2243 2512 2531 2561; x_wconf 88' lang='lat' dir='ltr'><strong>secundum</strong></span> <span class='ocrx_word' id='word_1_440' title='bbox 2567 2510 2665 2562; x_wconf 94' lang='lat' dir='ltr'><strong>hoc</strong></span> <span class='ocrx_word' id='word_1_441' title='bbox 2691 2512 2830 2576; x_wconf 90' lang='lat' dir='ltr'><strong>quod</strong></span> <span class='ocrx_word' id='word_1_442' title='bbox 2857 2509 3086 2564; x_wconf 83' lang='lat' dir='ltr'><strong>Verbum</strong></span> <span class='ocrx_word' id='word_1_443' title='bbox 3117 2522 3216 2575; x_wconf 84' lang='lat' dir='ltr'><strong>est,</strong></span> <span class='ocrx_word' id='word_1_444' title='bbox 3245 2525 3300 2566; x_wconf 91' lang='lat' dir='ltr'><strong>ut</strong></span> <span class='ocrx_word' id='word_1_445' title='bbox 3344 2515 3394 2566; x_wconf 92' lang='lat' dir='ltr'><strong>in</strong></span> <span class='ocrx_word' id='word_1_446' title='bbox 3427 2515 3504 2568; x_wconf 87' lang='lat' dir='ltr'><strong>eis</strong></span> 
     </span>
    </p>
   </div>
   <div class='ocr_carea' id='block_1_58' title="bbox 1981 2595 3505 2666">
    <p class='ocr_par' dir='ltr' id='par_1_58' title="bbox 1981 2595 3505 2666">
     <span class='ocr_line' id='line_1_58' title="bbox 1981 2595 3505 2666; baseline 0.006 -19"><span class='ocrx_word' id='word_1_447' title='bbox 1981 2595 2136 2650; x_wconf 89' lang='lat' dir='ltr'><strong>Verbi</strong></span> <span class='ocrx_word' id='word_1_448' title='bbox 2169 2599 2258 2651; x_wconf 88' lang='lat' dir='ltr'><strong>Dei</strong></span> <span class='ocrx_word' id='word_1_449' title='bbox 2297 2600 2578 2652; x_wconf 88' lang='lat' dir='ltr'><strong>sinceritas</strong></span> <span class='ocrx_word' id='word_1_450' title='bbox 2624 2600 2688 2651; x_wconf 90' lang='lat' dir='ltr'><strong>ad</strong></span> <span class='ocrx_word' id='word_1_451' title='bbox 2731 2615 2919 2666; x_wconf 88' lang='lat' dir='ltr'><strong>purum</strong></span> <span class='ocrx_word' id='word_1_452' title='bbox 2964 2599 3311 2665; x_wconf 86' lang='lat' dir='ltr'><strong>iuformetur;</strong></span> <span class='ocrx_word' id='word_1_453' title='bbox 3344 2610 3398 2655; x_wconf 86' lang='lat' dir='ltr'><strong>et</strong></span> <span class='ocrx_word' id='word_1_454' title='bbox 3428 2617 3505 2656; x_wconf 82' lang='lat' dir='ltr'><strong>se-</strong></span> 
     </span>
    </p>
   </div>
   <div class='ocr_carea' id='block_1_59' title="bbox 1977 2687 3503 2763">
    <p class='ocr_par' dir='ltr' id='par_1_59' title="bbox 1977 2687 3503 2763">
     <span class='ocr_line' id='line_1_59' title="bbox 1977 2687 3503 2763; baseline 0.006 -24"><span class='ocrx_word' id='word_1_455' title='bbox 1977 2687 2206 2740; x_wconf 92' lang='lat' dir='ltr'><strong>cundum</strong></span> <span class='ocrx_word' id='word_1_456' title='bbox 2234 2689 2331 2742; x_wconf 86' lang='lat' dir='ltr'><strong>hoc</strong></span> <span class='ocrx_word' id='word_1_457' title='bbox 2349 2689 2484 2755; x_wconf 85' lang='lat' dir='ltr'><strong>quod</strong></span> <span class='ocrx_word' id='word_1_458' title='bbox 2501 2687 2698 2741; x_wconf 81' lang='lat' dir='ltr'><strong>veritas</strong></span> <span class='ocrx_word' id='word_1_459' title='bbox 2715 2700 2817 2754; x_wconf 89' lang='lat' dir='ltr'><strong>est,</strong></span> <span class='ocrx_word' id='word_1_460' title='bbox 2839 2700 2895 2742; x_wconf 91' lang='lat' dir='ltr'><strong>ut</strong></span> <span class='ocrx_word' id='word_1_461' title='bbox 2917 2692 3113 2744; x_wconf 89' lang='lat' dir='ltr'><strong>veritas</strong></span> <span class='ocrx_word' id='word_1_462' title='bbox 3135 2692 3186 2744; x_wconf 93' lang='lat' dir='ltr'><strong>iu</strong></span> <span class='ocrx_word' id='word_1_463' title='bbox 3208 2695 3288 2746; x_wconf 85' lang='lat' dir='ltr'><strong>eis</strong></span> <span class='ocrx_word' id='word_1_464' title='bbox 3303 2695 3503 2763; x_wconf 82' lang='lat' dir='ltr'><strong>absque</strong></span> 
     </span>
    </p>
   </div>
   <div class='ocr_carea' id='block_1_60' title="bbox 1979 2779 3502 2839">
    <p class='ocr_par' dir='ltr' id='par_1_60' title="bbox 1979 2779 3502 2839">
     <span class='ocr_line' id='line_1_60' title="bbox 1979 2779 3502 2839; baseline 0.005 -9"><span class='ocrx_word' id='word_1_465' title='bbox 1979 2779 2136 2831; x_wconf 87' lang='lat' dir='ltr'><strong>ullius</strong></span> <span class='ocrx_word' id='word_1_466' title='bbox 2167 2780 2267 2831; x_wconf 86' lang='lat' dir='ltr'><strong>fuci</strong></span> <span class='ocrx_word' id='word_1_467' title='bbox 2306 2780 2620 2833; x_wconf 83' lang='lat' dir='ltr'><strong>adtnistione</strong></span> <span class='ocrx_word' id='word_1_468' title='bbox 2646 2780 2940 2839; x_wconf 85' lang='lat' dir='ltr'><strong>consistat;</strong></span> <span class='ocrx_word' id='word_1_469' title='bbox 2984 2791 3038 2835; x_wconf 87' lang='lat' dir='ltr'><strong>et</strong></span> <span class='ocrx_word' id='word_1_470' title='bbox 3087 2785 3373 2836; x_wconf 86' lang='lat' dir='ltr'><strong>secundum</strong></span> <span class='ocrx_word' id='word_1_471' title='bbox 3403 2785 3502 2838; x_wconf 90' lang='lat' dir='ltr'><strong>hoc</strong></span> 
     </span>
    </p>
   </div>
   <div class='ocr_carea' id='block_1_61' title="bbox 1977 2869 3502 2941">
    <p class='ocr_par' dir='ltr' id='par_1_61' title="bbox 1977 2869 3502 2941">
     <span class='ocr_line' id='line_1_61' title="bbox 1977 2869 3502 2941; baseline 0.003 -21"><span class='ocrx_word' id='word_1_472' title='bbox 1977 2869 2114 2935; x_wconf 87' lang='lat' dir='ltr'><strong>quod</strong></span> <span class='ocrx_word' id='word_1_473' title='bbox 2134 2870 2390 2936; x_wconf 84' lang='lat' dir='ltr'><strong>sapientia</strong></span> <span class='ocrx_word' id='word_1_474' title='bbox 2421 2879 2521 2932; x_wconf 91' lang='lat' dir='ltr'><strong>est,</strong></span> <span class='ocrx_word' id='word_1_475' title='bbox 2546 2879 2603 2922; x_wconf 91' lang='lat' dir='ltr'><strong>ut</strong></span> <span class='ocrx_word' id='word_1_476' title='bbox 2639 2872 2893 2937; x_wconf 81' lang='lat' dir='ltr'><strong>sapientia</strong></span> <span class='ocrx_word' id='word_1_477' title='bbox 2927 2871 3014 2923; x_wconf 91' lang='lat' dir='ltr'><strong>Dei</strong></span> <span class='ocrx_word' id='word_1_478' title='bbox 3041 2872 3093 2924; x_wconf 93' lang='lat' dir='ltr'><strong>in</strong></span> <span class='ocrx_word' id='word_1_479' title='bbox 3122 2873 3199 2925; x_wconf 86' lang='lat' dir='ltr'><strong>eis</strong></span> <span class='ocrx_word' id='word_1_480' title='bbox 3229 2873 3315 2926; x_wconf 88' lang='lat' dir='ltr'><strong>illa</strong></span> <span class='ocrx_word' id='word_1_481' title='bbox 3344 2888 3502 2941; x_wconf 85' lang='lat' dir='ltr'><strong>quam</strong></span> 
     </span>
    </p>
   </div>
   <div class='ocr_carea' id='block_1_62' title="bbox 1980 2957 3503 3029">
    <p class='ocr_par' dir='ltr' id='par_1_62' title="bbox 1980 2957 3503 3029">
     <span class='ocr_line' id='line_1_62' title="bbox 1980 2957 3503 3029; baseline 0.005 -21"><span class='ocrx_word' id='word_1_482' title='bbox 1980 2959 2118 3010; x_wconf 88' lang='lat' dir='ltr'><strong>inter</strong></span> <span class='ocrx_word' id='word_1_483' title='bbox 2146 2958 2410 3025; x_wconf 88' lang='lat' dir='ltr'><strong>perfectos</strong></span> <span class='ocrx_word' id='word_1_484' title='bbox 2439 2957 2674 3024; x_wconf 88' lang='lat' dir='ltr'><strong>loquitur</strong></span> <span class='ocrx_word' id='word_1_485' title='bbox 2719 2959 2912 3012; x_wconf 83' lang='lat' dir='ltr'><strong>Paulus</strong></span> <span class='ocrx_word' id='word_1_486' title='bbox 2933 2961 2996 3020; x_wconf 80' lang='grc'><strong>⁷⁸,</strong></span> <span class='ocrx_word' id='word_1_487' title='bbox 3033 2976 3162 3027; x_wconf 92' lang='lat' dir='ltr'><strong>pura</strong></span> <span class='ocrx_word' id='word_1_488' title='bbox 3213 2972 3266 3013; x_wconf 90' lang='lat' dir='ltr'><strong>et</strong></span> <span class='ocrx_word' id='word_1_489' title='bbox 3300 2964 3503 3029; x_wconf 82' lang='lat' dir='ltr'><strong>absque</strong></span> 
     </span>
    </p>
   </div>
   <div class='ocr_carea' id='block_1_63' title="bbox 320 3025 3499 3109">
    <p class='ocr_par' dir='ltr' id='par_1_63' title="bbox 320 3025 3499 3109">
     <span class='ocr_line' id='line_1_63' title="bbox 320 3025 3499 3109; baseline 0.004 -18"><span class='ocrx_word' id='word_1_490' title='bbox 320 3051 380 3091; x_wconf 89' lang='lat' dir='ltr'><strong>et</strong></span> <span class='ocrx_word' id='word_1_491' title='bbox 411 3041 541 3106; x_wconf 89' lang='lat' dir='ltr'><strong>ipse</strong></span> <span class='ocrx_word' id='word_1_492' title='bbox 573 3040 806 3107; x_wconf 90' lang='lat' dir='ltr'><strong>Spiritus</strong></span> <span class='ocrx_word' id='word_1_493' title='bbox 835 3040 1065 3107; x_wconf 84' lang='lat' dir='ltr'><strong>adjuvet,</strong></span> <span class='ocrx_word' id='word_1_494' title='bbox 1099 3057 1194 3095; x_wconf 82' lang='lat' dir='ltr'><strong>nec</strong></span> <span class='ocrx_word' id='word_1_495' title='bbox 1225 3044 1538 3109; x_wconf 81' lang='lat' dir='ltr'><strong>tlediguetur</strong></span> <span class='ocrx_word' id='word_1_496' title='bbox 1571 3044 1743 3095; x_wconf 90' lang='lat' dir='ltr'><strong>divina</strong></span> <span class='ocrx_word' id='word_1_497' title='bbox 1775 3060 1872 3096; x_wconf 86' lang='lat' dir='ltr'><strong>na—</strong></span> <span class='ocrx_word' id='word_1_498' title='bbox 1902 3025 1946 3083; x_wconf 71' lang='grc' dir='ltr'><strong>Ο</strong></span> <span class='ocrx_word' id='word_1_499' title='bbox 1979 3047 2083 3098; x_wconf 92' lang='lat' dir='ltr'><strong>ullo</strong></span> <span class='ocrx_word' id='word_1_500' title='bbox 2097 3047 2294 3098; x_wconf 90' lang='lat' dir='ltr'><strong>erroris</strong></span> <span class='ocrx_word' id='word_1_501' title='bbox 2310 3048 2622 3100; x_wconf 89' lang='lat' dir='ltr'><strong>diverticulo</strong></span> <span class='ocrx_word' id='word_1_502' title='bbox 2639 3060 3006 3101; x_wconf 79' lang='lat' dir='ltr'><strong>conservetur.</strong></span> <span class='ocrx_word' id='word_1_503' title='bbox 3033 3052 3120 3103; x_wconf 79' lang='lat' dir='ltr'><strong>Sic</strong></span> <span class='ocrx_word' id='word_1_504' title='bbox 3135 3061 3187 3102; x_wconf 89' lang='lat' dir='ltr'><strong>et</strong></span> <span class='ocrx_word' id='word_1_505' title='bbox 3211 3053 3499 3103; x_wconf 84' lang='lat' dir='ltr'><strong>secundum</strong></span> 
     </span>
    </p>
   </div>
   <div class='ocr_carea' id='block_1_64' title="bbox 323 3129 1872 3201">
    <p class='ocr_par' dir='ltr' id='par_1_64' title="bbox 323 3129 1872 3201">
     <span class='ocr_line' id='line_1_64' title="bbox 323 3129 1872 3201; baseline 0.003 -21"><span class='ocrx_word' id='word_1_506' title='bbox 323 3138 459 3181; x_wconf 81' lang='lat' dir='ltr'><strong>tura</strong></span> <span class='ocrx_word' id='word_1_507' title='bbox 490 3129 599 3181; x_wconf 80' lang='lat' dir='ltr'><strong>dux</strong></span> <span class='ocrx_word' id='word_1_508' title='bbox 629 3143 748 3181; x_wconf 80' lang='lat' dir='ltr'><strong>esse</strong></span> <span class='ocrx_word' id='word_1_509' title='bbox 775 3129 982 3182; x_wconf 88' lang='lat' dir='ltr'><strong>itineris</strong></span> <span class='ocrx_word' id='word_1_510' title='bbox 1014 3129 1078 3181; x_wconf 89' lang='lat' dir='ltr'><strong>ad</strong></span> <span class='ocrx_word' id='word_1_511' title='bbox 1113 3131 1325 3182; x_wconf 88' lang='lat' dir='ltr'><strong>bonum.</strong></span> <span class='ocrx_word' id='word_1_512' title='bbox 1359 3131 1733 3184; x_wconf 86' lang='lat' dir='ltr'><strong>Verumtamen</strong></span> <span class='ocrx_word' id='word_1_513' title='bbox 1761 3133 1872 3201; x_wconf 71' lang='grc'><strong>(54)</strong></span> 
     </span>
    </p>
   </div>
   <div class='ocr_carea' id='block_1_65' title="bbox 317 3220 1874 3287">
    <p class='ocr_par' dir='ltr' id='par_1_65' title="bbox 317 3220 1874 3287">
     <span class='ocr_line' id='line_1_65' title="bbox 317 3220 1874 3287; baseline 0.002 -15"><span class='ocrx_word' id='word_1_514' title='bbox 317 3220 364 3272; x_wconf 93' lang='lat' dir='ltr'><strong>si</strong></span> <span class='ocrx_word' id='word_1_515' title='bbox 411 3229 547 3272; x_wconf 81' lang='lat' dir='ltr'><strong>sunt</strong></span> <span class='ocrx_word' id='word_1_516' title='bbox 580 3221 742 3287; x_wconf 88' lang='lat' dir='ltr'><strong>aliqui</strong></span> <span class='ocrx_word' id='word_1_517' title='bbox 767 3222 1020 3273; x_wconf 87' lang='lat' dir='ltr'><strong>habentes</strong></span> <span class='ocrx_word' id='word_1_518' title='bbox 1051 3221 1293 3284; x_wconf 86' lang='lat' dir='ltr'><strong>spiritum</strong></span> <span class='ocrx_word' id='word_1_519' title='bbox 1333 3221 1608 3275; x_wconf 88' lang='lat' dir='ltr'><strong>servitutis</strong></span> <span class='ocrx_word' id='word_1_520' title='bbox 1641 3224 1691 3274; x_wconf 93' lang='lat' dir='ltr'><strong>in</strong></span> <span class='ocrx_word' id='word_1_521' title='bbox 1719 3223 1874 3276; x_wconf 90' lang='lat' dir='ltr'><strong>timo-</strong></span> 
     </span>
    </p>
   </div>
   <div class='ocr_carea' id='block_1_66' title="bbox 322 3309 1874 3378">
    <p class='ocr_par' dir='ltr' id='par_1_66' title="bbox 322 3309 1874 3378">
     <span class='ocr_line' id='line_1_66' title="bbox 322 3309 1874 3378; baseline 0.002 -16"><span class='ocrx_word' id='word_1_522' title='bbox 322 3325 413 3373; x_wconf 88' lang='lat' dir='ltr'><strong>re,</strong></span> <span class='ocrx_word' id='word_1_523' title='bbox 453 3309 547 3362; x_wconf 85' lang='lat' dir='ltr'><strong>alii</strong></span> <span class='ocrx_word' id='word_1_524' title='bbox 591 3324 719 3363; x_wconf 86' lang='lat' dir='ltr'><strong>vero</strong></span> <span class='ocrx_word' id='word_1_525' title='bbox 747 3321 869 3362; x_wconf 88' lang='lat' dir='ltr'><strong>sunt</strong></span> <span class='ocrx_word' id='word_1_526' title='bbox 895 3311 1196 3377; x_wconf 87' lang='lat' dir='ltr'><strong>superiores</strong></span> <span class='ocrx_word' id='word_1_527' title='bbox 1249 3310 1352 3374; x_wconf 86' lang='lat' dir='ltr'><strong>his,</strong></span> <span class='ocrx_word' id='word_1_528' title='bbox 1395 3312 1483 3377; x_wconf 87' lang='lat' dir='ltr'><strong>qui</strong></span> <span class='ocrx_word' id='word_1_529' title='bbox 1515 3312 1756 3378; x_wconf 89' lang='lat' dir='ltr'><strong>spiritum</strong></span> <span class='ocrx_word' id='word_1_530' title='bbox 1781 3317 1874 3365; x_wconf 86' lang='lat' dir='ltr'><strong>ad-</strong></span> 
     </span>
    </p>
   </div>
   <div class='ocr_carea' id='block_1_67' title="bbox 315 3400 1866 3469">
    <p class='ocr_par' dir='ltr' id='par_1_67' title="bbox 315 3400 1866 3469">
     <span class='ocr_line' id='line_1_67' title="bbox 315 3400 1866 3469; baseline 0.002 -16"><span class='ocrx_word' id='word_1_531' title='bbox 315 3401 573 3469; x_wconf 77' lang='lat' dir='ltr'><strong>Optionis</strong></span> <span class='ocrx_word' id='word_1_532' title='bbox 587 3401 875 3466; x_wconf 82' lang='lat' dir='ltr'><strong>accipiunt,</strong></span> <span class='ocrx_word' id='word_1_533' title='bbox 905 3414 966 3452; x_wconf 80' lang='lat' dir='ltr'><strong>ex</strong></span> <span class='ocrx_word' id='word_1_534' title='bbox 987 3413 1048 3451; x_wconf 91' lang='lat' dir='ltr'><strong>eo</strong></span> <span class='ocrx_word' id='word_1_535' title='bbox 1063 3401 1199 3467; x_wconf 90' lang='lat' dir='ltr'><strong>quod</strong></span> <span class='ocrx_word' id='word_1_536' title='bbox 1219 3416 1319 3453; x_wconf 90' lang='lat' dir='ltr'><strong>nou</strong></span> <span class='ocrx_word' id='word_1_537' title='bbox 1347 3400 1454 3465; x_wconf 85' lang='lat' dir='ltr'><strong>jam</strong></span> <span class='ocrx_word' id='word_1_538' title='bbox 1472 3403 1658 3456; x_wconf 88' lang='lat' dir='ltr'><strong>timore</strong></span> <span class='ocrx_word' id='word_1_539' title='bbox 1683 3402 1866 3466; x_wconf 91' lang='lat' dir='ltr'><strong>Deum,</strong></span> 
     </span>
    </p>
   </div>
   <div class='ocr_carea' id='block_1_68' title="bbox 316 3491 1870 3559">
    <p class='ocr_par' dir='ltr' id='par_1_68' title="bbox 316 3491 1870 3559">
     <span class='ocr_line' id='line_1_68' title="bbox 316 3491 1870 3559; baseline 0.001 -14"><span class='ocrx_word' id='word_1_540' title='bbox 316 3491 422 3545; x_wconf 82' lang='lat' dir='ltr'><strong>sed</strong></span> <span class='ocrx_word' id='word_1_541' title='bbox 469 3505 657 3543; x_wconf 88' lang='lat' dir='ltr'><strong>amore</strong></span> <span class='ocrx_word' id='word_1_542' title='bbox 698 3501 1037 3551; x_wconf 85' lang='lat' dir='ltr'><strong>venerantur,</strong></span> <span class='ocrx_word' id='word_1_543' title='bbox 1068 3499 1121 3542; x_wconf 86' lang='lat' dir='ltr'><strong>et</strong></span> <span class='ocrx_word' id='word_1_544' title='bbox 1161 3493 1305 3558; x_wconf 89' lang='lat' dir='ltr'><strong>quod</strong></span> <span class='ocrx_word' id='word_1_545' title='bbox 1333 3509 1350 3539; x_wconf 90' lang='grc' dir='ltr'><strong>ι</strong></span> <span class='ocrx_word' id='word_1_546' title='bbox 1376 3491 1608 3559; x_wconf 83' lang='lat' dir='ltr'><strong>perfecta</strong></span> <span class='ocrx_word' id='word_1_547' title='bbox 1637 3510 1654 3544; x_wconf 77' lang='grc' dir='ltr'><strong>ι</strong></span> <span class='ocrx_word' id='word_1_548' title='bbox 1693 3494 1743 3545; x_wconf 92' lang='lat' dir='ltr'><strong>in</strong></span> <span class='ocrx_word' id='word_1_549' title='bbox 1793 3495 1870 3546; x_wconf 89' lang='lat' dir='ltr'><strong>eis</strong></span> 
     </span>
    </p>
   </div>
   <div class='ocr_carea' id='block_1_69' title="bbox 320 3578 1870 3635">
    <p class='ocr_par' dir='ltr' id='par_1_69' title="bbox 320 3578 1870 3635">
     <span class='ocr_line' id='line_1_69' title="bbox 320 3578 1870 3635; baseline 0.002 -4"><span class='ocrx_word' id='word_1_550' title='bbox 320 3597 344 3631; x_wconf 72' lang='grc' dir='ltr'><strong>ι</strong></span> <span class='ocrx_word' id='word_1_551' title='bbox 372 3581 634 3635; x_wconf 86' lang='lat' dir='ltr'><strong>charitas</strong></span> <span class='ocrx_word' id='word_1_552' title='bbox 673 3578 814 3632; x_wconf 85' lang='lat' dir='ltr'><strong>foras</strong></span> <span class='ocrx_word' id='word_1_553' title='bbox 843 3580 1002 3632; x_wconf 89' lang='lat' dir='ltr'><strong>mittit</strong></span> <span class='ocrx_word' id='word_1_554' title='bbox 1043 3580 1287 3632; x_wconf 89' lang='lat' dir='ltr'><strong>timorem</strong></span> <span class='ocrx_word' id='word_1_555' title='bbox 1310 3580 1351 3612; x_wconf 81' lang='lat'><strong>&quot;</strong></span> <span class='ocrx_word' id='word_1_556' title='bbox 1377 3599 1390 3633; x_wconf 92' lang='lat'><strong>:</strong></span> <span class='ocrx_word' id='word_1_557' title='bbox 1425 3600 1443 3630; x_wconf 77' lang='grc' dir='ltr'><strong>ι</strong></span> <span class='ocrx_word' id='word_1_558' title='bbox 1479 3581 1758 3634; x_wconf 85' lang='lat' dir='ltr'><strong>videndum</strong></span> <span class='ocrx_word' id='word_1_559' title='bbox 1787 3592 1870 3635; x_wconf 86' lang='lat' dir='ltr'><strong>est</strong></span> 
     </span>
    </p>
   </div>
   <div class='ocr_carea' id='block_1_70' title="bbox 1975 3135 3498 3203">
    <p class='ocr_par' dir='ltr' id='par_1_70' title="bbox 1975 3135 3498 3203">
     <span class='ocr_line' id='line_1_70' title="bbox 1975 3135 3498 3203; baseline 0.004 -17"><span class='ocrx_word' id='word_1_560' title='bbox 1975 3136 2150 3187; x_wconf 89' lang='lat' dir='ltr'><strong>omnia</strong></span> <span class='ocrx_word' id='word_1_561' title='bbox 2181 3151 2298 3203; x_wconf 68' lang='lat' dir='ltr'><strong>qua:</strong></span> <span class='ocrx_word' id='word_1_562' title='bbox 2322 3135 2564 3189; x_wconf 88' lang='lat' dir='ltr'><strong>Christus</strong></span> <span class='ocrx_word' id='word_1_563' title='bbox 2591 3146 2691 3198; x_wconf 90' lang='lat' dir='ltr'><strong>est,</strong></span> <span class='ocrx_word' id='word_1_564' title='bbox 2719 3137 2799 3188; x_wconf 85' lang='lat' dir='ltr'><strong>vel</strong></span> <span class='ocrx_word' id='word_1_565' title='bbox 2831 3138 3057 3202; x_wconf 80' lang='lat' dir='ltr'><strong>justitia,</strong></span> <span class='ocrx_word' id='word_1_566' title='bbox 3084 3139 3162 3191; x_wconf 88' lang='lat' dir='ltr'><strong>vel</strong></span> <span class='ocrx_word' id='word_1_567' title='bbox 3199 3140 3498 3194; x_wconf 76' lang='lat' dir='ltr'><strong>sanctifica-</strong></span> 
     </span>
    </p>
   </div>
   <div class='ocr_carea' id='block_1_71' title="bbox 1977 3224 3501 3293">
    <p class='ocr_par' dir='ltr' id='par_1_71' title="bbox 1977 3224 3501 3293">
     <span class='ocr_line' id='line_1_71' title="bbox 1977 3224 3501 3293; baseline 0.003 -18"><span class='ocrx_word' id='word_1_568' title='bbox 1977 3225 2074 3286; x_wconf 88' lang='lat' dir='ltr'><strong>tio,</strong></span> <span class='ocrx_word' id='word_1_569' title='bbox 2103 3224 2182 3276; x_wconf 87' lang='lat' dir='ltr'><strong>vel</strong></span> <span class='ocrx_word' id='word_1_570' title='bbox 2210 3233 2415 3276; x_wconf 73' lang='lat' dir='ltr'><strong>ca-terae</strong></span> <span class='ocrx_word' id='word_1_571' title='bbox 2455 3238 2678 3291; x_wconf 62' lang='lat' dir='ltr'><strong>quiaque</strong></span> <span class='ocrx_word' id='word_1_572' title='bbox 2712 3225 2941 3276; x_wconf 83' lang='lat' dir='ltr'><strong>virtutes</strong></span> <span class='ocrx_word' id='word_1_573' title='bbox 2970 3225 3102 3293; x_wconf 79' lang='grc'><strong>(58),</strong></span> <span class='ocrx_word' id='word_1_574' title='bbox 3130 3226 3173 3279; x_wconf 91' lang='lat' dir='ltr'><strong>si</strong></span> <span class='ocrx_word' id='word_1_575' title='bbox 3199 3228 3251 3277; x_wconf 92' lang='lat' dir='ltr'><strong>iu</strong></span> <span class='ocrx_word' id='word_1_576' title='bbox 3283 3227 3360 3278; x_wconf 91' lang='lat' dir='ltr'><strong>eis</strong></span> <span class='ocrx_word' id='word_1_577' title='bbox 3389 3227 3501 3280; x_wconf 85' lang='lat' dir='ltr'><strong>for-</strong></span> 
     </span>
    </p>
   </div>
   <div class='ocr_carea' id='block_1_72' title="bbox 1977 3311 3499 3377">
    <p class='ocr_par' dir='ltr' id='par_1_72' title="bbox 1977 3311 3499 3377">
     <span class='ocr_line' id='line_1_72' title="bbox 1977 3311 3499 3377; baseline 0.003 -14"><span class='ocrx_word' id='word_1_578' title='bbox 1977 3321 2185 3364; x_wconf 89' lang='lat' dir='ltr'><strong>mentur</strong></span> <span class='ocrx_word' id='word_1_579' title='bbox 2209 3313 2274 3363; x_wconf 89' lang='lat' dir='ltr'><strong>ad</strong></span> <span class='ocrx_word' id='word_1_580' title='bbox 2316 3311 2594 3377; x_wconf 88' lang='lat' dir='ltr'><strong>liquidum,</strong></span> <span class='ocrx_word' id='word_1_581' title='bbox 2630 3311 2715 3365; x_wconf 89' lang='lat' dir='ltr'><strong>isti</strong></span> <span class='ocrx_word' id='word_1_582' title='bbox 2765 3313 3084 3365; x_wconf 87' lang='lat' dir='ltr'><strong>videbuntur</strong></span> <span class='ocrx_word' id='word_1_583' title='bbox 3112 3315 3178 3366; x_wconf 89' lang='lat' dir='ltr'><strong>ad</strong></span> <span class='ocrx_word' id='word_1_584' title='bbox 3214 3314 3355 3366; x_wconf 85' lang='lat' dir='ltr'><strong>illam</strong></span> <span class='ocrx_word' id='word_1_585' title='bbox 3387 3314 3499 3367; x_wconf 85' lang='lat' dir='ltr'><strong>for-</strong></span> 
     </span>
    </p>
   </div>
   <div class='ocr_carea' id='block_1_73' title="bbox 1976 3398 3500 3469">
    <p class='ocr_par' dir='ltr' id='par_1_73' title="bbox 1976 3398 3500 3469">
     <span class='ocr_line' id='line_1_73' title="bbox 1976 3398 3500 3469; baseline 0.004 -19"><span class='ocrx_word' id='word_1_586' title='bbox 1976 3413 2135 3458; x_wconf 88' lang='lat' dir='ltr'><strong>tnam,</strong></span> <span class='ocrx_word' id='word_1_587' title='bbox 2160 3412 2261 3465; x_wconf 88' lang='lat' dir='ltr'><strong>qua</strong></span> <span class='ocrx_word' id='word_1_588' title='bbox 2291 3399 2340 3450; x_wconf 91' lang='lat' dir='ltr'><strong>in</strong></span> <span class='ocrx_word' id='word_1_589' title='bbox 2366 3398 2534 3452; x_wconf 87' lang='lat' dir='ltr'><strong>forma</strong></span> <span class='ocrx_word' id='word_1_590' title='bbox 2564 3399 2650 3451; x_wconf 89' lang='lat' dir='ltr'><strong>Dei</strong></span> <span class='ocrx_word' id='word_1_591' title='bbox 2678 3408 2778 3462; x_wconf 92' lang='lat' dir='ltr'><strong>est,</strong></span> <span class='ocrx_word' id='word_1_592' title='bbox 2797 3401 3097 3453; x_wconf 78' lang='lat' dir='ltr'><strong>coul’ormes</strong></span> <span class='ocrx_word' id='word_1_593' title='bbox 3120 3401 3365 3469; x_wconf 74' lang='lat' dir='ltr'><strong>imaginis</strong></span> <span class='ocrx_word' id='word_1_594' title='bbox 3384 3417 3500 3456; x_wconf 85' lang='lat' dir='ltr'><strong>esse</strong></span> 
     </span>
    </p>
   </div>
   <div class='ocr_carea' id='block_1_74' title="bbox 1970 3485 3500 3556">
    <p class='ocr_par' dir='ltr' id='par_1_74' title="bbox 1970 3485 3500 3556">
     <span class='ocr_line' id='line_1_74' title="bbox 1970 3485 3500 3556; baseline 0.005 -18"><span class='ocrx_word' id='word_1_595' title='bbox 1970 3485 2166 3539; x_wconf 75' lang='lat' dir='ltr'><strong>ell‘ecti.</strong></span> <span class='ocrx_word' id='word_1_596' title='bbox 2200 3485 2257 3539; x_wconf 90' lang='lat' dir='ltr'><strong>Si</strong></span> <span class='ocrx_word' id='word_1_597' title='bbox 2283 3501 2407 3540; x_wconf 85' lang='lat' dir='ltr'><strong>vero</strong></span> <span class='ocrx_word' id='word_1_598' title='bbox 2457 3489 2632 3540; x_wconf 88' lang='lat' dir='ltr'><strong>adhuc</strong></span> <span class='ocrx_word' id='word_1_599' title='bbox 2679 3489 2729 3540; x_wconf 93' lang='lat' dir='ltr'><strong>in</strong></span> <span class='ocrx_word' id='word_1_600' title='bbox 2780 3489 2944 3542; x_wconf 90' lang='lat' dir='ltr'><strong>initiis</strong></span> <span class='ocrx_word' id='word_1_601' title='bbox 2989 3491 3107 3556; x_wconf 86' lang='lat' dir='ltr'><strong>quis</strong></span> <span class='ocrx_word' id='word_1_602' title='bbox 3157 3503 3500 3546; x_wconf 82' lang='lat' dir='ltr'><strong>conversetur</strong></span> 
     </span>
    </p>
   </div>
   <div class='ocr_carea' id='block_1_75' title="bbox 1972 3577 3498 3652">
    <p class='ocr_par' dir='ltr' id='par_1_75' title="bbox 1972 3577 3498 3652">
     <span class='ocr_line' id='line_1_75' title="bbox 1972 3577 3498 3652; baseline 0.005 -25"><span class='ocrx_word' id='word_1_603' title='bbox 1972 3579 2031 3645; x_wconf 85' lang='grc' dir='ltr'>(ι</span> <span class='ocrx_word' id='word_1_604' title='bbox 2059 3577 2267 3629; x_wconf 87' lang='lat' dir='ltr'><strong>initiqu</strong></span> <span class='ocrx_word' id='word_1_605' title='bbox 2297 3596 2316 3628; x_wconf 75' lang='grc' dir='ltr'><strong>ι</strong></span> <span class='ocrx_word' id='word_1_606' title='bbox 2347 3587 2522 3631; x_wconf 88' lang='lat' dir='ltr'><strong>autem</strong></span> <span class='ocrx_word' id='word_1_607' title='bbox 2550 3595 2570 3627; x_wconf 88' lang='grc' dir='ltr'><strong>ι</strong></span> <span class='ocrx_word' id='word_1_608' title='bbox 2593 3579 2868 3646; x_wconf 69' lang='lat' dir='ltr'><strong>sapientia:</strong></span> <span class='ocrx_word' id='word_1_609' title='bbox 2891 3580 3048 3632; x_wconf 88' lang='lat' dir='ltr'><strong>timor</strong></span> <span class='ocrx_word' id='word_1_610' title='bbox 3075 3579 3166 3633; x_wconf 88' lang='lat' dir='ltr'><strong>Dei</strong></span> <span class='ocrx_word' id='word_1_611' title='bbox 3193 3581 3303 3650; x_wconf 86' lang='grc'><strong>(59)</strong></span> <span class='ocrx_word' id='word_1_612' title='bbox 3327 3601 3346 3633; x_wconf 78' lang='grc' dir='ltr'><strong>ι</strong></span> <span class='ocrx_word' id='word_1_613' title='bbox 3372 3582 3498 3652; x_wconf 84' lang='lat' dir='ltr'><strong>est),</strong></span> 
     </span>
    </p>
   </div>
   <div class='ocr_carea' id='block_1_76' title="bbox 1970 3667 3498 3734">
    <p class='ocr_par' dir='ltr' id='par_1_76' title="bbox 1970 3667 3498 3734">
     <span class='ocr_line' id='line_1_76' title="bbox 1970 3667 3498 3734; baseline 0.005 -17"><span class='ocrx_word' id='word_1_614' title='bbox 1970 3675 2023 3718; x_wconf 91' lang='lat' dir='ltr'><strong>et</strong></span> <span class='ocrx_word' id='word_1_615' title='bbox 2055 3668 2109 3718; x_wconf 91' lang='lat' dir='ltr'><strong>in</strong></span> <span class='ocrx_word' id='word_1_616' title='bbox 2140 3667 2328 3719; x_wconf 80' lang='lat' dir='ltr'><strong>timene</strong></span> <span class='ocrx_word' id='word_1_617' title='bbox 2347 3667 2390 3698; x_wconf 81' lang='lat'><strong>&#39;~&quot;</strong></span> <span class='ocrx_word' id='word_1_618' title='bbox 2420 3667 2593 3720; x_wconf 79' lang='lat' dir='ltr'><strong>adhuc</strong></span> <span class='ocrx_word' id='word_1_619' title='bbox 2647 3669 2848 3734; x_wconf 84' lang='lat' dir='ltr'><strong>positus</strong></span> <span class='ocrx_word' id='word_1_620' title='bbox 2881 3671 3052 3734; x_wconf 84' lang='lat' dir='ltr'><strong>prima</strong></span> <span class='ocrx_word' id='word_1_621' title='bbox 3080 3669 3250 3722; x_wconf 85' lang='lat' dir='ltr'><strong>cultus</strong></span> <span class='ocrx_word' id='word_1_622' title='bbox 3275 3670 3372 3724; x_wconf 79' lang='lat' dir='ltr'><strong>Dei</strong></span> <span class='ocrx_word' id='word_1_623' title='bbox 3401 3671 3498 3725; x_wconf 85' lang='lat' dir='ltr'><strong>ele-</strong></span> 
     </span>
    </p>
   </div>
   <div class='ocr_carea' id='block_1_77' title="bbox 1973 3755 3495 3826">
    <p class='ocr_par' dir='ltr' id='par_1_77' title="bbox 1973 3755 3495 3826">
     <span class='ocr_line' id='line_1_77' title="bbox 1973 3755 3495 3826; baseline 0.005 -20"><span class='ocrx_word' id='word_1_624' title='bbox 1973 3765 2146 3807; x_wconf 88' lang='lat' dir='ltr'><strong>menta</strong></span> <span class='ocrx_word' id='word_1_625' title='bbox 2197 3756 2473 3823; x_wconf 88' lang='lat' dir='ltr'><strong>suscipiat,</strong></span> <span class='ocrx_word' id='word_1_626' title='bbox 2523 3757 2812 3809; x_wconf 85' lang='lat' dir='ltr'><strong>secundum</strong></span> <span class='ocrx_word' id='word_1_627' title='bbox 2847 3755 3070 3809; x_wconf 85' lang='lat' dir='ltr'><strong>formam</strong></span> <span class='ocrx_word' id='word_1_628' title='bbox 3125 3759 3285 3822; x_wconf 88' lang='lat' dir='ltr'><strong>servi,</strong></span> <span class='ocrx_word' id='word_1_629' title='bbox 3329 3775 3495 3826; x_wconf 79' lang='lat' dir='ltr'><strong>quam</strong></span> 
     </span>
    </p>
   </div>
   <div class='ocr_carea' id='block_1_78' title="bbox 1967 3847 3495 3917">
    <p class='ocr_par' dir='ltr' id='par_1_78' title="bbox 1967 3847 3495 3917">
     <span class='ocr_line' id='line_1_78' title="bbox 1967 3847 3495 3917; baseline 0.001 -18"><span class='ocrx_word' id='word_1_630' title='bbox 1967 3847 2201 3914; x_wconf 86' lang='lat' dir='ltr'><strong>suscepit</strong></span> <span class='ocrx_word' id='word_1_631' title='bbox 2246 3848 2311 3898; x_wconf 87' lang='lat' dir='ltr'><strong>ad</strong></span> <span class='ocrx_word' id='word_1_632' title='bbox 2349 3847 2450 3900; x_wconf 83' lang='lat' dir='ltr'><strong>hoc</strong></span> <span class='ocrx_word' id='word_1_633' title='bbox 2485 3857 2544 3899; x_wconf 88' lang='lat' dir='ltr'><strong>ut</strong></span> <span class='ocrx_word' id='word_1_634' title='bbox 2576 3850 2731 3899; x_wconf 88' lang='lat' dir='ltr'><strong>rudes</strong></span> <span class='ocrx_word' id='word_1_635' title='bbox 2767 3857 2821 3900; x_wconf 89' lang='lat' dir='ltr'><strong>et</strong></span> <span class='ocrx_word' id='word_1_636' title='bbox 2861 3847 3077 3912; x_wconf 78' lang='lat' dir='ltr'><strong>ignaros</strong></span> <span class='ocrx_word' id='word_1_637' title='bbox 3105 3849 3216 3917; x_wconf 88' lang='grc'><strong>(60)</strong></span> <span class='ocrx_word' id='word_1_638' title='bbox 3255 3853 3495 3902; x_wconf 84' lang='lat' dir='ltr'><strong>timorem</strong></span> 
     </span>
    </p>
   </div>
   <div class='ocr_carea' id='block_1_79' title="bbox 1968 3935 3496 4005">
    <p class='ocr_par' dir='ltr' id='par_1_79' title="bbox 1968 3935 3496 4005">
     <span class='ocr_line' id='line_1_79' title="bbox 1968 3935 3496 4005; baseline 0.003 -18"><span class='ocrx_word' id='word_1_639' title='bbox 1968 3935 2059 3987; x_wconf 80' lang='lat' dir='ltr'><strong>Dei</strong></span> <span class='ocrx_word' id='word_1_640' title='bbox 2093 3938 2331 3998; x_wconf 80' lang='lat' dir='ltr'><strong>doceret,</strong></span> <span class='ocrx_word' id='word_1_641' title='bbox 2353 3935 2658 3989; x_wconf 87' lang='lat' dir='ltr'><strong>conformes</strong></span> <span class='ocrx_word' id='word_1_642' title='bbox 2685 3935 2795 3988; x_wconf 87' lang='lat' dir='ltr'><strong>lieri</strong></span> <span class='ocrx_word' id='word_1_643' title='bbox 2825 3936 3150 4004; x_wconf 72' lang='lat' dir='ltr'><strong>intelligendi</strong></span> <span class='ocrx_word' id='word_1_644' title='bbox 3181 3948 3306 3990; x_wconf 88' lang='lat' dir='ltr'><strong>stmt</strong></span> <span class='ocrx_word' id='word_1_645' title='bbox 3328 3939 3380 3992; x_wconf 82' lang='lat' dir='ltr'><strong>hi</strong></span> <span class='ocrx_word' id='word_1_646' title='bbox 3407 3939 3496 4005; x_wconf 91' lang='lat' dir='ltr'><strong>qui</strong></span> 
     </span>
    </p>
   </div>
   <div class='ocr_carea' id='block_1_80' title="bbox 1965 4024 3497 4092">
    <p class='ocr_par' dir='ltr' id='par_1_80' title="bbox 1965 4024 3497 4092">
     <span class='ocr_line' id='line_1_80' title="bbox 1965 4024 3497 4092; baseline 0.003 -17"><span class='ocrx_word' id='word_1_647' title='bbox 1965 4025 2138 4090; x_wconf 86' lang='lat' dir='ltr'><strong>prima</strong></span> <span class='ocrx_word' id='word_1_648' title='bbox 2176 4024 2328 4077; x_wconf 85' lang='lat' dir='ltr'><strong>initia</strong></span> <span class='ocrx_word' id='word_1_649' title='bbox 2354 4026 2406 4076; x_wconf 92' lang='lat' dir='ltr'><strong>in</strong></span> <span class='ocrx_word' id='word_1_650' title='bbox 2430 4024 2521 4076; x_wconf 91' lang='lat' dir='ltr'><strong>Dei</strong></span> <span class='ocrx_word' id='word_1_651' title='bbox 2549 4024 2737 4076; x_wconf 87' lang='lat' dir='ltr'><strong>timore</strong></span> <span class='ocrx_word' id='word_1_652' title='bbox 2769 4025 3088 4090; x_wconf 87' lang='lat' dir='ltr'><strong>suscipiunt.</strong></span> <span class='ocrx_word' id='word_1_653' title='bbox 3119 4025 3273 4088; x_wconf 82' lang='lat' dir='ltr'><strong>Quia,</strong></span> <span class='ocrx_word' id='word_1_654' title='bbox 3305 4027 3497 4092; x_wconf 83' lang='lat' dir='ltr'><strong>inquit,</strong></span> 
     </span>
    </p>
   </div>
   <div class='ocr_carea' id='block_1_81' title="bbox 295 3669 1868 3738">
    <p class='ocr_par' dir='ltr' id='par_1_81' title="bbox 295 3669 1868 3738">
     <span class='ocr_line' id='line_1_81' title="bbox 295 3669 1868 3738; baseline 0.001 -15"><span class='ocrx_word' id='word_1_655' title='bbox 295 3685 392 3723; x_wconf 78' lang='lat' dir='ltr'><strong>ne</strong></span> <span class='ocrx_word' id='word_1_656' title='bbox 426 3669 572 3722; x_wconf 86' lang='lat' dir='ltr'><strong>forte</strong></span> <span class='ocrx_word' id='word_1_657' title='bbox 604 3685 704 3721; x_wconf 90' lang='lat' dir='ltr'><strong>non</strong></span> <span class='ocrx_word' id='word_1_658' title='bbox 733 3670 913 3721; x_wconf 89' lang='lat' dir='ltr'><strong>omnia</strong></span> <span class='ocrx_word' id='word_1_659' title='bbox 961 3676 1316 3735; x_wconf 90' lang='lat' dir='ltr'><strong>cooperentur</strong></span> <span class='ocrx_word' id='word_1_660' title='bbox 1345 3670 1396 3720; x_wconf 92' lang='lat' dir='ltr'><strong>iu</strong></span> <span class='ocrx_word' id='word_1_661' title='bbox 1427 3671 1622 3722; x_wconf 84' lang='lat' dir='ltr'><strong>bonum</strong></span> <span class='ocrx_word' id='word_1_662' title='bbox 1650 3671 1734 3723; x_wconf 87' lang='lat' dir='ltr'><strong>his</strong></span> <span class='ocrx_word' id='word_1_663' title='bbox 1780 3671 1868 3738; x_wconf 91' lang='lat' dir='ltr'><strong>qui</strong></span> 
     </span>
    </p>
   </div>
   <div class='ocr_carea' id='block_1_82' title="bbox 315 3754 1866 3824">
    <p class='ocr_par' dir='ltr' id='par_1_82' title="bbox 315 3754 1866 3824">
     <span class='ocr_line' id='line_1_82' title="bbox 315 3754 1866 3824; baseline 0.003 -20"><span class='ocrx_word' id='word_1_664' title='bbox 315 3756 512 3806; x_wconf 80' lang='lat' dir='ltr'><strong>adhuc</strong></span> <span class='ocrx_word' id='word_1_665' title='bbox 561 3754 613 3805; x_wconf 91' lang='lat' dir='ltr'><strong>in</strong></span> <span class='ocrx_word' id='word_1_666' title='bbox 647 3754 835 3820; x_wconf 80' lang='lat' dir='ltr'><strong>Spiritu</strong></span> <span class='ocrx_word' id='word_1_667' title='bbox 873 3763 1185 3818; x_wconf 75' lang='lat' dir='ltr'><strong>permanent</strong></span> <span class='ocrx_word' id='word_1_668' title='bbox 1233 3755 1540 3818; x_wconf 89' lang='lat' dir='ltr'><strong>servitutis;</strong></span> <span class='ocrx_word' id='word_1_669' title='bbox 1570 3757 1662 3808; x_wconf 86' lang='lat' dir='ltr'><strong>sed</strong></span> <span class='ocrx_word' id='word_1_670' title='bbox 1692 3757 1866 3824; x_wconf 90' lang='lat' dir='ltr'><strong>aliqua</strong></span> 
     </span>
    </p>
   </div>
   <div class='ocr_carea' id='block_1_83' title="bbox 313 3845 1865 3912">
    <p class='ocr_par' dir='ltr' id='par_1_83' title="bbox 313 3845 1865 3912">
     <span class='ocr_line' id='line_1_83' title="bbox 313 3845 1865 3912; baseline 0 -14"><span class='ocrx_word' id='word_1_671' title='bbox 313 3846 550 3912; x_wconf 88' lang='lat' dir='ltr'><strong>quidem</strong></span> <span class='ocrx_word' id='word_1_672' title='bbox 577 3853 931 3910; x_wconf 87' lang='lat' dir='ltr'><strong>cooperentur</strong></span> <span class='ocrx_word' id='word_1_673' title='bbox 951 3845 1108 3897; x_wconf 89' lang='lat' dir='ltr'><strong>etiam</strong></span> <span class='ocrx_word' id='word_1_674' title='bbox 1143 3845 1284 3910; x_wconf 86' lang='lat' dir='ltr'><strong>ipsis.</strong></span> <span class='ocrx_word' id='word_1_675' title='bbox 1319 3861 1423 3896; x_wconf 90' lang='lat' dir='ltr'><strong>non</strong></span> <span class='ocrx_word' id='word_1_676' title='bbox 1455 3855 1631 3898; x_wconf 88' lang='lat' dir='ltr'><strong>tamen</strong></span> <span class='ocrx_word' id='word_1_677' title='bbox 1653 3848 1865 3910; x_wconf 86' lang='lat' dir='ltr'><strong>omnia;</strong></span> 
     </span>
    </p>
   </div>
   <div class='ocr_carea' id='block_1_84' title="bbox 314 3933 1868 4002">
    <p class='ocr_par' dir='ltr' id='par_1_84' title="bbox 314 3933 1868 4002">
     <span class='ocr_line' id='line_1_84' title="bbox 314 3933 1868 4002; baseline 0.001 -16"><span class='ocrx_word' id='word_1_678' title='bbox 314 3944 376 3987; x_wconf 88' lang='lat' dir='ltr'><strong>et</strong></span> <span class='ocrx_word' id='word_1_679' title='bbox 409 3933 603 3986; x_wconf 89' lang='lat' dir='ltr'><strong>nescio</strong></span> <span class='ocrx_word' id='word_1_680' title='bbox 635 3933 680 3985; x_wconf 92' lang='lat' dir='ltr'><strong>si</strong></span> <span class='ocrx_word' id='word_1_681' title='bbox 713 3933 777 3984; x_wconf 90' lang='lat' dir='ltr'><strong>ad</strong></span> <span class='ocrx_word' id='word_1_682' title='bbox 813 3935 981 4001; x_wconf 90' lang='lat' dir='ltr'><strong>ipsum</strong></span> <span class='ocrx_word' id='word_1_683' title='bbox 1011 3933 1223 3996; x_wconf 88' lang='lat' dir='ltr'><strong>bomun,</strong></span> <span class='ocrx_word' id='word_1_684' title='bbox 1251 3949 1342 3987; x_wconf 86' lang='lat' dir='ltr'><strong>seu</strong></span> <span class='ocrx_word' id='word_1_685' title='bbox 1371 3935 1568 4002; x_wconf 88' lang='lat' dir='ltr'><strong>potius,</strong></span> <span class='ocrx_word' id='word_1_686' title='bbox 1602 3943 1658 3986; x_wconf 90' lang='lat' dir='ltr'><strong>ut</strong></span> <span class='ocrx_word' id='word_1_687' title='bbox 1691 3935 1760 3986; x_wconf 88' lang='lat' dir='ltr'><strong>ita</strong></span> <span class='ocrx_word' id='word_1_688' title='bbox 1787 3934 1868 3987; x_wconf 86' lang='lat' dir='ltr'><strong>di-</strong></span> 
     </span>
    </p>
   </div>
   <div class='ocr_carea' id='block_1_85' title="bbox 316 4022 1866 4091">
    <p class='ocr_par' dir='ltr' id='par_1_85' title="bbox 316 4022 1866 4091">
     <span class='ocr_line' id='line_1_85' title="bbox 316 4022 1866 4091; baseline 0.001 -14"><span class='ocrx_word' id='word_1_689' title='bbox 316 4024 532 4084; x_wconf 77' lang='lat' dir='ltr'><strong>xerim,</strong></span> <span class='ocrx_word' id='word_1_690' title='bbox 559 4023 625 4073; x_wconf 90' lang='lat' dir='ltr'><strong>ad</strong></span> <span class='ocrx_word' id='word_1_691' title='bbox 645 4022 834 4090; x_wconf 87' lang='lat' dir='ltr'><strong>januas</strong></span> <span class='ocrx_word' id='word_1_692' title='bbox 865 4023 984 4075; x_wconf 90' lang='lat' dir='ltr'><strong>boui</strong></span> <span class='ocrx_word' id='word_1_693' title='bbox 1015 4023 1324 4091; x_wconf 87' lang='lat' dir='ltr'><strong>perducant.</strong></span> <span class='ocrx_word' id='word_1_694' title='bbox 1355 4023 1448 4077; x_wconf 87' lang='lat' dir='ltr'><strong>llis</strong></span> <span class='ocrx_word' id='word_1_695' title='bbox 1475 4038 1600 4077; x_wconf 90' lang='lat' dir='ltr'><strong>vero</strong></span> <span class='ocrx_word' id='word_1_696' title='bbox 1630 4024 1719 4091; x_wconf 87' lang='lat' dir='ltr'><strong>qui</strong></span> <span class='ocrx_word' id='word_1_697' title='bbox 1747 4024 1866 4078; x_wconf 89' lang='lat' dir='ltr'><strong>dili-</strong></span> 
     </span>
    </p>
   </div>
   <div class='ocr_carea' id='block_1_86' title="bbox 314 4111 3495 4182">
    <p class='ocr_par' dir='ltr' id='par_1_86' title="bbox 314 4111 3495 4182">
     <span class='ocr_line' id='line_1_86' title="bbox 314 4111 3495 4182; baseline 0.001 -18"><span class='ocrx_word' id='word_1_698' title='bbox 314 4123 458 4182; x_wconf 72' lang='lat' dir='ltr'><strong>gunt</strong></span> <span class='ocrx_word' id='word_1_699' title='bbox 503 4113 691 4176; x_wconf 90' lang='lat' dir='ltr'><strong>Deum,</strong></span> <span class='ocrx_word' id='word_1_700' title='bbox 717 4120 766 4164; x_wconf 92' lang='lat' dir='ltr'><strong>et</strong></span> <span class='ocrx_word' id='word_1_701' title='bbox 808 4121 917 4165; x_wconf 92' lang='lat' dir='ltr'><strong>toto</strong></span> <span class='ocrx_word' id='word_1_702' title='bbox 963 4114 1011 4166; x_wconf 90' lang='lat' dir='ltr'><strong>ei</strong></span> <span class='ocrx_word' id='word_1_703' title='bbox 1043 4113 1302 4167; x_wconf 62' lang='lat' dir='ltr'><strong>inhmrent</strong></span> <span class='ocrx_word' id='word_1_704' title='bbox 1340 4114 1619 4168; x_wconf 87' lang='lat' dir='ltr'><strong>charitatis</strong></span> <span class='ocrx_word' id='word_1_705' title='bbox 1650 4113 1862 4175; x_wconf 75' lang='lat' dir='ltr'><strong>aﬂectu,</strong></span> <span class='ocrx_word' id='word_1_706' title='bbox 1969 4127 2142 4180; x_wconf 72' lang='lat' dir='ltr'><strong>«quos</strong></span> <span class='ocrx_word' id='word_1_707' title='bbox 2180 4113 2466 4180; x_wconf 72' lang='lat' dir='ltr'><strong>prtescivit,</strong></span> <span class='ocrx_word' id='word_1_708' title='bbox 2495 4121 2548 4164; x_wconf 91' lang='lat' dir='ltr'><strong>et</strong></span> <span class='ocrx_word' id='word_1_709' title='bbox 2597 4111 2987 4178; x_wconf 67' lang='lat' dir='ltr'><strong>praedestinavit</strong></span> <span class='ocrx_word' id='word_1_710' title='bbox 3035 4112 3338 4166; x_wconf 82' lang='lat' dir='ltr'><strong>conformes</strong></span> <span class='ocrx_word' id='word_1_711' title='bbox 3381 4114 3495 4169; x_wconf 78' lang='lat' dir='ltr'><strong>ﬁeri</strong></span> 
     </span>
    </p>
   </div>
   <div class='ocr_carea' id='block_1_87' title="bbox 304 4201 3492 4272">
    <p class='ocr_par' dir='ltr' id='par_1_87' title="bbox 304 4201 3492 4272">
     <span class='ocr_line' id='line_1_87' title="bbox 304 4201 3492 4272; baseline -0.001 -14"><span class='ocrx_word' id='word_1_712' title='bbox 304 4204 512 4258; x_wconf 83' lang='lat' dir='ltr'><strong>omnia</strong></span> <span class='ocrx_word' id='word_1_713' title='bbox 545 4201 682 4271; x_wconf 85' lang='lat'><strong>(55),</strong></span> <span class='ocrx_word' id='word_1_714' title='bbox 701 4211 757 4254; x_wconf 93' lang='lat' dir='ltr'><strong>ut</strong></span> <span class='ocrx_word' id='word_1_715' title='bbox 783 4202 1033 4264; x_wconf 85' lang='lat' dir='ltr'><strong>diximus,</strong></span> <span class='ocrx_word' id='word_1_716' title='bbox 1060 4203 1391 4256; x_wconf 86' lang='lat' dir='ltr'><strong>collaborant</strong></span> <span class='ocrx_word' id='word_1_717' title='bbox 1411 4213 1464 4257; x_wconf 90' lang='lat' dir='ltr'><strong>et</strong></span> <span class='ocrx_word' id='word_1_718' title='bbox 1486 4204 1865 4272; x_wconf 89' lang='lat' dir='ltr'><strong>juvant,atque</strong></span> <span class='ocrx_word' id='word_1_719' title='bbox 1969 4203 2216 4270; x_wconf 76' lang='lat' dir='ltr'><strong>imaginis</strong></span> <span class='ocrx_word' id='word_1_720' title='bbox 2253 4201 2370 4254; x_wconf 83' lang='lat' dir='ltr'><strong>Filli</strong></span> <span class='ocrx_word' id='word_1_721' title='bbox 2391 4203 2492 4256; x_wconf 92' lang='lat' dir='ltr'><strong>sui.</strong></span> <span class='ocrx_word' id='word_1_722' title='bbox 2514 4220 2534 4251; x_wconf 75' lang='grc' dir='ltr'><strong>ι</strong></span> <span class='ocrx_word' id='word_1_723' title='bbox 2561 4201 2673 4255; x_wconf 85' lang='lat' dir='ltr'><strong>Non</strong></span> <span class='ocrx_word' id='word_1_724' title='bbox 2706 4202 3014 4255; x_wconf 86' lang='lat' dir='ltr'><strong>omittamus</strong></span> <span class='ocrx_word' id='word_1_725' title='bbox 3043 4217 3139 4255; x_wconf 86' lang='lat' dir='ltr'><strong>nec</strong></span> <span class='ocrx_word' id='word_1_726' title='bbox 3168 4204 3232 4254; x_wconf 87' lang='lat' dir='ltr'><strong>de</strong></span> <span class='ocrx_word' id='word_1_727' title='bbox 3259 4217 3324 4254; x_wconf 91' lang='lat' dir='ltr'><strong>eo</strong></span> <span class='ocrx_word' id='word_1_728' title='bbox 3353 4205 3492 4270; x_wconf 87' lang='lat' dir='ltr'><strong>quod</strong></span> 
     </span>
    </p>
   </div>
   <div class='ocr_carea' id='block_1_88' title="bbox 289 4286 3495 4359">
    <p class='ocr_par' dir='ltr' id='par_1_88' title="bbox 289 4286 3495 4359">
     <span class='ocr_line' id='line_1_88' title="bbox 289 4286 3495 4359; baseline 0 -15"><span class='ocrx_word' id='word_1_729' title='bbox 289 4291 540 4357; x_wconf 70' lang='lat' dir='ltr'><strong>aliquid</strong></span> <span class='ocrx_word' id='word_1_730' title='bbox 571 4291 652 4343; x_wconf 91' lang='lat' dir='ltr'><strong>sui</strong></span> <span class='ocrx_word' id='word_1_731' title='bbox 698 4291 854 4342; x_wconf 89' lang='lat' dir='ltr'><strong>studii</strong></span> <span class='ocrx_word' id='word_1_732' title='bbox 884 4290 1186 4352; x_wconf 89' lang='lat' dir='ltr'><strong>conferunt,</strong></span> <span class='ocrx_word' id='word_1_733' title='bbox 1237 4301 1500 4359; x_wconf 87' lang='lat' dir='ltr'><strong>quatenus</strong></span> <span class='ocrx_word' id='word_1_734' title='bbox 1529 4307 1622 4345; x_wconf 86' lang='lat' dir='ltr'><strong>eos</strong></span> <span class='ocrx_word' id='word_1_735' title='bbox 1647 4293 1699 4344; x_wconf 92' lang='lat' dir='ltr'><strong>in</strong></span> <span class='ocrx_word' id='word_1_736' title='bbox 1741 4293 1860 4358; x_wconf 87' lang='lat' dir='ltr'><strong>ipso</strong></span> <span class='ocrx_word' id='word_1_737' title='bbox 1892 4286 1936 4338; x_wconf 88' lang='lat' dir='ltr'><strong>D</strong></span> <span class='ocrx_word' id='word_1_738' title='bbox 1965 4291 2132 4343; x_wconf 74' lang='lat' dir='ltr'><strong>dixit:</strong></span> <span class='ocrx_word' id='word_1_739' title='bbox 2161 4308 2178 4340; x_wconf 92' lang='grc' dir='ltr'><strong>ι</strong></span> <span class='ocrx_word' id='word_1_740' title='bbox 2203 4289 2481 4344; x_wconf 72' lang='lat' dir='ltr'><strong>Praescivit</strong></span> <span class='ocrx_word' id='word_1_741' title='bbox 2497 4298 2551 4343; x_wconf 89' lang='lat' dir='ltr'><strong>et</strong></span> <span class='ocrx_word' id='word_1_742' title='bbox 2573 4288 2970 4358; x_wconf 76' lang='lat' dir='ltr'><strong>przedestinavit</strong></span> <span class='ocrx_word' id='word_1_743' title='bbox 2993 4288 3126 4358; x_wconf 85' lang='grc'><strong>(61).</strong></span> <span class='ocrx_word' id='word_1_744' title='bbox 3157 4307 3176 4339; x_wconf 75' lang='grc' dir='ltr'><strong>ι</strong></span> <span class='ocrx_word' id='word_1_745' title='bbox 3202 4289 3334 4343; x_wconf 88' lang='lat' dir='ltr'><strong>Puto</strong></span> <span class='ocrx_word' id='word_1_746' title='bbox 3354 4291 3495 4344; x_wconf 84' lang='lat' dir='ltr'><strong>cuitu</strong></span> 
     </span>
    </p>
   </div>
   <div class='ocr_carea' id='block_1_89' title="bbox 391 4403 1873 4474">
    <p class='ocr_par' dir='ltr' id='par_1_89' title="bbox 391 4403 1872 4474">
     <span class='ocr_line' id='line_1_89' title="bbox 391 4403 1872 4474; baseline -0.001 -16"><span class='ocrx_word' id='word_1_747' title='bbox 391 4409 442 4439; x_wconf 79' lang='grc'>⁸⁸</span> <span class='ocrx_word' id='word_1_748' title='bbox 477 4405 639 4458; x_wconf 76' lang='lat' dir='ltr'><strong>Rom.</strong></span> <span class='ocrx_word' id='word_1_749' title='bbox 661 4419 713 4467; x_wconf 72' lang='grc' dir='ltr'><strong>ν,</strong></span> <span class='ocrx_word' id='word_1_750' title='bbox 734 4403 799 4474; x_wconf 69' lang='lat'><strong>6.</strong></span> <span class='ocrx_word' id='word_1_751' title='bbox 840 4405 908 4474; x_wconf 63' lang='lat' dir='ltr'><strong>f‘</strong></span> <span class='ocrx_word' id='word_1_752' title='bbox 937 4405 1086 4458; x_wconf 72' lang='lat' dir='ltr'><strong>Rom.</strong></span> <span class='ocrx_word' id='word_1_753' title='bbox 1111 4420 1219 4466; x_wconf 82' lang='lat' dir='ltr'><strong>\‘Ill,</strong></span> <span class='ocrx_word' id='word_1_754' title='bbox 1251 4406 1340 4461; x_wconf 70' lang='lat'><strong>98.</strong></span> <span class='ocrx_word' id='word_1_755' title='bbox 1365 4405 1451 4460; x_wconf 69' lang='grc'><strong>29.</strong></span> <span class='ocrx_word' id='word_1_756' title='bbox 1525 4407 1567 4437; x_wconf 74' lang='grc'><strong>⁵⁷</strong></span> <span class='ocrx_word' id='word_1_757' title='bbox 1597 4406 1611 4458; x_wconf 96' lang='lat' dir='ltr'><strong>I</strong></span> <span class='ocrx_word' id='word_1_758' title='bbox 1639 4405 1790 4459; x_wconf 88' lang='lat' dir='ltr'><strong>Joan.</strong></span> <span class='ocrx_word' id='word_1_759' title='bbox 1821 4422 1872 4460; x_wconf 83' lang='lat' dir='ltr'><strong>tv</strong></span> 
     </span>
    </p>
   </div>
   <div class='ocr_carea' id='block_1_90' title="bbox 1977 4403 3486 4474">
    <p class='ocr_par' dir='ltr' id='par_1_90' title="bbox 1977 4403 3486 4474">
     <span class='ocr_line' id='line_1_90' title="bbox 1977 4403 3486 4474; baseline 0 -15"><span class='ocrx_word' id='word_1_760' title='bbox 1977 4407 2012 4459; x_wconf 68' lang='grc' dir='ltr'><strong>ζ.</strong></span> <span class='ocrx_word' id='word_1_761' title='bbox 2087 4407 2129 4437; x_wconf 77' lang='grc'>⁸⁸</span> <span class='ocrx_word' id='word_1_762' title='bbox 2155 4406 2358 4460; x_wconf 87' lang='lat' dir='ltr'><strong>Coloss.</strong></span> <span class='ocrx_word' id='word_1_763' title='bbox 2391 4421 2430 4471; x_wconf 85' lang='grc' dir='ltr'>ι,</span> <span class='ocrx_word' id='word_1_764' title='bbox 2462 4403 2660 4469; x_wconf 66' lang='lat'><strong>13,15.</strong></span> <span class='ocrx_word' id='word_1_765' title='bbox 2733 4405 2776 4436; x_wconf 82' lang='grc'>⁶⁹</span> <span class='ocrx_word' id='word_1_766' title='bbox 2799 4403 2988 4474; x_wconf 87' lang='lat' dir='ltr'><strong>Philip.</strong></span> <span class='ocrx_word' id='word_1_767' title='bbox 3023 4421 3081 4468; x_wconf 85' lang='grc' dir='ltr'>ιι,</span> <span class='ocrx_word' id='word_1_768' title='bbox 3115 4405 3168 4467; x_wconf 87' lang='grc'>6,</span> <span class='ocrx_word' id='word_1_769' title='bbox 3199 4403 3252 4457; x_wconf 90' lang='lat'><strong>7.</strong></span> <span class='ocrx_word' id='word_1_770' title='bbox 3324 4404 3372 4437; x_wconf 83' lang='lat'><strong>&#39;°</strong></span> <span class='ocrx_word' id='word_1_771' title='bbox 3391 4405 3486 4459; x_wconf 84' lang='lat' dir='ltr'><strong>Ga-</strong></span> 
     </span>
    </p>
   </div>
   <div class='ocr_carea' id='block_1_91' title="bbox 312 4471 1682 4539">
    <p class='ocr_par' dir='ltr' id='par_1_91' title="bbox 312 4471 1682 4539">
     <span class='ocr_line' id='line_1_91' title="bbox 312 4471 1682 4539; baseline 0 -11"><span class='ocrx_word' id='word_1_772' title='bbox 312 4477 420 4533; x_wconf 88' lang='lat' dir='ltr'><strong>lat.</strong></span> <span class='ocrx_word' id='word_1_773' title='bbox 455 4490 530 4539; x_wconf 88' lang='lat' dir='ltr'><strong>tv,</strong></span> <span class='ocrx_word' id='word_1_774' title='bbox 554 4474 639 4526; x_wconf 88' lang='grc'><strong>19.</strong></span> <span class='ocrx_word' id='word_1_775' title='bbox 715 4474 757 4503; x_wconf 84' lang='grc'>⁷¹</span> <span class='ocrx_word' id='word_1_776' title='bbox 783 4473 800 4525; x_wconf 93' lang='lat' dir='ltr'><strong>l</strong></span> <span class='ocrx_word' id='word_1_777' title='bbox 826 4471 950 4527; x_wconf 89' lang='lat' dir='ltr'><strong>Cor.</strong></span> <span class='ocrx_word' id='word_1_778' title='bbox 988 4489 1047 4537; x_wconf 88' lang='grc' dir='ltr'><strong>ιι,</strong></span> <span class='ocrx_word' id='word_1_779' title='bbox 1095 4474 1149 4527; x_wconf 88' lang='grc'><strong>6.</strong></span> <span class='ocrx_word' id='word_1_780' title='bbox 1225 4476 1268 4504; x_wconf 85' lang='grc'><strong>⁷¹</strong></span> <span class='ocrx_word' id='word_1_781' title='bbox 1308 4475 1461 4527; x_wconf 82' lang='lat' dir='ltr'><strong>Prov.</strong></span> <span class='ocrx_word' id='word_1_782' title='bbox 1496 4491 1569 4534; x_wconf 75' lang='grc' dir='ltr'>ιι,</span> <span class='ocrx_word' id='word_1_783' title='bbox 1597 4477 1682 4528; x_wconf 88' lang='grc'><strong>10.</strong></span> 
     </span>
    </p>
   </div>
   <div class='ocr_carea' id='block_1_92' title="bbox 2036 4608 3490 4677">
    <p class='ocr_par' dir='ltr' id='par_1_92' title="bbox 2036 4608 3490 4677">
     <span class='ocr_line' id='line_1_92' title="bbox 2036 4608 3490 4677; baseline 0.002 -16"><span class='ocrx_word' id='word_1_784' title='bbox 2036 4608 2146 4676; x_wconf 83' lang='grc'><strong>(57)</strong></span> <span class='ocrx_word' id='word_1_785' title='bbox 2177 4609 2332 4668; x_wconf 86' lang='lat' dir='ltr'><strong>Etliti,</strong></span> <span class='ocrx_word' id='word_1_786' title='bbox 2362 4626 2380 4657; x_wconf 80' lang='grc' dir='ltr'><strong>ι</strong></span> <span class='ocrx_word' id='word_1_787' title='bbox 2406 4608 2544 4676; x_wconf 76' lang='lat' dir='ltr'><strong>quod</strong></span> <span class='ocrx_word' id='word_1_788' title='bbox 2571 4608 2782 4677; x_wconf 86' lang='lat' dir='ltr'><strong>formari</strong></span> <span class='ocrx_word' id='word_1_789' title='bbox 2810 4609 2861 4660; x_wconf 91' lang='lat' dir='ltr'><strong>in</strong></span> <span class='ocrx_word' id='word_1_790' title='bbox 2895 4609 2975 4662; x_wconf 82' lang='lat' dir='ltr'><strong>his</strong></span> <span class='ocrx_word' id='word_1_791' title='bbox 3002 4610 3087 4677; x_wconf 89' lang='lat' dir='ltr'><strong>qui</strong></span> <span class='ocrx_word' id='word_1_792' title='bbox 3120 4613 3184 4661; x_wconf 87' lang='lat' dir='ltr'><strong>ad</strong></span> <span class='ocrx_word' id='word_1_793' title='bbox 3212 4611 3490 4677; x_wconf 83' lang='lat' dir='ltr'><strong>perfectio-</strong></span> 
     </span>
    </p>
   </div>
   <div class='ocr_carea' id='block_1_93' title="bbox 1969 4676 3490 4733">
    <p class='ocr_par' dir='ltr' id='par_1_93' title="bbox 1969 4676 3490 4733">
     <span class='ocr_line' id='line_1_93' title="bbox 1969 4676 3490 4733; baseline 0.003 -5"><span class='ocrx_word' id='word_1_794' title='bbox 1969 4692 2084 4728; x_wconf 90' lang='lat' dir='ltr'><strong>nem</strong></span> <span class='ocrx_word' id='word_1_795' title='bbox 2122 4679 2342 4730; x_wconf 86' lang='lat' dir='ltr'><strong>tendunt</strong></span> <span class='ocrx_word' id='word_1_796' title='bbox 2370 4677 2613 4732; x_wconf 69' lang='lat' dir='ltr'><strong>Christus</strong></span> <span class='ocrx_word' id='word_1_797' title='bbox 2654 4676 2878 4731; x_wconf 85' lang='lat' dir='ltr'><strong>dicatur.</strong></span> <span class='ocrx_word' id='word_1_798' title='bbox 2930 4697 2948 4728; x_wconf 76' lang='grc' dir='ltr'><strong>ι</strong></span> <span class='ocrx_word' id='word_1_799' title='bbox 2985 4676 3088 4730; x_wconf 79' lang='lat' dir='ltr'><strong>Sed</strong></span> <span class='ocrx_word' id='word_1_800' title='bbox 3134 4676 3317 4730; x_wconf 82' lang='lat' dir='ltr'><strong>omnes</strong></span> <span class='ocrx_word' id='word_1_801' title='bbox 3363 4695 3490 4733; x_wconf 86' lang='lat' dir='ltr'><strong>mss.</strong></span> 
     </span>
    </p>
   </div>
   <div class='ocr_carea' id='block_1_94' title="bbox 1966 4745 2670 4798">
    <p class='ocr_par' dir='ltr' id='par_1_94' title="bbox 1966 4745 2670 4798">
     <span class='ocr_line' id='line_1_94' title="bbox 1966 4745 2670 4798; baseline 0.001 -1"><span class='ocrx_word' id='word_1_802' title='bbox 1966 4756 2018 4797; x_wconf 91' lang='lat' dir='ltr'><strong>et</strong></span> <span class='ocrx_word' id='word_1_803' title='bbox 2053 4745 2300 4798; x_wconf 77' lang='lat' dir='ltr'><strong>Rubuntts</strong></span> <span class='ocrx_word' id='word_1_804' title='bbox 2334 4754 2388 4796; x_wconf 90' lang='lat' dir='ltr'><strong>ut</strong></span> <span class='ocrx_word' id='word_1_805' title='bbox 2416 4747 2465 4796; x_wconf 93' lang='lat' dir='ltr'><strong>in</strong></span> <span class='ocrx_word' id='word_1_806' title='bbox 2503 4756 2670 4798; x_wconf 82' lang='lat' dir='ltr'><strong>textu.</strong></span> 
     </span>
    </p>
   </div>
   <div class='ocr_carea' id='block_1_95' title="bbox 2039 4811 3486 4884">
    <p class='ocr_par' dir='ltr' id='par_1_95' title="bbox 2039 4811 3486 4884">
     <span class='ocr_line' id='line_1_95' title="bbox 2039 4811 3486 4884; baseline 0.001 -18"><span class='ocrx_word' id='word_1_807' title='bbox 2039 4814 2148 4884; x_wconf 82' lang='grc'><strong>(58)</strong></span> <span class='ocrx_word' id='word_1_808' title='bbox 2179 4814 2338 4875; x_wconf 86' lang='lat' dir='ltr'><strong>Editi,</strong></span> <span class='ocrx_word' id='word_1_809' title='bbox 2379 4830 2398 4862; x_wconf 87' lang='grc' dir='ltr'><strong>ι</strong></span> <span class='ocrx_word' id='word_1_810' title='bbox 2425 4812 2505 4884; x_wconf 81' lang='lat' dir='ltr'><strong>vel</strong></span> <span class='ocrx_word' id='word_1_811' title='bbox 2539 4824 2682 4884; x_wconf 75' lang='lat' dir='ltr'><strong>certe</strong></span> <span class='ocrx_word' id='word_1_812' title='bbox 2727 4827 2950 4880; x_wconf 70' lang='lat' dir='ltr'><strong>quaeque</strong></span> <span class='ocrx_word' id='word_1_813' title='bbox 2985 4812 3224 4866; x_wconf 87' lang='lat' dir='ltr'><strong>virtutes.</strong></span> <span class='ocrx_word' id='word_1_814' title='bbox 3250 4831 3267 4863; x_wconf 80' lang='grc' dir='ltr'><strong>ι</strong></span> <span class='ocrx_word' id='word_1_815' title='bbox 3297 4811 3486 4868; x_wconf 69' lang='lat' dir='ltr'><strong>Deinde</strong></span> 
     </span>
    </p>
   </div>
   <div class='ocr_carea' id='block_1_96' title="bbox 1967 4881 2925 4947">
    <p class='ocr_par' dir='ltr' id='par_1_96' title="bbox 1967 4881 2925 4947">
     <span class='ocr_line' id='line_1_96' title="bbox 1967 4881 2925 4947; baseline -0.002 -13"><span class='ocrx_word' id='word_1_816' title='bbox 1967 4881 2065 4934; x_wconf 84' lang='lat' dir='ltr'><strong>ms.</strong></span> <span class='ocrx_word' id='word_1_817' title='bbox 2103 4881 2254 4940; x_wconf 88' lang='lat' dir='ltr'><strong>unus,</strong></span> <span class='ocrx_word' id='word_1_818' title='bbox 2292 4899 2309 4930; x_wconf 90' lang='grc' dir='ltr'><strong>ι</strong></span> <span class='ocrx_word' id='word_1_819' title='bbox 2328 4895 2444 4947; x_wconf 67' lang='lat' dir='ltr'><strong>quat</strong></span> <span class='ocrx_word' id='word_1_820' title='bbox 2471 4881 2520 4932; x_wconf 89' lang='lat' dir='ltr'><strong>in</strong></span> <span class='ocrx_word' id='word_1_821' title='bbox 2547 4881 2736 4940; x_wconf 86' lang='lat' dir='ltr'><strong>forma,</strong></span> <span class='ocrx_word' id='word_1_822' title='bbox 2762 4899 2781 4930; x_wconf 72' lang='grc' dir='ltr'><strong>ι</strong></span> <span class='ocrx_word' id='word_1_823' title='bbox 2820 4891 2925 4932; x_wconf 91' lang='lat' dir='ltr'><strong>etc.</strong></span> 
     </span>
    </p>
   </div>
   <div class='ocr_carea' id='block_1_97' title="bbox 2033 4946 3489 5020">
    <p class='ocr_par' dir='ltr' id='par_1_97' title="bbox 2033 4946 3489 5020">
     <span class='ocr_line' id='line_1_97' title="bbox 2033 4946 3489 5020; baseline -0.003 -16"><span class='ocrx_word' id='word_1_824' title='bbox 2033 4951 2140 5020; x_wconf 81' lang='grc'><strong>(59)</strong></span> <span class='ocrx_word' id='word_1_825' title='bbox 2180 4949 2268 5020; x_wconf 89' lang='lat' dir='ltr'><strong>Sic</strong></span> <span class='ocrx_word' id='word_1_826' title='bbox 2309 4946 2492 5020; x_wconf 79' lang='lat' dir='ltr'><strong>omnes</strong></span> <span class='ocrx_word' id='word_1_827' title='bbox 2546 4949 2901 5020; x_wconf 14' lang='lat' dir='ltr'><strong>mss.‘uostri_</strong></span> <span class='ocrx_word' id='word_1_828' title='bbox 2927 4956 2980 5000; x_wconf 90' lang='lat' dir='ltr'><strong>et</strong></span> <span class='ocrx_word' id='word_1_829' title='bbox 3041 4947 3305 5020; x_wconf 67' lang='lat' dir='ltr'><strong>Haliartus.</strong></span> <span class='ocrx_word' id='word_1_830' title='bbox 3353 4946 3489 5020; x_wconf 81' lang='lat' dir='ltr'><strong>Editl</strong></span> 
     </span>
    </p>
   </div>
   <div class='ocr_carea' id='block_1_98' title="bbox 1965 5015 3488 5080">
    <p class='ocr_par' dir='ltr' id='par_1_98' title="bbox 1965 5015 3488 5080">
     <span class='ocr_line' id='line_1_98' title="bbox 1965 5015 3488 5080; baseline 0.001 -12"><span class='ocrx_word' id='word_1_831' title='bbox 1965 5015 2164 5080; x_wconf 48' lang='lat' dir='ltr'><strong>vet-0,}</strong></span> <span class='ocrx_word' id='word_1_832' title='bbox 2189 5019 2345 5068; x_wconf 87' lang='lat' dir='ltr'><strong>titnor</strong></span> <span class='ocrx_word' id='word_1_833' title='bbox 2387 5017 2602 5068; x_wconf 90' lang='lat' dir='ltr'><strong>dicitur.</strong></span> <span class='ocrx_word' id='word_1_834' title='bbox 2627 5034 2645 5066; x_wconf 75' lang='grc' dir='ltr'><strong>ι</strong></span> <span class='ocrx_word' id='word_1_835' title='bbox 2676 5015 2786 5076; x_wconf 81' lang='lat' dir='ltr'><strong>AL,</strong></span> <span class='ocrx_word' id='word_1_836' title='bbox 2821 5031 2838 5062; x_wconf 84' lang='lat' dir='ltr'><strong>t</strong></span> <span class='ocrx_word' id='word_1_837' title='bbox 2869 5017 3026 5067; x_wconf 88' lang='lat' dir='ltr'><strong>timor</strong></span> <span class='ocrx_word' id='word_1_838' title='bbox 3076 5016 3305 5077; x_wconf 87' lang='lat' dir='ltr'><strong>Domini,</strong></span> <span class='ocrx_word' id='word_1_839' title='bbox 3347 5027 3399 5066; x_wconf 84' lang='lat' dir='ltr'><strong>et</strong></span> <span class='ocrx_word' id='word_1_840' title='bbox 3438 5018 3488 5071; x_wconf 92' lang='lat' dir='ltr'><strong>iu</strong></span> 
     </span>
    </p>
   </div>
   <div class='ocr_carea' id='block_1_99' title="bbox 1967 5096 3493 5221">
    <p class='ocr_par' dir='ltr' id='par_1_99' title="bbox 1967 5096 3493 5221">
     <span class='ocr_line' id='line_1_99' title="bbox 1967 5096 3493 5221; baseline 0 -17"><span class='ocrx_word' id='word_1_841' title='bbox 1967 5096 2346 5221; x_wconf 42' lang='lat' dir='ltr'><strong>“&quot;(‘t‘i’trlidijdeiiz</strong></span> <span class='ocrx_word' id='word_1_842' title='bbox 2375 5167 2392 5198; x_wconf 83' lang='grc' dir='ltr'><strong>ι</strong></span> <span class='ocrx_word' id='word_1_843' title='bbox 2421 5159 2479 5201; x_wconf 80' lang='lat' dir='ltr'><strong>ut</strong></span> <span class='ocrx_word' id='word_1_844' title='bbox 2517 5149 2743 5202; x_wconf 89' lang='lat' dir='ltr'><strong>rudibus</strong></span> <span class='ocrx_word' id='word_1_845' title='bbox 2770 5148 3088 5221; x_wconf 77' lang='lat' dir='ltr'><strong>et_igna_ris.</strong></span> <span class='ocrx_word' id='word_1_846' title='bbox 3120 5168 3137 5200; x_wconf 74' lang='grc' dir='ltr'><strong>ι</strong></span> <span class='ocrx_word' id='word_1_847' title='bbox 3171 5148 3273 5202; x_wconf 82' lang='lat' dir='ltr'><strong>Sed</strong></span> <span class='ocrx_word' id='word_1_848' title='bbox 3306 5163 3493 5221; x_wconf 87' lang='lat' dir='ltr'><strong>omnes</strong></span> 
     </span>
    </p>
   </div>
   <div class='ocr_carea' id='block_1_100' title="bbox 1963 5216 3488 5280">
    <p class='ocr_par' dir='ltr' id='par_1_100' title="bbox 1963 5216 3488 5280">
     <span class='ocr_line' id='line_1_100' title="bbox 1963 5216 3488 5280; baseline 0.001 -8"><span class='ocrx_word' id='word_1_849' title='bbox 1963 5239 2087 5274; x_wconf 84' lang='lat' dir='ltr'><strong>mss.</strong></span> <span class='ocrx_word' id='word_1_850' title='bbox 2115 5216 2166 5274; x_wconf 84' lang='lat' dir='ltr'><strong>et</strong></span> <span class='ocrx_word' id='word_1_851' title='bbox 2195 5220 2445 5270; x_wconf 67' lang='lat' dir='ltr'><strong>[tabanus</strong></span> <span class='ocrx_word' id='word_1_852' title='bbox 2473 5228 2529 5270; x_wconf 93' lang='lat' dir='ltr'><strong>ut</strong></span> <span class='ocrx_word' id='word_1_853' title='bbox 2555 5221 2606 5270; x_wconf 94' lang='lat' dir='ltr'><strong>iu</strong></span> <span class='ocrx_word' id='word_1_854' title='bbox 2637 5228 2802 5269; x_wconf 77' lang='lat' dir='ltr'><strong>teXtu.</strong></span> <span class='ocrx_word' id='word_1_855' title='bbox 2833 5216 3028 5269; x_wconf 85' lang='lat' dir='ltr'><strong>Deinde</strong></span> <span class='ocrx_word' id='word_1_856' title='bbox 3051 5233 3150 5271; x_wconf 83' lang='lat' dir='ltr'><strong>ius.</strong></span> <span class='ocrx_word' id='word_1_857' title='bbox 3177 5232 3334 5280; x_wconf 90' lang='lat' dir='ltr'><strong>unus,</strong></span> <span class='ocrx_word' id='word_1_858' title='bbox 3363 5233 3382 5267; x_wconf 85' lang='grc' dir='ltr'><strong>ι</strong></span> <span class='ocrx_word' id='word_1_859' title='bbox 3415 5219 3488 5273; x_wconf 91' lang='lat' dir='ltr'><strong>iu-</strong></span> 
     </span>
    </p>
   </div>
   <div class='ocr_carea' id='block_1_101' title="bbox 1962 5290 2582 5354">
    <p class='ocr_par' dir='ltr' id='par_1_101' title="bbox 1962 5290 2582 5354">
     <span class='ocr_line' id='line_1_101' title="bbox 1962 5290 2582 5354; baseline -0.015 -9"><span class='ocrx_word' id='word_1_860' title='bbox 1962 5290 2121 5354; x_wconf 74' lang='lat' dir='ltr'><strong>telligi</strong></span> <span class='ocrx_word' id='word_1_861' title='bbox 2162 5294 2400 5354; x_wconf 86' lang='lat' dir='ltr'><strong>possunt,</strong></span> <span class='ocrx_word' id='word_1_862' title='bbox 2427 5303 2446 5334; x_wconf 69' lang='grc' dir='ltr'><strong>ι</strong></span> <span class='ocrx_word' id='word_1_863' title='bbox 2478 5301 2582 5339; x_wconf 84' lang='lat' dir='ltr'><strong>etc.</strong></span> 
     </span>
    </p>
   </div>
   <div class='ocr_carea' id='block_1_102' title="bbox 2029 5350 3490 5428">
    <p class='ocr_par' dir='ltr' id='par_1_102' title="bbox 2029 5350 3490 5428">
     <span class='ocr_line' id='line_1_102' title="bbox 2029 5350 3490 5428; baseline -0.001 -18"><span class='ocrx_word' id='word_1_864' title='bbox 2029 5350 2140 5428; x_wconf 75' lang='lat' dir='ltr'><strong>(lii)</strong></span> <span class='ocrx_word' id='word_1_865' title='bbox 2164 5350 2266 5406; x_wconf 48' lang='lat' dir='ltr'><strong>&#39;Sic</strong></span> <span class='ocrx_word' id='word_1_866' title='bbox 2288 5366 2388 5428; x_wconf 65' lang='lat' dir='ltr'><strong>ms.</strong></span> <span class='ocrx_word' id='word_1_867' title='bbox 2424 5350 2795 5428; x_wconf 78' lang='lat' dir='ltr'><strong>_unus_chius</strong></span> <span class='ocrx_word' id='word_1_868' title='bbox 2819 5365 2966 5428; x_wconf 62' lang='lat' dir='ltr'><strong>num.</strong></span> <span class='ocrx_word' id='word_1_869' title='bbox 2998 5351 3154 5428; x_wconf 68' lang='grc'><strong>1659.</strong></span> <span class='ocrx_word' id='word_1_870' title='bbox 3182 5353 3372 5428; x_wconf 74' lang='lat' dir='ltr'><strong>Czeteri</strong></span> <span class='ocrx_word' id='word_1_871' title='bbox 3406 5370 3490 5408; x_wconf 87' lang='lat' dir='ltr'><strong>ve-</strong></span> 
     </span>
    </p>
   </div>
   <div class='ocr_carea' id='block_1_103' title="bbox 1961 5419 3498 5479">
    <p class='ocr_par' dir='ltr' id='par_1_103' title="bbox 1961 5419 3498 5479">
     <span class='ocr_line' id='line_1_103' title="bbox 1961 5419 3498 5479; baseline -0.007 0"><span class='ocrx_word' id='word_1_872' title='bbox 1961 5419 2180 5479; x_wconf 53' lang='lat' dir='ltr'><strong>ro&#39;ntss.</strong></span> <span class='ocrx_word' id='word_1_873' title='bbox 2214 5429 2266 5472; x_wconf 87' lang='lat' dir='ltr'><strong>et</strong></span> <span class='ocrx_word' id='word_1_874' title='bbox 2311 5420 2440 5471; x_wconf 86' lang='lat' dir='ltr'><strong>editi</strong></span> <span class='ocrx_word' id='word_1_875' title='bbox 2488 5423 2778 5472; x_wconf 86' lang='lat' dir='ltr'><strong>omittunt:</strong></span> <span class='ocrx_word' id='word_1_876' title='bbox 2810 5437 2828 5467; x_wconf 84' lang='grc' dir='ltr'><strong>ι</strong></span> <span class='ocrx_word' id='word_1_877' title='bbox 2855 5419 2970 5470; x_wconf 83' lang='lat' dir='ltr'><strong>Non</strong></span> <span class='ocrx_word' id='word_1_878' title='bbox 2997 5422 3307 5476; x_wconf 87' lang='lat' dir='ltr'><strong>omittamus</strong></span> <span class='ocrx_word' id='word_1_879' title='bbox 3333 5423 3397 5474; x_wconf 82' lang='lat' dir='ltr'><strong>de</strong></span> <span class='ocrx_word' id='word_1_880' title='bbox 3437 5440 3498 5473; x_wconf 75' lang='lat' dir='ltr'><strong>cu</strong></span> 
     </span>
    </p>
   </div>
   <div class='ocr_carea' id='block_1_104' title="bbox 1959 5485 3497 5562">
    <p class='ocr_par' dir='ltr' id='par_1_104' title="bbox 1959 5485 3497 5562">
     <span class='ocr_line' id='line_1_104' title="bbox 1959 5485 3497 5562; baseline -0.003 -17"><span class='ocrx_word' id='word_1_881' title='bbox 1959 5495 2098 5562; x_wconf 89' lang='lat' dir='ltr'><strong>quod</strong></span> <span class='ocrx_word' id='word_1_882' title='bbox 2125 5489 2278 5548; x_wconf 77' lang='lat' dir='ltr'><strong>dixit,</strong></span> <span class='ocrx_word' id='word_1_883' title='bbox 2305 5485 2588 5562; x_wconf 67' lang='lat' dir='ltr'><strong>Praescivit</strong></span> <span class='ocrx_word' id='word_1_884' title='bbox 2615 5496 2670 5540; x_wconf 89' lang='lat' dir='ltr'><strong>et</strong></span> <span class='ocrx_word' id='word_1_885' title='bbox 2711 5485 3161 5554; x_wconf 57' lang='lat' dir='ltr'><strong>praedestinavit,»</strong></span> <span class='ocrx_word' id='word_1_886' title='bbox 3201 5497 3254 5543; x_wconf 87' lang='lat' dir='ltr'><strong>et</strong></span> <span class='ocrx_word' id='word_1_887' title='bbox 3303 5503 3497 5542; x_wconf 84' lang='lat' dir='ltr'><strong>vocem</strong></span> 
     </span>
    </p>
   </div>
   <div class='ocr_carea' id='block_1_105' title="bbox 1965 5556 2638 5616">
    <p class='ocr_par' dir='ltr' id='par_1_105' title="bbox 1965 5556 2638 5616">
     <span class='ocr_line' id='line_1_105' title="bbox 1965 5556 2638 5616; baseline -0.012 -3"><span class='ocrx_word' id='word_1_888' title='bbox 1965 5556 1990 5613; x_wconf 77' lang='grc' dir='ltr'>ι’</span> <span class='ocrx_word' id='word_1_889' title='bbox 2013 5563 2153 5616; x_wconf 89' lang='lat' dir='ltr'><strong>enim</strong></span> <span class='ocrx_word' id='word_1_890' title='bbox 2177 5574 2195 5607; x_wconf 77' lang='grc' dir='ltr'><strong>ι</strong></span> <span class='ocrx_word' id='word_1_891' title='bbox 2231 5565 2346 5610; x_wconf 82' lang='lat' dir='ltr'><strong>Dost</strong></span> <span class='ocrx_word' id='word_1_892' title='bbox 2386 5572 2404 5604; x_wconf 83' lang='lat' dir='ltr'><strong>t</strong></span> <span class='ocrx_word' id='word_1_893' title='bbox 2439 5556 2592 5610; x_wconf 79' lang='lat' dir='ltr'><strong>Puto.</strong></span> <span class='ocrx_word' id='word_1_894' title='bbox 2619 5574 2638 5605; x_wconf 75' lang='grc' dir='ltr'><strong>ι</strong></span> 
     </span>
    </p>
   </div>
   <div class='ocr_carea' id='block_1_106' title="bbox 392 4609 1858 4682">
    <p class='ocr_par' dir='ltr' id='par_1_106' title="bbox 392 4609 1858 4682">
     <span class='ocr_line' id='line_1_106' title="bbox 392 4609 1858 4682; baseline -0.001 -18"><span class='ocrx_word' id='word_1_895' title='bbox 392 4609 516 4682; x_wconf 89' lang='grc'><strong>(50)</strong></span> <span class='ocrx_word' id='word_1_896' title='bbox 548 4609 626 4662; x_wconf 93' lang='lat' dir='ltr'><strong>lta</strong></span> <span class='ocrx_word' id='word_1_897' title='bbox 655 4619 796 4682; x_wconf 81' lang='lat' dir='ltr'><strong>rec_te</strong></span> <span class='ocrx_word' id='word_1_898' title='bbox 823 4625 922 4660; x_wconf 89' lang='lat' dir='ltr'><strong>ms.</strong></span> <span class='ocrx_word' id='word_1_899' title='bbox 947 4625 1082 4682; x_wconf 85' lang='lat' dir='ltr'><strong>unus</strong></span> <span class='ocrx_word' id='word_1_900' title='bbox 1111 4609 1300 4682; x_wconf 69' lang='lat' dir='ltr'><strong>Regius</strong></span> <span class='ocrx_word' id='word_1_901' title='bbox 1322 4610 1650 4682; x_wconf 71' lang='lat' dir='ltr'><strong>iunu.__1639.</strong></span> <span class='ocrx_word' id='word_1_902' title='bbox 1674 4609 1858 4682; x_wconf 51' lang='lat' dir='ltr'><strong>Cancri</strong></span> 
     </span>
    </p>
   </div>
   <div class='ocr_carea' id='block_1_107' title="bbox 311 4677 1861 4744">
    <p class='ocr_par' dir='ltr' id='par_1_107' title="bbox 311 4677 1861 4744">
     <span class='ocr_line' id='line_1_107' title="bbox 311 4677 1861 4744; baseline -0.001 -15"><span class='ocrx_word' id='word_1_903' title='bbox 311 4677 458 4733; x_wconf 81' lang='lat' dir='ltr'><strong>vero</strong></span> <span class='ocrx_word' id='word_1_904' title='bbox 496 4677 687 4742; x_wconf 73' lang='lat' dir='ltr'><strong>mss.,t</strong></span> <span class='ocrx_word' id='word_1_905' title='bbox 723 4677 916 4730; x_wconf 83' lang='lat' dir='ltr'><strong>Tamen</strong></span> <span class='ocrx_word' id='word_1_906' title='bbox 951 4678 1070 4742; x_wconf 86' lang='lat' dir='ltr'><strong>quia</strong></span> <span class='ocrx_word' id='word_1_907' title='bbox 1107 4679 1193 4729; x_wconf 92' lang='lat' dir='ltr'><strong>ille</strong></span> <span class='ocrx_word' id='word_1_908' title='bbox 1233 4692 1328 4744; x_wconf 90' lang='lat' dir='ltr'><strong>pro</strong></span> <span class='ocrx_word' id='word_1_909' title='bbox 1355 4678 1550 4743; x_wconf 90' lang='lat' dir='ltr'><strong>impiis,</strong></span> <span class='ocrx_word' id='word_1_910' title='bbox 1575 4697 1591 4727; x_wconf 76' lang='grc' dir='ltr'><strong>ι</strong></span> <span class='ocrx_word' id='word_1_911' title='bbox 1623 4688 1724 4730; x_wconf 90' lang='lat' dir='ltr'><strong>etc.</strong></span> <span class='ocrx_word' id='word_1_912' title='bbox 1760 4677 1861 4728; x_wconf 78' lang='lat' dir='ltr'><strong>Ila-</strong></span> 
     </span>
    </p>
   </div>
   <div class='ocr_carea' id='block_1_108' title="bbox 311 4745 1858 4812">
    <p class='ocr_par' dir='ltr' id='par_1_108' title="bbox 311 4745 1858 4812">
     <span class='ocr_line' id='line_1_108' title="bbox 311 4745 1858 4812; baseline -0.003 -11"><span class='ocrx_word' id='word_1_913' title='bbox 311 4750 522 4806; x_wconf 81' lang='lat' dir='ltr'><strong>banus.</strong></span> <span class='ocrx_word' id='word_1_914' title='bbox 555 4766 573 4797; x_wconf 88' lang='grc' dir='ltr'><strong>ι</strong></span> <span class='ocrx_word' id='word_1_915' title='bbox 607 4749 724 4812; x_wconf 89' lang='lat' dir='ltr'><strong>quia</strong></span> <span class='ocrx_word' id='word_1_916' title='bbox 747 4758 797 4800; x_wconf 90' lang='lat' dir='ltr'><strong>et</strong></span> <span class='ocrx_word' id='word_1_917' title='bbox 825 4746 912 4798; x_wconf 83' lang='lat' dir='ltr'><strong>ille</strong></span> <span class='ocrx_word' id='word_1_918' title='bbox 945 4761 1037 4812; x_wconf 92' lang='lat' dir='ltr'><strong>pro</strong></span> <span class='ocrx_word' id='word_1_919' title='bbox 1068 4745 1261 4810; x_wconf 82' lang='lat' dir='ltr'><strong>impiis,</strong></span> <span class='ocrx_word' id='word_1_920' title='bbox 1292 4764 1310 4794; x_wconf 73' lang='grc' dir='ltr'><strong>ι</strong></span> <span class='ocrx_word' id='word_1_921' title='bbox 1343 4754 1470 4806; x_wconf 91' lang='lat' dir='ltr'><strong>ctc.,</strong></span> <span class='ocrx_word' id='word_1_922' title='bbox 1501 4745 1698 4797; x_wconf 85' lang='lat' dir='ltr'><strong>omisso</strong></span> <span class='ocrx_word' id='word_1_923' title='bbox 1729 4763 1748 4794; x_wconf 85' lang='grc' dir='ltr'><strong>ι</strong></span> <span class='ocrx_word' id='word_1_924' title='bbox 1779 4755 1858 4797; x_wconf 89' lang='lat' dir='ltr'><strong>ta-</strong></span> 
     </span>
    </p>
   </div>
   <div class='ocr_carea' id='block_1_109' title="bbox 314 4812 1861 4882">
    <p class='ocr_par' dir='ltr' id='par_1_109' title="bbox 314 4812 1861 4882">
     <span class='ocr_line' id='line_1_109' title="bbox 314 4812 1861 4882; baseline 0 -15"><span class='ocrx_word' id='word_1_925' title='bbox 314 4832 505 4870; x_wconf 67' lang='lat' dir='ltr'><strong>men.»</strong></span> <span class='ocrx_word' id='word_1_926' title='bbox 529 4817 687 4876; x_wconf 73' lang='lat' dir='ltr'><strong>Etliti,</strong></span> <span class='ocrx_word' id='word_1_927' title='bbox 723 4833 739 4864; x_wconf 91' lang='grc' dir='ltr'><strong>ι</strong></span> <span class='ocrx_word' id='word_1_928' title='bbox 775 4813 970 4867; x_wconf 83' lang='lat' dir='ltr'><strong>Tamen</strong></span> <span class='ocrx_word' id='word_1_929' title='bbox 1002 4815 1122 4882; x_wconf 85' lang='lat' dir='ltr'><strong>quia</strong></span> <span class='ocrx_word' id='word_1_930' title='bbox 1153 4814 1268 4882; x_wconf 84' lang='lat' dir='ltr'><strong>(aL,</strong></span> <span class='ocrx_word' id='word_1_931' title='bbox 1301 4829 1318 4862; x_wconf 89' lang='grc' dir='ltr'><strong>ι</strong></span> <span class='ocrx_word' id='word_1_932' title='bbox 1348 4812 1539 4881; x_wconf 65' lang='lat' dir='ltr'><strong>quod»)</strong></span> <span class='ocrx_word' id='word_1_933' title='bbox 1567 4822 1620 4866; x_wconf 76' lang='lat' dir='ltr'><strong>et</strong></span> <span class='ocrx_word' id='word_1_934' title='bbox 1652 4814 1738 4866; x_wconf 87' lang='lat' dir='ltr'><strong>ille</strong></span> <span class='ocrx_word' id='word_1_935' title='bbox 1766 4829 1861 4881; x_wconf 91' lang='lat' dir='ltr'><strong>pro</strong></span> 
     </span>
    </p>
   </div>
   <div class='ocr_carea' id='block_1_110' title="bbox 311 4886 725 4950">
    <p class='ocr_par' dir='ltr' id='par_1_110' title="bbox 311 4886 725 4950">
     <span class='ocr_line' id='line_1_110' title="bbox 311 4886 725 4950; baseline -0.005 -13"><span class='ocrx_word' id='word_1_936' title='bbox 311 4886 531 4950; x_wconf 85' lang='lat' dir='ltr'><strong>impiis,</strong></span> <span class='ocrx_word' id='word_1_937' title='bbox 568 4903 584 4934; x_wconf 76' lang='grc' dir='ltr'><strong>ι</strong></span> <span class='ocrx_word' id='word_1_938' title='bbox 622 4897 725 4936; x_wconf 91' lang='lat' dir='ltr'><strong>etc.</strong></span> 
     </span>
    </p>
   </div>
   <div class='ocr_carea' id='block_1_111' title="bbox 394 4948 1859 5024">
    <p class='ocr_par' dir='ltr' id='par_1_111' title="bbox 394 4948 1859 5024">
     <span class='ocr_line' id='line_1_111' title="bbox 394 4948 1859 5024; baseline -0.001 -20"><span class='ocrx_word' id='word_1_939' title='bbox 394 4948 640 5024; x_wconf 18' lang='lat' dir='ltr'><strong>(Suillio</strong></span> <span class='ocrx_word' id='word_1_940' title='bbox 677 4961 730 5004; x_wconf 91' lang='lat' dir='ltr'><strong>et</strong></span> <span class='ocrx_word' id='word_1_941' title='bbox 755 4951 886 5004; x_wconf 85' lang='lat' dir='ltr'><strong>infra</strong></span> <span class='ocrx_word' id='word_1_942' title='bbox 914 4951 965 5004; x_wconf 92' lang='lat' dir='ltr'><strong>in</strong></span> <span class='ocrx_word' id='word_1_943' title='bbox 994 4967 1091 5004; x_wconf 89' lang='lat' dir='ltr'><strong>ms.</strong></span> <span class='ocrx_word' id='word_1_944' title='bbox 1121 4951 1282 5018; x_wconf 73' lang='lat' dir='ltr'><strong>[legio</strong></span> <span class='ocrx_word' id='word_1_945' title='bbox 1317 4964 1461 5003; x_wconf 91' lang='lat' dir='ltr'><strong>num.</strong></span> <span class='ocrx_word' id='word_1_946' title='bbox 1496 4948 1631 5002; x_wconf 82' lang='grc'><strong>1659</strong></span> <span class='ocrx_word' id='word_1_947' title='bbox 1657 4949 1859 5003; x_wconf 89' lang='lat' dir='ltr'><strong>omitti-</strong></span> 
     </span>
    </p>
   </div>
   <div class='ocr_carea' id='block_1_112' title="bbox 317 5022 685 5074">
    <p class='ocr_par' dir='ltr' id='par_1_112' title="bbox 317 5022 685 5074">
     <span class='ocr_line' id='line_1_112' title="bbox 317 5022 685 5074; baseline -0.011 0"><span class='ocrx_word' id='word_1_948' title='bbox 317 5022 422 5074; x_wconf 76' lang='lat' dir='ltr'><strong>lut‘</strong></span> <span class='ocrx_word' id='word_1_949' title='bbox 464 5042 482 5070; x_wconf 83' lang='grc' dir='ltr'><strong>ι</strong></span> <span class='ocrx_word' id='word_1_950' title='bbox 511 5022 642 5072; x_wconf 74' lang='lat' dir='ltr'><strong>fieri.</strong></span> <span class='ocrx_word' id='word_1_951' title='bbox 668 5039 685 5070; x_wconf 78' lang='grc' dir='ltr'><strong>ι</strong></span> 
     </span>
    </p>
   </div>
   <div class='ocr_carea' id='block_1_113' title="bbox 395 5079 1754 5157">
    <p class='ocr_par' dir='ltr' id='par_1_113' title="bbox 395 5079 1754 5157">
     <span class='ocr_line' id='line_1_113' title="bbox 395 5079 1754 5157; baseline -0.004 -16"><span class='ocrx_word' id='word_1_952' title='bbox 395 5089 513 5157; x_wconf 72' lang='grc'><strong>(52)</strong></span> <span class='ocrx_word' id='word_1_953' title='bbox 548 5089 702 5157; x_wconf 79' lang='lat' dir='ltr'><strong>Quia.</strong></span> <span class='ocrx_word' id='word_1_954' title='bbox 731 5079 887 5140; x_wconf 83' lang='lat' dir='ltr'><strong>Deest</strong></span> <span class='ocrx_word' id='word_1_955' title='bbox 917 5087 966 5157; x_wconf 87' lang='lat' dir='ltr'><strong>in</strong></span> <span class='ocrx_word' id='word_1_956' title='bbox 1001 5085 1174 5157; x_wconf 84' lang='lat' dir='ltr'><strong>editis.</strong></span> <span class='ocrx_word' id='word_1_957' title='bbox 1207 5085 1368 5146; x_wconf 84' lang='lat' dir='ltr'><strong>Alias,</strong></span> <span class='ocrx_word' id='word_1_958' title='bbox 1401 5103 1418 5133; x_wconf 86' lang='grc' dir='ltr'><strong>ι</strong></span> <span class='ocrx_word' id='word_1_959' title='bbox 1445 5085 1715 5157; x_wconf 82' lang='lat' dir='ltr'><strong>quoniam.</strong></span> <span class='ocrx_word' id='word_1_960' title='bbox 1735 5103 1754 5135; x_wconf 73' lang='grc' dir='ltr'><strong>ι</strong></span> 
     </span>
    </p>
   </div>
   <div class='ocr_carea' id='block_1_114' title="bbox 395 5153 1857 5225">
    <p class='ocr_par' dir='ltr' id='par_1_114' title="bbox 395 5153 1857 5225">
     <span class='ocr_line' id='line_1_114' title="bbox 395 5153 1857 5225; baseline -0.001 -19"><span class='ocrx_word' id='word_1_961' title='bbox 395 5153 516 5225; x_wconf 76' lang='grc'><strong>(55)</strong></span> <span class='ocrx_word' id='word_1_962' title='bbox 545 5155 612 5225; x_wconf 75' lang='lat' dir='ltr'><strong>In</strong></span> <span class='ocrx_word' id='word_1_963' title='bbox 643 5157 850 5211; x_wconf 86' lang='lat' dir='ltr'><strong>bonum.</strong></span> <span class='ocrx_word' id='word_1_964' title='bbox 900 5155 1018 5206; x_wconf 70' lang='lat' dir='ltr'><strong>llaec</strong></span> <span class='ocrx_word' id='word_1_965' title='bbox 1050 5156 1417 5225; x_wconf 69' lang='lat' dir='ltr'><strong>verbadestiut</strong></span> <span class='ocrx_word' id='word_1_966' title='bbox 1453 5153 1502 5204; x_wconf 90' lang='lat' dir='ltr'><strong>in</strong></span> <span class='ocrx_word' id='word_1_967' title='bbox 1541 5153 1696 5206; x_wconf 88' lang='lat' dir='ltr'><strong>editis</strong></span> <span class='ocrx_word' id='word_1_968' title='bbox 1729 5164 1781 5206; x_wconf 87' lang='lat' dir='ltr'><strong>et</strong></span> <span class='ocrx_word' id='word_1_969' title='bbox 1806 5155 1857 5206; x_wconf 91' lang='lat' dir='ltr'><strong>in</strong></span> 
     </span>
    </p>
   </div>
   <div class='ocr_carea' id='block_1_115' title="bbox 311 5221 1554 5293">
    <p class='ocr_par' dir='ltr' id='par_1_115' title="bbox 311 5221 1554 5293">
     <span class='ocr_line' id='line_1_115' title="bbox 311 5221 1554 5293; baseline -0.005 -17"><span class='ocrx_word' id='word_1_970' title='bbox 311 5221 652 5293; x_wconf 67' lang='lat' dir='ltr'><strong>quibusdam</strong></span> <span class='ocrx_word' id='word_1_971' title='bbox 688 5239 842 5286; x_wconf 89' lang='lat' dir='ltr'><strong>mss.,</strong></span> <span class='ocrx_word' id='word_1_972' title='bbox 867 5238 1068 5293; x_wconf 72' lang='lat' dir='ltr'><strong>necnon</strong></span> <span class='ocrx_word' id='word_1_973' title='bbox 1089 5221 1224 5293; x_wconf 77' lang='lat' dir='ltr'><strong>apud</strong></span> <span class='ocrx_word' id='word_1_974' title='bbox 1256 5222 1554 5274; x_wconf 78' lang='lat' dir='ltr'><strong>Rabanum.</strong></span> 
     </span>
    </p>
   </div>
   <div class='ocr_carea' id='block_1_116' title="bbox 393 5289 1862 5360">
    <p class='ocr_par' dir='ltr' id='par_1_116' title="bbox 393 5289 1862 5360">
     <span class='ocr_line' id='line_1_116' title="bbox 393 5289 1862 5360; baseline -0.003 -14"><span class='ocrx_word' id='word_1_975' title='bbox 393 5291 512 5360; x_wconf 75' lang='grc'><strong>(54)</strong></span> <span class='ocrx_word' id='word_1_976' title='bbox 561 5289 657 5344; x_wconf 83' lang='lat' dir='ltr'><strong>Ms.</strong></span> <span class='ocrx_word' id='word_1_977' title='bbox 707 5306 844 5344; x_wconf 87' lang='lat' dir='ltr'><strong>unus</strong></span> <span class='ocrx_word' id='word_1_978' title='bbox 894 5291 1085 5358; x_wconf 74' lang='lat' dir='ltr'><strong>Regius</strong></span> <span class='ocrx_word' id='word_1_979' title='bbox 1106 5289 1260 5342; x_wconf 86' lang='lat' dir='ltr'><strong>habet</strong></span> <span class='ocrx_word' id='word_1_980' title='bbox 1285 5307 1303 5338; x_wconf 91' lang='grc' dir='ltr'><strong>ι</strong></span> <span class='ocrx_word' id='word_1_981' title='bbox 1335 5302 1514 5342; x_wconf 88' lang='lat' dir='ltr'><strong>verum</strong></span> <span class='ocrx_word' id='word_1_982' title='bbox 1542 5305 1560 5337; x_wconf 78' lang='grc' dir='ltr'><strong>ι</strong></span> <span class='ocrx_word' id='word_1_983' title='bbox 1607 5301 1702 5356; x_wconf 84' lang='lat' dir='ltr'><strong>pro</strong></span> <span class='ocrx_word' id='word_1_984' title='bbox 1729 5305 1747 5337; x_wconf 83' lang='lat' dir='ltr'><strong>t</strong></span> <span class='ocrx_word' id='word_1_985' title='bbox 1771 5303 1862 5344; x_wconf 87' lang='lat' dir='ltr'><strong>ve-</strong></span> 
     </span>
    </p>
   </div>
   <div class='ocr_carea' id='block_1_117' title="bbox 311 5371 696 5414">
    <p class='ocr_par' dir='ltr' id='par_1_117' title="bbox 311 5371 696 5414">
     <span class='ocr_line' id='line_1_117' title="bbox 311 5371 696 5414; baseline -0.021 0"><span class='ocrx_word' id='word_1_986' title='bbox 311 5377 444 5414; x_wconf 72' lang='grc' dir='ltr'>Γιιιιι</span> <span class='ocrx_word' id='word_1_987' title='bbox 455 5371 654 5412; x_wconf 84' lang='lat' dir='ltr'><strong>tamen.</strong></span> <span class='ocrx_word' id='word_1_988' title='bbox 679 5377 696 5406; x_wconf 76' lang='grc' dir='ltr'><strong>ι</strong></span> 
     </span>
    </p>
   </div>
   <div class='ocr_carea' id='block_1_118' title="bbox 392 5423 1241 5493">
    <p class='ocr_par' dir='ltr' id='par_1_118' title="bbox 392 5423 1241 5493">
     <span class='ocr_line' id='line_1_118' title="bbox 392 5423 1241 5493; baseline -0.006 -14"><span class='ocrx_word' id='word_1_989' title='bbox 392 5427 515 5493; x_wconf 82' lang='grc'><strong>(55)</strong></span> <span class='ocrx_word' id='word_1_990' title='bbox 554 5426 762 5480; x_wconf 81' lang='lat' dir='ltr'><strong>Omnia.</strong></span> <span class='ocrx_word' id='word_1_991' title='bbox 794 5424 951 5477; x_wconf 88' lang='lat' dir='ltr'><strong>Deest</strong></span> <span class='ocrx_word' id='word_1_992' title='bbox 976 5423 1027 5475; x_wconf 92' lang='lat' dir='ltr'><strong>in</strong></span> <span class='ocrx_word' id='word_1_993' title='bbox 1066 5423 1241 5476; x_wconf 89' lang='lat' dir='ltr'><strong>editis.</strong></span> 
     </span>
    </p>
   </div>
   <div class='ocr_carea' id='block_1_119' title="bbox 392 5427 1854 5564">
    <p class='ocr_par' dir='ltr' id='par_1_119' title="bbox 392 5427 1854 5564">
     <span class='ocr_line' id='line_1_119' title="bbox 392 5427 1241 5493; baseline -0.006 -14"><span class='ocrx_word' id='word_1_994' title='bbox 392 5428 493 5493; x_wconf 82' lang='grc'><strong>(55</strong></span> <span class='ocrx_word' id='word_1_995' title='bbox 554 5427 762 5480; x_wconf 81' lang='lat' dir='ltr'><strong>Omnia.</strong></span> <span class='ocrx_word' id='word_1_996' title='bbox 794 5427 951 5477; x_wconf 88' lang='lat' dir='ltr'><strong>Deest</strong></span> <span class='ocrx_word' id='word_1_997' title='bbox 976 5427 1027 5475; x_wconf 92' lang='lat' dir='ltr'><strong>in</strong></span> <span class='ocrx_word' id='word_1_998' title='bbox 1066 5427 1241 5476; x_wconf 89' lang='lat' dir='ltr'><strong>editis.</strong></span> 
     </span>
     <span class='ocr_line' id='line_1_120' title="bbox 392 5427 1854 5564; baseline 0.001 -17"><span class='ocrx_word' id='word_1_999' title='bbox 392 5427 515 5564; x_wconf 49' lang='grc'><strong>(56)</strong></span> <span class='ocrx_word' id='word_1_1000' title='bbox 541 5493 706 5564; x_wconf 84' lang='lat' dir='ltr'><strong>Editi_,</strong></span> <span class='ocrx_word' id='word_1_1001' title='bbox 733 5511 749 5541; x_wconf 82' lang='grc' dir='ltr'><strong>ι</strong></span> <span class='ocrx_word' id='word_1_1002' title='bbox 775 5493 1042 5555; x_wconf 83' lang='lat' dir='ltr'><strong>dicuntur,</strong></span> <span class='ocrx_word' id='word_1_1003' title='bbox 1069 5509 1085 5541; x_wconf 78' lang='grc' dir='ltr'><strong>ι</strong></span> <span class='ocrx_word' id='word_1_1004' title='bbox 1107 5501 1154 5544; x_wconf 87' lang='lat' dir='ltr'><strong>ct</strong></span> <span class='ocrx_word' id='word_1_1005' title='bbox 1181 5500 1382 5558; x_wconf 84' lang='lat' dir='ltr'><strong>postea,</strong></span> <span class='ocrx_word' id='word_1_1006' title='bbox 1409 5509 1426 5542; x_wconf 89' lang='grc' dir='ltr'><strong>ι</strong></span> <span class='ocrx_word' id='word_1_1007' title='bbox 1452 5491 1501 5545; x_wconf 92' lang='lat' dir='ltr'><strong>in</strong></span> <span class='ocrx_word' id='word_1_1008' title='bbox 1529 5490 1692 5546; x_wconf 87' lang='lat' dir='ltr'><strong>forma</strong></span> <span class='ocrx_word' id='word_1_1009' title='bbox 1717 5494 1854 5548; x_wconf 87' lang='lat' dir='ltr'><strong>servi</strong></span> 
     </span>
    </p>
   </div>
   <div class='ocr_carea' id='block_1_120' title="bbox 311 5562 862 5631">
    <p class='ocr_par' dir='ltr' id='par_1_120' title="bbox 311 5562 862 5631">
     <span class='ocr_line' id='line_1_121' title="bbox 311 5562 862 5631; baseline -0.022 -11"><span class='ocrx_word' id='word_1_1010' title='bbox 311 5562 449 5620; x_wconf 80' lang='lat' dir='ltr'><strong>esse</strong></span> <span class='ocrx_word' id='word_1_1011' title='bbox 475 5562 862 5631; x_wconf 66' lang='lat' dir='ltr'><strong>propositum.»</strong></span> 
     </span>
    </p>
   </div>
  </div>
