3894 6284
353 322 490 377 H23

347 530 492 582 sont,
521 520 590 571 ita
622 529 720 568 nec
747 513 811 565 de
836 510 1080 563 omnibus
1117 522 1253 576 quos
1297 507 1550 575 praesciit.
1586 504 1699 559 Non
1731 504 1873 559 enim

349 608 632 666 secundum
659 614 990 657 communem
1014 598 1147 666 vulgi
1169 598 1469 674 opinionem
1489 597 1774 665 putandum
1793 600 1877 646 est

346 701 481 754 bona
505 694 741 761 malaque
759 688 1004 757 przescire
1024 687 1208 749 Deum,
1226 687 1317 740 sed
1334 686 1622 740 secundum
1636 683 1877 750 Scriptu-

347 793 626 843 msanctae
642 779 1073 837 consuetudinem
1094 777 1421 831 sentiendum
1440 786 1519 830 est
1539 775 1666 845 (62).
1682 773 1877 829 Obser-

346 876 583 931 vetenim
602 874 689 942 qui
708 873 969 927 studiosus
990 871 1139 924 estin
1161 867 1467 937 Scripturis.
1492 865 1658 919 sicubi
1676 863 1877 917 invenit

349 964 670 1033 Scripturam
691 963 885 1026 dicere,
901 962 1023 1031 quia
1052 960 1218 1013 malos
1238 956 1531 1026 prtescierit
1560 956 1716 1017 Deus,
1738 954 1877 1006 sicut

347 1056 401 1110 in
422 1054 664 1125 praesenti
684 1054 798 1106 loco
817 1052 881 1105 de
900 1052 1053 1105 bonis
1075 1050 1351 1104 manifeste
1377 1048 1525 1112 dicit,
1551 1047 1669 1114 quia
1698 1062 1717 1095 ‹
1744 1058 1876 1112 quos

347 1145 632 1216 praescivit,
662 1152 714 1197 et
744 1140 1135 1211 praedestinavit
1159 1140 1459 1195 conformes
1476 1136 1585 1190 fieri
1609 1134 1717 1205 (65)
1746 1135 1869 1187 ima-

344 1236 481 1306 ginis
529 1233 644 1287 Filii
690 1234 835 1286 sui.»
879 1231 935 1285 Si
989 1231 1129 1306 enim
1176 1244 1309 1298 quos
1351 1227 1637 1296 praescivit.
1692 1228 1789 1279 bos
1821 1233 1876 1278 et

346 1305 746 1393 praedestinavit
794 1305 1094 1375 eoi-formes
1148 1335 1266 1373 esse
1315 1318 1561 1387 imaginis
1604 1316 1718 1370 Filii
1770 1315 1872 1381 sui,

346 1414 521 1468 nullus
545 1422 720 1467 autem
754 1411 924 1465 malus
969 1410 1259 1464 conformis
1289 1416 1463 1477 potest
1491 1406 1733 1476 imaginis
1753 1421 1876 1459 esse

344 1504 461 1559 Filii
499 1503 613 1565 Dei,
644 1501 983 1555 manifestum
1013 1508 1096 1554 est
1130 1499 1250 1566 quia
1280 1500 1345 1551 de
1376 1497 1529 1551 bonis
1558 1504 1758 1550 tantum
1794 1495 1874 1550 di-

345 1592 780 1651 cituPrazsciit
836 1606 970 1659 quos
1018 1601 1073 1645 et
1120 1589 1520 1660 praedestinavit
1573 1586 1876 1641 conforines

347 1686 461 1741 ﬁeri
509 1684 752 1752 imaginis
800 1682 920 1735 Filii
969 1681 1089 1745 sui;
1119 1698 1138 1731 i
1177 1689 1403 1734 caeteros
1434 1692 1560 1732 vero
1584 1693 1685 1731 non
1722 1678 1874 1731 modo

3586 252 3731 308 H25

2974 394 3188 453 mpm
3240 370 3593 447 posuimus
3633 384 3733 421 ex-

1973 462 2220 563 coluerit,
2251 495 2429 564 imago
2455 494 2532 547 sit
2566 490 2691 553 Dei,
2724 462 2841 542 hoc
2871 487 2974 536 est
3012 486 3248 541 mago
3284 464 3442 522 Filii
3484 462 3728 564 Denta-

1976 602 2094 642 men
2124 562 2382 656 specialis
2397 598 2461 636 ac
2488 578 2722 651 propria
2750 577 2960 642 imago
2991 565 3147 636 ejus
3185 574 3347 656 qua:
3365 571 3520 656 eum
3549 562 3729 655 totum

1973 686 2134 744 atque
2154 646 2220 727 ex
2246 673 2461 742 integro
2487 646 2763 736 suscepit,
2802 672 2866 718 et
2897 663 2962 715 in
3000 650 3385 721 semetipsa
3424 646 3728 744 formavit,

1975 738 2088 837 ipsa
2126 766 2252 822 Jesu
2300 738 2483 817 anima
2533 760 2778 816 dicenda
2833 764 2962 818 est,
3018 764 3179 820 qua:
3224 759 3304 800 se
3359 755 3483 837 per
3540 738 3727 837 omnia

1979 829 2149 913 Ferbo
2183 874 2246 912 ac
2289 855 2591 925 Sapientiae
2636 851 2739 906 Dei
2774 852 2858 903 ita
2909 838 3306 911 coaptavit,
3350 843 3426 887 ut
3469 832 3534 885 in
3576 829 3728 925 nullo

1974 962 2198 1018 prorsus
2224 947 2293 1000 ab
2330 921 2447 1013 eius
2481 939 2866 1000 similitudine
2902 932 3191 990 decolor
3231 927 3638 1018 haberetur,
3660 921 3729 1018 ita

1976 1011 2034 1090 ut
2060 1011 2368 1105 quicunque
2391 1046 2668 1089 summam
2705 1022 3131 1099 perfectionis
3180 1033 3272 1073 ac
3324 1011 3729 1070 beatitudinis

1972 1136 2332 1187 consectatur,
2372 1124 2440 1178 ad
2485 1123 2637 1177 illius
2685 1134 2751 1175 se
2800 1117 3166 1184 imaginem
3207 1126 3295 1164 ac
3330 1105 3541 1180 ,ωε
3566 1105 3726 1160 simi-

1978 1220 2259 1277 litudinem
2285 1218 2399 1288 (68)
2418 1220 2630 1279 tendat,
2650 1229 2779 1284 quae
2793 1213 3005 1281 primo
3022 1207 3181 1262 loco
3201 1217 3278 1260 et
3298 1217 3503 1274 super
3523 1214 3724 1255 omnes

1781 299 1938 351 UllIG
1948 296 2099 347 LMS

347 432 486 502 quod
533 428 669 483 sicut
700 436 802 477 non
834 422 898 475 de
930 418 1178 474 omnibus
1210 417 1339 470 dixit
1378 416 1471 487 qui
1506 412 1865 485 praedestinati
1897 418 1942 473 Α
1970 410 2063 479 qui
2099 404 2402 502 seadeam
2437 403 2684 502 form-ant
2724 404 2923 502 fluam

1962 1321 2198 1364 caeteros
2228 1309 2347 1363 Filii
2380 1308 2474 1361 Dei
2510 1308 2696 1373 imago
2728 1312 2817 1359 est
2849 1318 2872 1360 :
2897 1302 2987 1355 ita
3021 1319 3043 1351 ι
3079 1308 3155 1353 ιιι
3194 1294 3296 1350 sit
3331 1295 3475 1363 ipse
3508 1294 3726 1361 primo-

1973 1400 2185 1467 genitus
2204 1399 2254 1452 in
2276 1397 2463 1451 multis
2480 1395 2818 1456 fratribus,»
2855 1394 2919 1446 in
2962 1391 3073 1446 his
3125 1388 3453 1443 videlicet
3480 1400 3723 1456 quorum

1975 1492 2027 1545 in
2058 1487 2495 1544 conformatione
2526 1486 2790 1555 imaginis
2827 1482 2975 1538 Filii
3000 1480 3122 1535 Dei
3145 1481 3518 1547 primatum
3551 1484 3720 1531 tenet.

2044 1579 2096 1634 8.
2142 1597 2161 1631 ι
2187 1577 2335 1645 Quos
2363 1585 2545 1630 autem
2588 1572 3092 1644 praedestinavit,
3127 1570 3291 1624 illos
3329 1578 3401 1624 et
3434 1568 3671 1623 vocarit
3702 1584 3717 1619 :

1972 1680 2171 1735 etquos
2187 1670 2421 1735 vocavit,
2441 1669 2564 1723 illos
2586 1676 2644 1722 et
2658 1665 3081 1735 iustiﬁcavit;
3115 1678 3301 1730 quos
3326 1660 3721 1730 autemjusti-

344 1736 743 1843 prie—scirefsed
788 1772 995 1825 nescire
1026 1736 1241 1839 quidem
1300 1769 1496 1821 dicitur
1536 1767 1688 1820 Deus.
1722 1786 1740 1817 ι
1768 1765 1872 1819 No-
1908 1736 1946 1790 Β
1977 1761 2175 1825 lieavit,
2210 1760 2329 1814 illos
2351 1770 2409 1814 et
2449 1757 2794 1827 gloriﬁcavit
2812 1757 2867 1787 "
2896 1755 3071 1823 (69).
3112 1773 3137 1806 ι
3192 1753 3420 1822 Supra
3458 1752 3609 1808 dixit
3631 1752 3715 1811 "’z

344 1865 420 1918 vit
440 1883 459 1916 ι
492 1864 633 1918 enim
664 1881 682 1914 ι
708 1863 845 1916 Deus
877 1876 971 1915 eos
1001 1860 1088 1929 qui
1124 1869 1246 1914 sunt
1272 1859 1385 1927 ejus
1406 1859 1484 1922 ⁷³;
1511 1876 1529 1909 ι
1561 1858 1625 1911 ad
1656 1871 1751 1910 eos
1774 1872 1873 1910 au-

346 1964 450 2008 tem
480 1953 569 2022 qui
597 1968 698 2007 non
723 1961 846 2005 sunt
871 1951 1013 2020 digni
1037 1958 1095 2003 ut
1141 1950 1387 2002 sciantur
1415 1963 1443 2001 a
1474 1948 1599 2013 Deo,
1630 1946 1877 2001 Salvator

343 2045 511 2099 dicit:
544 2042 852 2097 «Discedite
903 2055 933 2093 a
988 2054 1090 2101 me,
1144 2039 1268 2108 quia
1328 2052 1593 2105 nunquam
1648 2035 1874 2104 cognovi

344 2149 438 2187 vos
471 2130 603 2201 (64),
629 2129 857 2199 operarii
896 2126 1273 2195 iniquitatis".
1300 2146 1318 2178 ι
1355 2126 1442 2179 Sic
1458 2139 1586 2192 ergo
1635 2125 1794 2177 etiam
1822 2124 1875 2177 in

348 2224 446 2275 hoc
468 2220 714 2289 praesenti
746 2218 865 2272 loco
890 2235 910 2269 ί
938 2231 1071 2284 quos
1091 2216 1353 2283 prarscivit
1380 2236 1396 2267 ο
1426 2217 1581 2277 Dens,
1610 2216 1749 2282 ipsos
1777 2231 1795 2263 ‹
1824 2221 1878 2267 et

346 2311 741 2380 prmdestinavit
787 2306 1090 2361 conformes
1126 2307 1237 2360 fieri
1280 2304 1689 2381 iniaginis‘Filii
1726 2304 1826 2357 sui.
1852 2321 1871 2354 ι

345 2400 538 2455 Caneri
597 2409 771 2452 autem
825 2396 1063 2465 praesciri
1124 2410 1228 2449 non
1274 2396 1690 2449 dicunturmon
1739 2393 1877 2461 quod

346 2491 545 2560 aliquid
574 2491 740 2544 latere
766 2488 932 2559 possit
959 2487 1101 2540 illam
1137 2496 1382 2539 naturam
1407 2500 1525 2554 qua:
1549 2484 1745 2553 ubique
1773 2492 1875 2549 est,

346 2590 401 2634 et
430 2596 688 2650 nusquam
712 2581 892 2646 deest;
923 2579 1013 2633 sed
1042 2577 1166 2646 quia
1203 2591 1359 2630 omne
1386 2577 1523 2643 quod
1550 2577 1741 2627 malum
1773 2584 1875 2638 est,

348 2672 572 2725 scientia
619 2671 734 2735 ejus
784 2669 866 2721 vel
908 2667 1241 2738 prmscientia
1297 2664 1525 2717 habetur
1582 2664 1873 2730 indignum.

353 2772 374 2806 ι
400 2756 542 2820 Quos
568 2773 587 2806 ι
622 2768 746 2824 ergo
776 2774 794 2806 ι
816 2755 1068 2822 praesciit,
1094 2762 1147 2806 et
1195 2752 1603 2821 przedestiuavit.
1632 2769 1649 2801 ι
1688 2750 1790 2804 Sed
1824 2761 1880 2806 et

352 2848 451 2899 hoc
493 2846 722 2906 intuere,
751 2845 793 2897 si
821 2844 1069 2912 prmscire
1095 2851 1146 2895 et
1169 2841 1547 2910 praedestinare
1569 2839 1670 2893 dici
1703 2850 1879 2908 potest

351 2935 489 2987 Deus
521 2934 585 2987 de
618 2933 704 2987 his
742 2934 831 3000 qui
879 2932 1112 2985 nondum
1138 2940 1297 2994 sunt;
1339 2944 1406 2983 an
1436 2929 1502 2983 de
1530 2929 1611 2983 his
1644 2929 1757 2998 (65)
1782 2930 1874 2997 qui

1980 1853 2152 1917 «Quos
2172 1852 2466 1919 praescivit,
2482 1851 2583 1905 hos
2600 1860 2653 1903 et
2670 1845 3129 1916 pracdestinavi
3142 1856 3193 1909 t,
3210 1863 3239 1895 ι
3253 1856 3323 1899 et
3344 1858 3515 1899 nunc
3529 1844 3710 1898 addit:

1979 1961 1998 1992 ‹
2028 1943 2170 2006 Quos
2186 1951 2365 1995 autem
2392 1936 2846 2009 praedestinavit,
2882 1936 3039 1991 illos
3066 1944 3141 1989 et
3163 1938 3436 1991 vocavit
3461 1953 3478 1989 :
3499 1944 3557 1990 et
3576 1950 3712 2005 quos

1976 2032 2202 2094 vocavit,
2229 2029 2352 2083 illos
2385 2038 2441 2081 et
2461 2027 2818 2097 justiﬁcavit.
2848 2044 2871 2077 ι
2915 2026 2997 2078 Et
3046 2025 3108 2080 si
3180 2043 3205 2077 ι
3247 2026 3611 2096 prmscivito
3660 2038 3711 2081 ct

1980 2137 1999 2171 ι
2024 2120 2424 2188 prmdestinavit
2447 2138 2465 2169 ι
2502 2117 2794 2172 communi
2830 2116 3166 2185 Opinione
3208 2117 3597 2183 sentiamus,
3630 2119 3705 2171 vi-

1976 2212 2187 2264 debitur
2215 2211 2403 2278 utique
2441 2208 2533 2277 qui
2563 2209 2932 2277 iustificatus
2979 2221 3123 2270 est.
3165 2220 3514 2278 propterea
3539 2211 3704 2280 justi-

1980 2300 2164 2353 ficatus
2201 2314 2320 2354 esse
2354 2300 2481 2368 quia
2506 2310 2741 2353 vocatus
2788 2309 2935 2364 est;
2975 2308 3051 2354 et
3112 2302 3234 2371 qui
3298 2314 3562 2358 vocatus
3608 2314 3702 2363 est,

1975 2400 2255 2460 propterea
2295 2390 2632 2460 justiiicatus
2663 2405 2797 2445 esse
2849 2393 2993 2461 (70)
3028 2394 3196 2463 quia
3251 2396 3707 2463 praedestinatns

1975 2488 2089 2544 est;
2118 2486 2172 2532 et
2208 2480 2298 2546 qui
2339 2478 2769 2545 prmdestinatus
2805 2491 2934 2545 est.
2990 2494 3374 2552 propterea
3416 2487 3704 2554 praedesti-

1978 2577 2131 2622 natus
2156 2582 2276 2622 esse
2311 2570 2437 2637 quia
2475 2569 2870 2637 praecognitus
2914 2582 3051 2625 est.
3111 2573 3195 2627 Et
3260 2591 3515 2631 rursum
3541 2592 3703 2630 econ-

1978 2658 2139 2709 trario
2168 2656 2434 2721 intelliges
2462 2654 2577 2725 (7|)
2616 2671 2630 2707 :
2663 2658 2711 2710 si
2736 2656 2877 2725 quis
2914 2670 3152 2714 autem
3178 2662 3572 2730 justiﬁcatus
3600 2678 3700 2717 non

1976 2755 2078 2809 est,
2120 2746 2236 2799 ideo
2274 2762 2376 2798 non
2410 2756 2492 2800 est
2517 2747 2882 2813 justiticatus
2928 2751 3094 2818 quia
3139 2768 3273 2808 non
3318 2763 3421 2809 est
3453 2763 3697 2818 vocatus;

1975 2847 2029 2891 et
2064 2838 2153 2906 qui
2186 2848 2405 2892 voratus
2454 2853 2560 2892 non
2590 2850 2703 2904 est,
2741 2843 2884 2898 ideo
2923 2854 3218 2900 vocatus
3268 2861 3401 2899 non
3447 2855 3539 2900 est
3577 2847 3698 2913 quia

1977 2941 2079 2981 non
2109 2939 2189 2981 est
2216 2928 2671 2995 praedestinatus;
2698 2941 2757 2985 et
2782 2934 2892 3001 qui
2924 2935 3449 3002 prmdestinatus
3470 2924 3697 3000 nonest,

348 3033 472 3080 sunt
502 3022 734 3091 quidem,
771 3023 1003 3075 nondum
1038 3030 1212 3075 tamen
1257 3019 1561 3073 conlormes
1592 3028 1716 3073 sunt
1746 3020 1877 3073 ima-
1903 3055 1944 3111 ϐ
1979 3014 2103 3068 ideo
2136 3031 2239 3069 nou
2278 3029 2358 3069 est
2384 3019 2825 3083 przedestinatus
2866 3026 3027 3092 quia
3071 3041 3203 3080 non
3240 3036 3347 3081 est
3379 3028 3696 3095 praecogni-

347 3115 485 3184 ginis
511 3113 624 3167 Filii
652 3113 732 3165 sui
757 3128 771 3164 :
796 3121 850 3165 et
881 3112 923 3165 si
956 3111 1350 3180 praescientiam
1381 3110 1433 3162 in
1474 3108 1575 3163 hoc
1606 3124 1726 3163 esse
1760 3125 1876 3162 ma-

347 3203 432 3270 gis
461 3200 727 3264 convenit,
761 3214 921 3267 qnam
960 3199 1009 3251 in
1040 3212 1103 3251 eo
1126 3198 1266 3266 quod
1295 3196 1530 3250 futurum
1568 3197 1637 3250 sit
1661 3197 1713 3251 id
1738 3201 1877 3266 quod

349 3292 581 3345 nondum
613 3300 714 3345 est.
744 3288 799 3341 In
839 3289 937 3341 hoc
963 3288 1105 3340 enim
1142 3288 1382 3340 voluntas
1418 3288 1586 3355 magis
1612 3296 1694 3341 est
1721 3303 1876 3355 quam

349 3380 682 3448 prmscientia
731 3378 1044 3433 conditoris.
1084 3377 1211 3431 Nam
1276 3376 1609 3443 przescientia
1663 3377 1716 3429 in
1772 3393 1878 3445 quo

351 3469 637 3535 videbitur,
676 3485 796 3524 cum
838 3469 889 3523 id
928 3469 1067 3538 quod
1116 3468 1352 3519 futurum
1391 3472 1492 3527 est,
1541 3467 1768 3533 pendeat
1818 3467 1869 3519 iu

354 3560 580 3613 factoris
632 3560 895 3613 arbitrio?
934 3558 1209 3612 Videbitur
1254 3554 1497 3609 fortassis
1541 3555 1607 3607 ab
1661 3556 1880 3610 attentis

352 3648 645 3701 lectoribus
675 3649 838 3701 etiam
874 3650 973 3702 hoc
1014 3647 1234 3715 requiri,
1259 3663 1358 3701 cur
1381 3664 1483 3703 non
1504 3647 1719 3712 dixerit,
1754 3662 1880 3701 con-

352 3737 548 3789 l'ormes
590 3735 710 3789 Filii
754 3736 871 3800 sui;
910 3737 1027 3799 sed,
1072 3733 1416 3789 «conformes
1460 3734 1710 3803 imaginis
1757 3733 1880 3788 Filii

351 3825 457 3878 suis
481 3843 500 3877 ο
538 3825 686 3878 Dicet
716 3826 860 3879 enim
886 3825 976 3893 qui
1013 3825 1123 3877 lucc
1167 3823 1384 3885 excitat,
1424 3824 1547 3892 quia
1590 3825 1731 3878 sicut
1768 3824 1882 3893 ipse

351 3914 521 3968 Filius
549 3916 639 3982 qui
683 3933 702 3965 ι
730 3915 906 3983 imago
940 3913 1030 3967 Dei
1052 3912 1342 3971 invisibilis
1367 3932 1386 3964 ι
1412 3914 1687 3975 dicitur",
1710 3928 1878 3982 quau-

354 4013 463 4058 tum
513 4005 580 4057 ad
629 4018 909 4073 personam
957 4010 1163 4072 spectat
1205 4000 1347 4069 (66)},
1393 4001 1530 4055 alius
1576 4012 1661 4056 est
1688 4004 1756 4057 ab
1790 4002 1877 4056 illo

353 4094 503 4160 cujus
525 4094 695 4162 imago
721 4104 805 4147 est
834 4112 849 4148 :
887 4094 955 4146 ita
982 4102 1037 4146 et
1064 4093 1151 4146 hic
1183 4107 1302 4161 qua;
1330 4092 1526 4145 dicitur
1564 4093 1737 4163 imago
1758 4093 1877 4148 Filii

352 4182 489 4247 ejus,
519 4178 621 4235 alia
668 4184 825 4236 debet
865 4196 983 4235 esse
1012 4184 1079 4236 ab
1108 4183 1200 4235 illo
1238 4182 1346 4253 (67)
1376 4184 1527 4250 cujus
1573 4183 1748 4252 imago
1776 4195 1877 4237 est.

357 4270 419 4323 Et
444 4272 685 4339 quamvis
706 4272 868 4325 ardua
902 4273 1018 4326 haec
1045 4272 1326 4327 videantur
1345 4281 1397 4325 et
1416 4270 1666 4335 difﬁcilia,
1702 4284 1877 4327 tamen

1977 3113 2081 3159 tus.
2117 3104 2180 3158 Et
2210 3105 2330 3164 vide
2367 3107 2477 3176 (72)
2535 3110 2589 3164 in
2641 3126 2820 3179 quam
2896 3116 3269 3172 absurdam
3352 3118 3695 3173 sententiain

1979 3197 2229 3250 decidant
2274 3198 2325 3251 bi
2371 3200 2463 3265 qui
2513 3203 2956 3267 praescientiam
3026 3209 3148 3262 Dei
3205 3210 3269 3263 in
3328 3212 3448 3263 hoc
3488 3222 3693 3263 tantum

1978 3286 2272 3355 accipiunt,
2310 3289 2463 3356 quasi
2487 3290 2580 3356 qui
2601 3305 2668 3344 ea
2698 3308 2831 3360 quae
2855 3301 3285 3362 postmodum
3321 3301 3529 3355 futura
3552 3310 3693 3367 sunt,

1978 3386 2103 3429 ante
2137 3387 2456 3445 praenoscat.
2488 3378 2782 3435 Invenitur
2804 3385 2983 3438 enim
3012 3390 3387 3444 secundum
3424 3392 3536 3445 hoc
3555 3391 3692 3460 quod

1979 3481 2137 3534 supra
2178 3470 2527 3536 exposuimus
2559 3470 2703 3539 (75),
2757 3489 2881 3527 non
2938 3481 3297 3545 praescisse
3359 3482 3520 3538 Deus
3561 3498 3693 3551 quos

1981 3569 2086 3608 non
2140 3556 2568 3624 prindestinavit.
2630 3558 2701 3612 Et
2766 3575 3036 3617 rursum
3074 3567 3129 3621 si
3181 3569 3265 3622 ad
3324 3584 3687 3624 communem

1981 3645 2251 3699 referatur
2282 3646 2705 3716 intelligentiam
2736 3650 2852 3705 hoc
2883 3656 3064 3721 quod
3094 3656 3285 3723 dicit,
3315 3663 3466 3728 quia
3507 3679 3528 3712 ι
3560 3675 3688 3731 quos

1979 3736 2212 3801 vocavit,
2243 3737 2366 3792 illos
2386 3737 2797 3804 etjustilicavit
2819 3743 2900 3806 ’⁸,
2941 3763 2966 3796 ›
3014 3746 3349 3817 ingentem
3378 3754 3683 3808 fenestram

1980 3827 2367 3893 patefaciemus
2415 3829 2501 3882 his
2542 3830 2637 3898 qui
2672 3842 2895 3899 negant
2927 3852 3082 3891 esse
3117 3840 3183 3895 in
3226 3844 3510 3899 hominis
3533 3853 3681 3913 pote.

1981 3923 2122 3969 state
2174 3924 2233 3968 ut
2281 3915 2464 3971 salvus
2510 3916 2629 3971 ﬂat.
2669 3918 2856 3973 Aiunt
2902 3925 3086 3979 enim
3149 3945 3168 3983 :
3211 3930 3280 3983 Si
3348 3930 3514 3985 Deus
3557 3944 3687 3999 quos

1983 4005 2273 4073 praescivit,
2306 4006 2425 4059 illos
2455 4016 2512 4060 et
2557 4008 3052 4080 pradestinavit;
3092 4027 3162 4071 et
3190 4034 3357 4087 quos
3392 4021 3689 4090 praedesti-

1986 4094 2155 4159 navit,
2190 4094 2311 4147 illos
2333 4102 2387 4146 et
2425 4097 2674 4161 vocavit;
2706 4107 2764 4151 et
2792 4114 2954 4168 quos
2997 4109 3290 4172 vocavit.
3342 4111 3482 4165 illos
3515 4121 3574 4164 et
3597 4111 3685 4177 ju-

1983 4186 2268 4249 stilicavit;
2312 4185 2446 4238 nihil
2476 4186 2652 4255 culpae
2682 4188 2906 4245 habent
2934 4193 3000 4247 hi
3035 4197 3151 4265 qui
3192 4215 3325 4254 non
3358 4200 3688 4267 iustiﬁcam—

1984 4283 2090 4332 tur.
2135 4274 2260 4342 quia
2320 4289 2421 4329 nec
2465 4279 2649 4331 vocati
2693 4288 2856 4345 sunt,
2914 4298 3041 4341 nec
3084 4292 3556 4358 pmdestinati,
3589 4307 3688 4346 nec

354 4362 471 4414 vide
501 4363 543 4413 si
566 4377 843 4429 possumus
859 4362 984 4416 illud
1012 4362 1211 4428 dicere,
1242 4363 1385 4430 quia,
1425 4362 1668 4430 quamvis
1703 4363 1876 4415 omnis

2058 4362 2311 4431 ecogniti.
2339 4362 2476 4417 'l‘um
2503 4366 2675 4419 etiam
2714 4367 2857 4423 illud
2905 4357 3134 4441 aperte
3181 4381 3379 4436 nobis
3416 4384 3687 4437 adversa-

418 4471 463 4502 ⁷³
483 4470 525 4524 ιι
560 4472 696 4525 Tim.
725 4488 785 4533 tt,
817 4472 905 4527 l9.
976 4474 1023 4504 "*
1048 4473 1234 4527 Matth.
1260 4488 1357 4535 vit,
1380 4474 1467 4527 2'5.
1549 4474 1594 4505 "
1615 4474 1822 4529 Coloss.
1855 4491 1871 4529 ι

2078 4476 2125 4507 τ’
2156 4475 2309 4529 Rom.
2335 4490 2456 4540 vin,
2480 4477 2573 4533 30.
2650 4481 2699 4520 7"
2729 4480 2869 4538 ibid.
2910 4484 3019 4541 29.
3108 4491 3164 4522 ⁷⁸
3191 4492 3356 4549 ibid.
3392 4496 3495 4552 50.

423 4583 535 4642 (62)
562 4582 724 4647 Editi,
767 4600 787 4633 ι
812 4583 1083 4637 sciendum
1123 4595 1222 4639 est.
1256 4604 1274 4636 ι

423 4652 532 4720 (65)
557 4649 717 4703 Fieri.
770 4651 925 4704 Deest
972 4654 1023 4704 in
1073 4669 1201 4705 mss.
1243 4653 1515 4707 codicibus
1570 4654 1789 4720 nostris,
1826 4664 1880 4708 ct

357 4722 493 4787 apud
526 4720 822 4787 Rabanum,
843 4721 934 4772 sed
969 4732 1145 4773 exstat
1176 4723 1225 4773 in
1257 4723 1432 4774 editis.

428 4789 539 4856 (64)
573 4786 661 4840 Sic
688 4803 815 4843 mss.
843 4797 895 4841 et
924 4787 1197 4842 Rabanus.
1226 4791 1361 4843 Editi
1396 4804 1539 4852 vero,
1573 4807 1592 4840 ο
1617 4789 1881 4843 Discedite

359 4873 501 4930 sine
531 4872 639 4916 vos,
659 4858 885 4930 operarii
913 4858 1222 4925 iniquitatis,
1246 4859 1368 4927 quia
1392 4874 1494 4911 non
1512 4859 1736 4928 cognovi
1766 4873 1882 4911 vos.

359 4926 445 4977 Sic
480 4941 606 4993 ergo
628 4936 680 4977 et
710 4926 759 4977 iu
792 4925 908 4989 hoc,
934 4944 953 4977 ι
991 4936 1092 4980 etc.

429 4992 736 5063 (65)Etliti,
778 4994 865 5045 alii
903 5011 916 5045 :
949 5013 967 5043 ι
994 4993 1141 5063 Unde
1172 4993 1281 5055 liis,
1306 5012 1325 5045 ι
1368 4994 1521 5058 alius,
1561 4994 1677 5048 «vel
1731 4994 1835 5046 liis.
1861 5013 1879 5046 ι

362 5062 425 5134 lit
458 5062 657 5129 postea,
690 5079 709 5112 ι
736 5063 979 5132 imaginis
1016 5062 1131 5117 Filii
1176 5065 1311 5129 ejus,
1340 5073 1391 5117 et
1415 5063 1801 5134 prwscientiam
1830 5065 1881 5116 in

362 5128 460 5180 hoc
483 5145 617 5189 esse,
638 5148 659 5180 υ
683 5138 787 5182 etc.

431 5196 538 5272 (σθ)
568 5196 655 5250 Sic
690 5208 829 5251 recte
858 5214 958 5252 ms.
981 5214 1118 5253 unus
1159 5199 1354 5270 Regius
1400 5217 1543 5255 num.
1576 5199 1729 5272 1639.
1761 5198 1881 5272 fite-

365 5268 625 5343 l‘erii.‘vero
656 5279 820 5343 ωδε...
838 5283 865 5343 ι
879 5274 1227 5343 quiatitum__ad
1244 5268 1544 5338 ipersonatn
1589 5268 1869 5337 Specialius

368 5331 533 5400 (mliti,
565 5348 584 5380 ο
608 5334 873 5400 specialis)
899 5331 983 5388 est
1016 5337 1081 5388 ab
1111 5337 1219 5399 illo,
1247 5331 1400 5394 i'ctc.

368 5397 773 5517 mfggiﬁﬂllo.
808 5397 929 5456 llaec
955 5405 1058 5457 duo
1084 5397 1243 5460 verba
1296 5410 1481 5460 desunt
1511 5407 1560 5460 in
1598 5405 1747 5462 libris
1786 5418 1881 5457 an-

476 5480 653 5518 edlllS.

576 5532 696 5588 Mss.
717 5539 889 5614 .nostri
913 5548 965 5614 et
994 5540 1323 5614 Salodiauus.
1368 5562 1385 5592 ι
1413 5544 1474 5614 ad
1511 5542 1646 5597 illius
1669 5559 1724 5596 se
1751 5544 1881 5595 ima-

371 5608 542 5659 ςιιιειιι
576 5614 637 5653 ac
688 5607 1078 5661 similitudinem
1134 5613 1369 5665 tendatn
1423 5610 1524 5665 Sed
1565 5621 1735 5665 tamen
1778 5626 1876 5664 vox

1988 4605 2005 4637 ι
2026 4588 2443 4667 senireduiidare
2457 4590 2695 4667 videtur,
2716 4605 2785 4667 ει
2796 4611 2931 4654 eam
2958 4604 3281 4663 omittunt
3300 4611 3512 4667 caeteri
3527 4610 3659 4666 editi

2187 4656 2356 4736 Είιὲῑί.
2386 4676 2405 4708 ι
2439 4650 2840 4728 ιιιεειιὶῆὰθνῑι,
2864 4650 2930 4717 ζ’
2965 4650 3281 4663 ””“““’·“
3302 4650 3680 4667 νπννηνυιοη

1994 4723 2682 4817 ³..ς-(ξξαικὶῗεειξ
2729 4736 2907 4817 ειᾳαί
2935 4752 3186 4817 vocatus
3224 4756 3347 4809 est,
3385 4762 3681 4817 prapterea

1978 4796 2304 4879 ,τιιδβζᾷςίξίμξδ
2328 4811 2457 4874 εεεςο
2482 4796 3070 4879 ΔΙιξξξθἰΙεείεῙειῚιιιιιιι·
3105 4814 3167 4865 in
3217 4796 3416 4871 ante;
3448 4796 3641 4873 edi-Itis:

2062 4860 2366 4957 {ill-ias:
2378 4866 2744 4957 illlltil-lliglslb
2768 4871 2839 4925 Et
2855 4860 3067 4957 postea
3200 4860 3677 4957 .76..

1992 4934 2627 5027 εξξῑκεεξξξξιενλέεολφιι,
2643 4950 2733 5027 «ξε
3374 4934 3514 5026 quia

1989 4998 2294 5091 925519295
2320 5015 2459 5091 2.0::
2474 5014 2583 5086 es
2608 4998 2877 5091 διιοοκεεμι
3036 4998 3514 5091 νρῖξειξεῖεῑῖεῖίιςῖ

1990 5075 2491 5167 ἓιιῇιιὸᾞῗελρεδι-ιζι
2516 5077 2622 5167 nisi
2640 5081 2799 5167 quod
2819 5075 3077 5167 habeant
3098 5092 3239 5157 (qui
3255 5075 3300 5142 ἶ
3308 5111 3422 5160 pro
3441 5100 3666 5167 ninia.»

1991 5134 2612 5255 ⁵⁸ἑ¹πὲῖ³ιὲὶ¹¹ξξῗαεὶ¹ίκέιξκ
2625 5160 3065 5255 εηοῗξξῐιὶεξιυς.
3090 5134 3360 5255 sire-‘6
3383 5134 3666 5255 Ϊαυειξεεξξέ

1984 5279 2035 5322 οι
2062 5208 2457 5333 ἳίἰὲῖἱίεῖἕῗε·
2488 5210 2664 5282 “mi
2706 5218 2968 5288 «νίσευο
3012 5208 3073 5280 έι
3100 5208 3359 5298 ιίιὸξῐῖ
3376 5208 3668 5304 «insilit;

2461 5357 2791 5442 secundum
2840 5361 2960 5418 hinc
3015 5376 3219 5442 postea
3259 5387 3432 5442 (qua:
3492 5388 3663 5442 supra

1984 5420 2573 5511 Pis.
2620 5444 2797 5495 unus,
2834 5420 3223 5511 insecu'ndunt
3255 5420 3393 5497 haec
3435 5459 3543 5511 per
3569 5420 3660 5495 lea

1985 5490 2737 5573 flffff'jltf‘jffgsposuiinus
2771 5490 2795 5554 ί
2833 5504 2930 5560 Sic
2983 5506 3155 5561 etiam
3187 5490 3659 5573 κζιῐιῖὠζηῐςῖ

1985 5545 2124 5609 quod
2168 5550 2390 5606 ("uiuat
2410 5545 2450 5610 "
2835 5545 3155 5633 wuyquu....:
3187 5545 3514 5605 aII-'uolll‘Iua.
3553 5545 3658 5590 urn-

1985 5622 2164 5668 ιιυδηο
2206 5626 2387 5677 mnu.
2798 5598 2835 5629 t.
2870 5595 2888 5629 ι
2975 5592 3003 5632 ε
3074 5586 3273 5635 ceteri
3324 5599 3477 5637 tuas.
3510 5596 3571 5637 ut
3604 5600 3658 5636 tu
