3894 6262
288 256 446 310 “25

1235 253 1582 312 COthENT.
1614 251 1679 306 IN
1720 251 1930 306 EPIST.
1972 252 2060 306 AD
2097 235 2258 310 RDM.
2299 252 2426 308 LIB.
2464 251 2573 306 vn.

3330 250 3466 308 H20

285 379 409 434 tur,
453 371 597 440 quod
647 386 750 427 non
786 385 972 426 omnes
1017 371 1110 439 qui
1136 382 1416 436 vocantur,
1452 373 1613 425 etiam
1636 371 1836 439 iustiﬁ-
1865 377 1917 432 Α
1949 369 2180 423 cundum
2225 369 2556 439 propositum
2583 385 2602 418 ι
2654 365 2826 418 vocati
2865 363 3070 418 sunt".
3113 360 3245 416 Nam
3293 363 3348 418 hi
3373 364 3465 432 qui

283 469 522 513 cantur.
553 460 687 515 Nam
721 471 774 516 et
814 462 978 516 Judas
1030 460 1298 528 apostolus
1343 470 1564 513 vocatus
1610 469 1712 523 est,
1740 459 1832 513 sed

283 563 408 602 non
460 559 548 604 est
588 549 924 616 iustiﬁcatus.
965 550 1111 615 Quod
1157 561 1211 604 et
1249 550 1292 604 si
1327 548 1672 617 iustilicatmn
1712 563 1832 602 eum

282 640 595 695 contendat
636 641 831 709 aliquis
853 656 918 695 eo
951 642 1064 708 ipso
1087 654 1192 708 quo
1231 636 1447 694 vocatus
1473 648 1588 703 est;
1616 654 1716 690 non
1753 645 1834 692 est

281 739 448 784 certe
483 729 834 799 gloriﬁcatus.
879 731 983 784 Sed
1030 741 1084 784 et
1119 730 1191 783 illi
1223 729 1290 784 de
1320 729 1511 796 quibus
1546 728 1671 782 dicit
1693 727 1835 794 Apo-

280 822 496 889 stolus,
548 823 676 891 quia
733 822 1223 890 «naufragaverunt
1270 836 1298 873 a
1351 819 1544 881 ﬁde",
1579 838 1596 869 ι
1662 816 1830 870 vocati

279 913 521 979 quidem
549 912 787 976 fuerunt,
817 915 910 966 scd
941 927 1042 964 non
1075 919 1198 964 sunt
1219 909 1518 976 iustiﬁcati.
1552 909 1617 962 Et
1647 923 1834 962 secun-

281 1002 426 1055 dum
462 1001 736 1071 Evangelii
766 1000 1044 1069 parabolas
1063 1000 1128 1058 ⁸ο,
1161 999 1234 1054 illi
1255 999 1320 1051 ad
1348 1012 1482 1066 quos
1529 997 1679 1050 missi
1722 995 1836 1049 fue-

280 1100 421 1144 rant
456 1091 626 1154 servi,
655 1098 710 1143 et
738 1097 1129 1144 excusaverunt
1155 1102 1236 1151 se,
1265 1087 1440 1141 vocati
1469 1085 1713 1150 luerunt;
1743 1084 1835 1138 sed

281 1195 401 1234 non
436 1180 862 1249 suntiustiﬁcati
890 1197 903 1232 :
929 1189 984 1233 et
1013 1179 1100 1232 ille
1121 1179 1212 1247 qui
1239 1179 1504 1246 ingressus
1533 1176 1833 1230 convivium

285 1270 448 1338 regis
481 1284 588 1324 non
626 1269 813 1324 habuit
840 1277 1043 1323 vestem
1069 1265 1356 1335 nuptialem
1374 1266 1443 1330 εί,
1471 1274 1690 1319 vocatus
1717 1271 1795 1319 est
1819 1279 1833 1328 ;

273 1361 392 1414 sed
416 1374 546 1417 .non
576 1369 662 1414 est
692 1357 1032 1426 iustiﬁcatus.
1065 1355 1196 1411 Cum
1229 1369 1358 1423 ergo
1394 1355 1507 1408 litae
1537 1355 1740 1423 singula
1767 1355 1836 1406 ita

283 1467 352 1506 se
390 1451 649 1511 habeant,
689 1450 952 1516 quomodo
981 1445 1244 1500 videbitur
1295 1459 1453 1499 verus
1498 1458 1617 1498 esse
1664 1454 1838 1497 sermo

280 1538 573 1608 Apostoli,
611 1553 767 1607 quem
804 1536 887 1591 vel
933 1537 999 1590 de
1035 1535 1432 1604 praenoscendo,
1479 1534 1559 1587 vel
1602 1533 1668 1586 de
1703 1545 1839 1599 prae-

284 1628 647 1690 destinando,
680 1624 760 1679 vel
804 1625 871 1678 de
912 1623 1173 1687 vocando,
1218 1623 1304 1675 vel
1347 1622 1507 1675 etiam
1542 1621 1609 1673 de
1644 1619 1838 1686 iustiﬁ-

1938 458 2228 512 secundum
2269 459 2596 527 propositum
2645 458 2865 520 bonum,
2893 462 2948 508 et
2997 455 3184 508 bonam
3221 454 3467 508 volunta-

1939 557 2041 602 tem
2083 563 2240 615 quam
2284 550 2430 602 circa
2459 548 2550 602 Dei
2583 547 2784 602 cultum
2825 553 3036 615 gerunt,
3061 554 3336 608 vocantur,
3365 544 3467 614 ipsi

1939 638 2175 705 suntqui
2206 655 2224 687 ι
2252 640 2538 691 secundum
2573 639 2902 706 propositum
2931 654 2950 687 ι
2987 636 3161 689 vocati
3197 635 3466 702 dicuntur,

1939 739 1993 782 et
2051 727 2138 780 isti
2175 737 2299 780 sunt
2341 728 2432 795 qui
2481 729 2652 781 vocati
2689 727 3071 796 iustiﬁcantur.
3121 725 3270 779 Bono
3325 726 3469 779 enim

1943 832 2128 872 eorum
2170 818 2445 886 proposito
2472 818 2654 872 deerat
2696 817 2809 884 spla
2863 817 3094 869 vocatio.
3125 815 3187 868 lli
3222 829 3348 870 vero
3375 816 3466 882 qui
3511 849 3514 852 ~

1937 907 2094 976 605
2122 921 2222 960 non
2258 907 2452 959 habent
2482 906 2675 959 bonum
2703 907 2976 974 ﬁxumque
3022 909 3350 972 propositum
3383 904 3470 958 vel

1940 1012 2065 1067 erga
2095 997 2331 1051 divinum
2358 997 2580 1059 cultum,
2612 995 2692 1048 vel
2723 1011 2848 1063 erga
2875 1010 3008 1062 opus
3038 996 3255 1060 bonum,
3276 1008 3470 1048 vocan-

1941 1097 2027 1140 tur
2048 1087 2262 1154 quidem
2290 1095 2344 1139 et
2369 1086 2494 1154 ipsi,
2520 1099 2586 1138 ne
2613 1085 2690 1138 eis
2713 1085 2988 1139 excusatio
3025 1084 3376 1152 relinquatur,
3415 1091 3473 1136 et

1941 1175 2054 1229 haec
2081 1175 2191 1244 ipsa
2216 1173 2422 1242 possint
2459 1173 2669 1228 causari
2709 1186 2828 1225 cum
2865 1171 3173 1239 iudicantur
3197 1185 3212 1224 :
3238 1171 3373 1236 Quia
3415 1179 3471 1226 et

1940 1279 2040 1319 nos
2076 1265 2119 1318 si
2154 1264 2326 1318 vocati
2353 1265 2654 1326 fuissemus,
2681 1262 3036 1330 potuissemus
3065 1263 3246 1330 utique
3277 1259 3472 1328 instill-

1941 1357 2082 1420 cari;
2105 1364 2158 1409 et
2182 1370 2283 1408 non
2306 1355 2472 1409 solum
2491 1353 2792 1423 iustiﬁcari,
2818 1353 2908 1406 sed
2935 1361 2988 1405 et
3010 1352 3324 1421 glorilieari.
3350 1351 3472 1404 Ideo

1940 1457 2067 1512 ergo
2094 1452 2353 1496 vocantur
2378 1440 2589 1508 quidem
2619 1449 2673 1492 et
2703 1438 2834 1507 ipsi;
2867 1439 2960 1492 sed
2992 1437 3144 1506 quasi
3175 1438 3219 1490 si
3246 1438 3297 1490 in
3328 1447 3472 1491 terra

1941 1531 2153 1601 petrosa
2185 1530 2479 1584 setninetur
2523 1543 2725 1593 semen,
2779 1529 2886 1582 cito
2935 1528 3150 1596 quidem
3190 1527 3469 1592 exoritur;

1942 1617 2274 1670 increscente
2318 1625 2497 1669 autem
2540 1614 2937 1669 tribulationum
2991 1615 3134 1679 sole,
3189 1613 3313 1682 quia
3364 1629 3470 1668 non

285 1719 484 1771 cando
513 1714 864 1770 memoravit?
909 1713 1012 1767 Sed
1048 1727 1147 1780 ego
1183 1713 1475 1766 secundum
1513 1725 1577 1764 ea
1611 1726 1724 1776 quae
1753 1725 1840 1763 su-
1871 1703 1911 1760 Β
1940 1706 2136 1760 habent
2165 1709 2324 1758 altam
2352 1705 2584 1759 radicem
2618 1705 2741 1760 boni
2769 1705 3045 1774 propositi,
3072 1707 3326 1758 continuo
3349 1716 3472 1758 are-

283 1821 393 1874 pra
446 1807 819 1874 exposuimus,
866 1802 1128 1872 quomodo
1182 1809 1368 1856 noscat
1403 1801 1486 1855 vel
1546 1811 1839 1869 praenoscat

287 1896 472 1957 Deus,
505 1894 572 1946 ad
611 1892 1048 1948 consuetudinem
1083 1891 1370 1958 Scriptura:
1392 1889 1712 1943 redeundum
1745 1903 1840 1956 puo

286 1995 375 2048 to,
409 1997 540 2052 quae
561 1982 846 2036 vernacula
870 1983 1098 2050 quadam
1133 1979 1485 2048 appellatione
1509 1979 1562 2031 in
1597 1978 1698 2031 hoc
1723 1993 1839 2032 ser-

285 2090 494 2138 mone,
525 2075 576 2128 id
609 2081 688 2127 est
749 2072 803 2124 in
833 2070 1196 2140 cognoscendo
1246 2068 1320 2121 uti
1359 2066 1492 2121 solet
1518 2066 1696 2120 :velut
1720 2081 1839 2119 cum

284 2164 466 2219 dicit:
496 2181 516 2214 ι
539 2162 606 2216 Et
622 2159 1045 2229 cognovitAdam
1072 2158 1235 2211 Evam
1256 2171 1476 2211 uxorem
1495 2170 1640 2210 suam
1665 2153 1795 2224 (74),
1816 2171 1836 2204 υ

283 2270 400 2324 pro
449 2268 518 2308 eo
548 2261 606 2306 ut
639 2251 870 2314 dicat“,
916 2249 1174 2302 admistus
1222 2255 1302 2300 est
1387 2246 1541 2300 uxori
1595 2259 1724 2299 suae.
1775 2244 1842 2296 Et

289 2345 508 2398 iterum
534 2341 602 2396 de
633 2341 872 2394 Rebecca
897 2339 1062 2392 dicit:
1097 2355 1116 2388 ι
1152 2336 1312 2406 Virgo
1337 2345 1476 2398 erat,
1508 2336 1590 2388 vir
1619 2349 1719 2388 non
1748 2349 1840 2388 co-

283 2441 572 2508 gnoverat
599 2447 716 2486 eain
738 2430 804 2482 ⁸³.
827 2449 848 2482 ι
877 2429 980 2484 Sed
1007 2438 1062 2483 et
1089 2429 1154 2483 de
1184 2429 1304 2482 [iliis
1330 2427 1456 2480 Levi
1480 2426 1692 2488 dicitur,
1720 2439 1839 2478 cum

287 2520 757 2592 praevaricatores
784 2517 1052 2584 punirent,
1079 2515 1202 2582 quia
1229 2527 1330 2567 non
1346 2510 1655 2581 cognoverit
1677 2524 1842 2562 unus-

285 2613 538 2682 quisque
575 2616 784 2677 patrem
833 2619 985 2659 snum
1015 2611 1106 2656 aut
1134 2611 1356 2656 matrem
1396 2613 1544 2654 suam
1559 2596 1626 2650 ⁸⁸.
1653 2595 1708 2649 ln
1741 2611 1844 2665 quo

291 2705 425 2758 sine
454 2700 621 2754 dubio
644 2699 746 2752 hoc
766 2695 1083 2756 ostenditur,
1106 2691 1229 2760 quia
1253 2705 1352 2744 non
1371 2689 1553 2758 iunxit
1597 2685 1842 2740 allectum

288 2808 466 2850 suum
491 2801 547 2844 et
573 2801 808 2843 amorem
824 2800 944 2840 cum
967 2791 1117 2852 patre
1138 2780 1218 2836 vel
1255 2789 1446 2833 matre.
1482 2777 1584 2832 Sed
1607 2785 1659 2830 et
1680 2777 1843 2830 multa

290 2884 610 2939 secundum
650 2881 794 2933 hunc
835 2888 1049 2930 sensum
1090 2874 1143 2926 in
1202 2869 1494 2938 Scripturis
1535 2868 1599 2922 de
1643 2881 1843 2934 cogno-

288 2973 510 3030 scendo
547 2969 788 3024 invenies
831 2965 974 3020 dicta
1001 2971 1092 3018 :et
1135 2963 1255 3015 ideo
1301 2961 1461 3014 etiam
1493 2958 1546 3011 in
1595 2957 1842 3026 praesenti

289 3068 428 3122 loco
459 3068 670 3118 constat
707 3054 1014 3125 Apostolum
1041 3051 1331 3106 secundum
1365 3045 1652 3114 Scripturis
1679 3057 1844 3098 sacra:

290 3152 758 3214 consuetudinem
795 3141 1147 3213 cognoscendi
1181 3137 1422 3207 posuisse
1440 3149 1761 3195 sermonem,
1786 3142 1844 3186 ut

286 3247 432 3303 illos
486 3241 797 3298 ostenderet
844 3231 1192 3304 praecognitos
1237 3242 1268 3280 a
1329 3226 1458 3292 Deo,
1515 3225 1570 3278 in
1630 3222 1840 3290 quibus,

291 3338 492 3394 sciens
515 3329 702 3401 quales
732 3333 929 3388 essent,
961 3333 1197 3374 amorem
1229 3331 1382 3370 suum
1407 3316 1543 3368 Deus
1570 3309 1844 3365 allectum-

294 3442 417 3498 que
443 3400 735 3494 posuisset,
765 3412 1057 3471 secundum
1087 3408 1228 3476 quod
1255 3407 1414 3460 etiam
1445 3400 1842 3498 illud-scriptum

293 3492 393 3574 est
417 3492 484 3566 εἰ
511 3507 772 3579 Cognovit
807 3504 1059 3557 Dominus
1076 3513 1169 3553 eos
1190 3496 1282 3566 qui
1310 3503 1432 3549 sunt
1454 3492 1651 3562 eius”;
1680 3509 1698 3543 ι
1724 3505 1841 3544 cum

294 3608 526 3676 utique,
561 3609 816 3670 quantum
860 3593 928 3648 ad
966 3592 1124 3644 istam
1195 3597 1524 3642 communem
1570 3581 1842 3637 scientiam

293 3673 573 3769 pertinet,
615 3693 757 3745 Deus
803 3701 906 3740 non
936 3681 1104 3737 solum
1149 3691 1241 3732 eos
1268 3676 1358 3744 qui
1389 3675 1473 3769 s_ui
1492 3682 1644 3769 sunt,
1675 3673 1764 3769 sed
1789 3679 1844 3724 et

294 3762 403 3844 eos
440 3784 534 3853 qui
577 3786 765 3836 errant
814 3791 844 3829 a
892 3787 950 3827 se
995 3783 1099 3823 non
1145 3767 1370 3834 ignoret.
1403 3764 1507 3817 Sed
1532 3762 1842 3832 cognovisse

293 3850 677 3933 suos—dicitur
706 3866 848 3936 (γε),
883 3864 984 3916 hoc
1024 3868 1107 3913 est
1154 3859 1206 3911 in
1252 3853 1532 3909 dilectione
1573 3850 1841 3912 habuisse,

293 3967 528 4034 sibique
556 3959 809 4016 sociasse.
859 3953 935 4007 lta
977 3965 1102 4018 ergo
1136 3966 1153 3998 ι
1179 3959 1313 4016 quos
1343 3941 1646 4034 praesciviti
1683 3940 1838 4034 Deus,

293 4077 323 4110 ι(
352 4026 479 4110 illos
512 4061 569 4106 et
593 4042 1020 4118 praedestinavit:
1045 4047 1100 4092 et
1127 4051 1257 4105 quos
1285 4029 1695 4118 praedestinavit,
1726 4026 1840 4118 illos

292 4157 358 4203 et
407 4116 663 4202 vocavit;
689 4145 744 4190 et
773 4147 909 4202 quos
947 4130 1176 4188 vocavit,
1221 4123 1336 4178 illos
1379 4128 1432 4174 et
1463 4116 1790 4187 iustiﬁcavit.
1815 4132 1834 4166 ι

294 4240 577 4305 Superest
612 4226 767 4281 nobis
803 4223 978 4276 adhuc
1019 4219 1158 4272 illius
1203 4210 1512 4305 quaestionis
1557 4204 1839 4305 absolutio,

294 4298 580 4394 quomodo
613 4334 633 4368 ί
656 4329 789 4383 quos
822 4309 1051 4370 vocavit,
1081 4307 1199 4358 illos
1228 4311 1280 4355 et
1312 4298 1641 4370 instillcavit,
1661 4311 1684 4348 ι
1719 4308 1836 4394 cum

289 4383 606 4473 secundum
643 4420 703 4459 ea
748 4415 866 4470 qua:
895 4411 1056 4466 supra
1098 4393 1345 4455 diximus,
1397 4397 1601 4443 constet
1645 4383 1839 4438 multos

293 4518 426 4561 esse
457 4509 700 4560 vocatos,
726 4503 920 4556 paucos
966 4496 1140 4538 autem
1186 4479 1467 4536 electos“.
1499 4477 1601 4530 Sed
1636 4474 1841 4527 videtur

294 4595 438 4650 mihi
469 4602 592 4645 esse
622 4583 858 4654 qurrdam
885 4575 1177 4632 vocationis
1202 4569 1520 4629 differentia,
1549 4567 1838 4620 secundum

291 4685 436 4741 illud
467 4677 613 4749 quod
639 4652 717 4727 vin
765 4667 1026 4739 superiori
1054 4661 1289 4732 capitulo
1320 4655 1678 4727 exposuimus,
1716 4652 1839 4720 quia

292 4783 497 4826 omnes
532 4763 747 4832 quidem
780 4754 953 4812 vocati
986 4760 1125 4812 sunt,
1153 4764 1255 4802 non
1289 4756 1462 4800 tamen
1498 4756 1681 4796 omnes
1707 4758 1724 4792 ι
1748 4754 1834 4794 se-

366 4903 412 4935 "
449 4899 468 4951 l
497 4895 638 4949 Tim.
662 4908 701 4951 t,
734 4890 818 4944 l9.
884 4888 928 4920 ⁸ο
953 4886 1076 4938 Luc.
1101 4896 1211 4942 xiv,
1245 4879 1326 4932 Π.
1393 4874 1655 4951 filiai“):
1686 4886 1817 4935 xxii,

1943 4868 2051 4951 μηθ’
2073 4865 2210 4951 (ΞῈἮ
2236 4879 2308 4951 ’Χῖ
2338 4864 2390 4916 ³·

285 4975 352 5027 9.
371 4929 408 4935 Π
431 4929 480 5000 s's
740 4929 818 5016 ἰῖξ
842 4957 924 5009 19.
953 4929 1359 5027 -έῖξιξιὶίῦίικ,
1386 4943 1472 4997 16.
1546 4942 1588 4972 ⁸⁷
1613 4941 1770 4994 Rom.
1797 4929 1838 4991 vi

1943 4935 2028 4991 28.
2101 4935 2145 4966 ⁸⁸
2164 4933 2350 4987 Matth.
2381 4946 2498 4997 xm,
2525 4931 2577 4993 5,
2607 4929 2660 4983 6.

295 5021 433 5100 vin,
468 5036 564 5087 28.
639 5027 732 5080 “l
773 5027 895 5080 Cor.
937 5037 1011 5084 ix,
1059 5021 1148 5071 27.

369 5152 487 5223 (τι)
531 5147 622 5201 Sic
669 5157 768 5223 ms-
825 5134 1224 5223 .P.','""._E":§i}'.5
1259 5128 1467 5223 _".'.'.."1°..'
1480 5125 1602 5223 6iis
1617 5125 1830 5223 ..(Ξῗῖξξῖῑί

291 5195 628 5277 Veio-Itn‘ss‘.
670 5195 731 5264 et
776 5206 924 5277 editi,
956 5195 1204 5257 omittunt
1255 5216 1275 5250 ‹
1300 5198 1476 5250 Evam.
1509 5214 1528 5246 ι
1563 5195 1839 5277 Ιίειὺειιιιις»ἲ

297 5262 628 5357 liiiign'SJi'i'
651 5262 826 5334 autem
848 5274 1014 5327 Adam
1046 5283 1259 5324 uxorem
1285 5279 1453 5330 suam,
1489 5279 1588 5333 pro
1607 5277 1676 5318 eo
1705 5262 1844 5330 quod

293 5371 360 5413 ut
391 5360 561 5413 dicat,
592 5373 609 5402 ι
639 5358 744 5402 etc.
1139 5404 1170 5413 _
1224 5404 1235 5413 _
1463 5402 1474 5412 ,
1731 5398 1765 5413 ,,
1805 5398 1818 5412 ,

373 5399 741 5492 (“im—ﬁniet
768 5427 869 5467 ius.
903 5421 1056 5470 unus,
1095 5424 1113 5458 c
1135 5404 1235 5462 Sed
1262 5402 1562 5470 cognovisse
1586 5415 1688 5458 eos
1714 5399 1852 5453 dici-

295 5507 416 5550 tur.
441 5510 461 5542 ι

1939 1805 2093 1849 scunt
2135 1805 2191 1849 et
2227 1805 2448 1863 pereunt
2483 1796 2547 1848 ⁸⁸.
2601 1797 2659 1848 Et
2693 1796 2788 1863 ipsi
2831 1805 2954 1849 sunt
2999 1797 3064 1851 de
3113 1797 3306 1865 quibus
3338 1796 3471 1851 dicit

1935 1882 2240 1951 Apostolus,
2271 1883 2394 1950 quia
2433 1901 2452 1933 α
2485 1883 2934 1952 naufragaverunt
2973 1899 3002 1937 a
3055 1884 3158 1938 ﬁde
3174 1884 3240 1937 ⁸⁸.
3267 1903 3286 1937 ι
3323 1883 3469 1952 Quos

1938 1984 2064 2038 ergo
2085 1971 2314 2032 vocavit,
2342 1970 2392 2022 id
2417 1979 2519 2032 est,
2550 1985 2684 2036 quos
2706 1971 2998 2024 secundum
3023 1971 3351 2038 propositum
3372 1987 3468 2024 vo-

1940 2059 2078 2110 cavit
2103 2057 2249 2122 boni,
2296 2058 2416 2112 illos
2442 2069 2498 2109 et
2522 2058 2853 2125 iustiﬁcavit.
2892 2059 3040 2124 Quod
3082 2061 3184 2113 etsi
3227 2078 3246 2110 ι
3273 2073 3471 2114 secun-

1939 2145 2064 2198 dum
2095 2147 2417 2214 propositum
2445 2145 2520 2195 ⁹⁰ι
2544 2145 2608 2198 ad
2641 2146 2805 2198 Deum
2841 2147 3126 2210 referatur,
3163 2149 3263 2201 hoc
3291 2160 3394 2213 est,
3414 2161 3473 2204 ut

1941 2235 2231 2288 secundum
2275 2234 2366 2286 Dei
2410 2234 2759 2302 propositum,
2808 2235 2897 2301 qui
2927 2237 3103 2289 sciens
3139 2237 3192 2289 in
3229 2237 3308 2290 eis
3339 2238 3467 2292 reli-

1941 2324 2140 2392 giosam
2168 2333 2419 2385 mentem,
2443 2331 2498 2377 et
2521 2322 2707 2375 salutis
2731 2323 2905 2377 inesse
2921 2324 3264 2389 desiderium,
3289 2327 3466 2381 vocati

1941 2413 2206 2476 dicantur,
2245 2427 2350 2464 non
2387 2413 2655 2465 videbitur
2687 2412 2770 2466 his
2799 2428 2915 2478 qua
2935 2415 3278 2478 exposuimus
3303 2417 3466 2470 etiam

1942 2501 2042 2555 hoc
2070 2516 2189 2555 esse
2216 2501 2561 2554 contrarium.
2601 2501 2711 2555 Hoc
2739 2516 2864 2569 ergo
2896 2511 3048 2570 pacto
3076 2517 3244 2572 neque
3267 2505 3318 2558 in
3337 2519 3472 2572 prae-

1941 2591 2164 2644 scientla
2190 2589 2280 2643 Dei
2310 2589 2391 2642 vel
2426 2590 2611 2644 salutis
2634 2590 2716 2644 vel
2750 2592 3064 2658 perditionis
3095 2602 3287 2646 nostrae
3309 2606 3472 2648 causa

1941 2681 2222 2745 consistit;
2252 2693 2423 2748 neque
2444 2679 2754 2747 iustiﬁcatio
2777 2697 2842 2735 ex
2873 2681 2988 2735 sola
3020 2685 3296 2739 vocatione
3337 2698 3470 2753 pen-

1943 2770 2122 2832 debit;
2152 2783 2323 2838 neque
2349 2769 2635 2838 gloriﬁcari
2663 2770 2728 2824 de
2757 2779 2938 2824 nostra
2966 2773 3176 2840 penitus
3205 2781 3470 2841 potestate

1943 2858 2207 2913 sublatum
2248 2867 2349 2915 est.
2395 2857 2528 2912 Nam
2581 2867 2636 2910 et
2679 2858 2723 2911 si
2773 2863 3040 2913 communi
3091 2862 3360 2916 intellectu
3403 2863 3470 2917 de

1944 2947 2283 3015 praiscientia
2321 2948 2638 3011 sentiamus,
2669 2961 2774 3000 non
2805 2959 3088 3016 propterea
3112 2953 3216 3004 erit
3249 2951 3469 3019 aliquid,

1871 3024 1912 3082 C
1944 3037 2068 3103 quia
2097 3035 2147 3088 id
2177 3036 2279 3089 scit
2306 3035 2444 3089 Deus
2472 3035 2706 3089 futurum
2743 3052 2758 3089 :
2798 3038 2890 3091 sed
2928 3039 3052 3106 quia
3097 3039 3331 3094 futurum
3364 3048 3470 3104 est,

1945 3127 2112 3179 scitur
2139 3140 2169 3178 a
2201 3125 2313 3177 Deo
2341 3135 2620 3190 antequam
2663 3127 2769 3180 ﬂat.
2803 3127 2934 3180 Nam
2961 3137 3015 3180 et
3039 3128 3110 3195 si,
3155 3129 3301 3183 verbi
3343 3144 3470 3198 gra-

1947 3217 2039 3278 tia,
2073 3214 2392 3283 ﬁngeremus
2424 3213 2536 3284 (76)
2569 3215 2729 3268 Deum
2754 3231 2856 3268 non
2890 3231 3218 3284 praenoscere
3241 3217 3470 3286 aliquid,

1944 3304 2180 3357 futurum
2204 3303 2321 3356 sine
2343 3303 2504 3358 dubio
2523 3313 2642 3357 erat
2666 3306 2805 3368 quod
2837 3314 2939 3369 est,
2966 3305 3038 3360 ita
3067 3315 3125 3360 ut
3155 3316 3272 3362 est:
3305 3316 3364 3362 ut
3382 3323 3472 3378 pu-

1947 3404 2018 3460 ta,
2060 3393 2223 3448 ludas
2261 3392 2496 3458 proditor
2536 3393 2708 3447 factus
2753 3403 2854 3457 cst,
2883 3403 2936 3447 et
2974 3395 3072 3449 hoc
3119 3397 3188 3448 ita
3236 3395 3472 3454 futurum

1945 3485 2213 3550 prophetae
2259 3481 2643 3548 praedixerunt.
2697 3481 2812 3536 Non
2850 3497 2976 3552 ergo
3019 3485 3145 3552 quia
3197 3487 3467 3555 propheta

1941 3572 2321 3640 praedixerunt,
2349 3569 2546 3624 idcirco
2575 3570 2809 3638 prodidit
2854 3569 3055 3637 ludas;
3086 3572 3178 3626 sed
3219 3574 3347 3641 quia
3389 3573 3474 3628 fu-

1944 3667 2096 3712 turus
2120 3665 2262 3712 esset
2301 3657 2559 3726 proditor,
2606 3671 2668 3711 ea
2695 3673 2812 3726 quae
2843 3659 2931 3714 ille
2971 3675 3038 3714 ex
3081 3663 3339 3730 propositi
3387 3662 3472 3718 sui

1946 3747 2180 3816 nequitia
2210 3760 2456 3817 gesturus
2483 3759 2600 3802 erat
2625 3749 2992 3816 praedixerunt
3017 3753 3320 3818 prophetae:
3349 3767 3471 3806 cum

1943 3840 2129 3906 utique
2159 3837 2326 3893 Judas
2356 3839 2409 3892 in
2439 3847 2704 3907 potestate
2728 3839 2998 3894 habuisset
3023 3849 3084 3893 ut
3111 3851 3253 3895 esset
3283 3842 3472 3897 similis

1943 3927 2100 3981 Petro
2127 3937 2179 3981 et
2196 3925 2404 3990 Joanni,
2432 3928 2475 3981 si
2499 3927 2787 3981 voluisset:
2818 3929 2912 3982 sed
2944 3927 3103 3997 elegit
3125 3930 3361 3998 pecunia
3379 3945 3472 3985 cu-

1944 4017 2217 4084 piditatem
2250 4014 2416 4083 magis
2444 4030 2604 4082 quam
2627 4015 3180 4082 apostolici-consortii
3205 4016 3466 4085 gloriam:

1944 4114 1996 4158 et
2033 4105 2168 4157 hanc
2204 4104 2316 4172 ejus
2351 4102 2670 4159 voluntatem
2696 4101 2931 4157 futuram
2970 4105 3318 4173 praividentes
3343 4119 3470 4175 pro-
3530 4141 3534 4145 -

1944 4179 2132 4266 pbetai,
2169 4194 2426 4247 librorum
2468 4192 2732 4246 tradidere
2772 4194 3150 4249 monumentis.
3200 4193 3268 4250 Ut
3292 4205 3467 4250 autem
3579 4181 3583 4194 ’

1945 4285 2085 4339 scias
2111 4283 2233 4352 quia
2264 4297 2368 4336 non
2407 4281 2459 4332 in
2490 4280 2826 4349 praescientia
2856 4281 2949 4335 Dei
2977 4283 3263 4350 unicuique
3281 4282 3469 4338 salutis

1871 4350 1915 4404 D
1943 4389 2100 4429 causa
2129 4350 2345 4439 ponitur
2367 4368 2497 4438 (77),
2529 4370 2618 4424 sed
2652 4371 2703 4424 in
2732 4373 3000 4439 proposito
3029 4381 3083 4426 et
3102 4373 3312 4426 actibus
3335 4372 3468 4439 suis,

1943 4467 2062 4519 vide
2088 4463 2302 4517 Paulum
2337 4470 2607 4515 verentem
2631 4476 2696 4514 ne
2735 4461 2874 4516 forte
2900 4477 3017 4516 cum
3055 4462 3173 4515 aliis
3206 4462 3468 4532 pradica-

1944 4553 2098 4617 verit,
2157 4552 2269 4620 ipse
2314 4552 2569 4619 reprobus
2619 4549 2903 4614 elliciatur,
2955 4563 3228 4603 macerare
3276 4564 3469 4618 corpus

1945 4655 2117 4704 suum,
2152 4649 2210 4694 et
2255 4640 2519 4710 subjicere
2551 4639 2797 4693 servituti
2836 4639 2902 4691 “.
2955 4639 3144 4690 Adhuc
3186 4638 3466 4692 adversum

1945 4745 2037 4786 eos
2062 4729 2150 4799 qui
2185 4729 2334 4784 nobis
2369 4727 2669 4796 huiusmodi
2692 4727 3008 4795 quaestiones
3039 4723 3301 4792 obiiciunt
3330 4725 3463 4795 (78),

2477 4863 2524 4894 οι
2545 4861 2837 4920 Gemxxiv.
2867 4860 2950 4912 l6.
3021 4858 3068 4889 “
3097 4857 3248 4911 Deut.
3277 4874 3465 4922 xxxm,

2740 4931 2786 4960 θ’
2813 4928 2985 4980 lTiin.
3015 4940 3049 4987 I,
3078 4925 3162 4978 l9.
3237 4927 3283 4958 ’°
3311 4927 3464 4981 Rom.

2007 5119 2115 5190 (76)
2147 5118 2310 5190 Alias,
2351 5129 2380 5190 «ι
2405 5113 2673 5190 lingimus.
2710 5129 2729 5162 ι
2765 5109 2960 5190 Deinde
2984 5105 3216 5190 editi)“:
3246 5106 3470 5190 aliquid,

1940 5173 2174 5242 futurum
2206 5173 2320 5236 sine
2352 5173 2514 5234 dubio
2536 5189 2675 5243 erat,
2701 5181 2840 5247 quod
2870 5178 2966 5238 ita,
3009 5184 3067 5227 ut
3098 5179 3224 5240 puto
3255 5173 3380 5241 (al.,
3419 5184 3477 5227 ut

1941 5263 2099 5326 υυιθὶ
2124 5248 2344 5326 ³ἓίῖίὲἓδ
2381 5258 2486 5326 ei“?
2773 5313 2784 5326 .
2946 5323 2996 5326 η
3045 5307 3093 5326 ε-
3140 5304 3447 5326 “Ann-..

2013 5313 2126 5394 (Ἱῖ)
2156 5319 2318 5394 _Edi_ti,
2350 5333 2369 5365 ‹
2405 5313 2678 5394 Ut_au_tem
2713 5313 2853 5368 scias
2899 5323 3023 5387 non.
3045 5313 3099 5359 in
3135 5313 3483 5394 praescientia

1947 5371 2364 5451 Deiu'iiicuique
2413 5384 2605 5438 salutis
2649 5395 2860 5435 causam
2904 5377 3054 5443 poni.
3085 5392 3102 5423 ι
3135 5371 3243 5425 Sed
3293 5385 3490 5425 omnes

1948 5475 2078 5515 mss.
2111 5465 2164 5510 et
2196 5455 2444 5506 liabanus
2477 5463 2538 5506 ut
2570 5453 2620 5504 in
2655 5457 2831 5503 nostro
2859 5454 3034 5515 textu.

2025 5505 2328 5582 lviSliAlias.
2366 5537 2382 5571 ι
2420 5529 2475 5573 ct
2503 5520 2760 5584 subiicere
2791 5509 3074 5571 servituti.
3098 5505 3206 5560 lloc
3237 5505 3509 5558 adversus
