3894 6262
325 283 470 336 ἔὲἓέ)

1228 291 1563 347 COMMENT.
1605 291 1666 342 IN
1709 290 1918 345 EPIST.
1958 291 2044 343 AD
2084 291 2244 345 R051.
2291 283 2411 338 [ΑΒ.
2456 287 2564 347 νιι.

3348 304 3478 357 “50

319 397 684 464 appellatione
733 402 957 456 filiorusu
1006 421 1164 456 unum
1207 406 1434 471 aliquem
1476 423 1539 459 ex
1580 408 1661 459 his
1689 406 1856 460 tradi-
1884 413 1930 467 Α
1961 408 2043 458 nia
2083 407 2235 460 nobis
2270 402 2485 459 donabit
2513 424 2527 460 :
2555 429 2572 460 ι
2618 413 2712 463 hoc
2738 420 2836 474 cst,
2881 413 2975 480 ips:
3007 411 3216 482 quidem
3266 427 3322 468 ut
3368 422 3474 470 har-

317 486 469 540 disse
502 498 783 554 putaretur
804 495 892 558 qui
922 494 973 545 in
1008 495 1143 546 filios
1177 495 1488 546 videbantur
1518 496 1729 557 adsciti,
1763 495 1856 547 ad-

317 573 465 628 didit
509 593 529 626 ι
566 579 781 645 proprio
825 579 980 645 Filio,
1014 601 1032 631 ι
1079 593 1134 632 ιιι
1179 598 1296 634 eum
1328 583 1417 648 qui
1451 583 1594 637 solus
1639 599 1705 636 ex
1742 585 1857 651 ipso

319 660 433 716 Deo
464 663 718 718 iueﬂ'abili
745 669 1018 722 nativitate
1036 680 1336 736 generatur,
1373 675 1693 724 ostenderet.
1719 690 1736 720 ι
1759 671 1857 723 Pro

315 752 480 806 nobis
528 769 657 824 ergo
697 758 942 810 omnibus
983 760 1194 811 tradidit
1231 775 1372 820 eum,
1408 777 1426 808 ι
1463 775 1562 812 non
1612 761 1697 812 illa
1753 772 1856 813 tra-

312 841 530 896 datioue
558 859 662 912 qua
689 846 945 913 scriptum
987 858 1066 901 est
1092 850 1133 879 ¹⁵
1172 868 1186 901 :
1220 866 1238 898 ι
1275 847 1467 902 Tradet
1493 859 1663 902 autem
1699 849 1856 902 frater

313 931 549 986 fratrem
583 936 634 987 in
669 947 915 1001 mortem,
957 948 1011 989 et
1043 949 1288 1004 parentes
1320 940 1476 1000 lilios,
1507 958 1524 989 ι
1567 940 1659 993 sed
1691 941 1855 993 tradi-

311 1023 470 1076 disse
496 1039 619 1076 eum
643 1025 839 1079 dicitur
869 1027 968 1080 hoc
995 1027 1130 1093 ipso,
1160 1029 1298 1094 quod
1333 1043 1452 1082 cum
1491 1029 1540 1081 in
1568 1029 1731 1081 forma
1764 1029 1853 1081 Dei

309 1124 487 1172 esset,
512 1129 706 1182 passus
734 1126 820 1168 est
847 1130 964 1167 eum
986 1119 1254 1170 exinanire
1283 1118 1532 1185 seipsum,
1556 1126 1607 1170 et
1635 1117 1852 1172 formam

307 1204 463 1254 servi
499 1206 796 1271 suscipere,
825 1215 876 1258 et
915 1220 1077 1272 usque
1105 1208 1171 1258 ad
1205 1217 1428 1260 mortem
1466 1208 1641 1260 crucis
1668 1219 1855 1273 perve-

307 1291 436 1344 nire
463 1292 508 1322 “
534 1308 549 1344 :
579 1303 637 1346 ιιι
676 1295 726 1346 iu
759 1295 872 1363 ipso
909 1298 1154 1350 omnibus
1189 1295 1486 1364 exemplum
1539 1295 1853 1350 obedientiaa

305 1387 571 1440 poneret,
591 1388 643 1430 et
665 1379 799 1431 viam
821 1382 1223 1435 resurrectionis
1242 1382 1461 1434 mortuis
1477 1383 1705 1448 aperiret
1721 1381 1848 1450 (89).

309 1482 328 1512 ι
362 1461 485 1516 Pro
543 1467 791 1520 omnibus
849 1483 974 1536 ergo
1033 1468 1245 1521 tradidit
1305 1484 1446 1522 eum.
1479 1487 1498 1518 ι
1537 1468 1649 1520 Non
1687 1468 1851 1521 solum

303 1567 406 1617 pro
446 1555 678 1618 sanctis,
712 1572 815 1609 non
847 1557 1014 1610 solum
1044 1573 1139 1624 pro
1169 1561 1392 1626 magnis,
1425 1559 1516 1611 sed
1552 1568 1604 1611 et
1629 1572 1724 1624 pro
1752 1558 1852 1610 mi-

304 1641 505 1704 nimis,
541 1651 596 1694 et
634 1659 727 1710 pro
766 1646 1011 1697 omnibus
1047 1643 1154 1714 (90)
1209 1647 1425 1698 omnino
1480 1646 1568 1710 qui
1625 1653 1751 1698 sunt
1797 1644 1850 1696 in

1963 499 2092 558 redi,
2127 498 2282 552 nobis
2309 510 2435 550 vero
2472 509 2529 550 ut
2560 503 2919 554 culmen-edibus
2952 503 3066 569 ejus
3107 507 3306 572 pariter
3353 523 3470 562 cum

1960 588 2072 654 ipso
2104 587 2300 652 perfrui
2332 587 2572 642 universa
2604 591 2812 643 dabitur
2842 601 3110 644 creatura.
3439 655 3442 658 ,

2029 677 2108 729 10.
2148 697 2166 728 ι
2199 677 2330 741 Quis
2356 680 2629 731 accusabit
2657 681 2912 734 adversus
2936 682 3133 735 electos
3166 683 3298 735 Dei?
3340 682 3475 736 Deus

1958 764 2044 830 qui
2093 761 2388 828 justiﬁcat;
2441 767 2559 832 quis
2617 777 2697 819 est
2749 771 2838 834 qui
2901 770 3257 821 condemnet?
3313 771 3469 839 607

1958 853 2200 907 Christus
2262 851 2413 907 Jesus
2473 857 2564 922 qui
2633 866 2876 910 mortuus
2931 869 3050 919 est,
3116 859 3219 912 inin
3298 871 3470 913 autem

1957 943 2045 1008 qui
2085 943 2388 999 resurrexit.
2427 947 2514 1006 qui
2545 953 2626 997 est
2651 947 2716 997 ad
2746 947 3014 1000 dexteram
3049 949 3158 1014 Dei,
3191 952 3279 1016 qui
3315 951 3473 1004 etiam

1960 1029 2257 1093 interpellat
2285 1044 2379 1096 pro
2407 1029 2556 1082 nobis
2580 1032 2640 1081 η.
2682 1051 2700 1080 ι
2751 1035 2969 1088 Videtur
3001 1035 3125 1088 mihi
3173 1039 3312 1104 quod
3355 1039 3428 1092 ait
3458 1056 3470 1091 :

1965 1136 1980 1163 ι
2012 1116 2138 1180 Quis
2168 1119 2437 1170 accusabit
2473 1119 2725 1172 adversus
2740 1121 2939 1176 electos
2967 1123 3100 1176 Dei?
3134 1142 3152 1175 ι
3183 1126 3245 1178 de
3269 1126 3476 1178 diabolo

1957 1206 2152 1259 dicere.
2193 1207 2374 1259 Nullus
2407 1210 2548 1261 enim
2585 1211 2655 1262 ita
2685 1210 2883 1264 electus
2907 1222 2959 1266 et
2987 1215 3054 1265 ita
3091 1229 3306 1282 magnus
3341 1215 3470 1285 (95),

1959 1308 2111 1361 quem
2164 1294 2251 1347 ille
2284 1311 2388 1349 non
2435 1298 2623 1351 audeat
2665 1313 2954 1364 accusare,
2993 1303 3090 1355 nisi
3133 1304 3274 1356 illum
3307 1307 3470 1360 solum

1963 1401 1980 1432 ι
2017 1384 2104 1450 qui
2132 1395 2406 1451 peccatum
2441 1401 2542 1440 non
2566 1386 2690 1441 fecit
2719 1391 2783 1449 ι’,
2819 1408 2838 1440 ι
2875 1392 2964 1458 qui
2995 1403 3049 1444 et
3079 1394 3284 1448 dicebat
3319 1395 3426 1464 (96)
3456 1413 3468 1448 :

1963 1488 1982 1520 ι
2018 1471 2169 1524 Nunc
2194 1474 2335 1526 venit
2373 1474 2618 1542 princeps
2643 1477 2797 1543 hujus
2825 1480 3024 1542 mundi,
3062 1489 3113 1532 et
3145 1481 3194 1533 in
3231 1496 3314 1534 me
3345 1483 3472 1535 nihil

1959 1564 2157 1616 invenit
2184 1566 2249 1616 ὀ.
2285 1583 2304 1616 ι
2344 1564 2447 1619 Sed
2493 1568 2731 1634 quamvis
2780 1569 2864 1620 ille
2905 1579 3090 1624 exerat
3136 1571 3244 1641 (97)
3289 1575 3474 1639 nequi-

1959 1655 2082 1706 tiam
2109 1656 2362 1722 proposili
2391 1656 2495 1715 sui,
2523 1658 2630 1710 Deo
2655 1658 2981 1725 justiilcante
2995 1670 3056 1713 et
3082 1661 3289 1716 delente
3335 1664 3471 1715 sicut

305 1729 564 1784 Bedes“
610 1733 827 1785 "adid"
857 1731 1048 1785 Filium
1080 1734 1348 1802 Proprium
1397 1733 1553 1786 Ρπιθτ
1586 1749 1600 1784 ³
1631 1742 1684 1786 ει
1729 1731 1849 1785 ideo
1881 1734 1921 1786 Β
1951 1747 2138 1800 nubem
2165 1748 2489 1814 iniquitatem
2535 1750 2818 1804 electorum
2869 1767 3086 1804 suorqu
3112 1755 3178 1814 ",
3228 1765 3281 1807 et
3330 1756 3469 1808 sicut

300 1820 482 1871 etiam
529 1819 573 1871 si
624 1820 964 1874 miniinoruni
992 1821 1218 1887 aliquem
1252 1831 1306 1874 et
1337 1822 1662 1874 infirmorum
1695 1821 1851 1873 latdat

299 1909 462 1975 quis,
514 1911 823 1977 percutiens
871 1910 984 1977 ejus
1038 1910 1300 1961 infirmam
1360 1910 1760 1974 conscientiam,
1797 1910 1847 1962 in

298 1999 598 2052 Christum
637 2015 859 2066 peccare
897 2001 1107 2060 dicitur,
1142 2000 1390 2066 quoniam
1443 2000 1652 2067 quidem
1692 2013 1846 2052 scan-

297 2090 520 2140 dalizat
547 2091 781 2141 animam
813 2106 907 2157 pro
936 2099 1036 2157 qua
1057 2089 1298 2142 Christus
1326 2101 1562 2142 mortuus
1587 2098 1687 2142 est.
1716 2089 1848 2153 Quia

297 2196 439 2248 ergo
474 2196 570 2246 pro
601 2181 850 2233 omnibus
888 2180 1040 2232 nobis
1074 2174 1290 2230 tradidit
1315 2177 1505 2229 Filium
1541 2179 1848 2237 Pater,nul-

301 2271 387 2323 lus
425 2271 677 2330 omnino,
713 2284 778 2320 ne
809 2269 1062 2320 minimus
1097 2268 1309 2334 quidem
1341 2268 1429 2334 qui
1458 2275 1536 2318 est
1569 2268 1620 2318 in
1669 2267 1842 2320 Eccle'

298 2360 410 2418 sia.
467 2356 888 2410 contemnendus
925 2365 1040 2409 est:
1075 2365 1126 2410 et
1164 2356 1282 2408 ideo
1327 2356 1576 2408 Dominus
1611 2355 1722 2422 ipse
1773 2357 1851 2408 di-

297 2448 474 2501 cebat
506 2463 522 2499 :
569 2465 590 2495 ι
629 2443 684 2498 Si
716 2446 837 2512 quis
876 2445 1316 2497 scandalizaverit
1345 2460 1501 2497 unum
1535 2460 1600 2498 ex
1641 2445 1848 2512 pusillis

296 2537 431 2592 istis
471 2537 729 2600 minimis,
765 2535 980 2602 expedit
1006 2535 1196 2586 molam
1229 2534 1336 2602 (9|)
1363 2534 1645 2587 asinariam
1692 2536 1846 2602 ligari

295 2627 458 2680 circa
491 2623 686 2676 collum
717 2619 853 2690 ejus,
882 2621 1400 2689 etpraecipitarieuin
1432 2623 1480 2673 in
1503 2636 1667 2685 mare,
1692 2637 1846 2690 quam

295 2726 358 2770 ut
389 2714 735 2768 scandalizet
763 2729 922 2764 unum
943 2727 1006 2766 ex
1032 2713 1112 2765 his
1139 2713 1198 2764 ¹⁷.
1231 2729 1249 2761 ι
1293 2711 1429 2764 Deus
1455 2726 1600 2778 ergo,
1628 2712 1714 2780 qui
1753 2728 1848 2766 nos

296 2806 580 2873 pretiosos
632 2804 832 2871 proprii
883 2802 1000 2855 Filii
1048 2817 1144 2870 pro
1189 2803 1337 2856 nobis
1389 2802 1678 2868 pretiosum
1729 2801 1847 2853 fun-

295 2895 490 2947 dendo
529 2895 844 2960 sanguinem
896 2891 1043 2952 fecit,
1078 2909 1096 2941 ι
1132 2893 1396 2958 quomodo
1444 2905 1547 2942 non
1578 2905 1695 2943 cum
1731 2890 1845 2957 ipso

294 2985 492 3038 omnia
525 2983 682 3036 nobis
713 2983 969 3034 donabit?
997 3001 1015 3033 ι
1055 2981 1192 3034 Nihil
1223 2990 1305 3034 est
1345 2981 1484 3034 enim
1521 2983 1634 3033 sive
1662 2979 1846 3033 visibi—

294 3076 391 3137 lis,
437 3075 560 3126 sive
586 3071 868 3125 iuvisiliilis
900 3071 1009 3138 (92)
1043 3081 1320 3132 creaturae,
1348 3071 1484 3135 quod
1509 3069 1643 3122 Filio
1676 3069 1847 3136 possit

294 3141 590 3230 adaequari
618 3177 633 3212 :
663 3160 805 3212 nullo
841 3168 982 3212 enim
1015 3169 1168 3225 pacto
1192 3159 1417 3210 creatori
1461 3172 1556 3210 suo
1601 3169 1845 3211 creatura

295 3241 490 3319 potest
512 3247 784 3308 conferri;
811 3258 865 3300 et
885 3246 930 3299 si
961 3255 1171 3298 creator
1192 3245 1302 3311 ipse
1331 3248 1552 3297 donatus
1573 3253 1653 3298 est
1673 3244 1844 3306 nobis,

293 3340 587 3408 quomodo
627 3353 729 3390 non
763 3352 882 3389 cum
918 3337 1032 3403 ipso
1062 3336 1216 3388 nobis
1243 3335 1416 3387 omnis
1452 3333 1560 3403 (95)
1601 3344 1846 3388 creatura

293 3423 637 3482 donabitur?
673 3423 925 3488 Quamvis
953 3436 1131 3476 sermo
1164 3421 1249 3473 hic
1279 3421 1560 3486 dupliciter
1579 3422 1744 3488 possit
1767 3423 1848 3475 in-

295 3517 504 3586 telligi,
526 3517 578 3567 id
601 3524 706 3580 est,
728 3515 870 3581 quod
905 3531 922 3561 ι
949 3527 1068 3566 cum
1096 3511 1180 3563 illo
1207 3511 1358 3564 nobis
1378 3511 1554 3564 omnia
1578 3511 1842 3564 donabit.»

292 3607 444 3660 Nam
478 3615 530 3657 et
559 3605 662 3656 hoc
690 3613 862 3669 potest
889 3601 1052 3654 videri
1096 3601 1233 3666 quod
1263 3600 1308 3652 si
1343 3600 1630 3652 habeamus
1669 3601 1720 3652 in
1749 3615 1848 3652 no-

297 3701 386 3751 bis
422 3695 708 3749 Christum
750 3690 1038 3744 secundum
1084 3690 1181 3742 hoc
1213 3690 1351 3755 quod
1399 3687 1627 3742 Verbum
1668 3699 1722 3742 et
1761 3704 1846 3743 sa-

294 3786 540 3856 pientia,
573 3796 626 3836 et
651 3782 871 3842 veritas,
895 3780 1188 3847 etjustitia,
1215 3791 1269 3832 et
1307 3795 1406 3848 pax
1432 3788 1534 3841 est,
1562 3787 1614 3831 et
1655 3788 1847 3831 caetera

290 3878 493 3934 omnia
521 3890 641 3942 qua
671 3876 736 3927 de
761 3887 826 3926 eo
856 3873 1054 3939 scripta
1077 3880 1220 3932 sunt,
1253 3885 1371 3924 cum
1396 3871 1495 3924 hac
1520 3871 1846 3937 plenitudine

292 3973 576 4024 virtutum
635 3966 788 4018 nobis
837 3964 1014 4017 omnia
1071 3962 1426 4024 donabantur,
1477 3970 1535 4012 ut
1580 3960 1688 4027 jam
1743 3975 1844 4011 non

291 4071 476 4110 unum
503 4069 572 4108 ex
606 4054 862 4107 omnibus
884 4051 1163 4113 creaturis,
1191 4060 1246 4102 et
1273 4063 1492 4117 parvum
1525 4057 1677 4101 terra}
1705 4049 1846 4100 hunc

293 4149 487 4201 locum
517 4157 677 4210 quem
702 4156 845 4194 nunc
867 4141 1107 4192 videmur
1140 4138 1398 4199 habitare,
1432 4135 1843 4206 teneamus(94),

291 4236 400 4291 sed
429 4233 615 4288 omnia
641 4243 968 4298 quaecunque
991 4227 1195 4280 creavit
1215 4225 1352 4278 Deus
1381 4223 1606 4277 visibilia
1632 4233 1685 4277 et
1715 4225 1846 4277 invi-

1949 1834 2221 1901 caligiuem
2257 1844 2469 1902 peccata
2519 1851 2739 1897 eorum,
2787 1849 2840 1890 et
2887 1855 2914 1890 a
2959 1840 3223 1907 prioribus
3266 1842 3469 1895 delictis

1946 1938 2040 1977 eos
2068 1925 2344 1977 dealbante
2371 1933 2429 1977 ιιι
2465 1925 2636 1977 nivem
2659 1966 2673 1988 ,
2713 1937 2764 1977 et
2818 1929 2953 1979 sicut
2983 1929 3150 1980 lanam
3196 1931 3467 1983 candidam

1949 2013 2172 2065 faciente
2201 2014 2266 2078 ”,
2311 2013 2435 2080 quid
2481 2014 2719 2080 proficiet
2770 2018 3080 2068 accusator?
3124 2019 3224 2069 Sed
3271 2031 3467 2071 etcum

1947 2101 2194 2154 Christus
2216 2116 2312 2168 pro
2339 2104 2416 2154 eis
2446 2112 2683 2154 mortuus
2712 2104 2815 2164 sit,
2847 2104 2952 2156 imo
2979 2106 3151 2168 potius
3181 2123 3208 2158 a
3251 2112 3469 2162 mortuis

1950 2191 2298 2243 resurrexerit
2321 2229 2336 2251 ,
2361 2201 2417 2243 et
2439 2200 2544 2245 stet
2573 2207 2601 2244 a
2631 2193 2830 2246 dextris
2859 2193 3028 2247 Patris
3047 2235 3061 2257 ,
3093 2205 3146 2248 et
3171 2197 3467 2263 interpellet

1949 2289 2044 2341 pro
2073 2275 2156 2327 his
2175 2314 2190 2337 ,
2220 2277 2339 2342 quis
2376 2291 2466 2330 eos
2493 2280 2685 2342 poterit
2714 2279 3107 2333 condemnare?
3135 2285 3191 2334 ln
3234 2287 3466 2345 superio~

1951 2363 2097 2416 ribus
2132 2375 2346 2417 sanctus
2381 2363 2655 2432 «Spiritus
2711 2367 3030 2433 interpellat,
3064 2370 3228 2437 inquit
3250 2371 3316 2430 ³³,
3375 2388 3468 2440 pro

1951 2454 2099 2506 nobis
2130 2454 2410 2521 gemitibus
2459 2455 2901 2509 inenarrabilibus
2927 2459 3012 2510 "‘z
3071 2479 3089 2509 ι
3136 2463 3216 2514 hic
3255 2481 3273 2512 ι
3309 2463 3467 2516 Chri-

1946 2551 2059 2594 stus
2109 2540 2260 2593 Jesus
2292 2543 2378 2608 qui
2415 2553 2654 2594 mortuus
2682 2553 2763 2596 est
2799 2554 2854 2595 et
2911 2549 3234 2612 resurrexit,
3274 2569 3292 2597 ii
3360 2550 3471 2616 ipse

1951 2645 1970 2677 ι
2011 2629 2306 2695 interpellat
2335 2644 2426 2695 pro
2464 2630 2612 2682 nobis
2645 2631 2708 2680 ’⁵.
2747 2648 2765 2681 ι
2806 2632 2940 2684 Deus
2969 2634 3054 2700 qui
3080 2635 3351 2702 proprium
3382 2634 3473 2688 Fi-

1947 2718 2072 2769 lium
2127 2718 2342 2770 tradidit
2390 2734 2484 2784 pro
2537 2719 2717 2783 nobis,
2779 2721 2889 2786 ipse
2928 2721 3181 2787 justilicat
3227 2724 3465 2777 electos:

1945 2806 2064 2871 quis
2093 2805 2194 2857 erit
2220 2805 2354 2858 ultra
2385 2806 2472 2872 qui
2530 2806 2722 2857 audeat
2768 2808 3118 2863 condemnare
3143 2811 3167 2861 ?
3192 2810 3294 2863 Sed
3349 2813 3468 2864 dili~

1946 2895 2151 2961 gentius
2196 2895 2406 2948 intuere
2451 2896 2714 2961 quomodo
2757 2896 3040 2960 Apostolus
3111 2914 3367 2966 nusquam
3417 2903 3465 2954 iu

1903 2981 2280 3048 ,scrinonibus
2331 2979 2440 3032 suis
2480 2979 2545 3032 ab
2597 2980 2750 3032 insita
2797 2981 2892 3032 sibi
2952 2983 3155 3034 cautela
3212 2985 3463 3036 discedat.

1946 3068 2059 3121 Non
2099 3068 2271 3120 dixit:
2306 3085 2324 3116 ι
2359 3066 2488 3131 Quis
2535 3067 2805 3120 accusabit
2839 3085 2857 3116 ι
2903 3069 3178 3120 adversum
3233 3080 3464 3132 vocatos,

1945 3159 2034 3209 sed
2062 3176 2080 3207 ι
2114 3157 2390 3210 adversum
2421 3155 2612 3209 electos
2638 3155 2660 3206 ?
2694 3173 2711 3204 ι
2756 3153 2863 3208 Nisi
2892 3157 3031 3208 enim
3057 3155 3225 3210 fueris
3247 3159 3462 3223 eleCtus,

1946 3246 2046 3298 nisi
2083 3245 2134 3298 in
2163 3245 2405 3297 omnibus
2438 3253 2489 3296 te
2517 3244 2820 3298 exhibueris
2853 3245 3181 3310 probabilem
3218 3247 3342 3312 Deo,
3375 3250 3465 3301 ha-

1947 3334 2094 3388 bebis
2121 3343 2502 3385 accusatorem.
2548 3332 2605 3384 Si
2653 3332 2797 3383 enim
2835 3346 2995 3386 causa
3040 3343 3126 3386 tua
3169 3334 3311 3387 mala
3363 3347 3464 3397 est,

1945 3424 1988 3476 si
2017 3431 2067 3476 te
2095 3421 2293 3474 crimen
2323 3431 2466 3473 tuum
2499 3422 2780 3490 astringit,
2812 3422 2937 3490 quid
2971 3423 3064 3475 tibi
3106 3423 3343 3497 proderit
3375 3425 3464 3476 ad-

1946 3520 2192 3570 vocatus,
2235 3509 2438 3561 etiamsi
2481 3506 2635 3562 Jesus
2677 3509 2744 3562 sit
2787 3510 2876 3575 qui
2923 3497 3260 3578 interpellat?
3309 3508 3464 3566 Jesus

1946 3599 2084 3652 enim
2115 3598 2310 3649 veritas
2336 3606 2416 3648 est
2445 3597 2489 3626 ’⁸
2515 3613 2528 3647 :
2560 3611 2663 3649 non
2695 3605 2869 3662 potest
2894 3613 3021 3663 ergo
3053 3613 3146 3666 pro
3189 3608 3237 3652 te
3269 3601 3464 3653 veritas

1946 3685 2146 3739 fallere.
2182 3683 2236 3736 In
2267 3685 2364 3736 hoc
2397 3684 2485 3736 tibi
2532 3684 2874 3752 Opitulahitur
2910 3685 3018 3754 (98)
3048 3689 3356 3752 advocatus,
3392 3703 3460 3740 ne

1946 3774 2275 3828 accusatoris
2315 3773 2590 3826 calumniis
2641 3773 2926 3827 involvaris
2946 3811 2963 3839 ,
2993 3789 3057 3828 ne
3086 3775 3176 3828 tibi
3202 3778 3463 3844 praeterita

1947 3875 2184 3934 peccata,
2215 3879 2330 3931 qua:
2358 3878 2450 3929 per
2472 3863 2792 3929 baptismum
2819 3865 2986 3917 deleta
3017 3875 3173 3929 sunt,
3203 3867 3464 3932 imputen-

1947 3970 2051 4010 tur.
2083 3955 2136 4008 Si
2169 3969 2294 4006 vero
2320 3963 2437 4021 post
2472 3955 2582 4005 haec
2617 3953 2806 4005 iterum
2857 3953 3166 4021 delinquas,
3201 3969 3296 4007 nec
3344 3955 3464 4006 ullis

1946 4048 2058 4099 haec
2101 4044 2427 4111 pmnitcntiae
2478 4041 2722 4110 lacrymis
2773 4041 2976 4106 diluas,
3027 4042 3325 4096 accusatori
3373 4054 3465 4106 tuo

1945 4135 2258 4189 criminandi
2298 4145 2346 4187 te
2382 4132 2656 4184 materiam
2707 4131 2859 4186 dabis
2887 4151 2900 4185 :
2928 4143 2981 4185 et
3022 4133 3264 4199 quamvis
3313 4131 3466 4185 Iesus

1946 4226 2240 4292 interpellet
2270 4240 2362 4292 pro
2395 4225 2568 4287 nobis,
2603 4239 2704 4277 non
2737 4232 2909 4292 potest
2944 4231 3117 4275 tamen
3149 4222 3256 4292 (99)
3288 4223 3464 4278 dicere

293 4326 515 4386 sibilia,
551 4320 759 4374 occulta
787 4328 840 4371 et
877 4315 1174 4376 manifesta,
1204 4313 1516 4382 temporalia
1551 4323 1606 4368 et
1645 4323 1842 4368 aeterna
1876 4337 1920 4392 υ
1945 4316 2097 4371 Jesus
2127 4315 2372 4369 tenebras
2391 4315 2560 4367 lucem
2585 4329 2722 4375 esse,
2753 4327 2925 4380 neque
2952 4328 3189 4364 amarum
3218 4313 3370 4366 dulce
3395 4313 3462 4365 ν’.

292 4432 430 4471 cum
467 4412 686 4466 Christo
738 4409 939 4475 pariter
1002 4403 1304 4457 habeamus.
1345 4402 1526 4456 Potest
1573 4413 1744 4454 autem
1794 4413 1846 4456 et

293 4507 415 4560 alio
457 4502 620 4555 modo
659 4501 738 4551 sic
773 4494 988 4561 intelligi
1017 4494 1154 4560 quod
1185 4492 1353 4545 dixit:
1399 4508 1418 4540 ι
1446 4491 1576 4545 Cum
1602 4494 1715 4560 ipso
1734 4509 1843 4545 om-

375 4596 422 4628 ⁸⁵
455 4591 649 4645 Matth.
678 4604 731 4652 ς,
759 4587 846 4640 21.
922 4586 964 4615 ¹⁶
986 4583 1175 4650 Philip.
1199 4597 1255 4652 tt,
1284 4581 1336 4645 6,
1373 4581 1423 4634 '7.

293 4683 366 4722 ιι.
394 4664 490 4716 22.
565 4660 610 4689 ¹⁰
641 4651 794 4709 Joan.
818 4670 928 4718 xiv,
950 4652 1038 4704 30.
1108 4652 1190 4722 ‘3'
1223 4651 1351 4722 lsai.
1372 4665 1514 4722 χειν,
1551 4651 1636 4722 22.

292 4717 535 4785 iam...
561 4741 672 4788 xlv,
695 4725 746 4776 6.
819 4724 862 4754 '7
886 4721 1007 4774 lsai.
1030 4733 1080 4778 v,
1103 4717 1190 4769 20.
1260 4719 1302 4748 ’⁸
1324 4717 1462 4771 Psal.
1486 4735 1536 4778 1.,
1559 4719 1611 4770 6.

378 4821 495 4890 (89)
530 4816 694 4877 Editi,
735 4833 751 4863 ι
794 4823 843 4865 ει
877 4811 1028 4888 viain.
1047 4807 1452 4890 resurrectionis
1486 4821 1513 4884 ιι
1545 4808 1786 4890 mortuis.
1818 4827 1833 4856 ι

291 4873 538 4946 metuis.
557 4873 714 4947 unus,
751 4900 768 4932 ι
796 4895 942 4948 Spem
962 4879 1118 4931 etiam
1146 4873 1544 4928 resurrectionis
1567 4877 1837 4938 mortuis,»

292 4971 498 5093 tamam)
537 5020 600 5073 Et
628 5035 720 5093 pro
744 5015 994 5093 omnibus.
1014 5011 1134 5065 llaec
1159 5011 1321 5093 verba.
1343 5010 1531 5093 desunt
1568 5010 1618 5060 in
1647 5009 1840 5093 pleri-s-

293 5079 418 5160 que
449 5079 583 5143 mss.
615 5079 668 5160 et
694 5089 744 5137 in
770 5085 1033 5160 editisn‘et
1063 5083 1207 5160 apud
1231 5079 1533 5141 llabanutn;
1567 5081 1657 5129 sed
1692 5079 1842 5128 resti-

299 5149 547 5218 ἶιιιιιιιιιν
579 5159 644 5208 ab
680 5169 783 5205 uno
814 5166 912 5202 ms.
952 5149 1132 5215 Regio.

382 5230 496 5296 (9')
535 5224 698 5296 Et“.va
730 5239 749 5270 ‘
788 5219 971 5296 ιῐιεψιε
996 5215 1321 5296 ειιιηοιεπηε
1357 5220 1504 5296 ὶῗδξβο
1715 5280 1726 5291 .
1809 5281 1818 5290 .

384 5280 498 5367 (iis)
539 5280 703 5352 nam,
749 5305 766 5338 ι
797 5287 956 5340 dedit.
993 5284 1133 5338 Nihil
1160 5295 1242 5338 est
1276 5280 1516 5342 visibilis,
1558 5280 1669 5331 sive
1713 5280 1849 5334 iuvi-

294 5367 560 5427 sibilis,»
600 5368 706 5428 elc-
790 5423 817 5428 _
883 5423 894 5428 _
945 5421 958 5428 ,
1097 5422 1107 5428 ,

407 5418 510 5550 9⁸5)
545 5427 748 5481 Omnis.
782 5421 1051 5476 Omittitur
1097 5422 1147 5472 in
1181 5430 1330 5474 antea
1363 5418 1541 5469 editis.
1728 5485 1737 5495 .

409 5502 478 5550 94
541 5497 703 5550 Editi,
745 5510 762 5541 ι
809 5499 863 5541 ιιι
902 5491 1008 5550 jam
1050 5505 1149 5540 non
1196 5507 1244 5540 ιιι
1297 5500 1456 5538 unum
1496 5497 1561 5535 ex
1599 5498 1737 5537 omni

409 5486 500 5556 94)
541 5497 703 5555 Editi,
745 5510 762 5541 ι
809 5499 863 5541 ιιι
902 5491 1008 5556 jam
1050 5505 1149 5540 non
1196 5507 1244 5540 ιιι
1297 5500 1456 5556 unum
1496 5497 1561 5535 ex
1599 5486 1848 5537 omnibus

483 5555 492 5570 Ι

297 5555 606 5640 creaturis,
638 5571 693 5614 et
726 5555 942 5626 parvum
971 5569 1122 5608 terra:
1153 5558 1291 5609 hunc
1322 5555 1493 5606 locum
1533 5566 1683 5618 quem
1730 5567 1840 5608 nou

512 5657 784 5718 Ριτιιοι..
828 5645 940 5706 Gn.
986 5647 1144 5704 XIV.

1498 4583 1540 4612 ”
1556 4581 1740 4635 Matth.
1772 4599 1916 4646 xvu-i,
1950 4585 2016 4647 6;
2077 4582 2204 4636 Luc.
2236 4596 2363 4644 xvu,
2395 4579 2445 4633 9..

1738 4652 1782 4682 ²²
1815 4652 1935 4706 lsai.
1964 4669 2000 4715 ι,
2050 4651 2129 4703 l8.
2203 4649 2249 4679 “
2276 4649 2427 4701 Rom.
2453 4664 2565 4708 vni,
2617 4649 2702 4700 ‘26.

1951 4405 2006 4457 Si
2036 4419 2159 4472 ergo
2183 4404 2260 4456 vis
2279 4404 2485 4455 vincere
2505 4416 2622 4454 cum
2649 4401 2902 4466 jttdicaris
2926 4402 2971 4432 ’⁸
3003 4400 3098 4470 (1),
3132 4403 3212 4454 fac
3237 4403 3374 4468 quod
3400 4402 3464 4454 de

1943 4493 2085 4559 justo
2109 4490 2363 4557 scriptum
2389 4500 2470 4541 est
2504 4507 2518 4542 :
2555 4507 2574 4539 ι
2611 4490 2838 4558 Dispone
2865 4505 3138 4544 sermones
3173 4500 3288 4542 tuos
3313 4489 3364 4541 in
3388 4489 3467 4554 ju-

2516 4581 2555 4609 “
2597 4581 2746 4632 Rom.
2778 4596 2894 4637 vui.
2924 4582 3008 4637 55.
3038 4581 3122 4632 54.
3200 4582 3240 4611 ¹⁹
3280 4582 3293 4631 Ι
3321 4580 3462 4632 Peir.

2778 4623 3122 4702 ié'iiizif'air
3162 4649 3204 4679 ς·
3227 4623 3459 4700 missis:

1945 4806 2202 4862 videmus,
2231 4801 2469 4853 habitare
2500 4800 2796 4851 timeamus.
2832 4819 2849 4848 ι

2015 4872 2123 4941 (95)
2174 4873 2261 4922 Sic
2306 4884 2430 4920 mss.
2484 4869 2742 4942 plerique.
2789 4868 3051 4942 liabauus
3079 4875 3135 4942 et
3175 4863 3324 4942 editi.
3371 4864 3464 4927 Ms,

1947 4931 2117 4995 tamen
2171 4952 2330 4996 unus,
2395 4955 2410 4984 ι
2487 4931 2667 4986 Nullus
2717 4935 2856 4986 enim
2885 4942 2966 4987 est
3007 4931 3208 4984 electus
3247 4932 3324 4984 ita
3359 4946 3470 4983 ma-

1945 5017 2300 5144 ε”ξξὼίξᾷιίῖἣ
2337 5089 2354 5120 ι
2387 5068 2484 5121 nisi
2515 5068 2597 5118 ille
2626 5067 2775 5144 solus
2809 5105 2822 5121 .
2850 5104 2866 5130 ρ
2891 5104 2906 5118 .
2939 5066 3024 5133 qui
3053 5063 3466 5144 dicebat‘liatc',_i

1951 5133 2050 5196 etc.
2094 5133 2288 5193 Deinde
2317 5153 2415 5190 uis.
2445 5150 2599 5197 unus,
2632 5153 2650 5182 ι
2685 5143 2739 5186 et
2767 5137 2815 5186 in
2847 5150 2928 5188 me
2957 5148 3058 5185 non
3090 5133 3294 5182 invenit
3320 5133 3475 5199 quid-

1950 5228 2127 5345 (Ιιιῗὸξῇ
2157 5227 2367 5327 ἕπεται.
2399 5269 2843 5345 ϐειιιειιιιιιιιιιὶεηι
2879 5271 3149 5345 exerceat,
3183 5280 3202 5312 ι
3243 5263 3408 5316 male,

2161 5346 2248 5414 Sic
2272 5353 2454 5414 omnes
2474 5353 2601 5388 mss.
2628 5337 2988 5414 etllabanus.
3020 5331 3155 5382 Editi
3185 5345 3346 5396 vero,
3382 5349 3400 5383 ι
3425 5328 3483 5384 In

1952 5405 2564 5484 quo,tibi_opitulabilur,
2605 5420 2623 5452 ι
2657 5413 2790 5484 etc..

2045 5470 2372 5549 99)#T_ainen.
2406 5473 2746 5549 Desideralur
2779 5473 2830 5525 in
2856 5470 3041 5526 editis.

2045 5488 2130 5549 99)
2165 5488 2372 5530 Tamen.
2406 5488 2739 5549 uesroeraiur
2779 5489 2857 5525 in.

2022 5488 2097 5619 il)
2128 5545 2285 5610 Editi,
2313 5559 2330 5592 ι
2368 5541 2503 5608 quod
2527 5539 2798 5606 judicaris.
2839 5559 2857 5596 ι
