3894 6238
319 317 461 371 1155

1211 328 1554 383 COMMENT.
1596 329 1660 382 IN
1697 329 1907 382 EPIST.
1942 331 2030 383 AD
2070 333 2226 388 ROM.
2270 334 2393 387 LIB.
2436 331 2543 388 VII.

3324 337 3459 390 H35

388 435 482 489 1%.
513 454 533 487 ι
560 439 782 496 Conﬁdo
806 445 946 499 enim
972 448 1090 514 quia
1112 462 1280 516 neque
1319 463 1477 510 mors,
1509 465 1679 517 neque
1717 451 1842 514 vita,
1873 453 1915 508 Α
1946 449 2276 516 hyperbolice
2300 454 2410 504 htec
2434 451 2739 520 Apostolum
2772 452 2963 513 dicere,
2995 452 3091 505 hoc
3112 458 3213 509 est.
3246 467 3347 504 non
3373 468 3463 506 so-
3507 458 3513 466 '

309 537 498 592 neque
527 530 732 597 angeli,
763 547 935 601 neque
959 535 1287 604 principatus
1308 574 1322 598 ,
1352 552 1519 604 neque
1542 538 1843 605 pnesentia,

307 628 498 681 neque
523 617 724 682 futura,
752 636 920 690 neque
947 626 1186 689 virtutes,
1212 640 1376 693 neque
1402 626 1645 691 altitudo,
1672 642 1844 695 neque

306 706 681 774 profundum,
720 718 890 780 neque
917 725 1155 770 creatura
1184 716 1285 768 alia
1323 717 1515 784 poterit
1558 731 1650 771 nos
1686 733 1841 784 sepa-

304 804 439 843 rare
473 807 503 844 a
527 795 789 851 charitate
831 800 957 861 Dei,
985 814 1099 869 qua.
1129 812 1211 856 est
1258 803 1309 855 in
1336 802 1549 857 Christo
1584 801 1706 858 Jesu
1738 805 1840 857 Do-

302 879 464 933 mino
503 893 686 937 nostro
728 886 793 941 ⁸³.
823 904 844 939 ι
895 890 1034 959 Duos
1062 891 1272 945 videtur
1306 893 1519 945 ordines
1561 893 1841 960 Apostolus

300 972 619 1026 ostendisse
646 989 830 1028 eorum
856 994 971 1046 qn:e
994 979 1293 1035 hominibus
1317 985 1631 1036 tentationes
1666 987 1838 1039 susci-

299 1066 426 1113 tare
450 1075 865 1120 consueverunt.
906 1068 969 1122 Et
994 1072 1043 1122 in
1076 1070 1158 1125 his
1192 1072 1403 1139 quidem
1428 1087 1544 1140 qua:
1567 1075 1711 1142 prius
1733 1076 1838 1128 dis—

298 1149 604 1213 seruimus,
635 1154 982 1209 humanarum
1015 1161 1357 1214 tentationum
1384 1162 1693 1234 intelligitur
1707 1168 1837 1219 ordo

298 1237 617 1308 descriptus
646 1258 659 1293 :
691 1243 756 1298 de
785 1246 975 1311 quibus
996 1248 1154 1300 etiam
1182 1248 1471 1305 Corinthiis
1499 1254 1730 1316 dicebat,
1754 1264 1837 1307 ut-

300 1339 434 1394 p0te
461 1331 555 1398 qui
583 1332 784 1400 majora
812 1335 953 1390 ferre
988 1352 1089 1392 non
1113 1348 1356 1407 poterant
1383 1360 1396 1394 :
1433 1361 1452 1392 ι
1477 1343 1718 1398 Tentatio
1743 1361 1833 1397 vos

295 1431 409 1469 non
425 1423 811 1490 apprehendat,
825 1426 926 1481 nisi
943 1428 1186 1483 humana:
1207 1431 1554 1486 ﬁdelisautem
1575 1434 1730 1501 Deus,
1744 1438 1831 1504 qui

292 1520 405 1558 non
433 1510 712 1574 permittet
732 1528 829 1567 vos
853 1520 1040 1570 tentari
1067 1533 1222 1587 supra
1246 1520 1297 1573 id
1316 1523 1452 1589 quod
1476 1525 1690 1589 potestis
1714 1526 1778 1577 δ’.
1808 1544 1827 1575 ι

296 1595 464 1648 Nune
487 1613 619 1652 vero
643 1602 693 1653 in
721 1602 802 1656 his
831 1608 1161 1662 sermonibus
1181 1624 1313 1678 quos
1332 1611 1583 1668 habemus
1624 1615 1675 1667 in
1716 1630 1830 1668 ma-

292 1685 489 1751 nibus,
529 1702 633 1741 non
668 1688 927 1746 humanas
959 1696 1274 1751 tentationes
1297 1698 1513 1762 indicat,
1547 1703 1639 1755 sed
1667 1704 1830 1772 majo-

1942 534 2045 586 ltnn
2092 552 2184 604 per
2227 554 2288 590 ea
2319 554 2435 605 qum
2464 540 2701 593 accidere
2740 548 2991 606 possunt,
3016 540 3105 592 sed
3148 554 3213 591 ne
3256 555 3350 609 per
3395 557 3456 595 ea

1939 626 2151 693 quidem
2191 642 2308 694 qua:
2327 629 2537 681 evenire
2556 628 2768 682 omnino
2786 643 2887 681 non
2909 637 3144 695 possunt,
3174 629 3277 683 ullo
3304 641 3457 697 pacto

1939 729 1968 767 a
2003 714 2092 768 Dei
2119 715 2377 770 charitate
2402 717 2730 770 deﬂectimur
2756 736 2768 771 :
2805 719 2948 771 verbi
2982 734 3167 781 causa,
3197 728 3253 772 ut
3281 721 3325 774 si
3354 722 3454 775 alia

1938 805 2090 859 nobis
2104 806 2318 860 daretur
2340 807 2461 869 vita,
2481 823 2636 875 quam
2660 809 2770 863 haec
2785 820 2944 876 quaea
2969 809 3073 862 Deo
3099 811 3219 863 data
3243 820 3341 869 est,
3364 821 3457 865 aut

1936 893 1980 946 si
2005 894 2293 948 futuromm
2318 910 2437 962 spes
2457 897 2558 948 alia
2596 897 2750 951 nobis
2781 899 3202 965 promitteretnr,
3229 899 3311 952 vel
3337 900 3457 954 alti-

1937 985 2093 1045 tudo,
2123 984 2201 1037 vel
2226 985 2386 1038 etiam
2413 994 2657 1038 creatura
2692 986 2792 1038 alia
2828 1002 2984 1053 quam
3002 999 3083 1040 est
3108 988 3191 1040 illa
3215 1004 3333 1056 quae
3356 1005 3454 1058 pro

1932 1069 2253 1139 609nobis
2267 1072 2607 1140 congemiscit
2633 1082 2685 1126 et
2703 1075 3013 1140 eondolet",
3037 1078 3175 1143 quod
3220 1078 3331 1131 ﬁeri
3358 1079 3456 1134 uti-

1933 1173 2034 1224 que
2056 1173 2156 1212 non
2177 1170 2366 1227 potest,
2386 1176 2450 1213 ne
2472 1160 2578 1215 haec
2602 1162 2811 1227 quidem
2836 1176 2864 1214 a
2896 1163 3158 1218 charitate
3183 1165 3270 1219 Dei
3297 1180 3452 1234 sepa-

1932 1262 2053 1300 rare
2070 1262 2161 1301 nos
2182 1258 2414 1317 possent.
2442 1249 2533 1302 Est
2551 1264 2675 1318 ergo
2702 1251 2790 1307 hic
2813 1266 2944 1304 unus
2965 1256 3310 1320 expositionis
3342 1271 3451 1310 mo-

1932 1336 2332 1391 dus.Videamus
2351 1348 2522 1394 tamen
2542 1356 2607 1394 ne
2631 1340 2762 1394 forte
2778 1342 3111 1409 possitetiam
3133 1345 3227 1398 iste
3243 1345 3452 1398 intelle-

1930 1434 2046 1478 ctus
2077 1426 2300 1480 admitti.
2331 1446 2349 1478 ι
2370 1428 2509 1483 Mors
2532 1447 2550 1479 ι
2581 1445 2738 1497 quam
2766 1430 2850 1483 hic
2878 1430 3004 1484 dicit
3034 1430 3163 1501 (l6),
3195 1432 3283 1487 ille
3307 1434 3448 1488 acci-

1929 1514 2150 1579 piendns
2208 1524 2292 1569 est
2351 1531 2507 1583 quem
2563 1533 2718 1584 supra
2776 1522 3115 1587 exposuimus
3173 1522 3443 1577 inimicum

1927 1605 2122 1658 Christi
2152 1607 2521 1660 destruendum
2552 1609 2892 1662 noxissimutn
2917 1609 3019 1662 dici
3047 1608 3113 1663 ⁵¹.
3138 1610 3235 1676 Qui
3267 1613 3447 1680 utique

1928 1703 2201 1761 prepterea
2237 1710 2379 1749 mors
2414 1697 2624 1759 dicitur,
2661 1698 2783 1763 quia
2818 1698 2954 1751 sicut
2984 1698 3098 1753 haec
3142 1702 3443 1755 communis

289 1788 385 1827 res
416 1777 690 1832 humanis.
727 1780 792 1833 Et
812 1782 925 1835 ideo
971 1793 1095 1851 puto
1140 1786 1279 1852 quod
1318 1786 1370 1838 in
1398 1787 1663 1854 prioribus
1702 1765 1822 1844 ριξηι
1855 1765 1897 1817 Β
1926 1795 2066 1835 mors
2095 1783 2324 1835 animant
2349 1793 2560 1850 separat
2589 1801 2617 1835 a
2653 1798 2893 1851 corpore,
2924 1786 2994 1837 ita
3023 1794 3075 1839 et
3105 1786 3193 1839 ille
3220 1796 3442 1842 conten-

287 1876 668 1921 enumerasset
709 1869 915 1938 singula
959 1888 1212 1941 quaeque,
1255 1877 1321 1930 ad
1362 1879 1601 1933 ultimum
1647 1884 1821 1936 dicit:

291 1967 313 2000 ι
354 1950 471 2004 Sed
505 1953 562 2005 in
594 1956 677 2009 his
703 1959 949 2013 omnibus
972 1976 1299 2030 superamus.
1330 1984 1348 2016 ι
1386 1966 1440 2020 In
1473 1970 1554 2021 his
1587 1985 1714 2025 vero
1741 1987 1825 2027 se-

284 2042 456 2094 cundi
481 2043 688 2097 ordinis
718 2047 1095 2112 tentationibus
1135 2066 1238 2106 non
1278 2055 1350 2109 ita
1392 2057 1719 2114 confidenter
1743 2063 1824 2115 di-

282 2131 395 2193 cit,
456 2148 479 2182 t
509 2131 837 2201 Superamus
859 2172 874 2196 ,
906 2153 925 2187 ι
984 2140 1075 2192 sed
1122 2141 1268 2196 valde
1298 2146 1526 2199 tenuiter
1553 2149 1644 2213 ait,
1696 2152 1819 2218 quia

284 2219 431 2271 nihil
460 2220 649 2273 borum
679 2240 700 2273 ί
722 2225 917 2290 poterit
945 2241 1045 2281 nos
1082 2242 1329 2295 separare
1362 2247 1390 2284 a
1428 2235 1683 2290 charitate
1708 2240 1818 2302 Dei,

279 2323 410 2375 quae
437 2319 524 2363 est
553 2311 605 2363 in
629 2312 843 2367 Christo
867 2312 1011 2370 Jesu.
1051 2335 1070 2368 ιι
1108 2318 1179 2371 De
1206 2320 1450 2376 humanis
1478 2324 1617 2377 enim
1653 2335 1821 2379 tenta-

281 2399 536 2454 tionibus
569 2410 822 2469 tanquam
857 2405 1036 2471 parvis
1061 2415 1115 2459 et
1145 2407 1340 2463 levibus
1368 2412 1697 2467 confidenter
1723 2431 1817 2471 nos

277 2504 379 2543 eas
425 2505 683 2557 superare
715 2496 1019 2560 pronuntiat
1053 2513 1068 2548 ε
1097 2497 1213 2550 illas
1239 2513 1364 2553 vero
1397 2504 1694 2570 superiores
1716 2544 1731 2567 ,
1762 2516 1817 2560 et

278 2578 405 2646 plus
433 2595 596 2646 quam
628 2581 909 2645 humanas,
939 2586 1148 2638 etiamsi
1196 2601 1447 2656 superare
1490 2599 1544 2645 et
1581 2603 1816 2659 proster-

276 2680 415 2721 nere
443 2682 552 2721 non
574 2668 809 2723 valemus
832 2671 955 2737 (hoc
982 2672 1119 2725 enim
1149 2675 1310 2729 solius
1333 2677 1530 2732 Christi
1555 2694 1686 2746 opus
1710 2692 1810 2747 est,

274 2756 373 2822 qui
422 2772 443 2806 ι
468 2757 616 2809 exuit
651 2758 981 2826 principatus
1021 2771 1074 2815 et
1115 2773 1432 2830 potestates,
1478 2769 1814 2837 triumphans

274 2858 375 2897 eas
410 2844 465 2896 in
492 2847 783 2914 semetipso
809 2846 899 2914 ⁵τ’),
925 2864 944 2897 ι
972 2857 1145 2903 tamen
1168 2858 1221 2903 et
1245 2852 1345 2905 hoc
1369 2854 1419 2906 in
1444 2855 1676 2911 victoria:
1699 2857 1813 2914 loco

271 2943 361 2987 est
384 2932 528 3003 (12),
554 2935 600 2987 si
626 2949 746 2988 cum
770 2950 952 2990 omnes
983 2937 1037 2990 in
1078 2952 1172 2992 nos
1214 2939 1662 3012 impugnationnm
1699 2962 1812 3001 sua-

271 3040 399 3078 rum
431 3025 713 3080 machinas
741 3029 992 3080 torserint
1012 3066 1027 3090 ,
1050 3042 1079 3081 a
1103 3029 1363 3084 charitate
1396 3041 1572 3090 tamen
1599 3035 1689 3091 Dei
1713 3052 1811 3092 nos

269 3127 541 3182 separare
582 3127 685 3166 non
726 3113 956 3168 valeant.
1005 3116 1107 3170 Sed
1144 3115 1252 3181 iam
1293 3126 1553 3174 tentemus
1606 3123 1810 3191 singula

269 3205 577 3267 discutere,
602 3214 655 3257 et
690 3205 818 3270 quid
855 3207 919 3259 de
962 3221 1282 3276 unoquoque
1304 3223 1548 3265 sermone
1573 3212 1806 3280 Apostoli

266 3294 622 3349 sentiendum
659 3296 726 3349 sit
747 3311 844 3365 pro
865 3300 1063 3355 viribus
1086 3303 1312 3369 aperire.
1336 3304 1586 3370 Quamvis
1616 3308 1806 3362 altiora

266 3385 323 3436 in
366 3384 457 3437 his
491 3386 792 3451 contegisse
818 3387 1059 3441 videatur
1085 3390 1402 3458 Apostolus,
1446 3408 1602 3462 quam
1639 3409 1805 3464 expo-

263 3470 489 3525 sitionis
511 3481 709 3524 nostra:
731 3471 871 3525 ferre
887 3474 1109 3528 sufﬁciat
1131 3476 1325 3540 virtus,
1349 3480 1431 3532 vel
1462 3481 1596 3535 ratio
1634 3483 1806 3538 brevi-

265 3560 399 3615 tatis
446 3560 697 3613 admittat
738 3561 889 3629 (l3);
943 3565 1268 3630 requiramus
1317 3577 1490 3621 tamen
1538 3570 1582 3623 si
1625 3573 1803 3626 omnia

264 3654 370 3707 ista
398 3668 523 3721 quae
544 3655 874 3707 enumeravit
892 3656 1188 3721 Apostolus,
1212 3673 1276 3713 an
1297 3662 1535 3727 quaedam
1563 3678 1626 3716 ex
1655 3664 1799 3731 ipsis,

265 3746 371 3797 hoc
408 3744 576 3797 studii
601 3744 682 3796 vel
718 3744 1025 3799 intentionis
1051 3756 1274 3814 gerunt,
1308 3759 1365 3801 ut
1393 3750 1650 3805 humanas
1690 3752 1800 3822 (14)

261 3835 483 3887 animas
540 3849 569 3887 a
618 3834 879 3887 charitate
923 3834 1016 3888 Del
1066 3850 1315 3904 separare
1355 3840 1701 3903 contendant,
1747 3851 1801 3896 et

259 3933 555 3990 pr0pterea
579 3922 865 3976 moliantur
885 3922 938 3975 in
961 3937 1057 3975 nos
1073 3933 1262 3977 cuncta
1278 3939 1394 3992 quae
1414 3927 1646 3993 patimur
1666 3928 1796 3997 (l5).

261 4009 493 4065 Videtur
513 4010 656 4063 enim
687 4025 843 4079 posse
866 4012 1075 4079 quidem
1129 4012 1227 4064 boc
1250 4026 1430 4079 agere,
1458 4023 1512 4066 ut
1553 4030 1582 4067 a
1625 4017 1800 4071 chari-

258 4111 374 4154 tate
414 4101 511 4155 Dei
549 4114 896 4168 separemur,
940 4114 1081 4152 mors
1114 4100 1388 4164 fortassis,
1412 4116 1468 4155 et
1513 4103 1721 4171 angeli,
1746 4113 1798 4159 et

257 4190 637 4259 principatus.
661 4198 714 4242 et
738 4189 959 4241 virtutes
986 4190 1328 4243 adversantes
1369 4191 1523 4245 nobis
1547 4192 1661 4245 sine
1703 4195 1796 4247 du-

255 4280 369 4341 bio,
394 4287 451 4332 et
483 4277 762 4345 praesentia
788 4290 903 4344 qua:
928 4284 1051 4328 sunt
1072 4277 1252 4344 utique
1278 4277 1478 4332 lubrica
1499 4288 1552 4332 et
1573 4280 1788 4335 caduca.

1922 1872 1999 1926 dit
2026 1874 2252 1927 animam
2275 1889 2526 1942 separare
2556 1891 2585 1928 a
2615 1875 2871 1929 charitate
2900 1876 3020 1929 Dei:
3043 1885 3096 1929 et
3129 1877 3238 1931 haec
3260 1879 3443 1946 utique

1919 1973 1999 2015 est
2031 1963 2219 2016 animae
2253 1978 2414 2016 mors.
2460 1963 2641 2018 Potest
2671 1980 2798 2032 ergo
2831 1967 2942 2019 ﬁeri
2977 1976 3033 2019 ut
3074 1967 3143 2021 sit
3170 1978 3222 2022 et
3257 1968 3434 2036 aliqua

1922 2054 2028 2104 vita
2074 2055 2138 2106 de
2184 2065 2332 2121 parte
2363 2053 2523 2114 illius,
2558 2071 2674 2120 quae
2717 2069 2836 2108 cum
2884 2056 2997 2123 ipso
3032 2058 3141 2124 agit
3176 2065 3231 2109 ut
3276 2074 3372 2110 nos
3405 2073 3434 2110 a

1918 2142 2181 2195 charitate
2210 2152 2417 2208 separet
2463 2143 2594 2196 Dei:
2624 2158 2739 2210 quae
2787 2145 2894 2197 vita
2944 2155 3027 2198 est
3067 2146 3291 2214 peccati.
3328 2145 3435 2199 Nisi

1916 2231 2056 2282 enim
2089 2231 2223 2283 mala
2259 2240 2400 2285 esset
2439 2232 2554 2285 haec
2595 2233 2723 2295 vita,
2757 2248 3020 2299 nunquam
3063 2248 3158 2287 nos
3189 2234 3438 2288 suaderet

1914 2318 2201 2382 Apostolus
2219 2327 2275 2372 ut
2296 2333 2620 2374 moreremur
2638 2330 2879 2387 peccato,
2899 2330 2951 2374 et
2972 2322 3022 2373 in
3049 2329 3217 2374 morte
3239 2321 3433 2375 Christi

1915 2405 2326 2471 haptizaremur,
2361 2414 2417 2459 et
2452 2405 2909 2474 consepeliremnr
2936 2408 2982 2459 ei
3005 2407 3071 2458 ⁸³.
3100 2405 3277 2459 Potest
3307 2422 3436 2472 ergo

1915 2492 2030 2547 ﬁeri
2058 2502 2116 2545 ut
2143 2493 2255 2545 hac
2280 2492 2388 2545 vita
2420 2494 2621 2560 peccati
2646 2493 2732 2554 sit,
2762 2506 2878 2559 qua:
2905 2506 2999 2546 nos
3022 2493 3165 2559 cupit
3190 2507 3435 2557 separare

1913 2596 1941 2634 a
1971 2582 2229 2636 charitate
2279 2581 2390 2635 Dei.
2429 2582 2539 2650 Ego
2580 2590 2751 2635 autem
2784 2592 2909 2649 puto
2952 2583 3090 2648 quod
3139 2590 3191 2635 et
3228 2578 3430 2649 singula

1912 2685 2133 2739 quaeque
2161 2679 2374 2739 peccata
2406 2671 2631 2724 habeant
2659 2670 2886 2737 aliquam
2919 2670 3079 2723 vitam
3111 2684 3259 2723 suam
3290 2671 3429 2724 intra

1911 2774 2007 2812 nos
2034 2777 2049 2812 :
2076 2774 2198 2812 nam
2232 2760 2644 2827 unumquodque
2689 2759 2875 2811 vitium
2921 2758 3026 2810 vita
3072 2757 3275 2826 peccati
3327 2768 3426 2813 est.

1910 2847 2116 2914 Quanto
2146 2863 2273 2917 ergo
2303 2848 2451 2916 plura
2480 2847 2618 2901 intra
2651 2862 2748 2901 nos
2785 2847 2912 2899 vitia
2943 2844 3426 2915 deprehenduntur,

1911 2946 2055 2989 tanto
2081 2936 2256 3003 plures
2300 2950 2416 2989 esse
2463 2945 2798 3003 peccatorum
2847 2935 2969 2988 vita:
3018 2935 3338 2989 videbuntur
3375 2935 3427 2987 in

1909 3025 2078 3081 nobis.
2117 3025 2181 3076 Et
2207 3035 2488 3093 propterea
2519 3023 2656 3078 forte
2692 3024 2888 3076 dictum
2919 3024 3160 3093 sitzqnia
3195 3042 3213 3075 ι
3242 3024 3428 3076 melior

1907 3121 1989 3166 est
2016 3111 2373 3164 misericordia
2406 3119 2492 3163 tua
2521 3124 2678 3176 super
2703 3108 2947 3164 vitas'h

1978 3188 2203 3266 «Neque
2249 3199 2439 3267 angeli.
2488 3211 2657 3266 neque
2705 3198 3050 3268 principatus,
3097 3215 3267 3269 neque
3318 3199 3427 3254 vir-

1906 3296 2042 3342 tutes
2056 3288 2123 3340 ".
2147 3306 2166 3339 ι
2216 3286 2270 3340 In
2298 3296 2540 3356 promptu
2574 3295 2659 3340 est
2701 3287 2816 3339 illos
2847 3286 3062 3356 angelos
3109 3289 3422 3358 intelligere,

1903 3377 2096 3445 quibus
2127 3377 2262 3444 ignis
2309 3386 2538 3430 aeternus
2570 3389 2599 3427 a
2637 3374 2910 3430 Salvatore
2939 3392 3058 3431 cum
3093 3377 3307 3432 diabolo
3336 3380 3423 3432 di-

1903 3469 2041 3522 citur
2072 3476 2394 3536 praeparatus
2422 3466 2468 3499 "
2492 3480 2507 3519 :
2532 3467 2855 3536 principatus
2882 3475 3054 3522 autem
3083 3479 3136 3522 et
3176 3470 3421 3533 virtutes,

1904 3556 2019 3608 illas
2067 3556 2180 3608 sine
2227 3555 2386 3609 dubio
2439 3555 2715 3609 adversum
2772 3570 2903 3624 quas
2948 3558 3103 3611 nobis
3149 3569 3419 3612 certamen

1900 3654 1979 3698 est
2003 3643 2046 3675 ³⁷
2075 3662 2087 3697 :
2114 3643 2194 3697 vel
2224 3644 2341 3697 illos
2362 3644 2687 3712 principatus
2715 3653 2768 3697 et
2800 3654 3106 3712 potestates,
3134 3648 3197 3700 de
3227 3649 3421 3715 quibus

1898 3734 2029 3787 dicit
2056 3732 2274 3786 “Cum
2306 3742 2483 3786 autem
2519 3732 2842 3787 destruxerit
2886 3749 3097 3788 omnem
3148 3737 3416 3803 principa-

1901 3832 2038 3887 tum,
2064 3829 2118 3875 et
2146 3830 2456 3890 potestatem
2490 3818 2623 3890 (17),
2659 3832 2709 3875 et
2736 3824 2983 3876 virtutem
3001 3822 3095 3875 ³⁸.»
3127 3823 3201 3876 Ex
3230 3827 3418 3892 quibus

1896 3921 1950 3964 et
1991 3910 2236 3979 princeps
2273 3910 2428 3978 hujus
2474 3911 2653 3963 mundi
2704 3910 3077 3978 appellatur”.
3114 3912 3233 3965 Post
3282 3916 3412 3978 haec,

1901 4021 1921 4054 ι
1949 4002 2127 4071 Neque
2155 4002 2456 4071 praesentia,
2480 4021 2499 4052 ι
2532 4001 2720 4068 inquit,
2768 4004 2881 4054 sive
2912 4002 3227 4055 «instantia.
3249 4022 3266 4051 ι
3312 4004 3412 4057 Po-

1896 4104 1993 4150 test
2019 4096 2120 4148 hoc
2150 4094 2213 4147 de
2238 4093 2320 4146 his
2344 4093 2541 4146 dictum
2586 4093 2775 4156 videri,
2808 4107 2942 4160 quos
2976 4094 3028 4146 in
3056 4094 3175 4146 alits
3198 4095 3241 4125 ⁸⁸
3272 4096 3410 4149 idem

1891 4187 2170 4257 Apostolus
2203 4204 2222 4237 ι
2243 4195 2478 4240 rectores
2523 4185 2702 4237 mundi
2738 4185 2890 4252 hujus
2916 4193 2969 4238 et
3017 4185 3352 4240 tenebrarum
3386 4202 3407 4238 ι

1893 4278 2184 4331 nominavit
2213 4294 2226 4329 :
2256 4277 2338 4329 vel
2366 4277 2525 4329 etiam
2552 4274 2692 4342 quod
2719 4275 3054 4343 pmsentium
3103 4290 3276 4328 rerum
3312 4289 3410 4329 vo-

253 4371 364 4423 Sed
397 4377 456 4422 et
486 4365 808 4433 profundum
846 4372 1021 4433 potest
1060 4365 1306 4420 similiter
1370 4366 1616 4436 intelligi.
1673 4368 1790 4423 Vita
1824 4359 1865 4412 Ι)
1891 4367 2065 4436 luptas
2102 4377 2156 4420 et
2189 4364 2484 4425 delectatio,
2530 4373 2584 4416 et
2633 4364 2968 4432 vana‘hujus
3015 4365 3195 4417 mundi
3244 4364 3409 4433 glori:

250 4469 439 4513 autem
460 4498 477 4523 ,
505 4467 561 4512 et
584 4457 779 4517 futura,
802 4464 855 4508 et
885 4454 1131 4517 altitudo,
1160 4464 1215 4508 et
1236 4464 1476 4509 creatura
1503 4456 1626 4521 alia,
1655 4473 1790 4525 quo-

249 4550 419 4602 modo
447 4562 479 4600 a
532 4545 626 4600 Dei
680 4545 943 4599 charitate
987 4557 1231 4611 separare
1283 4558 1381 4598 nos
1437 4554 1641 4598 certent
1687 4561 1790 4600 non

245 4640 492 4693 otiosum
539 4636 749 4690 videtur
784 4647 1065 4702 exponere.
1103 4631 1215 4687 Nisi
1265 4632 1311 4686 si
1338 4633 1455 4701 quis
1482 4632 1619 4689 forte
1642 4635 1788 4689 dicat

1889 4457 2096 4511 studeat
2123 4471 2218 4509 nos
2251 4470 2316 4506 ta
2354 4454 2443 4507 Dei
2477 4454 2736 4507 charitate
2758 4472 2777 4504 ι
2833 4453 3112 4518 deducere,
3149 4469 3301 4521 «quae
3331 4465 3413 4508 est

1891 4546 1943 4599 in
1979 4544 2189 4597 Christo
2221 4543 2346 4598 Jesu
2394 4543 2615 4596 Domino
2662 4551 2845 4596 nostro
2861 4545 2927 4594 ⁸³.
2952 4560 2971 4592 ι
3020 4542 3145 4595 Post
3180 4543 3294 4597 haec
3331 4543 3412 4595 vi-

1890 4635 2107 4688 deamus
2148 4647 2263 4701 qua:
2309 4633 2415 4687 sint
2459 4631 2700 4695 «futura,
2726 4651 2745 4684 ι
2782 4646 2899 4701 quae
2945 4631 3126 4686 volunt
3170 4633 3407 4699 quidem,

358 4805 405 4837 ⁸⁸
430 4804 586 4856 Rom.
614 4815 728 4858 vtu.
768 4797 855 4859 '58,
886 4796 973 4850 59.
1042 4794 1086 4827 ⁸⁸
1111 4794 1128 4846 l
1151 4793 1270 4846 Cor.
1300 4793 1465 4857 x,15.
1538 4793 1810 4848 “'Coloss.
1832 4811 1892 4853 tt.
1923 4794 2010 4849 15.
2065 4791 2279 4844 l“Rom.
2303 4791 2523 4850 vm,‘22.
2595 4789 2677 4839 "I
2714 4789 2976 4859 μοι-,ηιμ
3005 4785 3104 4859 26.
3178 4785 3223 4817 ³⁸
3247 4784 3402 4859 Boni.

243 4887 324 4933 vt.
554 4871 601 4900 ”
625 4852 819 4920 Psaltn.
843 4852 999 4927 ἰκιι,
1023 4863 1072 4915 4.
1145 4852 1364 4933 'fARom‘.
1396 4877 1507 4933 vni,
1537 4861 1625 4914 58.
1698 4859 1809 4933 “at

1914 4881 1949 4917 ι.
1985 4861 2219 4923 κκνμΗ.
2292 4859 2333 4890 ⁸⁷
2361 4859 2547 4927 Epltes.
2580 4855 2759 4918 mli.
2834 4852 2878 4886 ⁸⁸
2925 4857 2942 4907 1
2995 4856 3116 4907 Cor.
3164 4868 3255 4916 xv,
3311 4853 3404 4909 21.

241 4943 293 4974 ⁸⁹
322 4942 479 4995 Joan.
508 4953 606 5001 χιι,
633 4936 720 4990 51.

321 5047 435 5117 (l2)
478 5041 652 5117 Editi,
684 5048 739 5117 e_t
771 5053 901 5091 mss.
946 5037 1501 5117 plures_,.perper_atn,
1549 5054 1567 5085 ι
1605 5044 1778 5117 tamen

241 5105 429 5170 adhuc
456 5113 695 5164 victoria:
716 5107 862 5161 locus
899 5115 1017 5165 est;
1048 5124 1065 5181 ξ
1104 5105 1291 5157 deinde
1312 5105 1433 5181 editi
1462 5141 1477 5165 ,
1523 5105 1778 5181 (.ellitlllsi

242 5197 441 5237 omnes
473 5180 530 5232 in
570 5192 668 5229 nos
698 5214 713 5228 .
740 5213 754 5227 .
780 5213 793 5225 .
822 5213 835 5224 .
875 5174 1123 5226 torserint
1151 5208 1166 5234 ,
1211 5172 1420 5237 quando
1465 5184 1492 5221 a
1520 5169 1780 5224 charitate

240 5253 344 5305 Dei
381 5264 480 5302 nos
509 5245 732 5299 minime
758 5256 1079 5307 separamur.
1119 5259 1137 5289 ι
1188 5240 1250 5291 Et
1293 5246 1505 5305 postea,
1537 5253 1780 5307 (quam-

238 5321 330 5371 vis
378 5318 571 5371 altiora
599 5305 885 5377 contigisse
918 5327 935 5359 ι
969 5307 1092 5376 (ms.
1123 5321 1258 5377 unus
1295 5322 1313 5353 ι
1348 5305 1675 5370 congessisse
1708 5307 1778 5374 ο),

238 5397 352 5441 etc.
386 5384 491 5439 Sed
526 5374 836 5450 putiores'et
860 5374 1104 5450 [labantis
1141 5385 1197 5425 ut
1221 5374 1487 5450 innnpnstrlo
1515 5380 1679 5450 textu.

315 5438 432 5523 (15)
464 5438 685 5523 Siculis.
715 5458 849 5495 unus
875 5442 1066 5511 Regius
1093 5438 1415 5523 ηυιιι.
1439 5438 1623 5523 Caeteri
1652 5454 1779 5523 vero

238 5507 378 5577 mss.
405 5507 459 5573 et
490 5518 775 5574 Babanus,
815 5528 832 5560 t
874 5507 1025 5577 quam
1052 5507 1402 5577 expositionis
1423 5515 1620 5559 nostra:
1659 5507 1775 5558 sul-

236 5574 363 5646 iicit
393 5590 565 5642 virtus
592 5620 609 5637 .
643 5620 657 5636 .
696 5617 711 5633 .
738 5618 755 5635 .
789 5574 1030 5632 adniiltil.
1054 5596 1071 5628 ι
1109 5574 1240 5627 Editi
1273 5574 1530 5643 plerique,
1560 5591 1577 5623 ι
1612 5592 1777 5645 expc.

794 4933 838 4964 ⁸⁸
862 4933 1144 4999 Ephes.v1,
1167 4930 1253 4982 4‘2.
1326 4930 1367 4960 σί
1402 4928 1552 4981 Rom.
1595 4944 1711 4992 vttt,
1751 4932 1835 4985 39.

1884 5037 2060 5091 srtioui
2093 5036 2174 5088 vel
2210 5043 2391 5088 nostra
2423 5031 2613 5085 sullicit
2636 5031 2802 5082 virtus
2827 5067 2845 5084 .
2868 5065 2884 5082 .
2912 5066 2927 5082 .
2956 5066 2971 5081 .
3012 5031 3261 5083 admittit.
3310 5049 3331 5082 ι

1954 5104 2064 5174 (lt)
2095 5103 2250 5160 Editi.
2287 5119 2305 5174 ς
2335 5116 2405 5174 _an
2436 5101 2673 5166 quaedam
2699 5112 2764 5151 ex
2794 5099 2921 5165 ipsis
2950 5098 3073 5167 (huc
3098 5100 3237 5151 enim
3281 5109 3399 5151 stu-

1884 5169 2016 5224 diosi
2043 5169 2305 5238 quaerunt)
2335 5171 2611 5220 humanas.
2648 5183 2667 5238 ρ

1953 5232 2077 5320 (15·)’
2101 5232 2799 5320 Μξτδιῖὲεξᾳὶη-ιιξρζλ659,
2833 5250 2852 5283 ‹
2889 5247 3005 5301 qua;
3051 5235 3341 5303 [mtuet-im,
3375 5252 3397 5286 ι

1886 5304 2081 5360 Deinde
2113 5304 2261 5366 editi,
2291 5321 2307 5352 ι
2347 5305 2456 5354 hare
2483 5314 2656 5369 agere.
2696 5319 2714 5351 ι

1950 5374 2058 5441 (16)
2096 5373 2182 5426 Sic
2214 5372 2370 5434 editi;
2405 5378 2458 5420 at
2490 5366 2613 5421 vero
2647 5382 2774 5421 mss.
2809 5381 3016 5430 omnes,
3047 5385 3064 5417 ι
3093 5366 3231 5420 Mors
3259 5372 3401 5437 quod

1882 5444 2161 5576 mihi:
2204 5510 2517 5575 potestatem.
2554 5501 2674 5556 llaec
2723 5503 2918 5559 desunt
2973 5503 3025 5556 in
3064 5502 3212 5557 libris
3241 5513 3396 5560 autem

1880 5580 2054 5634 editis-0
