3894 6218
275 307 407 359 1155

1157 304 1500 360 COMMENT.
1543 303 1605 354 IN
1645 300 1852 353 EPIST.
1891 300 1974 351 Al)
2015 301 2172 355 llOll.
2216 298 2338 352 LIB.
2383 294 2489 349 νη.

3271 289 3404 342 Hii

341 424 428 476 12.
460 441 478 473 σ
507 425 727 479 Conlido
752 428 893 480 enim
919 429 1036 494 quia
1060 442 1227 494 neque
1267 440 1424 485 mors,
1457 438 1625 491 neque
1664 423 1789 484 vita,
1821 423 1862 478 Α
1894 419 2223 485 hyperbolice
2247 419 2356 469 lrec
2383 412 2686 481 Apostolum
2719 411 2910 470 dicere,
2943 408 3038 460 hoc
3059 413 3160 462 est.
3194 419 3294 457 non
3321 421 3410 456 so-
3455 411 3459 416 '

269 528 445 580 neque
475 515 678 582 angeli,
711 531 882 583 neque
907 516 1235 583 principatus
1256 551 1270 574 ,
1300 527 1467 580 neque
1490 511 1790 578 prtesentia,

266 619 445 670 neque
471 604 672 665 futura,
701 620 869 673 neque
897 608 1136 668 virtutes,
1161 617 1326 670 neque
1352 601 1594 664 altitudo,
1622 615 1792 666 neque

267 694 630 762 profundum,
670 711 839 762 neque
867 707 1105 751 creatura
1135 695 1235 746 alia
1274 693 1465 761 poterit
1508 705 1600 744 nos
1637 705 1790 756 sepa-

267 794 390 832 rare
423 794 452 830 a
478 781 740 834 charitate
783 783 908 843 Dei,
937 797 1051 850 qute
1081 791 1162 834 est
1210 781 1260 832 in
1288 779 1500 832 Christo
1536 776 1656 830 Jesu
1690 777 1791 828 Do-

266 869 415 921 mino
455 880 638 922 nostro
680 870 745 924 ‘8.
775 888 796 922 ι
848 873 986 940 Duos
1015 871 1224 923 videtur
1259 870 1471 922 ordines
1514 865 1793 933 Apostolus

265 959 572 1011 ostendisse
600 975 783 1012 eorum
810 977 924 1028 quae
948 961 1246 1013 hominibus
1271 960 1584 1011 tentationes
1621 959 1791 1010 susci-

265 1057 382 1101 tare
405 1059 819 1102 consueverunt.
861 1051 924 1103 Et
949 1053 997 1102 in
1031 1051 1112 1104 his
1147 1051 1358 1117 quidem
1383 1063 1498 1114 quae
1523 1049 1666 1116 prius
1689 1048 1793 1099 dis-

265 1137 560 1199 seruimus,
592 1139 937 1190 humanarum
971 1140 1313 1192 tentationum
1341 1138 1648 1207 intelligitur
1664 1139 1792 1190 ordo

266 1228 574 1294 descriptus
603 1244 615 1278 :
648 1229 712 1281 de
743 1229 932 1294 quibus
953 1229 1110 1280 etiam
1140 1227 1428 1281 Corinthiis
1457 1227 1686 1288 dicebat,
1711 1237 1793 1279 ut-

269 1328 393 1384 pote
419 1318 512 1385 qui
542 1317 742 1385 majora
770 1319 911 1372 l'erre
946 1333 1047 1371 non
1073 1327 1314 1386 poterant
1342 1337 1354 1370 :
1391 1337 1409 1368 ι
1435 1319 1675 1370 Tentatio
1701 1332 1791 1368 vos

265 1421 369 1458 non
386 1409 770 1474 apprehendat,
784 1409 885 1462 nisi
903 1409 1145 1463 humana:
1167 1409 1330 1462 ﬁdelis
1342 1419 1513 1461 autem
1535 1409 1689 1472 Deus,
1704 1409 1790 1476 qui

263 1510 367 1547 non
395 1497 672 1562 permittet
693 1512 788 1550 vos
813 1501 1000 1552 tentari
1028 1513 1183 1565 supra
1206 1499 1256 1550 id
1277 1499 1412 1566 quod
1437 1498 1650 1564 potestis
1675 1499 1738 1549 δ’.
1769 1516 1786 1546 ο

268 1585 424 1638 Nunc
447 1600 579 1638 vero
605 1588 654 1637 in
682 1587 763 1640 his
793 1588 1122 1641 sermonibus
1143 1603 1274 1656 quos
1294 1589 1544 1641 habemus
1585 1589 1636 1640 in
1678 1602 1791 1639 tua-

265 1675 450 1738 nibus,
491 1689 595 1726 non
631 1674 889 1728 humanas
921 1676 1236 1729 tentationes
1260 1676 1475 1737 indicat,
1510 1677 1601 1728 sed
1630 1676 1792 1744 majo-

1891 503 1992 554 luut
2040 520 2132 571 per
2175 520 2235 556 ea
2267 518 2382 568 qua!
2413 502 2649 553 accidere
2689 495 3053 565 possunt,sed
3097 508 3160 545 ne
3205 509 3298 561 per
3344 508 3404 545 ea

1889 594 2100 662 quidem
2141 607 2256 660 qua:
2277 592 2486 644 evenire
2506 589 2717 640 omnino
2735 603 2836 638 non
2858 593 3093 652 possunt,
3123 583 3226 635 ullo
3253 592 3406 649 pacto

1889 698 1918 735 a
1954 683 2042 736 Dei
2069 682 2326 737 charitate
2353 679 2680 733 deﬂectimur
2707 696 2718 730 :
2756 677 2899 728 verbi
2933 689 3118 734 causa,
3147 682 3204 725 ut
3232 673 3275 726 si
3305 674 3404 726 alia

1890 773 2041 827 nobis
2057 773 2268 826 daretur
2292 771 2412 832 vita,
2432 786 2588 837 quam
2611 771 2721 822 haec
2737 779 2851 834 quas
2868 781 2895 817 a
2921 766 3024 818 Deo
3051 766 3170 817 data
3195 773 3293 821 est,
3317 771 3408 816 aut

1889 863 1932 914 si
1958 863 2246 914 futurorum
2271 875 2389 927 spes
2411 860 2510 910 alia
2549 857 2702 910 nobis
2735 856 3154 924 promitteretur,
3183 852 3264 905 vel
3290 852 3409 904 alti-

1891 954 2014 1002 tudo
2032 991 2046 1012 ,
2077 951 2155 1003 vel
2180 951 2339 1003 etiam
2367 957 2610 1000 creatura
2646 947 2746 998 alia
2782 961 2937 1011 quam
2957 954 3036 995 est
3062 943 3145 994 illa
3169 957 3286 1008 quae
3311 956 3408 1010 pro

1887 1037 2207 1107 609nobis
2222 1035 2562 1104 congemiscit
2588 1043 2640 1086 et
2659 1033 2967 1095 condolet",
2992 1032 3129 1098 quod
3175 1030 3286 1083 ﬁeri
3313 1030 3410 1083 uti-

1889 1143 1990 1193 que
2012 1141 2111 1178 non
2133 1135 2322 1193 potest,
2343 1139 2406 1176 ne
2429 1124 2534 1176 haec
2559 1122 2767 1188 quidem
2793 1135 2820 1171 a
2853 1121 2951 1172 cha
2963 1121 3113 1172 ritate
3139 1119 3226 1172 Dei
3254 1133 3408 1186 sepa-

1890 1231 2009 1268 rare
2027 1231 2118 1268 nos
2140 1223 2371 1282 possent.
2399 1213 2489 1264 Est
2509 1226 2632 1278 ergo
2659 1211 2746 1264 hic
2770 1224 2901 1261 unus
2923 1209 3267 1276 expositionis
3300 1223 3407 1261 mo-

1890 1304 2290 1358 dus.Videamus
2310 1313 2480 1356 tamen
2501 1319 2564 1355 ne
2589 1301 2720 1353 forte
2736 1300 3069 1368 possitetiam
3091 1299 3185 1351 iste
3201 1297 3409 1350 intelle-

1889 1404 2006 1447 ctus
2037 1393 2259 1446 admitti.
2291 1411 2308 1442 ι
2329 1392 2468 1446 Mors
2492 1409 2509 1440 ι
2540 1406 2696 1458 quattt
2725 1388 2809 1441 hic
2837 1388 2963 1441 dicit
2994 1387 3122 1456 (ιϐ),
3155 1386 3242 1440 ille
3267 1386 3407 1440 acci-

1890 1483 2110 1549 piendus
2169 1491 2252 1534 est
2312 1496 2468 1546 quem
2524 1495 2678 1545 supra
2737 1479 3075 1544 exposuimus
3134 1477 3404 1529 inimicum

1889 1574 2083 1628 Christi
2113 1574 2482 1626 destruendum
2514 1569 2852 1622 notissimum
2879 1565 2980 1618 dici
3009 1565 3074 1618 5’.
3100 1565 3196 1630 Qui
3229 1566 3408 1631 utique

1891 1671 2162 1729 pr0pterea
2200 1675 2341 1713 mors
2377 1660 2587 1720 dicitur,
2624 1657 2746 1722 quia
2781 1656 2916 1708 sicut
2948 1655 3060 1707 hate
3105 1654 3406 1707 communis

263 1779 350 1816 res
381 1765 652 1817 humanis.
691 1765 756 1816 Et
776 1765 889 1818 ideo
935 1775 1058 1832 puto
1105 1765 1242 1831 quod
1283 1764 1333 1815 in
1362 1736 1626 1829 prioribus
1666 1736 1785 1816 cum
1819 1736 1860 1787 Β
1890 1765 2030 1802 mors
2059 1749 2288 1801 animal"
2314 1755 2523 1813 εερθτδι
2554 1763 2580 1796 η
2617 1757 2857 1810 corpore»
2889 1743 2958 1794 ίιπ
2987 1751 3038 1794 ει
3070 1741 3156 1793 ille
3185 1749 3405 1793 COIlleﬂ“

262 1863 632 1906 enumerasset
674 1853 879 1921 singula
924 1869 1177 1922 quaeque,
1221 1855 1285 1907 ad
1327 1856 1566 1908 ultimum
1612 1856 1786 1908 dicit:

267 1957 286 1989 σ
326 1940 434 1993 Sed
471 1941 528 1993 in
559 1942 642 1994 his
669 1942 914 1995 omnibus
938 1957 1264 2010 superamus.
1297 1961 1314 1993 ι
1352 1943 1406 1996 1η
1439 1945 1519 1996 his
1553 1959 1680 1998 vero
1707 1958 1790 1998 se-

261 2031 422 2081 eundi
447 2030 654 2082 ordinis
685 2031 1062 2084 tentationibus
1102 2046 1204 2084 non
1246 2033 1316 2085 ita
1360 2032 1686 2085 confidenter
1711 2035 1790 2086 di-

260 2121 366 2182 cit,
424 2137 444 2169 c
475 2119 804 2187 Superamus
827 2155 842 2178 ,
874 2135 892 2169 ›
952 2121 1042 2172 sed
1090 2120 1235 2174 valde
1266 2122 1494 2174 tenuiter
1521 2123 1612 2186 ait,
1665 2124 1787 2190 quia

263 2207 399 2260 nihil
428 2208 618 2260 borum
649 2225 668 2258 ι
691 2208 886 2274 poterit
914 2223 1013 2261 nos
1051 2222 1297 2274 separare
1332 2224 1358 2260 a
1397 2210 1652 2263 charitate
1677 2211 1787 2273 Dei,

260 2313 381 2364 quas
407 2307 492 2350 est
523 2298 574 2349 in
599 2298 813 2350 Christo
837 2295 980 2351 Jesu.
1021 2316 1040 2348 ι
1077 2297 1148 2350 De
1176 2299 1420 2351 humanis
1448 2298 1587 2350 enim
1624 2308 1791 2351 tenta-

262 2388 506 2441 tionibus
540 2396 794 2454 tanquam
829 2387 1006 2454 parvis
1033 2396 1086 2438 et
1116 2386 1311 2440 levibus
1340 2387 1668 2440 conﬁdenter
1695 2403 1788 2442 nos

259 2494 353 2531 eas
398 2492 655 2544 superare
687 2478 991 2544 pronuntiat
1026 2493 1039 2528 :
1070 2476 1185 2529 illas
1211 2491 1336 2530 vero
1369 2478 1666 2545 superiores
1689 2517 1703 2538 ,
1735 2487 1789 2531 et

261 2568 379 2635 plus
406 2582 569 2634 quam
602 2567 882 2626 humanas,
912 2565 1121 2617 etiamsi
1169 2579 1420 2633 superare
1464 2573 1517 2618 et
1555 2575 1789 2632 proster-

261 2671 389 2709 nere
417 2670 526 2708 non
549 2654 783 2706 valemus
807 2654 930 2719 (hoc
957 2653 1092 2706 enim
1124 2653 1283 2706 solius
1308 2653 1504 2707 Christi
1530 2668 1661 2719 opus
1685 2664 1785 2717 est,

259 2745 350 2811 qui
398 2761 417 2794 ι
442 2743 591 2796 exuit
627 2743 956 2811 principatus
997 2752 1048 2795 et
1091 2751 1408 2809 potestates,
1453 2743 1789 2810 triumphans

260 2848 353 2885 eas
389 2833 440 2883 in
469 2833 759 2898 semetipso
786 2829 875 2897 ⁸ο),
902 2846 920 2878 ›
949 2838 1121 2882 tamen
1145 2837 1197 2881 et
1223 2830 1322 2882 hoc
1346 2830 1396 2881 in
1421 2830 1653 2884 victoria:
1676 2830 1790 2885 loco

258 2932 342 2976 est
365 2920 504 2990 (12),
533 2921 577 2973 si
604 2934 723 2973 cum
748 2932 929 2973 omnes
961 2919 1014 2970 in
1056 2931 1149 2970 nos
1192 2917 1640 2987 impugnationum
1677 2933 1790 2972 sua-

259 3029 380 3066 rum
411 3012 691 3066 machinas
721 3012 1006 3070 torserint,
1030 3023 1058 3060 a
1082 3008 1342 3061 charitate
1375 3017 1550 3064 tamen
1579 3009 1668 3064 Dei
1692 3024 1790 3063 nos

258 3115 520 3170 separare
563 3114 664 3151 non
706 3097 936 3149 valeant.
985 3097 1086 3150 Sed
1125 3095 1232 3160 iam
1273 3103 1533 3148 tentemus
1587 3097 1790 3163 singula

259 3195 557 3252 discutere,
583 3199 636 3242 et
671 3189 798 3254 quid
837 3190 900 3240 de
943 3199 1263 3254 unoquoque
1287 3200 1529 3239 sermone
1554 3185 1788 3253 Apostoli

257 3282 604 3337 sentiendum
641 3282 708 3333 sit
729 3295 826 3348 pro
847 3283 1045 3334 viribus
1069 3281 1294 3348 aperire.
1319 3281 1568 3346 Quamvis
1599 3281 1788 3334 altiora

258 3375 310 3425 in
352 3373 440 3425 his
475 3371 776 3436 conlegisse
801 3370 1042 3423 videatur
1069 3370 1386 3436 Apostolus,
1429 3384 1586 3437 quam
1623 3383 1788 3436 expo-

255 3459 472 3514 sitionis
495 3467 693 3510 nostrae
716 3456 854 3508 ferre
872 3455 1093 3508 suiliciat
1116 3455 1310 3517 virtus,
1335 3456 1414 3507 vel
1447 3456 1580 3509 ratio
1618 3456 1790 3510 brevi-

259 3550 385 3603 tatis
433 3547 682 3600 admittat
723 3545 874 3613 (13);
929 3545 1254 3610 requiramus
1303 3555 1475 3596 tamen
1525 3545 1567 3596 si
1611 3545 1789 3597 omnia

258 3644 358 3695 ista
386 3656 510 3709 qua!
531 3638 860 3694 enumeravit
879 3636 1175 3702 Apostolus,
1199 3652 1262 3690 an
1285 3637 1521 3704 quasdam
1550 3652 1613 3689 ex
1642 3637 1786 3703 ipsis,

260 3735 359 3784 hoc
397 3731 564 3783 studii
589 3730 671 3781 vel
707 3729 1012 3781 intentionis
1039 3735 1261 3793 gerunt,
1297 3736 1352 3777 ut
1382 3727 1638 3778 humanas
1678 3725 1787 3794 (14)

257 3825 472 3874 animas
529 3835 558 3873 a
607 3819 868 3873 charitate
913 3817 1005 3869 Dei
1056 3828 1304 3883 separare
1345 3815 1690 3875 contendant,
1736 3823 1790 3867 et

256 3922 545 3979 propterea
570 3909 855 3962 moliantur
875 3905 928 3957 in
951 3918 1047 3956 nos
1063 3911 1252 3956 cuncta
1269 3916 1384 3968 qua:
1405 3902 1635 3968 patimur
1657 3900 1786 3969 (l5).

258 3999 484 4053 Videtur
505 3997 647 4049 enim
678 4009 834 4063 posse
858 3994 1066 4061 quidem
1120 3992 1219 4042 hoc
1242 4004 1422 4056 agere,
1451 3998 1504 4041 ut
1545 4004 1573 4041 a
1616 3989 1791 4041 chari-

257 4102 366 4143 tate
408 4089 504 4142 Dei
541 4098 889 4153 separeutur,
931 4095 1072 4132 mors
1106 4079 1382 4140 fortassis,
1405 4092 1460 4131 et
1506 4077 1714 4144 angeli,
1738 4085 1790 4130 et

256 4178 597 4248 principatus
615 4212 630 4235 .
654 4183 707 4227 et
731 4174 952 4224 virtutes
979 4171 1321 4221 adversantes
1363 4167 1516 4220 nobis
1540 4167 1654 4218 sine
1697 4167 1789 4218 du-

256 4270 363 4330 bio,
390 4275 446 4320 et
478 4262 757 4332 praesentia
783 4273 897 4327 qua:
923 4265 1046 4310 sunt
1067 4257 1246 4322 utique
1273 4255 1473 4308 lubrica
1493 4263 1546 4306 et
1568 4253 1782 4306 caduca.

1887 1842 1963 1895 dit
1991 1842 2217 1893 animam
2241 1852 2490 1906 separare
2521 1853 2549 1889 a
2580 1835 2836 1888 charitate
2865 1833 2985 1886 Dei:
3008 1841 3060 1884 et
3094 1832 3202 1884 haec
3225 1831 3408 1898 utique

1886 1942 1964 1984 est
1997 1931 2184 1983 animat
2219 1943 2380 1981 mors.
2426 1927 2607 1980 Potest
2637 1940 2764 1991 ergo
2797 1925 2908 1976 ﬁeri
2943 1933 2999 1975 ut
3040 1923 3110 1976 sit
3136 1932 3187 1975 et
3223 1921 3399 1987 aliqua

1889 2023 1995 2073 vita
2042 2023 2104 2073 de
2151 2031 2298 2086 parte
2330 2017 2490 2076 illius,
2525 2031 2640 2082 quae
2685 2029 2802 2067 cum
2851 2014 2963 2080 ipso
2999 2013 3107 2079 agit
3143 2019 3198 2062 ut
3243 2026 3338 2062 nos
3373 2025 3400 2062 a

1887 2110 2148 2162 charitate
2178 2117 2385 2173 separet
2431 2105 2562 2158 Dei:
2593 2119 2707 2170 quae
2755 2104 2862 2154 vita
2912 2111 2994 2155 est
3035 2099 3259 2168 peccati.
3296 2098 3403 2149 Nisi

1886 2200 2024 2251 enim
2059 2197 2192 2249 mala
2229 2205 2369 2249 esset
2408 2196 2522 2247 hate
2564 2194 2692 2254 vita,
2727 2205 2988 2256 nunquam
3033 2204 3127 2241 nos
3159 2187 3407 2240 suaderet

1885 2287 2170 2350 Apostolus
2189 2293 2244 2337 ut
2267 2297 2590 2336 moreremur
2609 2289 2848 2347 peccato,
2869 2287 2921 2330 et
2942 2279 2992 2328 in
3020 2283 3187 2328 morte
3209 2274 3403 2327 Christi

1887 2374 2297 2440 haptizaremur,
2333 2378 2388 2423 et
2424 2367 2880 2434 consepeliremnr
2908 2365 2954 2415 ei
2977 2363 3042 2413 ³³.
3072 2361 3248 2412 Potest
3278 2375 3406 2422 ergo

1889 2462 2002 2515 ﬁeri
2031 2469 2087 2512 ut
2116 2460 2227 2512 haec
2252 2457 2360 2509 vita
2392 2455 2592 2523 peccati
2619 2454 2705 2512 sit,
2735 2465 2850 2518 qua:
2878 2463 2971 2502 nos
2995 2447 3136 2514 cupit
3162 2459 3407 2510 separare

1887 2566 1914 2603 a
1945 2550 2202 2603 charitate
2253 2546 2363 2598 Dei.
2402 2545 2511 2612 Ego
2554 2551 2724 2594 autem
2759 2549 2882 2608 puto
2925 2538 3063 2604 quod
3113 2545 3164 2588 et
3202 2531 3404 2601 singula

1887 2653 2107 2707 quaeque
2135 2644 2348 2705 peccata
2381 2635 2605 2686 habeant
2634 2630 2860 2696 aliquam
2893 2627 3054 2678 vitam
3085 2639 3233 2677 suam
3265 2624 3403 2675 intra

1887 2743 1982 2781 nos
2011 2745 2024 2779 :
2053 2741 2173 2779 nam
2208 2722 2620 2790 unumquodque
2665 2718 2850 2770 vitium
2897 2715 3002 2766 vita
3048 2711 3250 2781 peccati
3303 2720 3401 2764 est.

1887 2817 2093 2882 Quanto
2123 2828 2250 2882 ergo
2279 2813 2428 2880 plura
2457 2811 2594 2862 intra
2629 2822 2724 2860 nos
2762 2805 2888 2857 vitia
2919 2801 3403 2871 deprehenduntur,

1889 2915 2033 2958 tanto
2059 2903 2233 2970 plures
2279 2915 2394 2953 esse
2441 2906 2776 2965 peccatorum
2825 2893 2946 2945 vitae
2996 2890 3315 2942 videbuntur
3353 2887 3404 2938 in

1889 2994 2057 3048 nobis.
2096 2993 2160 3042 Et
2186 3000 2466 3058 propterea
2498 2985 2635 3039 forte
2671 2984 2866 3035 dictum
2899 2980 3139 3047 sit:qnia
3175 2997 3192 3028 ι
3222 2977 3407 3029 melior

1887 3091 1968 3135 est
1997 3075 2353 3131 misericordia
2386 3083 2471 3125 tua
2502 3085 2658 3137 super
2683 3067 2926 3121 vitas'm

1960 3167 2184 3232 «Neque
2231 3163 2420 3231 angeli,
2471 3172 2638 3226 neque
2687 3157 3031 3225 principatus,
3079 3169 3248 3222 neque
3299 3151 3408 3205 vir-

1889 3256 2105 3310 tutes".
2129 3273 2148 3305 ι
2199 3252 2252 3305 In
2281 3259 2522 3320 promptu
2557 3255 2641 3301 est
2683 3246 2798 3299 illos
2829 3243 3044 3313 angelos
3091 3243 3404 3311 intelligere,

1887 3346 2079 3414 quibus
2111 3344 2244 3411 ignis
2293 3350 2521 3394 aeternus
2554 3351 2582 3388 a
2620 3335 2893 3390 Salvatore
2923 3347 3041 3386 cum
3077 3330 3290 3385 diabolo
3320 3332 3406 3383 di-

1887 3439 2025 3491 citur
2058 3441 2378 3502 praeparatus
2407 3431 2452 3462 ⁵⁸
2477 3443 2492 3481 :
2516 3428 2839 3496 principatus
2867 3433 3038 3478 autem
3068 3434 3120 3476 et
3161 3424 3405 3484 virtutes,

1890 3525 2004 3577 illas
2053 3523 2166 3575 sine
2214 3521 2372 3573 dubio
2425 3518 2700 3570 adversum
2757 3528 2889 3582 quas
2933 3513 3088 3566 nobis
3135 3522 3404 3565 certamen

1887 3623 1965 3668 est
1989 3613 2032 3643 ⁸⁷
2061 3631 2073 3664 :
2101 3610 2180 3663 vel
2211 3610 2327 3661 illos
2349 3607 2674 3674 principatus
2702 3613 2754 3656 et
2787 3612 3092 3670 potestates,
3121 3603 3184 3653 de
3215 3602 3408 3667 quibus

1887 3703 2057 3756 dicit:
2095 3700 2261 3752 «Cum
2295 3706 2470 3748 autem
2507 3694 2829 3748 destruxerit
2875 3706 3085 3744 omnem
3136 3689 3403 3756 principa-

1889 3801 2026 3855 tum,
2054 3797 2107 3842 et
2136 3795 2444 3856 potestatem
2479 3782 2611 3852 (17),
2649 3793 2698 3835 et
2725 3783 2972 3833 virtutem
2990 3778 3084 3830 ⁵⁸.»
3116 3778 3189 3830 Ex
3219 3779 3406 3844 quibus

1887 3891 1940 3934 et
1981 3879 2226 3947 princeps
2265 3874 2418 3942 hujus
2465 3872 2643 3925 mundi
2695 3865 3067 3938 appellatur".
3105 3867 3223 3919 Post
3273 3869 3403 3928 lucc,

1893 3991 1911 4023 ι
1941 3972 2118 4038 Neque
2147 3966 2448 4038 praesentia,
2472 3984 2489 4014 ι
2524 3962 2711 4028 inquit,
2759 3963 2872 4012 sive
2904 3958 3218 4010 «instantia.
3241 3975 3258 4004 ι
3305 3956 3404 4007 ιιυ-

1888 4073 1985 4118 test
2011 4064 2112 4115 hoc
2142 4061 2205 4113 de
2231 4058 2312 4111 his
2337 4057 2533 4109 dictum
2579 4053 2767 4115 videri,
2801 4064 2934 4118 quos
2969 4050 3020 4102 in
3050 4049 3167 4100 aliis
3191 4049 3233 4078 ⁸⁸
3265 4049 3402 4100 idem

1885 4155 2164 4226 Apostolus
2197 4170 2215 4202 ι
2237 4159 2472 4204 rectores
2517 4145 2695 4198 mundi
2731 4143 2883 4209 hujus
2910 4150 2963 4194 et
3011 4140 3346 4194 tenebrarum
3380 4154 3400 4188 ι

1887 4245 2179 4300 nominavit
2208 4260 2221 4295 :
2251 4242 2332 4294 vel
2361 4241 2519 4292 etiam
2547 4235 2686 4303 quod
2713 4231 3049 4302 praesentium
3099 4244 3271 4282 rerum
3307 4241 3404 4280 vo-

255 4317 363 4412 Sed
393 4366 452 4410 et
478 4317 814 4420 profundum.
843 4354 1016 4415 potest
1057 4317 1302 4398 similiter
1367 4342 1612 4410 intelligi.
1669 4341 1786 4394 Vita
1820 4330 1860 4383 Ι)
1887 4337 2061 4404 luptas
2099 4344 2152 4387 et
2185 4328 2480 4388 delectatio,
2527 4335 2579 4378 et
2628 4339 2764 4378 vana
2789 4321 2964 4389 hujus
3012 4319 3191 4372 mundi
3241 4317 3404 4385 glori?

253 4458 434 4503 autem
458 4487 474 4510 ,
503 4454 558 4498 et
581 4443 775 4501 futura,
799 4448 851 4491 et
882 4436 1128 4496 altitudo,
1157 4443 1212 4486 et
1233 4441 1472 4486 creatura
1500 4432 1622 4495 alia,
1652 4445 1786 4498 quo-

253 4539 417 4591 modo
446 4551 476 4587 a
530 4532 622 4586 Dei
678 4529 940 4583 charitate
986 4537 1228 4592 separare
1282 4536 1379 4574 nos
1436 4528 1638 4573 certent
1685 4534 1788 4571 non

249 4630 490 4682 otiosum
538 4623 747 4676 videtur
783 4629 1063 4685 exponere.
1102 4611 1213 4665 Nisi
1264 4609 1309 4664 si
1338 4609 1454 4677 quis
1483 4608 1618 4662 forte
1641 4608 1787 4661 dicat

357 4795 404 4826 ⁸⁸
431 4792 586 4844 Rom.
615 4801 729 4843 vttt,
769 4782 855 4842 58,
887 4778 974 4832 59.
1043 4775 1086 4807 δ’
1113 4775 1127 4826 Ι
1151 4773 1271 4844 90!.
1302 4787 1354 4833 κ,
1380 4769 1466 4823 15.

249 4878 326 4922 vi,
356 4828 602 4916 Ξ-Ᾰῖπῖδ
1025 4845 1074 4896 4.
1147 4828 1365 4922 ’δξῑξίοιιιέἒ
1398 4853 1508 4922 Ὴιι,
1539 4836 1626 4888 58.
1700 4833 1789 4922 “3

1888 4836 1951 4887 .h.
1987 4828 2220 4890 xxv,4l.

248 4904 482 4984 “sibi
512 4904 722 4987 actual.
797 4917 840 4947 ⁶⁰
865 4904 1255 4981 Ephes.vt,l‘£.
1329 4907 1368 4936 ⁶¹
1404 4904 1554 4956 Rom.
1598 4918 1713 4964 vtn,
1754 4904 1838 4956 39.

325 5035 438 5105 (η)
483 5029 656 5105 Εάίιῖγ
689 5034 743 5105 ei
776 5037 920 5105 "‘5’",
941 5019 1469 5105 ,P‘T'res.'_.Piilpfi3§“
1489 5051 1504 5075 ’
1531 5019 1783 5105 .2333???

249 5081 437 5159 adimit;
461 5081 699 5151 victoria:
721 5093 867 5144 locus
904 5081 1021 5146 est;
1053 5105 1070 5159 ξ
1109 5083 1296 5136 deinde
1317 5081 1437 5159 editi
1466 5117 1481 5140 ,
1528 5081 1783 5159 «etiamsi

473 5145 674 5219 iutilius
704 5199 718 5212 .
746 5198 759 5211 .
786 5197 798 5208 .
827 5196 840 5207 .
881 5145 1127 5208 torserint
1157 5189 1172 5213 ,
1195 5148 1424 5225 "quando
1469 5161 1496 5196 a
1525 5145 1786 5196 charitate

517 5231 738 5286 minime
765 5238 1084 5295 separamur.
1126 5239 1143 5268 ›
1195 5219 1255 5268 Ει
1299 5222 1475 5281 pOstca
1497 5251 1510 5270 ,
1545 5225 1787 5295 t‘quatn-

249 5279 350 5360 ii?
384 5279 896 5361 altiora-contigisse
925 5309 956 5361 »Α
977 5289 1099 5358 (ms.
1131 5299 1264 5361 uirus
1301 5279 1319 5330 ἃ
1354 5281 1684 5361 congessisse
1717 5279 1785 5344 ι),

528 5353 844 5436 potiores'et
869 5353 1112 5436 [labantis
1149 5364 1204 5404 ut
1228 5353 1288 5436 inl
1306 5357 1490 5436 ius“?
1521 5356 1688 5436 textu.

324 5415 694 5512 (lévéic'nts.
724 5442 858 5480 unus
884 5424 1074 5492 Regius
1102 5415 1417 5512 nuttt:'j6§9.
1442 5415 1634 5512 Cmteri
1664 5427 1788 5512 verro

251 5479 785 5566 maxumi-tabanus,
825 5512 859 5566 t_
884 5479 1034 5566 quam
1061 5484 1632 5566 expositionisnostrze
1673 5479 1785 5530 suf-

249 5551 668 5634 indigi".
709 5602 722 5618 .
749 5551 1039 5620 (admittit.
1063 5577 1081 5608 ι
1119 5551 1248 5606 Εειὶιῐ
1281 5551 1543 5619 plerique,
1574 5567 1590 5598 ι
1627 5564 1788 5616 expo~

1887 4425 2093 4480 studeat
2120 4437 2214 4475 nos
2248 4439 2266 4468 ‹
2286 4435 2313 4470 a
2352 4418 2440 4470 Dei
2474 4417 2732 4468 charitate
2755 4431 2774 4464 ι
2829 4410 3109 4473 deducere,
3147 4421 3298 4474 «qua:
3329 4416 3411 4458 est

1889 4517 1941 4568 in
1977 4513 2187 4565 Christo
2220 4509 2344 4562 Jesu
2391 4507 2612 4558 Domino
2660 4511 2843 4556 nostro
2859 4503 2924 4550 θ’.
2950 4517 2968 4548 ι
3018 4498 3143 4550 Post
3179 4497 3292 4548 haec
3330 4494 3410 4546 vi-

1890 4605 2105 4657 deamus
2147 4613 2262 4666 quae
2308 4597 2415 4651 sint
2459 4593 2699 4656 tl‘utura,
2726 4611 2744 4643 ι
2782 4604 2898 4659 qua:
2943 4587 3126 4640 volunt
3169 4585 3406 4652 quidem,

1539 4767 1810 4820 “‘Coloss.
1833 4781 1893 4822 tt.
1925 4763 2010 4818 15.
2067 4760 2109 4790 '“
2129 4758 2280 4810 Rom.
2304 4769 2415 4814 vm,
2437 4755 2524 4808 Ἡ.
2597 4751 2642 4780 ⁵¹
2664 4750 2693 4822 l_
2714 4748 2976 4822 Conﬂata
3001 4740 3104 4822 n26.
3179 4740 3224 4771 "
3249 4737 3403 4822 Rivali).

2583 4833 2651 4879 γι,
2681 4816 2760 4866 12.
2821 4811 2879 4844 ’⁸⁸
2928 4814 2944 4863 ι
2997 4811 3118 4862 Cor.
3167 4822 3256 4868 xv,
3313 4805 3406 4860 2i.

1889 5005 2063 5060 sntioni
2098 5003 2177 5054 vel
2214 5009 2395 5053 nostra
2427 4993 2617 5047 sullicit
2640 4991 2809 5060 virtus
2832 5024 2848 5041 .
2872 5023 2893 5060 τ
2917 5023 2931 5038 .
2961 5022 2990 5060 ._
3017 4984 3264 5060 admittit.
3314 5000 3334 5032 ι

2100 5053 2254 5126 Editi.
2291 5085 2308 5141 ς
2340 5081 2409 5141 _an
2441 5062 2678 5128 quaedam
2704 5072 2769 5109 ex
2799 5056 2926 5122 ipsis
2956 5055 3077 5122 (hoc
3103 5053 3241 5103 enim
3285 5060 3404 5102 stu-

1890 5135 2022 5193 diosi
2048 5135 2309 5206 (μείω-ειμι)
2340 5135 2616 5206 humanas.
2654 5143 2783 5206 ληῆ
3130 5195 3142 5206 ι
3251 5186 3261 5195 .

1960 5191 2082 5289 (15f
2108 5191 2806 5289 Ms,.liegittfnn122;n1639,
2840 5207 2858 5240 t
2896 5203 3012 5257 quae
3059 5191 3348 5255 pemerint.
3383 5203 3404 5236 ›

1893 5268 2088 5329 Deinde
2120 5271 2267 5331 editi,
2298 5286 2314 5316 ι
2354 5268 2463 5317 haec
2491 5275 2664 5330 agere.
2703 5279 2721 5310 ›

1960 5319 2087 5411 (ἰῶν
2104 5319 2377 5396 Sic-editi;
2414 5340 2466 5381 at
2499 5319 2621 5381 vei-0
2656 5341 2782 5379 mss.
2818 5337 3024 5384 omnes,
3055 5339 3072 5369 ι
3101 5319 3238 5372 Mors
3267 5323 3411 5387 quod

1893 5413 2170 5542 ὠῖῗῆίιὶι
2214 5472 2527 5540 potestatem.
2565 5462 2684 5515 Ilaec
2734 5463 2928 5516 desunt
2985 5459 3035 5510 in
3075 5453 3221 5508 libris
3252 5463 3410 5508 antea

1891 5550 2065 5602 CdlllFo
