3894 6210
307 267 458 323 1¹57

1207 281 1550 338 COMMENT.
1590 282 1654 336 IN
1692 280 1902 337 EPIST.
1939 281 2028 334 AD
2064 282 2228 335 ROM.
2269 276 2393 332 LIB.
2435 277 2543 334 VII.

3322 286 3455 338 H39

303 386 446 438 teris
478 388 726 442 omnibus
757 392 932 444 carnis
978 393 1178 447 insidia:
1228 394 1566 449 formidanda:
1608 405 1752 457 sunt,
1784 405 1835 448 et
1862 403 1906 456 Α
1937 410 2071 447 unus
2101 395 2358 446 moriatur
2396 393 2552 445 homo
2599 406 2696 460 pro
2730 392 2944 460 populo,
2979 400 3031 446 et
3071 407 3172 446 non
3205 394 3449 448 universa

298 470 398 522 ille
439 474 532 540 qui
567 475 632 526 de
661 474 809 528 nobis
841 481 1076 544 procedit
1103 481 1270 533 hostis
1301 481 1412 548 ipsc
1439 483 1702 535 cavendus
1727 492 1828 548 est,

293 562 484 613 donec
514 563 564 614 in
602 571 803 616 tantum
825 567 1117 631 profectum
1143 569 1319 620 veniat
1345 569 1540 630 anima,
1569 579 1624 622 ut
1652 570 1830 624 dulce-

293 649 432 702 dine
460 652 745 706 charitatis
781 653 888 706 Deo
921 657 1158 718 astricta,
1195 658 1435 725 corporis
1474 659 1830 713 blandimenta

287 745 348 788 et
377 738 568 791 carnis
595 739 879 795 illecebras
907 744 1246 798 abhorreseat
1274 760 1407 799 unus
1435 761 1552 800 cum
1598 748 1705 801 Deo
1730 750 1829 815 spi-

287 827 442 877 ritus
472 826 637 880 facta.

363 916 459 968 15.
498 917 829 971 «Veritatem
869 921 986 974 dico
1039 922 1090 973 in
1140 921 1375 986 Christo,
1423 939 1526 978 non
1583 926 1826 987 mentior.

284 1008 668 1062 testimonium
716 1009 845 1061 mihi
891 1012 1204 1076 perhibente
1249 1015 1572 1067 conscientia
1620 1031 1733 1069 mea
1774 1017 1824 1071 in

281 1095 502 1162 Spiritu
533 1107 742 1159 sancto,
787 1099 1036 1164 quoniam
1068 1101 1280 1154 tristitia
1315 1111 1400 1154 est
1449 1104 1574 1156 mihi
1611 1120 1822 1171 magna,

277 1193 334 1237 et
369 1186 675 1239 continuus
703 1187 853 1240 dolor
881 1189 1026 1240 cordi
1068 1202 1204 1240 meo.
1241 1186 1496 1255 Optabam
1527 1192 1666 1244 enim
1699 1207 1826 1244 ana-

280 1275 478 1326 thema
524 1290 644 1330 esse
690 1277 803 1344 ipse
843 1291 940 1346 ego
965 1293 991 1329 a
1021 1279 1229 1332 Christo
1260 1295 1354 1346 pro
1390 1280 1642 1332 fratribus
1671 1281 1822 1343 meis,

277 1365 373 1430 qui
420 1375 553 1417 sunt
591 1367 800 1433 cognati
848 1367 947 1420 mei
980 1369 1265 1420 secundum
1292 1383 1526 1428 carnem,
1567 1370 1656 1434 qui
1703 1382 1825 1424 sunt

278 1453 574 1515 lsraelitm,
611 1469 836 1522 quorum
873 1455 1087 1521 adeptio
1135 1467 1218 1508 est
1260 1457 1506 1520 filiorum,
1540 1466 1592 1510 et
1631 1457 1819 1525 gloria,

275 1551 334 1595 et
371 1551 724 1605 testamenta,
762 1554 814 1596 et
864 1543 1136 1609 legislatio,
1173 1553 1225 1598 et
1260 1546 1587 1612 obsequium.
1620 1558 1672 1600 et
1700 1563 1822 1615 pro-

276 1628 602 1692 missiones,
649 1644 874 1696 quorum
922 1639 1119 1697 patres,
1147 1641 1198 1685 et
1227 1646 1290 1685 ex
1323 1633 1513 1700 quibus
1539 1635 1646 1701 (54)
1674 1635 1822 1688 Chri-

1931 499 2058 552 gens
2089 491 2268 551 pereat
2290 481 2399 551 (59)
2417 482 2463 512 ’⁸
2491 501 2502 535 :
2529 501 2546 533 ι
2575 484 2666 535 sed
2687 491 2858 534 tamen
2889 483 2983 535 ista
3000 483 3192 535 veritas
3231 499 3331 535 non
3355 484 3452 538 fuit

1929 573 1982 626 in
1998 563 2228 625 Christo.
2244 571 2308 623 Et
2327 572 2442 624 ideo
2455 571 2750 638 Apostolus,
2769 572 2831 623 ad
2847 572 3238 625 distinctionem
3258 576 3450 626 verita-

1930 661 1996 716 tis
2014 661 2128 730 ejus
2148 674 2264 729 qua:
2278 669 2429 714 extra
2447 659 2712 714 Christum
2735 671 2834 724 est,
2853 676 2910 715 se
2928 661 3053 714 dicit
3071 662 3121 714 in
3139 662 3351 714 Christo
3373 663 3450 715 lo-

1925 750 2013 817 qui
2035 749 2330 803 veritatem.
2355 747 2458 803 Sed
2480 751 2652 804 ethoc
2674 752 2810 819 quod
2833 752 2955 803 dicit
2981 767 2994 802 :
3022 769 3040 800 ι
3067 749 3446 804 Testimonium

1925 839 2055 893 mihi
2069 838 2374 907 perhibente
2389 839 2712 892 conscientia
2727 853 2840 891 mea
2860 840 2910 890 in
2925 839 3120 905 Spiritu
3139 848 3340 900 sancto,
3356 841 3452 891 »εἱ-

1927 927 2098 978 miletn
2113 927 2237 979 tnihi
2255 927 2447 979 habere
2463 925 2663 978 videtur
2677 925 3090 992 intelligentiam.
3110 925 3444 978 liedditenitn

1921 1017 2076 1084 611
2110 1016 2462 1068 testimonium
2495 1014 2815 1068 conscientia
2847 1016 3006 1068 etiam
3033 1017 3276 1083 gentibus
3309 1031 3324 1080 ;
3355 1029 3446 1070 se-

1923 1108 2149 1157 cundum
2165 1106 2302 1173 quod
2337 1106 2386 1156 in
2411 1105 2766 1172 superioribus
2799 1105 2932 1158 idem
2969 1109 3251 1173 Apostolus
3270 1109 3440 1162 ait":

1930 1213 1948 1242 ι
1985 1193 2363 1247 Testimonium
2413 1196 2667 1248 reddente
2705 1193 2783 1246 eis
2832 1196 3177 1256 conscientia,
3209 1207 3260 1250 et
3306 1198 3444 1250 inter

1922 1298 1982 1336 se
2027 1284 2248 1336 invicem
2305 1283 2680 1350 regitationum
2731 1285 3116 1348 accusantium,
3151 1297 3238 1336 aut
3279 1288 3439 1339 etiam

1922 1370 2336 1423 defendentium.
2376 1387 2393 1420 ›
2419 1367 2472 1420 1η
2495 1369 2598 1422 illis
2636 1383 2765 1436 ergo
2794 1370 2844 1422 in
2875 1371 3066 1438 quibus
3091 1370 3441 1437 cogitationes

1921 1474 2032 1513 suae
2066 1460 2264 1510 habent
2306 1457 2506 1526 aliqttid
2534 1457 2672 1524 quod
2704 1467 2978 1522 accusent,
3017 1467 3071 1510 et
3113 1459 3438 1510 conscientia

1919 1549 1983 1600 ad
2019 1547 2374 1600 testimonium
2425 1545 2587 1607 venit,
2642 1559 2745 1598 non
2785 1553 2957 1610 potest
3007 1545 3110 1598 dici
3161 1545 3300 1612 quod
3344 1559 3442 1611 pro

1923 1634 2077 1687 malis
2129 1634 2333 1687 actibus
2381 1633 2492 1702 (40)
2545 1634 2597 1685 in
2659 1633 2856 1700 Spiritu
2889 1643 3072 1686 sancto
3111 1634 3438 1686 conscientia

271 1729 398 1769 stus
434 1718 727 1771 secundum
775 1733 1011 1782 carnem,
1039 1721 1126 1787 qui
1163 1729 1243 1774 est
1272 1735 1430 1790 Super
1463 1724 1643 1775 omnia
1685 1725 1820 1777 Deus
1850 1711 1893 1766 Β
1921 1721 2277 1776 testimonium
2311 1721 2517 1774 reddat.
2554 1720 2608 1774 lu
2636 1721 2889 1789 Apostolo
2933 1737 3058 1776 vero
3104 1722 3194 1775 ubi
3235 1724 3439 1789 cogita-

271 1809 603 1861 benedictus
635 1809 685 1860 in
713 1809 903 1862 stccula
926 1811 1022 1861 τ’.»
1047 1809 1241 1866 Videtis
1274 1813 1470 1867 Paulus
1493 1816 1634 1882 quod
1663 1818 1706 1870 si
1733 1833 1818 1870 se-

267 1900 520 1951 cundum
550 1912 612 1950 ea
642 1899 693 1950 in
723 1899 912 1965 quibus
940 1915 1097 1968 supra
1137 1904 1529 1974 exposuit(35),
1572 1905 1714 1958 nulla
1743 1907 1814 1970 vi,

268 1986 597 2040 cmlestibus
621 1987 702 2040 vel
731 1989 1096 2054 terrestribus,
1128 1993 1476 2058 praesentibus
1508 1995 1590 2047 vel
1626 1994 1818 2049 futuris

267 2077 693 2130 adversantibus
736 2079 862 2138 sibi,
889 2080 1055 2146 possit
1082 2095 1109 2132 a
1134 2081 1330 2133 Christi
1363 2083 1625 2136 charitate
1665 2100 1818 2152 sepa-

267 2168 410 2232 rari,
443 2168 778 2220 contrarium
801 2177 856 2221 et
886 2169 1192 2222 incredibile
1221 2170 1490 2223 videretur
1514 2173 1654 2238 quod
1681 2189 1816 2227 nunc

265 2258 464 2310 dicere
493 2257 838 2324 proponebat,
871 2268 1056 2325 optare
1098 2274 1154 2311 se
1200 2276 1228 2312 a
1274 2262 1487 2315 Christo
1523 2277 1677 2330 quem
1711 2274 1814 2316 tam

265 2347 712 2415 inseparabiliter
749 2348 1020 2416 diligebat.
1059 2349 1340 2402 anathema
1387 2353 1519 2414 fieri,
1565 2354 1664 2407 hoc
1711 2362 1813 2419 est,

262 2437 520 2489 alienum
541 2436 713 2500 elIici;
747 2451 813 2489 ne
838 2438 1097 2490 mendacii
1131 2448 1307 2490 uolatu
1326 2440 1434 2509 (56)
1461 2443 1637 2495 subire
1665 2444 1812 2496 vide-

264 2536 450 2587 retur,
489 2524 909 2578 satisfactionem
960 2527 1252 2594 przemittit,
1303 2538 1360 2580 ut
1391 2545 1717 2599 nequaquam
1747 2534 1814 2586 de

263 2617 391 2681 ejus
428 2629 681 2669 sermone
718 2617 1005 2678 ddbitetur,
1040 2628 1092 2670 et
1129 2618 1298 2673 dicit:
1328 2639 1346 2670 ς
1369 2621 1656 2676 Veritatem
1694 2625 1813 2680 dico

265 2705 318 2755 in
358 2704 604 2764 Christo,
637 2719 738 2757 non
785 2708 1032 2766 mentior,
1067 2710 1424 2763 testimonium
1461 2711 1588 2764 mihi
1629 2714 1810 2778 perhi-

263 2794 436 2848 bente
463 2795 792 2847 conscientia
827 2809 940 2846 utea
988 2797 1039 2847 in
1075 2796 1273 2864 Spiritu
1310 2809 1509 2854 sancto.
1539 2819 1557 2851 ι
1601 2801 1703 2854 Sed
1735 2805 1809 2855 vi.

259 2888 500 2938 deamus
530 2900 696 2953 quare
720 2885 932 2948 dixerit,
967 2904 983 2935 ι
1009 2887 1283 2940 veritatem
1303 2889 1422 2942 dico
1451 2891 1502 2942 in
1533 2890 1763 2954 Christo,
1786 2911 1804 2944 ι

1917 1815 1988 1866 ιὶο
2009 1813 2117 1880 jam
2151 1829 2254 1864 non
2285 1811 2449 1864 habet
2480 1812 2619 1878 quod
2649 1822 2882 1873 accuset,
2915 1822 3058 1864 recte
3108 1812 3436 1864 conscientia

1914 1904 1966 1955 itt
1991 1903 2185 1969 Spiritu
2221 1912 2411 1954 sancto
2464 1902 2826 1954 testimonium
2869 1903 3057 1956 reddit.
3090 1902 3216 1955 Vide
3254 1913 3431 1954 tamen

1914 1993 2333 2061 magnitudinem
2368 1994 2600 2060 pectoris
2632 1992 2928 2060 apostolici.
2969 1991 3013 2044 A
3046 1992 3138 2046 Dei
3173 1992 3434 2046 charitate

1915 2099 2014 2136 non
2050 2093 2225 2149 potest
2254 2083 2490 2150 separari
2517 2099 2530 2134 :
2569 2084 2710 2149 quod
2738 2082 2993 2148 loquitur,
3027 2083 3077 2134 in
3109 2083 3328 2135 Christo
3359 2084 3437 2136 lo-

1912 2172 2096 2236 quitur
2132 2169 2242 2238 (41)
2289 2186 2302 2222 :
2345 2169 2484 2235 quod
2535 2169 2586 2221 in
2633 2167 2954 2220 conscientia
3001 2167 3182 2229 habet,
3233 2165 3434 2232 Spiritu

1913 2267 2100 2312 sancto
2126 2257 2446 2310 continetur.
2491 2256 2614 2320 Qui,
2649 2269 2848 2323 quaeso,
2894 2255 3037 2318 caeli,
3092 2256 3179 2322 qui
3230 2257 3430 2319 throni,

1912 2363 2030 2417 qua:
2060 2347 2400 2414 amplissima:
2445 2346 2697 2398 virtutum
2732 2343 3025 2398 caelestium
3073 2354 3274 2397 mentes
3323 2354 3430 2396 tam

1911 2436 2100 2503 amplis
2123 2437 2338 2490 sedibus
2366 2443 2528 2488 totam
2561 2442 2809 2502 poterunt
2863 2447 3052 2500 capere
3085 2433 3435 2488 Trinitatem?

1914 2546 1934 2578 ι
1970 2529 2247 2593 Quoniam,
2304 2527 2495 2594 inquit,
2549 2527 2765 2578 tristitia
2815 2534 2898 2580 est
2943 2526 3073 2579 mihi
3124 2540 3344 2596 magna,
3377 2535 3433 2579 et

1908 2616 2196 2670 continuus
2221 2615 2368 2668 dolor
2405 2611 2549 2668 cordi
2586 2627 2729 2668 meo.
2762 2632 2782 2666 ι
2818 2614 2966 2678 Esto,
3015 2614 3215 2668 habeas
3261 2615 3429 2668 tristi-

1910 2706 2037 2758 tiam
2063 2722 2077 2757 :
2107 2692 2244 2768 esto,
2275 2703 2508 2758 dolorem
2539 2707 2716 2773 capias
2761 2704 2828 2758 de
2860 2703 3158 2771 perditione
3202 2703 3430 2756 fratrum

1911 2805 2125 2848 tuorum
2191 2811 2210 2844 ι
2254 2794 2344 2862 qui
2377 2801 2500 2846 sunt
2530 2793 2739 2860 cognati
2787 2795 3076 2846 secundum
3108 2807 3321 2846 carnem
3351 2808 3366 2844 :
3403 2809 3427 2842 ι

1909 2884 2147 2952 nunquid
2171 2898 2237 2938 eo
2270 2898 2433 2958 usque
2457 2891 2512 2936 ut
2543 2891 2693 2950 Optes
2721 2884 2998 2936 anathema
3043 2883 3156 2936 fieri
3199 2898 3227 2936 a
3273 2883 3430 2936 Chri-

257 2979 426 3043 quasi
477 2979 764 3031 ostendens
812 2991 930 3030 esse
972 2977 1200 3043 aliquam
1235 2980 1510 3033 veritatem
1546 2997 1661 3050 quae
1702 2999 1806 3036 non
1835 3010 1874 3066 ρ
1909 2974 2032 3027 ειοῗ
2063 2973 2127 3026 El
2155 2973 2280 3040 quid
2305 2973 2399 3026 tibi
2435 2975 2645 3039 PI‘OdeSl
2678 2973 2885 3025 iiiOrulll
2918 2973 3080 3036 salus.
3112 2973 3155 3024 Si
3187 2983 3240 3024 ιιι
3268 2987 3298 3025 a
3339 2988 3428 3025 sa-

257 3071 333 3119 sit
393 3069 448 3117 in
496 3065 732 3117 Christo.
785 3065 846 3116 Et
893 3065 1010 3117 vide
1060 3067 1104 3118 si
1155 3067 1417 3132 possimus
1457 3069 1546 3121 tali
1578 3071 1803 3136 quodam

259 3155 429 3206 modo
463 3153 744 3205 veritatem
769 3167 888 3218 quas
931 3153 980 3203 in
1019 3151 1229 3206 Christo
1257 3164 1358 3216 est,
1384 3155 1450 3208 ab
1476 3171 1534 3208 ea
1559 3171 1676 3224 qua:
1703 3173 1803 3210 non

254 3251 345 3295 est
373 3243 428 3295 in
460 3241 698 3304 Christo,
728 3240 1054 3306 distinguere
1081 3258 1092 3292 :
1123 3241 1246 3308 quia
1269 3250 1323 3294 et
1349 3243 1475 3296 alibi
1507 3245 1643 3297 idem
1667 3245 1805 3311 Apo-

254 3331 439 3384 stolus
476 3329 607 3381 dicit
637 3345 650 3380 :
678 3347 696 3378 ι
722 3329 812 3380 Est
839 3329 1039 3382 veritas
1072 3329 1270 3382 Christi
1307 3331 1360 3383 in
1406 3345 1507 3393 me,
1544 3333 1667 3398 quia
1702 3349 1802 3386 non

257 3419 619 3474 πινακίσι-⁷³.»
656 3417 866 3471 Veritas
904 3431 1029 3486 ergo
1053 3418 1250 3471 Christi
1292 3433 1409 3472 esse
1439 3420 1702 3474 credenda
1725 3430 1805 3474 est

255 3512 362 3574 ibi,
378 3509 472 3562 ubi
493 3516 621 3562 sunt
634 3505 743 3576 ('57)
759 3517 813 3560 et
831 3507 1047 3575 reliquae
1063 3508 1284 3560 virtutes
1298 3508 1672 3575 quaeChristus
1688 3523 1805 3564 esse

252 3600 652 3654 describuntur
678 3614 690 3648 :
720 3596 771 3650 id
799 3605 904 3658 est,
943 3595 1029 3648 ubi
1057 3594 1283 3661 iustitia,
1311 3597 1396 3650 ubi
1440 3612 1561 3666 pax,
1592 3598 1680 3651 ubi
1724 3609 1805 3652 est

252 3688 488 3742 verbum
518 3687 635 3751 Dei,
669 3686 742 3739 ibi
786 3697 868 3738 est
913 3693 964 3738 et
997 3685 1194 3738 veritas
1221 3684 1441 3739 Christi.
1485 3687 1577 3740 Est
1620 3697 1800 3740 autent

252 3779 466 3832 veritas
505 3786 562 3829 et
601 3777 654 3828 itt
687 3774 1004 3841 iniustitia"
1031 3791 1045 3826 :
1073 3785 1129 3826 ut
1164 3775 1230 3836 si,
1269 3776 1416 3828 verbi
1449 3791 1632 3838 causa,
1661 3777 1804 3830 dica-

251 3883 406 3930 unus,
437 3866 761 3920 daemonium
806 3865 932 3916 illud
980 3863 1256 3933 Pythonis,
1301 3867 1444 3932 quod
1489 3866 1543 3918 in
1577 3866 1800 3920 Actibus

250 3955 695 4024 apostolorum"
740 3953 968 4006 refertur
1019 3955 1069 4005 in
1121 3954 1310 4006 ancilla
1359 3955 1586 4022 quadam
1643 3955 1795 4009 habi-

251 4056 427 4108 tasse,
467 4055 526 4097 et
568 4044 836 4097 clamasse
870 4052 990 4109 post
1040 4043 1328 4109 apostolos,
1374 4045 1494 4110 quia
1531 4063 1550 4094 ‹
1574 4045 1626 4097 hi
1662 4047 1798 4097 servi

252 4135 354 4186 Dei
389 4133 587 4186 summi
635 4143 781 4190 sunt,
816 4131 906 4196 qui
957 4131 1278 4184 annuntiant
1316 4133 1617 4186 hominibus
1655 4134 1792 4186 viam

251 4224 615 4284 Dei"i,erat
635 4220 833 4273 veritas
861 4219 913 4270 in
949 4219 1032 4272 bis
1063 4221 1236 4273 verbis
1262 4237 1276 4273 :
1301 4234 1481 4274 verum
1512 4221 1652 4276 cnim
1683 4232 1800 4277 erat

1905 3062 2013 3116 lute
2041 3061 2346 3129 separeris?
2376 3071 2428 3113 et
2459 3062 2586 3130 quid
2607 3061 2843 3114 salvabis
2877 3061 3006 3114 alios
3051 3060 3182 3130 (42),
3225 3062 3269 3114 si
3315 3062 3429 3128 ipse

1904 3154 2134 3220 pereas?
2159 3151 2290 3216 Νου,
2322 3152 2514 3220 inquit,
2542 3154 2612 3206 ita
2648 3163 2728 3207 est
2758 3152 2903 3222 (45):
2940 3154 3030 3206 sed
3066 3167 3162 3221 ego
3204 3154 3360 3208 didici
3393 3170 3425 3207 a

1903 3241 2160 3309 Magistro
2190 3251 2242 3294 et
2280 3241 2504 3295 Domino
2534 3256 2670 3307 meo,
2725 3243 2847 3309 quia
2881 3261 2900 3292 t
2929 3243 3020 3309 qui
3055 3243 3163 3295 vult
3193 3243 3425 3296 animam

1902 3345 2052 3384 suam
2084 3329 2283 3383 salvam
2314 3329 2512 3395 facere,
2545 3333 2728 3400 perdet
2754 3346 2870 3385 eam
2901 3347 2916 3393 ;
2973 3341 3024 3385 et
3059 3333 3144 3400 qui
3183 3333 3427 3400 perdide-

1902 3419 1971 3470 rit
2021 3434 2160 3481 eam,
2208 3419 2441 3472 inveniet
2480 3435 2596 3473 eam
2647 3420 2713 3472 ⁸⁸.
2745 3438 2763 3469 ι
2815 3420 2948 3484 Quid
2995 3435 3125 3488 ergo
3156 3422 3348 3474 mirum
3378 3422 3426 3474 si

1899 3511 2180 3577 Apostolus
2210 3524 2306 3577 pro
2340 3511 2596 3563 fratribus
2637 3512 2747 3564 suis
2787 3513 3066 3564 anathema
3109 3510 3227 3564 fieri
3273 3511 3425 3576 velit,

1900 3601 1988 3664 qui
2023 3599 2159 3653 sciat
2191 3613 2310 3652 eum
2336 3599 2424 3665 qui
2455 3612 2572 3653 erat
2607 3599 2659 3651 in
2692 3599 2860 3651 forma
2891 3601 3002 3661 Dei,
3034 3601 3338 3654 exinanisse
3366 3615 3429 3655 se

1899 3684 1963 3734 de
2015 3696 2100 3744 ea,
2131 3697 2196 3736 ae
2242 3684 2537 3750 suscepisse
2580 3683 2799 3737 formam
2846 3686 2986 3738 servi
3025 3686 3092 3749 ⁸³,
3132 3695 3186 3739 et
3229 3686 3425 3741 factum

1897 3787 2014 3826 esse
2057 3786 2152 3839 pro
2189 3774 2338 3827 nobis
2367 3773 2704 3829 maledictum
2737 3776 2780 3808 ⁸³
2821 3777 2844 3828 ?
2891 3777 3025 3842 Quid
3074 3793 3202 3846 ergo
3232 3781 3426 3833 mirum

1898 3863 1940 3913 si
1985 3877 2104 3914 cum
2163 3863 2415 3916 Dominus
2465 3879 2560 3931 pro
2610 3866 2778 3919 servis
2847 3869 3183 3922 maledictum
3250 3869 3428 3924 factus

1897 3952 1966 4004 sit
1992 3950 2123 4020 (44),
2153 3965 2338 4005 servus
2369 3966 2464 4018 pro
2497 3953 2754 4008 fratribus
2797 3959 3080 4011 anathema
3112 3957 3206 4012 fiat
3247 3959 3272 4012 7
3315 3958 3427 4013 Hoc

1897 4047 2072 4090 autem
2109 4039 2340 4093 arbitror
2369 4054 2488 4094 esse
2513 4043 2654 4109 quod
2681 4050 2737 4096 et
2767 4043 3001 4113 Moyses,
3041 4061 3160 4099 cum
3207 4062 3423 4114 peccas-

1896 4136 1977 4180 set
2006 4127 2254 4194 populus,
2289 4127 2499 4184 dicebat
2532 4132 2596 4184 ad
2627 4132 2904 4186 Dominum
2939 4134 3022 4186 “:
3057 4153 3077 4186 ι
3112 4135 3175 4190 Et
3201 4150 3344 4192 nunc
3375 4139 3421 4191 si

1895 4220 2106 4284 quidem
2147 4220 2370 4274 remittis
2396 4221 2475 4275 eis
2503 4233 2804 4291 peccatum,
2831 4227 3076 4282 remitte:
3107 4228 3188 4280 sin
3221 4239 3424 4293 autem,

246 4315 398 4382 quod
431 4311 754 4364 dicebatur:
791 4311 882 4362 sed
917 4324 1020 4361 non
1048 4319 1162 4362 erat
1195 4311 1293 4363 ista
1323 4311 1525 4364 veritas
1556 4311 1608 4365 in
1642 4313 1796 4366 Chri-
1825 4318 1868 4373 ι)
1896 4307 2010 4372 dele
2038 4322 2122 4362 me
2147 4311 2212 4363 de
2239 4309 2377 4364 libro
2409 4311 2529 4366 vitae
2554 4326 2711 4381 quem
2744 4316 3029 4383 scripsisti.
3051 4335 3071 4369 ι
3098 4316 3232 4382 Quid
3255 4334 3381 4386 ergo
3401 4319 3427 4371 ’ἒ

244 4415 372 4467 sto;
407 4409 465 4454 et
505 4407 786 4467 propterea
822 4411 1111 4451 conversus
1143 4398 1207 4452 ad
1240 4413 1354 4452 eam
1388 4398 1582 4454 Paulus
1617 4402 1792 4454 dixit:

249 4511 272 4544 ι
303 4493 650 4550 Obmutesee,
684 4496 740 4541 et
770 4489 854 4539 exi
889 4488 956 4539 ab
981 4501 1040 4538 ea
1061 4487 1126 4539 ".
1161 4505 1179 4536 ι
1213 4487 1316 4540 Sed
1347 4497 1398 4541 et
1437 4489 1562 4543 illud
1596 4490 1792 4543 veritas

249 4581 357 4634 fuit
403 4583 548 4646 quod
597 4578 732 4632 dixit
777 4576 1004 4644 Caiphas
1027 4575 1137 4642 (58)
1174 4595 1188 4630 :
1228 4595 1247 4628 ι
1274 4577 1496 4646 Expedit
1538 4580 1686 4634 vobis
1734 4589 1792 4633 ut

1892 4395 2203 4451 lnferiorem
2236 4399 2314 4451 vis
2345 4397 2524 4468 Moyse
2546 4401 2767 4455 Paulum
2801 4405 3014 4458 videri?
3040 4405 3130 4459 Ille
3174 4421 3230 4460 se
3258 4408 3423 4460 deleri

1895 4487 2029 4554 petit
2056 4490 2119 4540 de
2145 4488 2281 4542 libro
2310 4489 2432 4542 vitae
2463 4505 2560 4558 pro
2594 4491 2850 4548 fratribus
2879 4497 2990 4549 suis
3035 4511 3049 4559 ;
3090 4495 3285 4550 Paulus
3317 4513 3420 4550 non

1897 4583 2053 4634 debet
2100 4591 2287 4650 optare
2334 4581 2618 4634 anathema
2659 4597 2776 4636 esse
2819 4599 2914 4652 pro
2963 4587 3217 4640 fratribus
3260 4587 3422 4640 suis?

320 4718 364 4747 τ’
392 4716 636 4790 Quiqui,
655 4715 677 4767 1
696 4712 875 4790 seq!"
893 4712 1088 4790 lluqor.
1114 4729 1186 4776 xi,
1213 4713 1296 4766 10.
1327 4714 1414 4790 -ζδ
1433 4713 1650 4790 Romﬂ,
1675 4714 1759 4790 _l_8.

1910 4715 2017 4790 hct.
2046 4718 2306 4790 “1.56.1
2341 4715 2388 4744 ⁷⁸
2408 4714 2683 4790 ἱῠὶᾳζΓΙ..Δ
2712 4719 2764 4790 [⁷
2795 4720 2920 4772 ibid.
2947 4723 3028 4775 l8.
3104 4725 3149 4754 ⁷⁸
3174 4723 3416 4790 Joan.xr,

241 4785 338 4838 50.
415 4785 464 4814 '9
492 4781 648 4834 Rom.
675 4781 848 4845 11,15.
921 4783 965 4813 ⁸⁰
989 4779 1151 4834 Marc.
1179 4797 1286 4845 vnt,
1326 4781 1414 4834 54.
1485 4781 1528 4812 ⁸¹
1572 4783 1764 4851 Philip.

1910 4787 1947 4848 i,
1977 4785 2029 4841 7.
2103 4787 2146 4817 δ’
2168 4779 2342 4842 Gala}.
2375 4797 2456 4844 tu,
2483 4784 2567 4837 15.
2639 4785 2686 4816 ⁸³
2706 4786 2869 4840 Exod.
2904 4805 3071 4854 xxxu,
3111 4792 3198 4854 51,
3229 4793 3316 4846 52.

321 4897 434 4961 (54)
495 4896 655 4956 Editi,
701 4908 796 4948 «et
853 4905 1244 4956 testamentum,
1296 4903 1344 4947 ct
1399 4895 1678 4964 legislatio,
1734 4910 1786 4950 et

239 4965 593 5030 obsequium,
619 4975 674 5015 et
696 4965 976 5030 promissa,
997 4979 1219 5028 quorum
1246 4973 1420 5032 patres
1440 4979 1502 5014 ex
1527 4965 1737 5032 quibus.
1765 4985 1782 5014 ι

241 5035 316 5084 Et
345 5041 468 5097 post
501 5050 520 5081 ε
545 5032 598 5083 in
634 5032 824 5085 saacula
849 5051 866 5080 ι
900 5033 1099 5083 addunt
1145 5050 1162 5080 ε
1184 5031 1517 5082 εάεουΙυτιιιη.
1546 5031 1732 5094 Arnen,
1761 5053 1779 5084 ι

240 5116 370 5169 qua).
415 5109 698 5169 postrema
737 5102 898 5152 verba
940 5101 1255 5169 omittuntur
1301 5099 1354 5149 in
1399 5114 1527 5150 mss.
1570 5102 1780 5155 nostris.

320 5168 432 5236 (55)
470 5167 568 5236 bis.
597 5182 755 5231 unus,
789 5185 808 5216 ι
838 5167 1122 5218 secundum
1149 5180 1356 5236 eaquae
1378 5180 1532 5236 supra
1557 5170 1780 5236 posuit.»

243 5232 452 5288 Deinde
497 5235 624 5287 editi
678 5249 993 5301 perperam,
1051 5251 1068 5282 ι
1125 5234 1267 5286 nulla
1307 5233 1356 5283 in
1385 5232 1782 5301 coaleslibus....

241 5304 665 5355 adversantibus
688 5300 812 5362 sibi,
829 5311 1072 5353 creatura
1096 5301 1350 5366 possit....
1370 5300 1658 5366 separari,»
1679 5313 1784 5357 etc.

317 5371 430 5438 (56)
464 5371 628 5433 Editi,
662 5386 688 5438 ξ
714 5381 767 5421 et
793 5368 1046 5438 mendacii
1077 5379 1276 5438 notant.
1297 5384 1331 5438 Δι

341 5432 432 5504 57)
465 5432 622 5490 Sunt.
658 5437 817 5489 Deest
844 5437 894 5487 in
925 5436 1080 5504 editis
1103 5447 1156 5504 et
1180 5435 1229 5485 itt
1251 5432 1527 5504 plerisque
1554 5450 1676 5490 mss.

343 5502 434 5572 58)
461 5504 626 5568 Editi,
658 5522 676 5553 ι
705 5511 818 5556 erat
856 5503 1142 5572 quoddixit
1171 5502 1418 5572 Caipltas.
1459 5520 1475 5550 ι

320 5567 434 5642 (59)
471 5573 562 5628 Sic
595 5567 696 5624 ins.
744 5585 904 5630 unus,
945 5569 1066 5619 cditi
1113 5577 1160 5619 ct
1210 5567 1473 5618 “altanus.
1508 5568 1622 5624 Mss.
1658 5590 1782 5626 rem

1893 4900 2128 4970 quidam,
2169 4920 2188 4951 ι
2227 4911 2331 4955 tota
2359 4917 2486 4970 gens
2511 4911 2709 4968 pereat.
2751 4922 2770 4954 ι

1961 4971 2071 5038 (40)
2098 4971 2254 5032 Editi,
2287 4987 2307 5019 ι
2337 4985 2433 5038 pro
2463 4971 2770 5038 quotimalis
2794 4972 3022 5026 actibus.
3050 4990 3070 5023 ι

1963 5037 2074 5104 (41)
2105 5040 2195 5090 Sic
2220 5053 2316 5089 tus.
2354 5053 2488 5089 unus
2515 5049 2566 5090 et
2599 5037 2867 5096 Rabanus.
2892 5041 3030 5092 Editi
3053 5055 3182 5093 vero
3202 5053 3256 5094 et
3284 5060 3415 5100 mss.

1889 5107 2124 5172 plerique
2155 5119 2427 5170 perperam
2462 5109 2679 5168 habent,
2713 5123 2730 5150 α
2764 5108 2911 5172 Quod
2954 5108 3162 5174 loquor,
3190 5112 3240 5162 in
3267 5112 3422 5166 Chri-

1888 5187 1971 5227 sto
1999 5174 2208 5238 loquor,
2244 5190 2264 5221 ι
2303 5181 2358 5224 et
2387 5182 2592 5239 postea,
2647 5191 2666 5222 ι
2706 5174 2758 5226 in
2787 5176 2990 5244 Spiritu
3022 5189 3211 5230 sancto
3250 5183 3422 5234 centi-

1886 5253 2060 5295 1361111³.
2098 5259 2115 5290 ι

1963 5310 2069 5383 (έῖ)
2102 5306 2262 5366 Editi,
2305 5323 2323 5354 ε
2345 5315 2397 5357 et
2431 5320 2524 5359 cur
2544 5307 2958 5383 salvabisaliss.
2992 5328 3012 5359 ι
3045 5309 3173 5366 Mss.
3203 5317 3418 5383 quidam

1893 5388 1946 5429 et
1973 5377 2244 5436 Rabauus,
2283 5391 2302 5422 ι
2331 5383 2384 5442 et
2417 5377 2554 5442 quod
2595 5376 2824 5428 salvabis
2849 5378 3000 5428 alios.
3037 5395 3056 5426 ι

1985 5443 2068 5508 45)
2102 5443 2260 5504 Editi,
2290 5464 2308 5490 ς
2342 5440 2583 5508 Nunquid
2613 5444 2683 5495 ita
2713 5445 2835 5496 est?
2867 5463 2885 5494 ι
2928 5445 3085 5496 tnale.

1985 5509 2069 5578 Η)
2105 5509 2262 5581 Editi,
2295 5527 2312 5557 ι
2339 5511 2423 5581 sit?
2443 5510 2656 5562 factum.
2693 5530 2708 5560 ι
2746 5512 2807 5563 Et
2834 5522 3044 5581 postea,
3105 5532 3123 5564 ι
3173 5513 3293 5574 Hinc
3327 5535 3428 5572 an.

1899 5577 1997 5632 tetu
2029 5577 2256 5632 arbitror
2288 5580 2447 5641 quod,
2495 5597 2510 5627 ι
2543 5591 2646 5630 etc.
