3894 6252
350 296 481 349 M59

356 516 496 559 rens,
538 496 758 548 salutem
808 486 1002 556 popqu
1052 483 1248 536 meruit
1289 483 1574 547 impetrare
1627 493 1642 531 :
1687 478 1896 532 Paulus.

355 603 479 643 vero
514 592 664 651 optat
705 579 939 646 quidem,
997 576 1088 627 sed
1134 587 1237 624 non
1271 581 1353 624 est
1391 571 1624 625 auditus.
1663 568 1798 633 Quid
1835 567 1879 618 si

356 673 628 728 ostendam
663 668 756 720 tibi
799 666 966 733 magis
998 661 1223 715 Paulum
1259 659 1494 712 amlitum
1533 673 1671 719 esse,
1723 669 1882 723 quam

358 760 615 831 Moysen?
647 759 840 811 Omnes
875 754 1012 808 enim
1039 753 1112 806 illi
1136 752 1227 820 qui
1260 765 1352 817 per
1394 749 1611 817 Moysen
1644 746 1884 800 exierant

359 858 422 904 de
466 848 694 919 IEgypto
747 844 878 913 (45),
926 843 1230 897 ceciderunt
1283 841 1335 893 in
1389 840 1620 892 deserto.
1682 834 1882 888 Posteri

360 956 483 994 vero
513 953 696 994 eorum
730 937 819 1005 qui
852 945 1050 988 tet-ram
1083 930 1514 1001 repromissionis
1541 934 1883 995 acceperunt,

359 1031 514 1082 etiam
555 1042 695 1080 nunc
723 1033 980 1095 vagantur
1012 1024 1120 1094 (46)
1156 1025 1222 1078 ab
1269 1037 1331 1075 ea
1364 1023 1576 1076 exsules
1614 1030 1667 1072 et
1709 1028 1890 1071 extor-

363 1135 464 1174 res.
497 1117 692 1170 Paulus
718 1129 844 1168 vero
872 1113 993 1166 audi
1018 1113 1142 1181 quid
1174 1114 1314 1166 dicat
1359 1112 1422 1164 de
1458 1109 1624 1163 Israel
1657 1125 1670 1161 :
1704 1128 1721 1156 ς
1755 1105 1886 1159 Nolo

363 1226 474 1272 vos,
509 1209 698 1276 inquit,
721 1206 992 1275 ignorare,
1019 1205 1233 1265 fratres,
1265 1201 1576 1269 mysterium
1609 1199 1731 1261 hoc,
1764 1197 1886 1263 quia

360 1301 573 1354 cmcitas
601 1314 666 1352 ex
695 1307 844 1364 parte
885 1295 1064 1348 lsraeli
1096 1293 1322 1362 contigit
1349 1290 1482 1358 (47),
1517 1289 1685 1341 donec
1725 1286 1891 1354 pleni-

364 1392 490 1443 tudo
520 1389 756 1457 gentium
785 1386 1133 1446 subintraret,
1181 1392 1232 1435 et
1278 1381 1355 1434 sic
1383 1378 1554 1432 omnis
1595 1376 1754 1429 Israel
1787 1374 1891 1426 sal—

363 1495 458 1532 vus
490 1480 640 1530 fieret
670 1477 737 1526 8“.
776 1495 794 1526 ι
843 1474 1000 1528 Vides
1026 1487 1152 1542 ergo
1180 1471 1306 1539 quia
1341 1471 1619 1524 exauditus
1649 1475 1730 1518 est
1759 1465 1892 1516 Pau-

363 1573 444 1622 lus
488 1583 542 1623 et
574 1569 695 1635 quia
742 1582 801 1620 se
847 1564 1038 1619 obtulit
1079 1564 1381 1623 anathema,
1435 1561 1658 1612 salutem
1703 1557 1895 1609 meruit

362 1660 634 1713 fratribus.
671 1657 733 1708 Et
760 1657 876 1708 ideo
925 1655 1051 1706 mihi
1102 1653 1318 1705 videtur
1347 1650 1434 1702 illa
1465 1653 1639 1702 omnia
1683 1647 1891 1714 praemi-

1733 265 2044 322 ORIGENIS

351 415 454 467 Sed
496 411 722 464 fortasse
764 402 906 456 dicat
955 397 1169 465 aliquis,
1224 394 1345 460 quia
1387 391 1591 460 Moyses
1622 391 1721 442 hoc
1757 388 1886 441 olle-
1916 394 1955 446 Α
1987 381 2306 451 prOpitiatus
2341 378 2483 431 Deus
2520 373 2578 434 (5

3575 223 3710 277 1140

2582 372 2641 439 5)
2706 357 3024 418 revocavit
3061 365 3216 412 eos,
3248 355 3318 402 et
3358 345 3425 398 in
3467 343 3706 396 haeredi-

1983 439 2140 525 iatcin
2193 485 2302 523 suae
2350 461 2740 535 possessionis
2799 449 3090 510 adduxit,
3141 439 3339 495 toties
3407 446 3710 502 reparasse

1982 572 2323 625 testamenta,
2378 569 2432 612 et
2468 557 2736 610 haut-edes
2793 562 2904 601 eos
2961 537 3326 607 scripsisse
3363 528 3714 625 ‘credendus

1981 663 2082 708 est.
2118 671 2134 702 ι
2166 653 2229 705 Ει
2257 618 2613 715 obsequium,
2642 651 2703 696 et
2739 632 3240 707 promissiones.
3282 643 3306 676 ι
3350 618 3717 686 Obsequium

1985 742 2336 798 sacerdotalia
2374 739 2513 792 dicit
2542 733 2734 788 cilicia
2783 747 2799 781 :
2861 723 3060 796 612
3111 737 3134 768 ι
3187 710 3714 784 Ρτοιιιίεεὶοηεδιο

1984 851 2120 904 quas,
2154 833 2399 902 patribus
2456 829 2622 880 factae
2672 833 2834 883 sunt,
2881 831 2944 870 et
2981 819 3352 882 sperantur
3395 805 3612 857 danda:
3639 803 3720 856 his

1986 896 2074 994 qui
2109 896 2210 993 per
2243 923 2407 976 ﬁdem
2442 919 2543 973 ﬁlii
2579 917 2870 971 dicuntur
2898 904 3194 962 Abrahae
3227 898 3313 952 ⁸³.
3352 896 3606 949 Certum
3640 903 3721 945 est

1990 1029 2166 1073 tamen
2202 1015 2344 1082 quod
2379 1013 2548 1065 etiam
2606 1003 2947 1062 secundum
2999 1009 3288 1052 carnem
3333 1005 3416 1044 ex
3463 990 3597 1056 ipso
3631 1003 3720 1055 ge-

1988 1122 2135 1170 nere,
2167 1107 2271 1159 hoc
2296 1114 2377 1157 est
2408 1118 2474 1155 ex
2513 1097 2860 1158 Israelitico,
2913 1088 3171 1143 fuerint
3212 1098 3345 1136 non
3382 1079 3579 1133 solum
3631 1093 3721 1144 p.1-

1991 1207 2119 1258 tres,
2151 1196 2243 1248 sed
2271 1203 2327 1246 et
2356 1191 2636 1252 Christus,
2685 1187 2847 1239 sicut
2900 1190 2966 1234 et
3038 1193 3163 1245 per
3217 1172 3593 1244 prophetam
3640 1171 3721 1221 di-

1990 1288 2068 1340 cit
2093 1284 2206 1354 (54)
2241 1302 2253 1336 ;
2292 1303 2310 1332 ι
2353 1280 2447 1335 ναξ
2475 1279 2609 1338 illis,
2634 1279 2768 1344 quia
2801 1286 2956 1326 caro
2990 1281 3146 1322 mea
3183 1281 3270 1318 ex
3313 1264 3473 1330 ipsis
3505 1259 3716 1312 est”.t

1996 1379 2107 1431 Cur
2140 1385 2320 1427 autem
2356 1389 2377 1422 ε
2418 1386 2498 1424 va:
2534 1367 2693 1420 illis?
2726 1385 2746 1417 ι
2791 1362 2958 1428 Quia
3006 1367 3219 1412 natus
3261 1365 3366 1407 est
3416 1350 3591 1404 Jesus
3623 1371 3642 1399 ι
3673 1351 3722 1402 in

1993 1467 2198 1519 ruinam
2254 1472 2310 1514 et
2367 1463 2419 1513 in
2486 1455 3001 1511 resurrectionem
3064 1456 3433 1501 multorum
3477 1443 3554 1505 ἰ,
3609 1459 3628 1492 ι
3675 1449 3727 1492 et

1993 1556 2115 1621 quia
2145 1553 2212 1605 ab
2248 1551 2357 1602 illis
2394 1563 2631 1615 quorum
2667 1559 2811 1599 caro
2851 1550 3031 1603 erat,
3077 1534 3473 1606 repudiatus
3521 1541 3633 1593 est,
3673 1540 3725 1585 e'.

1996 1662 2022 1694 a
2078 1643 2330 1712 gentibus
2363 1655 2392 1690 a
2429 1639 2637 1706 quibus
2695 1634 3153 1704 ignorabatur,
3228 1633 3568 1692 susceptus
3626 1632 3724 1685 est,

364 1751 516 1812 sisse,
544 1750 681 1816 quod
706 1748 846 1800 nulla
877 1748 922 1798 vi
950 1745 1158 1812 possita
1180 1743 1271 1796 Dei
1289 1742 1552 1796 charitate
1572 1738 1741 1792 divelli
1760 1737 1890 1804 (48),
1924 1723 1964 1774 Β
1993 1738 2134 1790 sicut
2159 1745 2208 1788 et
2247 1748 2342 1800 per
2370 1729 2540 1784 David
2576 1727 2716 1782 dicit
2740 1745 2757 1780 :
2807 1742 2828 1774 ‹
2864 1720 3202 1788 Populus,
3249 1730 3445 1785 quem
3486 1728 3599 1767 non
3628 1727 3719 1766 co-

365 1849 421 1891 nt
443 1854 562 1892 cum
596 1851 653 1890 se
680 1833 834 1890 oﬁ‘ert
866 1834 1154 1887 anathema
1184 1845 1280 1898 pro
1325 1829 1585 1882 fratribus
1613 1828 1751 1887 suis,
1786 1840 1890 1876 non

365 1927 568 1995 lapsum
598 1926 709 1992 eius
743 1910 1046 1994 possibilem
1091 1921 1298 1987 judices
1331 1933 1346 1971 :
1380 1919 1473 1972 sed
1507 1917 1645 1971 sicut
1689 1915 1774 1968 ille
1806 1912 1895 1980 qui

365 2016 735 2085 inseparabilis
765 2029 794 2067 a
833 2015 987 2067 Patre
1013 2021 1096 2064 est
1145 2026 1237 2080 per
1272 2022 1539 2070 naturam,
1581 2016 1634 2060 et
1674 2007 1894 2057 immor-

368 2108 488 2160 talis
519 2107 571 2159 in
609 2115 831 2157 mortem
860 2103 1027 2162 venit,
1061 2109 1114 2154 et
1146 2102 1197 2152 in
1229 2099 1436 2153 inferna
1466 2097 1768 2157 descendit;
1820 2094 1894 2145 ita

364 2205 419 2248 et
450 2195 548 2246 iste
574 2193 833 2244 imitando
863 2191 1202 2258 magistrum,
1233 2203 1352 2240 cum
1385 2185 1621 2253 separari
1650 2199 1678 2235 a
1702 2183 1898 2235 Christi

369 2286 633 2341 charitate
659 2297 765 2337 non
803 2281 993 2350 possit,
1029 2295 1057 2332 a
1090 2279 1306 2332 Christo
1354 2277 1634 2328 anathema
1675 2275 1768 2326 ﬁat
1804 2287 1899 2339 pro

369 2374 624 2428 fratribus
664 2373 794 2433 suis,
841 2371 1118 2424 devotione
1171 2368 1371 2434 utique,
1432 2380 1536 2418 non
1586 2364 1901 2431 praevarica-

373 2471 536 2520 tione.
564 2463 714 2530 Quod
743 2472 918 2515 autem
949 2479 966 2510 (
1005 2459 1216 2528 cognati
1246 2456 1540 2512 secundum
1569 2468 1785 2508 carnem
1803 2453 1847 2483 ⁸⁵
1878 2470 1895 2502 ι

371 2557 480 2609 sint
515 2554 678 2608 Paulo
708 2553 982 2612 Israelitar,
1004 2549 1329 2618 expositione
1362 2562 1461 2599 non
1489 2547 1704 2611 indiget.
1728 2563 1746 2594 ι
1771 2543 1907 2608 Quo-

373 2660 513 2704 rum,
553 2643 742 2710 inquit,
796 2640 1013 2707 adoptio
1062 2648 1143 2691 est
1197 2636 1311 2705 (49)
1354 2637 1581 2688 ﬁliorum
1608 2635 1673 2686 ⁸⁸.
1725 2653 1744 2684 ι
1791 2633 1904 2686 Ad-

371 2735 536 2802 optati
567 2734 761 2786 etenim
787 2741 910 2784 sunt
939 2729 1028 2782 ﬁlii
1055 2729 1215 2782 Israel
1243 2743 1272 2779 a
1301 2729 1404 2780 Deo
1434 2739 1557 2779 tunc
1580 2743 1598 2776 t
1628 2742 1747 2778 cum
1771 2727 1904 2779 divi-

376 2826 522 2875 deret
546 2821 800 2874 Excelsus
827 2829 1029 2888 gentes,
1085 2829 1140 2871 et
1198 2819 1528 2885 dispergeret
1567 2817 1702 2870 ﬁlios
1733 2817 1904 2869 Adam

378 2913 665 2967 secundum
713 2911 992 2963 numerum
1035 2909 1352 2977 angelorum
1383 2908 1477 2960 Dei
1527 2905 1664 2976 (50),
1690 2916 1738 2960 et
1767 2907 1906 2961 facta

377 3013 458 3054 est
486 3001 656 3069 portio
700 2999 908 3052 Domini
961 2997 1146 3060 Jacob,
1177 3009 1229 3050 et
1258 2995 1526 3049 funiculus
1579 2997 1908 3050 Itaareditatis

377 3091 492 3159 eius
524 3091 685 3145 Israel
718 3092 784 3144 ⁸⁷.
826 3109 843 3140 ι
877 3091 978 3142 Ista
1015 3101 1098 3142 est
1126 3103 1253 3156 ergo
1283 3088 1494 3156 adeptio
1525 3087 1774 3140 ﬁliorum.
1801 3105 1819 3136 ‹
1845 3088 1910 3141 Et

377 3181 566 3252 gloria,
597 3192 650 3234 et
679 3190 990 3234 testamenta
1014 3179 1220 3247 (51),et
1240 3177 1520 3244 legislatio.
1563 3195 1582 3228 ι
1640 3177 1712 3231 De
1744 3178 1909 3247 gloria

380 3273 498 3324 lata:
539 3271 668 3341 legis
697 3285 835 3339 saepe
857 3271 964 3336 jam
998 3270 1194 3322 dictum
1227 3279 1332 3330 est,
1362 3269 1498 3321 sicut
1525 3278 1578 3320 et
1611 3268 1724 3335 ipse
1765 3267 1912 3335 Apo-

381 3362 548 3413 stolus
578 3360 750 3413 dicit:
788 3376 809 3407 ς
845 3357 901 3410 Si
941 3358 1083 3410 enim
1119 3356 1259 3423 quod
1305 3365 1614 3418 evacuatur,
1662 3371 1761 3424 per
1801 3354 1914 3424 glo-

385 3454 518 3504 riam
549 3459 654 3514 est,
695 3469 713 3500 ι
752 3450 852 3502 hoc
884 3457 965 3501 est
993 3445 1157 3500 Vetus
1209 3446 1635 3511 Testamentum,
1685 3466 1702 3498 ι
1751 3449 1915 3502 multo

385 3541 555 3608 magis
582 3542 724 3607 quod
761 3547 958 3602 manet,
1012 3538 1063 3589 in
1126 3535 1293 3604 gloria
1335 3547 1417 3589 est
1462 3537 1527 3601 ⁸⁸,
1567 3556 1585 3588 ι
1643 3538 1914 3607 Evangelii

383 3629 586 3684 scilicet
608 3629 930 3696 praidicatio.
981 3627 1083 3680 Sed
1131 3627 1273 3694 quod
1330 3627 1476 3690 dicit,
1515 3646 1532 3677 ι
1571 3626 1914 3682 Testamenta

382 3731 438 3776 et
469 3720 750 3790 Iegislatio,
793 3739 810 3769 ι
847 3734 1010 3771 unum
1046 3716 1274 3770 fortasse
1301 3717 1480 3770 dicere
1514 3717 1780 3770 videatur.
1806 3719 1914 3770 Lex

383 3815 525 3867 enim
558 3827 674 3880 quae
706 3812 807 3863 lata
833 3821 933 3873 est,
967 3812 1081 3878 ipsa
1112 3809 1275 3862 etiam
1305 3807 1704 3862 Testamentum
1737 3810 1917 3878 appel-

387 3905 550 3957 latur.
583 3903 685 3956 Sed
723 3917 820 3968 ego
851 3902 992 3954 hanc
1019 3914 1135 3953 esse
1165 3898 1562 3951 distinctionem
1592 3910 1740 3966 puto,
1775 3901 1916 3966 quod

389 3994 650 4062 legislatio
688 3992 900 4059 quidem
928 3989 1088 4042 fuerit
1127 4004 1255 4052 una,
1307 3996 1360 4038 et
1395 3988 1561 4041 semel
1596 3988 1772 4042 habita
1822 4005 1919 4057 per

387 4085 640 4154 Moysen;
672 4090 988 4135 testamenta
1041 4095 1169 4132 vero
1205 4077 1314 4146 (52)
1364 4075 1673 4144 frequenter
1717 4088 1916 4130 statuta

387 4185 529 4229 sunt.
562 4173 783 4238 Quoties
819 4171 958 4224 enim
1006 4177 1382 4236 peccaverunt,
1431 4175 1484 4217 et
1528 4166 1718 4232 abiecti
1773 4178 1916 4234 sunt,

389 4266 546 4318 toties
567 4261 890 4315 exhzeredati
920 4258 1187 4310 videntur.
1226 4257 1288 4309 Et
1328 4269 1568 4316 rursum,
1596 4257 1804 4322 quoties
1833 4273 1920 4312 re.

488 4355 534 4388 ⁸⁸
558 4355 709 4407 Rom.
733 4369 808 4413 xl,
834 4352 922 4410 25,
955 4351 1042 4403 26.

389 4425 446 4482 7t
516 4424 561 4455 ’°
591 4423 728 4474 Ose.
761 4439 834 4480 ix,
860 4421 944 4472 42.
1020 4420 1062 4450 ⁹¹
1089 4419 1217 4471 Luc.
1264 4434 1320 4475 II,
1360 4418 1446 4469 54.

392 4493 444 4545 5.
517 4492 602 4543 ⁹⁶Ι
630 4491 753 4544 Cor.
775 4506 889 4552 vm,
913 4489 964 4542 6.
1039 4489 1081 4519 ⁸⁷
1109 4488 1246 4540 I’sal.
1272 4502 1415 4546 xctx,
1442 4487 1492 4538 5.

1119 4351 1163 4382 ⁸⁸
1182 4351 1331 4402 Rom.
1365 4365 1438 4408 Ix,
1461 4349 1513 4403 5.
1588 4349 1633 4379 ⁸⁸
1657 4350 1780 4405 ibid.
1829 4353 1885 4406 4.
1958 4352 2000 4388 ⁸⁷
2025 4350 2177 4406 Deut.
2204 4366 2379 4410 xxxn,
2406 4350 2459 4411 8,
2490 4351 2546 4403 9.

1559 4418 1603 4452 “
1625 4416 1767 4476 Psal.
1798 4437 1928 4486 xvii,
1959 4422 2050 4478 45.

1994 1827 2176 1896 gnovi,
2214 1819 2599 1876 servivitmihi
2626 1820 2697 1870 ".
2734 1836 2754 1868 ι
2797 1816 2884 1869 Ex
2924 1813 3096 1879 ipsis
3137 1825 3309 1877 ergo
3350 1817 3451 1860 est
3487 1817 3549 1859 et
3575 1805 3726 1860 Chri-

1995 1927 2108 1972 stus
2159 1913 2456 1967 secundum
2519 1922 2776 1961 carnem.
2833 1922 2855 1954 ‹
2899 1904 3030 1969 Qui
3111 1913 3223 1954 est
3294 1911 3492 1966 super
3547 1896 3722 1949 omnia

1999 2007 2135 2058 Deus
2169 2001 2493 2056 benedictus
2529 1999 2582 2050 in
2618 1993 2834 2049 saecula
2869 1993 2953 2044 ³³.
3000 2011 3025 2043 ι
3073 1990 3432 2044 Christum
3473 1985 3726 2038 alindse—

1997 2091 2227 2144 cuudtun
2265 2101 2486 2142 carnem
2523 2099 2671 2146 esse,
2717 2092 2779 2136 et
2805 2082 2986 2134 aliud
3029 2078 3414 2133 secundum
3441 2077 3721 2145 spiritum,

1993 2181 2104 2249 jam
2129 2189 2184 2232 et
2215 2178 2268 2232 in
2298 2175 2576 2244 prioribus
2632 2171 2811 2241 huius
2866 2167 3208 2238 Epistola:
3254 2168 3543 2236 partibus
3589 2165 3721 2216 desi-

1999 2275 2205 2344 gnavit,
2239 2269 2328 2324 ubi
2356 2268 2525 2322 dicit:
2563 2283 2583 2317 ι
2623 2265 2730 2330 Qui
2767 2263 2980 2317 factus
3014 2270 3128 2316 est
3168 2275 3254 2313 ex
3280 2260 3530 2314 semine
3571 2255 3723 2309 David

2001 2363 2293 2420 secundum
2345 2373 2592 2420 carnem,
2632 2355 2730 2424 qui
2795 2353 3186 2407 destinatus
3232 2361 3342 2405 est
3404 2351 3590 2403 Filius
3640 2346 3723 2399 Dei

2003 2455 2058 2506 in
2088 2452 2306 2512 virtute,
2338 2448 2647 2502 secundum
2689 2444 2983 2512 spiritum
3035 2441 3591 2497 sanctificationis
3620 2438 3681 2490 ⁵³³.
3702 2453 3721 2487 ι

2002 2544 2068 2596 Et
2110 2539 2380 2610 quomodo
2426 2536 2740 2591 secundum
2785 2533 3103 2602 spiritum
3167 2533 3384 2586 Filius
3419 2533 3526 2584 Dei
3559 2531 3652 2590 sit,
3680 2539 3729 2581 et

2004 2632 2294 2688 secundum
2330 2642 2552 2682 carnem
2589 2626 2741 2678 ﬁlius
2773 2623 3010 2688 David,
3057 2625 3150 2678 ibi
3179 2624 3327 2692 (55)
3368 2624 3602 2691 plenius
3638 2636 3726 2687 pro

2009 2724 2212 2776 viribus
2242 2718 2623 2785 exposuimus.
2664 2715 2852 2782 Quem
2893 2729 3066 2784 ergo
3105 2715 3200 2768 ibi
3241 2715 3582 2769 secundum
3627 2713 3727 2779 spi-

2007 2813 2168 2866 ritum
2213 2809 2410 2862 Filium
2444 2807 2542 2859 Dei
2586 2805 2752 2867 dixit,
2825 2804 2933 2858 hic
3002 2805 3428 2872 procedente
3473 2804 3726 2858 doctrina:

2008 2903 2219 2965 ordine,
2266 2899 2688 2969 prolicientibus
2752 2907 2976 2965 utpote
3050 2897 3504 2965 auditoribus,
3567 2898 3725 2950 Deum

2015 3013 2034 3044 ι
2068 2993 2273 3062 quiest
2306 3005 2470 3059 super
2499 2989 2692 3044 omnia
2745 2988 3142 3044 benedictus
3193 2992 3254 3022 ⁸⁵
3311 2990 3442 3060 (56)
3483 3009 3503 3040 ι
3565 2989 3729 3055 ipsum

2009 3100 2129 3140 esse
2158 3082 2501 3154 pronuntiat.
2539 3080 2609 3132 Et
2647 3079 2834 3133 miror
2865 3084 3218 3149 quomodo
3262 3083 3522 3152 quidam
3551 3083 3728 3147 legen-

2010 3184 2088 3227 tes
2125 3172 2264 3241 quud
2302 3170 2442 3222 idem
2495 3167 2808 3236 Apostolus
2868 3169 2932 3220 in
2989 3171 3152 3223 aliis
3225 3174 3391 3226 dicit
3447 3189 3464 3225 :
3530 3191 3550 3221 ι
3590 3169 3730 3223 Unus

2011 3262 2149 3315 Deus
2181 3261 2359 3322 Pater,
2384 3273 2452 3311 ex
2481 3271 2593 3325 quo
2627 3258 2827 3310 omnia
2863 3275 2879 3311 ε
2920 3267 2991 3312 et
3032 3275 3217 3315 unus
3249 3261 3556 3316 Dominus
3586 3259 3732 3313 Iesus

2013 3354 2284 3413 Christus,
2319 3365 2415 3417 per
2448 3364 2615 3417 quem
2649 3351 2852 3402 omnia
2880 3350 2969 3415 ",
3015 3369 3038 3400 ι
3102 3339 3362 3420 negent
3397 3354 3607 3406 Filium
3646 3349 3733 3402 Dei

2017 3443 2183 3494 Deum
2210 3440 2409 3492 debere
2439 3437 2720 3506 proﬁteri,
2749 3453 2826 3491 ne
2845 3441 3015 3494 duos
3048 3443 3217 3497 deos
3256 3445 3478 3498 dicere
3517 3443 3731 3496 videnti-

2018 3540 2122 3583 tur.
2161 3529 2228 3582 Et
2259 3528 2389 3596 quid
2441 3528 2508 3581 de
2551 3527 2661 3580 hoc
2711 3527 2849 3580 loco
2894 3530 3210 3599 Apostoli
3256 3533 3520 3594 facient,
3555 3534 3608 3585 iu
3638 3542 3735 3596 quo

2017 3632 2201 3688 aperte
2231 3618 2484 3673 Christus
2525 3637 2543 3666 ι
2579 3635 2750 3684 super
2786 3621 3013 3677 omnia
3047 3623 3233 3679 Deus
3279 3645 3305 3678 ι
3369 3641 3510 3680 esse
3564 3624 3737 3694 perhi-

2018 3715 2172 3766 betur
2201 3710 2338 3777 (57).
2392 3709 2503 3762 Sed
2556 3724 2666 3762 non
2711 3711 3060 3766 advertunt
3123 3719 3242 3782 qui
3306 3719 3447 3770 haec
3489 3719 3568 3769 ita
3622 3731 3738 3767 sen-

2022 3803 2181 3865 tiunt,
2209 3800 2355 3868 quod
2398 3799 2544 3852 sicut
2594 3800 2909 3853 Dominum
2960 3801 3205 3858 Jesum
3275 3807 3594 3861 Christum
3642 3819 3738 3858 non

2020 3892 2093 3944 ita
2119 3905 2285 3942 unum
2317 3903 2442 3942 esse
2467 3888 2772 3941 Dominum
2808 3892 2998 3957 dixit,
3036 3904 3117 3948 ut
3151 3911 3243 3950 ex
3291 3898 3416 3951 hoc
3473 3899 3620 3951 Deus
3650 3895 3740 3947 Pa-

2023 3990 2103 4034 ter
2133 3980 2392 4034 Dominus
2425 3994 2534 4032 non
2564 3978 2794 4032 dicatur
2822 3997 2839 4033 :
2875 3982 2969 4037 ita
3006 3995 3078 4037 et
3109 3987 3322 4041 Deum
3371 3988 3610 4044 Patrem
3644 3999 3743 4042 non

2021 4073 2095 4126 ita
2126 4072 2261 4124 dixit
2289 4085 2411 4123 esse
2440 4085 2612 4123 unum
2653 4069 2865 4134 Deum,
2905 4084 2976 4127 ut
3018 4074 3203 4132 Dens
3249 4079 3457 4134 Filius
3497 4097 3609 4135 non
3636 4093 3746 4133 cre-

2023 4165 2198 4216 datur.
2235 4161 2371 4214 Vera
2394 4174 2480 4214 est
2509 4162 2661 4214 enim
2687 4160 3014 4229 Scriptura
3048 4186 3209 4236 qua:
3231 4174 3394 4226 dicit
3426 4193 3442 4228 :
3485 4192 3507 4225 ι
3545 4173 3746 4228 Scitote

2022 4256 2275 4321 quoniam
2318 4253 2584 4307 Dominus
2617 4256 2743 4323 ipse
2779 4269 2878 4311 est
2913 4260 3092 4314 Deus
3143 4264 3232 4317 ³⁷.
3282 4284 3306 4316 ι
3357 4266 3536 4320 Unus
3569 4273 3744 4317 autem

2649 4351 2696 4382 ⁸⁸
2731 4351 2776 4403 lI
2808 4354 2952 4407 Cor.
2990 4373 3093 4417 tu,
3128 4360 3157 4412 1
3181 4361 3244 4413 I.
3340 4363 3394 4393 ⁸⁸
3443 4360 3637 4415 Galat.
3671 4374 3747 4420 tn,

2160 4420 2204 4452 ⁸³
2229 4420 2384 4473 Ilotn.
2413 4435 2491 4482 tx,
2519 4420 2577 4473 5.
2673 4423 2723 4452 ⁸⁸
2747 4422 2922 4478 Rom.
2966 4443 3013 4488 ι,
3065 4431 3137 4494 3,
3174 4435 3244 4486 4.
3379 4434 3434 4464 ⁸⁵
3480 4433 3651 4487 Rom.
3681 4446 3748 4491 ix,

463 4582 572 4650 (45)
603 4581 678 4636 De
695 4581 941 4649 Λῖςῃριο.
976 4578 1097 4638 [haec
1122 4578 1283 4630 verba
1308 4580 1496 4650 dcs_uu_t
1519 4578 1570 4630 in
1601 4574 1758 4628 editis
1782 4581 1834 4650 et
1869 4573 1905 4624 it

2131 4583 2297 4650 Petita
2330 4591 2347 4622 ι
2379 4588 2501 4650 cum
2541 4589 2805 4650 Ins._uno
2837 4577 3056 4648 Regio.

395 4644 659 4720 plerisque
687 4644 844 4714 mssI,
878 4658 1166 4720 necnonbet
1200 4648 1334 4720 apud
1383 4645 1684 4720 Rahanum,
1715 4644 1808 4698 sed
1845 4657 1925 4700 r6-

393 4711 690 4782 stituuntur
715 4735 778 4771 ex
815 4711 916 4769 uno
945 4732 1042 4769 ms.
1086 4711 1250 4784 Regio
1294 4730 1440 4768 num.
1474 4711 1629 4765 I659.

464 4787 572 4859 (46)
604 4789 761 4859 Editi,
795 4800 1096 4858 perperam,
1125 4785 1508 4859 (-jitqallllil'.)

464 4848 572 4929 (47)
603 4848 928 4929 Μξηῐὶέεὶιιὲ
959 4870 1106 4907 num.
1141 4852 1275 4906 1659
1301 4862 1349 4904 et
1385 4851 1652 4919 Rabanus,
1700 4871 1719 4903 ι
1761 4852 1814 4905 in
1850 4848 1927 4902 ls-

397 4926 504 4982 rael
532 4926 774 4994 contigit,
809 4946 826 4975 ι
859 4935 964 4978 etc.

466 4995 577 5065 (48)
632 4987 721 5065 Si'c
757 5009 884 5065 mss.
916 5003 972 5045 et
1005 4990 1277 5065 Rabanus.
1305 4991 1661 5065 _Editi_vero_.
1725 5006 1757 5065 ςΔ
1785 4987 1929 5056 quod

400 5057 569 5119 nulla'
595 5064 675 5116 vis
729 5064 897 5129 possit
944 5076 1127 5129 euma
1169 5061 1430 5112 charitate
1476 5061 1564 5111 Dei
1602 5057 1876 5111 divellere.
1907 5074 1924 5106 ι

403 5133 600 5184 Deinde
641 5125 825 5184 attines
875 5145 1025 5193 tuss.,
1074 5127 1348 5194 Rabanus,
1373 5138 1426 5181 et
1454 5131 1602 5190 editi,
1657 5144 1674 5174 ‹
1711 5125 1934 5191 passibi-

403 5203 502 5317 :ttlll
552 5217 565 5262 ;
612 5218 630 5249 ι
670 5202 763 5252 sed
815 5211 988 5254 tamen
1045 5197 1321 5266 legendum
1379 5199 1587 5251 videtur
1641 5213 1658 5245 t
1706 5195 1935 5261 possibi-

423 5284 570 5317 em.»

423 5284 526 5318 CIII.
553 5286 570 5316 Ι

472 5335 581 5401 (49)
618 5334 733 5386 Est.
767 5335 922 5391 Deest
955 5335 1005 5386 in
1037 5344 1191 5387 antea
1220 5335 1397 5386 editis.

637 5402 748 5454 Dei.
791 5404 1064 5454 Omittitur
1123 5405 1172 5454 in
1227 5405 1382 5454 editis
1435 5413 1488 5455 et
1544 5405 1593 5454 in
1667 5399 1932 5468 plerisque

408 5472 680 5538 niss.,_sgd
711 5473 1008 5523 restituitur
1038 5486 1100 5522 ex
1138 5487 1240 5522 uno
1265 5486 1362 5522 ms.
1397 5471 1582 5538 Regio.

360 5539 368 5546 ’
476 5534 584 5600 (51)
606 5536 773 5612 _Editi,
806 5557 823 5588 ς
858 5539 922 5590 Et
940 5539 1121 5605 gloria:
1144 5533 1538 5612 testatnentmii.
1573 5557 1590 5589 ι
1621 5537 1742 5612 Mss.
1776 5533 1933 5600 pleri-

411 5617 512 5674 que
547 5607 707 5654 etiam
762 5622 781 5656 ι
828 5615 1198 5662 testamentum
1242 5625 1255 5672 ;
1290 5626 1308 5658 ι
1360 5611 1448 5662 sed
1484 5607 1758 5674 legendum
1803 5621 1820 5652 ι
1857 5615 1934 5657 tc-

2103 4641 2214 4732 ςὲἓὶ
2257 4639 2411 4732 ,ἵξξξξο
2454 4642 2929 4732 {’E‘f’§‘_f{',_".‘,“.“5
3196 4659 3526 4732 plerisque

2255 4709 2421 4802 rid-ili,
2459 4716 2928 4802 ¢_repropitia_tus
2955 4732 3057 4773 est

2033 4788 2168 4858 stea,
2199 4771 2226 4830 ⁷(
2265 4771 2425 4858 toties
2479 4771 2782 4847 reparasse
2831 4771 3358 4853 testanie'n‘tu-iti.’
3379 4771 3758 4858 amissi-‘01;-

2036 4821 2168 4842 ..-νη
2210 4821 2226 4830 -
2265 4821 2424 4857 -ν-τνν
2480 4821 2782 4847 mra-aut.
2831 4821 3326 4853 mauu-cntutu.
3379 4821 3402 4853 υ
3459 4821 3603 4858 MSS.
3643 4821 3676 4872 q

2033 4851 2428 4927 datm-\tntottes
2461 4863 2767 4927 reparasse
2804 4863 3220 4921 testamento.
3257 4888 3281 4919 ι

2035 4916 2705 5041 ams?$12.33.":
2731 4939 2901 5041 ζξξξξίί
2933 4945 2993 5041 .3.
3020 4946 3373 5041 3:211:33
3392 4945 3757 5041 riemes:

2109 4996 2253 5066 Ξηιέτ·
2293 5003 2312 5035 ¹
2350 4996 2652 5066 ξεειρειιιυξς.
2684 5010 2705 5044 ι
2745 4996 2901 5066 sicut
2933 5007 2993 5052 et
3020 4996 3351 5066 propheta
3391 4996 3758 5066 dicati—{inn

2042 5009 2253 5066 ιιιιξιιιιΐ.
2293 5009 2640 5074 rmapullus,
2684 5010 2705 5044 ι
2743 5009 2901 5075 βιςυι
2933 5009 2993 5052 ει
3020 5009 3351 5071 propheta
3613 5034 3634 5065 ’
3670 5015 3759 5080 qui

2042 5057 2235 5138 deinge
2263 5064 2497 5138 oml'fm'
2555 5076 2575 5109 ⁸
2609 5059 2711 5115 v‘n
2742 5065 2888 5133 “1'5:
2923 5074 3061 5138 «ιυίει
3112 5089 3282 5132 caro
3331 5098 3472 5135 mea
3510 5057 3586 5137 εὶ
3629 5085 3759 5138 ipsis

2551 5101 2575 5180 ;
2627 5101 2711 5115 ’ω
3510 5101 3586 5137 ex

2045 5193 2718 5332 Ep(|:$:)lq1“l:t;.n(‘)ltltitlitti5t..ttr
2751 5207 2814 5262 in
2843 5211 3046 5268 editis.
3105 5213 3272 5273 Vide
3308 5219 3421 5275 lib.
3453 5237 3472 5276 ι
3511 5225 3572 5278 in
3616 5223 3755 5275 hanc

2116 5330 2343 5430 (519)
2366 5339 2542 5430 (ἔρῳ.
2564 5340 2704 5430 Mss.
2738 5364 2884 5406 vero
2914 5355 3052 5425 duo,
3095 5378 3115 5409 ‹
3148 5359 3352 5414 Deum
3388 5365 3495 5430 qui
3533 5374 3628 5417 est
3657 5378 3752 5415 su-

2039 5406 2346 5489 peIriomn‘ia
2375 5421 2747 5480 regnantem,
2800 5441 2821 5473 ι
2877 5406 3750 5489 είξξλίιξιξῖιςξξῦἱηῖὖῖξξι

2045 5489 2064 5522 ι
2099 5471 2426 5560 benedictus
2461 5499 2479 5530 ι
2513 5489 2571 5534 et
2603 5502 2621 5533 ι
2646 5471 3017 5560 Γεέηέὶηιῖέῐῖί.
3044 5471 3064 5553 i

2115 5541 2227 5612 (:37)
2263 5546 2440 5610 Alias,
2482 5568 2501 5599 ι
2558 5541 3032 5622 petat-crimini?-
