3894 6226
339 274 486 326 1141

1251 266 1594 323 COMMENT.
1635 263 1698 317 IN
1739 259 1944 315 EPIST.
1986 258 2074 310 AD
2111 256 2274 311 ROM.
2310 254 2435 306 LIB.
2473 249 2582 304 VII.

3372 238 3503 292 Ili?

343 401 586 458 uterque
612 399 690 444 est
729 392 885 455 Deus,
922 391 1042 457 quia
1077 402 1179 441 non
1212 397 1293 440 est
1315 387 1453 438 aliud
1481 386 1610 438 Filio
1639 384 1885 435 divinita—
1915 384 1957 438 Α
1987 379 2038 431 in
2067 376 2182 430 solo
2209 373 2354 428 Isaac
2382 371 2468 439 qui
2495 375 2609 422 erat
2637 360 3064 432 repromissionis
3089 357 3247 418 ﬁlius,
3281 357 3500 408 seminis

343 481 420 529 tis
467 481 678 532 initium
713 496 871 547 quam
914 479 1111 540 Pater;
1158 477 1249 529 sed
1282 477 1447 543 ipsius
1480 475 1634 525 unius
1671 473 1883 525 Paterui

346 569 549 631 fontis,
585 570 723 622 sicut
754 570 1008 635 sapientia
1034 568 1180 629 dicit,
1213 585 1229 616 1
1261 566 1540 630 purissima
1570 583 1586 612 1
1613 573 1694 614 est
1726 581 1745 612 1
1779 577 1888 612 ma-

346 662 509 712 natio
540 658 589 692 ⁹⁸
623 679 642 711 1
682 660 864 714 Filius.
919 661 1010 712 Est
1057 673 1184 722 ergo
1215 656 1456 709 Christus
1489 671 1506 702 1
1550 652 1686 703 Deus
1732 664 1889 715 super

340 751 562 804 omnia.
601 767 620 800 1
654 749 780 814 Quae
825 769 841 798 1
888 749 1110 801 omnia?
1150 768 1165 796 1
1211 746 1300 798 Illa
1351 746 1464 796 sine
1503 743 1659 794 dubio
1691 756 1808 807 qum
1837 748 1889 791 et

343 840 523 906 paulo
555 850 679 892 ante
701 841 950 901 diximus,
1010 858 1028 888 1
1075 852 1232 904 super
1282 836 1630 903 principatus,
1660 844 1713 883 et
1739 840 1886 897 pote-

339 938 550 991 states,
579 938 632 981 et
667 929 910 988 virtutes,
942 936 993 979 et
1022 938 1180 978 omne
1204 938 1390 976 nomen
1423 922 1560 990 quod
1589 920 1889 972 nominatur

341 1035 463 1071 nou
494 1019 666 1072 solum
700 1019 752 1070 in
782 1019 880 1070 hoc
910 1019 1123 1076 saeculo,
1153 1015 1246 1067 sed
1279 1014 1437 1066 etiam
1480 1012 1533 1064 in
1566 1009 1746 1062 futuro
1773 1009 1836 1059 ”.
1866 1027 1882 1057 1

340 1109 457 1171 Qui
495 1120 676 1160 autem
718 1122 873 1174 super
894 1106 1067 1158 omnia
1096 1111 1196 1166 est,
1229 1117 1389 1170 super
1425 1116 1483 1154 se
1513 1099 1775 1152 neminem
1798 1098 1889 1150 ha-

339 1195 467 1246 bet.
519 1194 634 1245 Non
683 1195 824 1247 enim
868 1199 985 1260 post
1031 1191 1240 1243 Patrem
1277 1199 1356 1242 est
1397 1189 1506 1256 (58)
1547 1191 1676 1257 ipse,
1705 1189 1794 1242 sed
1824 1187 1887 1238 de

338 1279 546 1334 Patre.
588 1280 699 1334 Hoc
747 1282 885 1334 idem
923 1288 1097 1332 autem
1149 1278 1418 1347 Sapientia
1476 1279 1566 1331 Dei
1621 1279 1780 1330 etiam
1825 1277 1888 1328 de

339 1369 567 1438 Spiritu
607 1383 794 1423 sancto
833 1371 1049 1437 intelligi
1083 1369 1246 1429 dedit,
1278 1369 1363 1422 ubi
1397 1369 1561 1422 dicit:
1603 1389 1619 1417 1
1660 1367 1888 1434 Spiritus

343 1461 578 1513 Domini
614 1459 833 1526 replevit
861 1461 1046 1512 orbem
1082 1469 1341 1512 terrarum
1385 1477 1398 1511 :
1445 1468 1496 1509 et
1529 1459 1620 1525 qui
1656 1458 1890 1510 continet

335 1549 567 1611 omnia,
620 1548 897 1598 scientiam
947 1547 1104 1601 habet
1139 1547 1282 1599 vocis
1321 1546 1358 1597 ¹.
1393 1564 1411 1594 1
1475 1545 1530 1598 Si
1563 1558 1687 1612 ergo
1724 1543 1888 1596 Filius

339 1655 363 1686 1
416 1637 568 1689 Deus
597 1652 756 1704 super
781 1637 958 1688 omnia
995 1656 1012 1686 1
1047 1636 1260 1697 dicitur,
1297 1643 1350 1687 et
1393 1632 1618 1700 Spiritus
1676 1641 1887 1684 sanctus

1987 467 2066 520 sui
2101 463 2384 534 posteritas
2414 465 2717 528 poneretur.
2755 453 2819 505 Et
2850 465 2990 504 nunc
3028 462 3152 515 ergo
3192 446 3278 512 qui
3309 461 3504 499 secun-

1987 558 2107 610 dum
2135 554 2282 607 Isaac
2307 550 2398 602 ﬁlii
2427 543 2847 614 repromissionis
2873 549 3015 603 sunt,
3041 539 3089 592 id
3119 548 3198 591 est
3230 537 3346 589 ﬁdei
3371 535 3505 586 illius

1986 661 2079 715 per
2102 656 2270 710 nquam
2311 637 2720 710 promissionem
2775 631 3042 684 Abraham
3085 624 3278 678 meruit
3320 623 3507 675 futura:

1988 712 2306 787 haereditatis
2363 726 2635 792 accipere,
2689 722 2784 789 ipsi
2825 727 3027 773 tantum
3088 715 3403 782 deputantur
3456 712 3506 762 iu

1988 837 2202 877 semen:
2233 822 2282 870 111
2315 818 2442 884 ipsis
2479 816 2617 868 enim
2658 809 2981 865 hzereditatis
3033 804 3298 860 successio
3338 799 3510 854 decla-

1989 927 2134 967 ratur
2169 913 2299 980 (65).

2055 1003 2138 1056 15.
2210 1020 2227 1052 1
2288 993 2661 1051 Promissionis
2715 990 2856 1044 enim
2918 987 3140 1039 verbum
3203 984 3302 1036 hoc
3361 989 3440 1034 est
3491 995 3506 1032 :

1987 1096 2062 1148 Ad
2123 1094 2225 1145 hoc
2280 1100 2484 1155 tempus
2537 1082 2746 1136 veniam
2781 1119 2795 1142 ,
2857 1087 2909 1132 et
2961 1079 3063 1130 erit
3127 1075 3273 1128 Sarae
3346 1071 3505 1127 ﬁlius.

1985 1183 2141 1252 613
2185 1180 2297 1233 Non
2329 1177 2499 1230 solum
2542 1183 2748 1234 autem,
2779 1169 2868 1222 sed
2909 1175 2964 1220 et
2999 1165 3240 1218 Rebecca
3297 1176 3360 1214 ex
3406 1175 3509 1211 uno

1986 1249 2273 1328 concubitu
2319 1266 2543 1327 habens,
2588 1261 2732 1314 Isaac
2780 1257 2947 1325 patris
2995 1253 3163 1307 nostri
3201 1251 3330 1321 (64).
3379 1249 3506 1302 Nam

1987 1377 2107 1415 cum
2135 1359 2362 1412 nondum
2388 1353 2494 1407 nati
2527 1350 2766 1412 fuissent,
2801 1357 2892 1398 aut
2915 1344 3109 1411 aliquid
3139 1338 3509 1409 egisseutboni

1987 1453 2067 1507 vel
2100 1450 2245 1510 mali,
2286 1457 2344 1499 ut
2396 1445 2682 1500 secundum
2712 1437 3022 1493 electionem
3061 1434 3381 1500 prepositqu
3417 1428 3511 1481 Dei

1990 1549 2216 1602 maneat,
2250 1552 2352 1590 non
2373 1551 2436 1588 ex
2463 1534 2728 1600 operibus,
2755 1529 2846 1583 sed
2875 1542 2938 1578 ex
2967 1533 3187 1575 vocante
3213 1522 3406 1573 dictum
3430 1527 3513 1570 est

1987 1633 2054 1693 ei,
2079 1630 2200 1698 quia
2233 1625 2401 1694 major
2441 1623 2635 1677 serviet
2671 1618 2882 1678 minori,
2920 1615 3058 1669 sicut
3106 1610 3360 1678 scriptum
3387 1619 3465 1661 est
3496 1626 3510 1660 :

245 5001 252 5007 -
333 4971 459 5014 CIC.

337 1727 644 1778 continere
678 1728 856 1779 omnia
911 1735 1250 1788 memoratur,
1307 1723 1447 1776 Deus
1502 1733 1677 1775 autem
1731 1721 1887 1773 Pater
1920 1691 1957 1741 Β
1985 1723 2144 1777 Iacob
2173 1721 2359 1781 dilexi,
2393 1718 2527 1770 Esau
2562 1725 2738 1766 autem
2765 1711 2887 1764 odio
2933 1707 3093 1761 habui
3121 1706 3159 1755 ⁸.
3187 1723 3205 1755 1
3239 1700 3515 1768 Proposuit

332 1825 435 1868 est
475 1833 494 1865 1
517 1831 583 1867 ex
613 1831 718 1882 quo
740 1816 940 1876 omnia,
974 1834 989 1864 1
1028 1814 1300 1866 evidenter
1325 1811 1618 1864 ostenditur
1648 1822 1884 1862 naturam
1985 1810 2264 1878 Apostolus
2293 1803 2557 1874 persequi,
2593 1799 2730 1868 quod
2757 1798 2880 1850 licet
2916 1794 3217 1861 repudiatus
3243 1792 3310 1844 sit
3347 1803 3512 1855 popu-

335 1905 643 1957 Trinitatis
675 1913 728 1959 et
789 1904 1137 1957 substantiam
1167 1917 1321 1954 unam
1351 1915 1491 1963 esse,
1538 1915 1654 1968 quae
1689 1911 1769 1953 est
1802 1916 1887 1952 su-
1988 1903 2068 1954 lus
2094 1898 2252 1953 Israel
2287 1911 2381 1964 per
2411 1891 2796 1953 inﬁdelitatem,
2828 1902 2930 1940 non
2971 1895 3144 1937 tamen
3170 1897 3246 1936 ea:
3288 1881 3514 1948 promis-

337 2009 456 2060 per
492 1994 694 2048 omnia.
1987 1993 2163 2046 siones
2186 1988 2276 2042 Dei
2300 2000 2416 2054 qua:
2460 1998 2582 2050 erga
2624 1996 2717 2034 eos
2747 1979 2936 2031 habin
2968 1974 3198 2036 fuerant,
3225 1969 3516 2024 deciderint

421 2082 521 2134 14.
569 2100 588 2132 1
617 2080 728 2133 Non
759 2090 933 2134 autem
965 2081 1160 2136 excidit
1187 2082 1403 2134 verbum
1449 2080 1556 2148 (59)
1610 2081 1718 2133 Dei.
1775 2079 1886 2133 Non
1987 2086 2040 2128 et
2085 2076 2350 2127 frustratze
2397 2071 2502 2124 sint
2535 2068 2642 2139 (65)
2680 2067 2980 2131 :docetque
3026 2061 3163 2128 quod
3213 2073 3332 2111 cum
3365 2055 3515 2108 multi

329 2172 504 2224 etiim
532 2185 722 2224 oumes
756 2172 845 2238 qui
884 2180 1011 2223 sunt
1045 2186 1107 2223 ex
1141 2170 1320 2232 Israel,
1355 2169 1404 2222 hi
1437 2180 1560 2223 sunt
1587 2169 1839 2222 Israelita:
1873 2190 1884 2222 :
1991 2166 2077 2218 lilii
2103 2164 2294 2216 fuerint
2326 2158 2637 2221 Abrahaz,iu
2666 2156 2776 2209 solo
2805 2154 2946 2207 Isaac
2973 2151 3193 2204 sitfacta
3219 2144 3513 2214 promissio.

331 2276 458 2316 nec
490 2261 582 2329 qui
615 2271 741 2315 sunt
771 2277 950 2315 semen
977 2262 1264 2325 Abraham,
1311 2276 1494 2314 onnies
1542 2261 1629 2313 ﬁlii
1657 2279 1669 2313 :
1710 2261 1800 2313 sed
1837 2262 1886 2312 in
1993 2277 2009 2307 1
2037 2255 2146 2308 Non
2170 2273 2185 2304 1
2219 2254 2380 2313 enim,
2406 2251 2592 2317 inquit,
2621 2266 2640 2298 1
2672 2245 2759 2314 qui
2799 2244 2888 2297 ﬁlii
2917 2243 3094 2296 carnis
3129 2247 3282 2298 sunt,
3310 2236 3359 2287 hi
3394 2243 3517 2286 sunt

333 2352 512 2405 Isaac
570 2352 849 2404 vocabitur
881 2351 973 2404 tibi
1008 2365 1186 2404 semen
1219 2369 1232 2402 :
1267 2352 1316 2402 id
1361 2360 1458 2411 est,
1512 2365 1614 2401 non
1659 2351 1748 2418 qui
1797 2350 1888 2402 lilii
1990 2347 2079 2397 ﬁlii
2112 2344 2220 2396 Dei.
2263 2359 2281 2392 1
2313 2340 2375 2393 Et
2421 2337 2690 2392 contendit
2735 2334 3031 2392 ostendere,
3072 2326 3337 2396 quomodo
3371 2321 3518 2376 Isaac

334 2441 568 2504 carnis,
599 2442 651 2493 111
684 2441 774 2494 ﬁlii
801 2451 924 2494 sunt
969 2441 1058 2494 Dei
1095 2458 1109 2492 :
1158 2443 1248 2493 sed
1279 2442 1364 2508 qui
1400 2443 1490 2496 lilii
1525 2443 1890 2510 promissionis
1989 2450 2090 2487 non
2119 2433 2187 2486 sit
2216 2431 2354 2484 ﬁlius
2373 2427 2568 2490 carnis,
2594 2426 2682 2479 sed
2711 2425 2775 2476 sit
2801 2422 2938 2474 ﬁlius
2965 2422 3084 2482 Dei;
3117 2427 3169 2469 ct
3200 2415 3336 2468 redit
3361 2413 3426 2465 ad
3454 2427 3517 2464 ea

333 2541 507 2594 sunt,
540 2531 865 2596 deputantur
893 2529 944 2581 iu
975 2543 1156 2583 semen
1198 2530 1240 2582 ³.
1283 2547 1301 2579 1
1334 2530 1587 2594 Quoniam
1621 2546 1776 2598 supra
1810 2532 1892 2582 di-
1990 2538 2104 2590 quze
2126 2521 2189 2574 de
2210 2519 2325 2586 ipso
2349 2518 2400 2569 in
2427 2515 2615 2570 Genesi
2647 2513 2838 2578 scripta
2874 2518 3016 2564 sunt.
3038 2525 3055 2557 1
3087 2503 3512 2563 Promissionis,»

334 2631 512 2675 xerat
547 2620 570 2653 ³
595 2622 744 2691 quod
782 2635 877 2689 pro
908 2619 1164 2674 fratribus
1188 2622 1320 2682 suis,
1355 2639 1372 2670 1
1404 2622 1490 2687 qui
1528 2631 1651 2674 sunt
1679 2595 1887 2686 cognati
1991 2613 2179 2680 inquit,
2233 2628 2250 2659 1
2287 2611 2502 2660 verbum
2537 2605 2636 2657 hoc
2675 2611 2755 2655 est
2785 2617 2797 2652 :
2827 2600 2902 2652 Ad
2926 2600 3026 2653 hoc
3056 2607 3262 2662 tempus
3284 2595 3516 2653 veniam,

332 2710 660 2765 secundum
715 2725 951 2773 carnem,
1004 2711 1094 2778 qui
1143 2720 1265 2764 sunt
1311 2685 1581 2774 Israelitze,
1618 2729 1635 2762 1
1683 2685 1892 2778 optaret
1989 2714 2042 2756 et
2067 2702 2169 2755 erit
2209 2701 2355 2754 Sarte
2395 2694 2594 2749 ﬁlius".
2633 2712 2650 2743 1
2692 2692 2801 2744 Νοη
2835 2703 2981 2757 ergo,
3013 2686 3204 2754 inquit,
3239 2699 3332 2752 per
3375 2685 3519 2736 ordi-

336 2803 525 2857 etiam
573 2801 856 2854 anathema
907 2801 1046 2865 ﬁeri,
1095 2815 1158 2853 eo
1203 2803 1343 2870 quod
1397 2803 1628 2869 ipsorum
1671 2775 1812 2856 esset
1840 2813 1893 2855 et
1992 2807 2110 2845 Item
2143 2788 2434 2842 naliVilﬂliS
2463 2783 2692 2838 carnalis
2713 2781 2860 2834 15830
2889 2775 3371 2842 ιιεεεῑιυτςίιυίρρθ
3397 2789 3515 2826 cum

335 2889 584 2955 adoptio
636 2888 865 2940 ﬁliorum
914 2888 1045 2957 (60),
1073 2898 1126 2940 et
1173 2865 1454 2958 le—gislatio,
1501 2901 1552 2942 et
1583 2891 1891 2958 promissio-
1992 2891 2045 2936 et
2075 2879 2339 2934 Abraham
2387 2873 2612 2928 emortui
2663 2873 2772 2939 jam
2825 2867 3064 2934 corporis
3119 2865 3436 2923 haberetur,
3467 2871 3520 2914 et

336 2995 452 3032 nes
476 2995 493 3043 ;
530 2979 598 3032 de
637 2977 720 3030 his
748 2991 888 3029 nunc
911 2978 1041 3029 dicit
1069 2977 1189 3043 quia
1253 2978 1472 3030 verbum
1501 2977 1591 3030 Dei
1619 2995 1721 3032 non
1746 2980 1890 3030 exci-
1919 3005 1959 3058 0
1995 2972 2143 3023 vulva
2172 2969 2318 3022 Sara:
2356 2974 2496 3018 esset
2518 2963 2625 3029 jam
2653 2967 2890 3015 emortua
2912 2959 2956 3016 ⁸.
2982 2957 3120 3009 sicut
3143 2968 3296 3021 supra
3319 2952 3518 3005 dictum

337 3068 460 3129 dit,
499 3067 603 3118 hoc
632 3076 733 3126 est,
767 3066 1047 3132 promissio
1080 3080 1197 3132 qua:
1225 3066 1301 3118 eis
1329 3066 1438 3134 (6|)
1471 3067 1606 3119 facta
1654 3077 1755 3130 est,
1788 3082 1888 3118 non
1921 3042 1959 3058 υ
1997 3072 2075 3115 est
2104 3079 2118 3126 ;
2143 3059 2232 3113 sed
2269 3071 2362 3124 per
2388 3056 2634 3108 virtutem
2661 3053 2774 3119 ejus
2797 3049 2881 3115 qui
2913 3046 3065 3106 dixit,
3101 3063 3119 3093 1
3157 3043 3234 3095 Ad
3267 3042 3366 3093 hoc
3395 3049 3520 3093 lem-

336 3157 610 3212 evanuit.
650 3154 748 3219 Qui
779 3155 919 3208 enim
948 3169 1104 3208 verus
1134 3155 1292 3207 fuerit
1327 3156 1512 3220 Israel,
1547 3171 1646 3209 non
1676 3172 1740 3209 ex
1776 3171 1893 3209 car-
1995 3166 2093 3219 pus
2115 3149 2340 3209 veniam,
2364 3154 2417 3198 et
2445 3145 2544 3198 erit
2570 3142 2713 3196 Sara:
2745 3140 2878 3192 ﬁlius
2901 3139 2942 3189 ’.
2982 3155 2999 3186 1
3031 3133 3216 3188 Merito
3240 3131 3397 3199 igitur
3414 3146 3519 3183 non

337 3250 467 3302 nali
527 3261 726 3314 genere
785 3256 985 3298 tantum
1044 3247 1106 3298 de
1154 3246 1421 3298 Abraham
1473 3262 1639 3316 genus
1693 3247 1892 3301 ducens
1996 3241 2190 3302 carnis,
2221 3237 2311 3290 sed
2337 3235 2426 3287 Dei
2461 3233 2600 3286 lilius
2625 3230 2841 3290 dicitur,
2866 3225 2955 3295 qui
2985 3241 3048 3280 ex
3078 3227 3300 3278 adventu
3328 3230 3380 3274 et
3407 3236 3522 3274 ser-

339 3343 393 3407 (1
447 3337 566 3391 Non
601 3337 742 3390 enim
793 3337 882 3402 qui
935 3335 1024 3387 ﬁlii
1078 3337 1253 3388 carnis
1298 3355 1317 3387 1
1369 3314 1509 3400 sunt,
1557 3354 1575 3386 1
1609 3338 1659 3390 111
1709 3347 1762 3390 et
1802 3337 1892 3389 ﬁlii
1997 3344 2148 3382 mone
2181 3325 2412 3379 nascitur
2446 3322 2558 3376 Dei.
2596 3320 2713 3373 Ilaac
2742 3317 3104 3386 ergo,inquit,
3131 3314 3267 3368 ratio
3295 3328 3398 3366 non
3434 3325 3520 3363 so-

339 3429 452 3483 Dei
493 3443 516 3478 D
572 3426 728 3493 sunt)
755 3465 768 3487 ,
799 3426 889 3479 sed
945 3426 1032 3492 Qui
1088 3426 1374 3479 secundum
1428 3427 1893 3493 repromissionem
1998 3423 2100 3472 lum
2136 3419 2200 3471 de
2231 3417 2400 3477 Isaac,
2435 3413 2525 3466 sed
2563 3421 2615 3464 et
2643 3412 2704 3465 de
2725 3409 2889 3464 Jacob
2925 3407 3220 3475 recipienda
3251 3415 3350 3458 est.
3388 3402 3518 3455 Nam

339 3519 488 3573 fidei
523 3517 591 3569 de
628 3517 897 3568 Abraham
929 3516 1218 3579 descendit,
1272 3517 1384 3584 ipse
1427 3517 1586 3570 etiam
1629 3519 1723 3570 Dei
1771 3531 1898 3586 pro-
1994 3519 2048 3563 et
2066 3509 2324 3570 Rebecca,
2356 3503 2544 3572 inquit,
2570 3516 2673 3554 non
2706 3499 2992 3554 secundum
3030 3496 3258 3549 carnalis
3288 3493 3394 3565 (66)
3428 3509 3521 3544 ua-

337 3609 530 3661 missa
582 3606 947 3672 consequitur.
991 3605 1121 3657 Nam
1182 3606 1246 3658 de
1286 3621 1478 3674 genere
1524 3606 1684 3660 Israel
1743 3608 1893 3660 mum
1999 3596 2214 3650 tivitatis
2235 3593 2470 3647 ordinem
2504 3589 2722 3658 protulit
2755 3596 2981 3655 partum.
3013 3585 3141 3638 Cum
3165 3585 3302 3638 enim
3327 3598 3392 3636 ex
3417 3599 3520 3633 111111

334 3705 508 3755 sunt,
574 3694 666 3746 sed
724 3709 826 3746 non
874 3708 1056 3745 omnes
1117 3694 1274 3747 Israel
1333 3697 1682 3764 appellamur,
1734 3696 1894 3751 [SI-ae)
1997 3682 2278 3737 concubitu
2301 3680 2446 3732 Isaac
2471 3678 2707 3746 geminos
2728 3675 3076 3740 concepisset,
3099 3674 3328 3724 nondum
3366 3679 3518 3737 partu

339 3799 603 3850 namque
632 3783 792 3835 Deum
823 3784 1049 3836 videndo
1081 3763 1382 3838 nominatus
1406 3763 1514 3839 est.
1553 3787 1641 3840 Sic
1672 3788 1810 3839 enim
1843 3799 1887 3841 el

2002 3775 2162 3837 edito,
2197 3786 2367 3838 neque
2416 3769 2534 3821 ullis
2563 3767 2766 3819 actibus
2800 3779 3079 3833 puerormu
3109 3763 3260 3816 bouis
3303 3763 3522 3814 malisve

336 3879 476 3944 ipse
505 3871 676 3927 Iacob
708 3873 836 3926 dicit
865 3889 878 3925 :
915 3891 932 3922 1
966 3871 1076 3925 Vidi
1111 3874 1385 3928 Dominum
1418 3875 1551 3929 facie
1581 3879 1645 3930 ad
1681 3878 1893 3942 facie"...
1997 3869 2133 3918 inter
2160 3863 2396 3916 homines
2425 3859 2616 3912 habitis
2649 3855 2782 3926 (67),
2813 3869 2936 3923 erga
2966 3853 3126 3906 Jacob
3155 3853 3330 3905 divina
3363 3851 3521 3904 habe-

337 3976 406 4018 et
440 3963 596 4016 salva
626 3963 764 4016 facta
814 3973 896 4015 est
942 3965 1115 4016 anima
1151 3979 1262 4016 mea
1294 3964 1335 4015 ⁸.
1364 3984 1382 4015 1
1425 3965 1563 4034 Ergo
1607 3968 1730 4033 quia
1766 3968 1887 4020 vidit

2002 3967 2082 4007 tur
2109 3953 2298 4006 electio
2328 3949 2457 4020 (68),
2479 3957 2530 4001 et
2553 3947 2764 4007 dicitur,
2793 3963 2811 3996 1
2850 3945 2974 4012 quia
3008 3943 3175 4010 major
3196 3942 3390 3995 serviet
3421 3945 3522 3992 1111-

337 4055 560 4113 Deum,
612 4053 773 4106 Israel
816 4052 1106 4121 appellatus
1151 4063 1250 4106 est.
1287 4054 1385 4118 Qui
1431 4032 1554 4108 vero
1600 4032 1702 4108 non
1757 4057 1898 4110 videt
1996 4045 2131 4106 nori,
2166 4063 2183 4094 1
2215 4051 2289 4103 et,
2324 4057 2342 4090 1
2378 4037 2540 4092 Jacob
2569 4035 2750 4097 dilexi,
2783 4033 2914 4086 Esau
2940 4043 3112 4085 autem
3141 4033 3261 4086 odio
3293 4032 3473 4084 habui.
3500 4051 3519 4079 1

338 4158 484 4196 cum
516 4142 610 4208 qui
645 4142 798 4205 dixit,
835 4160 850 4190 1
885 4142 983 4206 Qui
1013 4157 1094 4194 me
1125 4144 1286 4204 videt,
1323 4143 1461 4195 videt
1490 4153 1544 4196 et
1568 4142 1843 4208 Patrem",
1871 4162 1890 4194 1
1994 4136 2099 4190 Cur
2127 4144 2302 4186 autem
2336 4132 2445 4184 haec
2492 4129 2564 4180 ita
2597 4127 2734 4179 dicta
2757 4125 2886 4186 sint,
2928 4125 3081 4178 docet
3105 4122 3212 4192 (69)
3247 4139 3259 4173 :
3295 4141 3313 4172 1
3357 4123 3423 4175 Ut
3447 4136 3524 4173 Sc-

336 4230 529 4284 lsrael
567 4244 672 4282 non
702 4238 873 4296 potest
899 4231 1022 4283 dici.
1056 4248 1074 4280 1
1107 4230 1213 4284 Nec
1233 4235 1354 4298 quia
1379 4247 1556 4286 semen
1579 4237 1892 4288 suntAbra-
1994 4225 2221 4279 cundum
2257 4222 2589 4284 electionem,
2611 4220 2801 4286 inquit,
2822 4217 3147 4284 propositum
3174 4214 3260 4266 Dei
3290 4222 3520 4269 maneat,

335 4325 508 4381 ham,
545 4333 734 4372 omnes
777 4320 934 4372 etiam
995 4320 1083 4372 lilii
1113 4339 1131 4372 1
1168 4331 1306 4374 sunt.
1364 4308 1470 4376 line
1502 4324 1741 4378 videlicet
1786 4325 1894 4393 jam
1927 4315 1968 4365 D
1995 4333 2094 4368 non
2121 4329 2184 4367 ex
2210 4313 2476 4379 operibus,
2512 4310 2601 4362 sed
2631 4324 2697 4362 ex
2728 4319 2950 4360 vocante
2993 4308 3184 4360 dictqu
3219 4315 3330 4363 est;
3373 4323 3390 4352 1
3424 4305 3526 4356 hoc

338 4422 487 4465 tunc
530 4408 644 4476 (6:2)
673 4409 1048 4478 desigualiatur
1075 4412 1125 4463 in
1155 4413 1444 4472 Abraham.
1475 4428 1590 4465 cum
1617 4415 1662 4466 ei
1699 4414 1894 4468 multos
1990 4415 2088 4465 est.
2119 4410 2174 4453 ιιι
2204 4417 2303 4452 ηοιι
2339 4399 2427 4466 τιυὶ
2454 4397 2544 4450 ﬁlii
2571 4397 2766 4460 Carnis.
2786 4397 2876 4449 sed
2907 4396 2994 4462 qui
3028 4394 3118 4446 ﬁlii
3147 4393 3234 4446 Dei
3262 4403 3401 4453 sum.
3427 4393 3520 4458 ipSi

338 4502 500 4555 filios
532 4499 772 4563 habenti,
813 4515 944 4566 quOs
971 4501 1250 4567 Apostolus
1278 4501 1410 4554 ﬁlios
1435 4505 1610 4555 carnis
1639 4503 1890 4570 appellat,
1990 4498 2308 4565 deputentur
2341 4490 2392 4540 in
2430 4503 2630 4541 semen.
2662 4487 2811 4540 Sicut
2839 4487 2976 4538 enim
3013 4487 3080 4538 ibi
3115 4501 3177 4537 ex
3207 4485 3382 4537 multis
3409 4485 3527 4534 ﬁliis

421 4636 477 4669 ³⁸
503 4635 632 4697 Sap.
658 4647 752 4693 vn,
775 4631 862 4687 25.
936 4633 979 4662 ⁰⁹
1008 4629 1198 4697 Ephes.
1225 4645 1263 4693 1,
1285 4631 1371 4698 21.
1450 4632 1463 4660 ⁸
1493 4632 1616 4698 Sap.
1645 4648 1682 4692 1,
1703 4631 1752 4682 7.
1825 4630 1885 4682 ’1

2006 4669 2017 4680 .
2053 4645 2125 4688 Ix,
2147 4627 2263 4698 6-8ἶ
2333 4627 2514 4698 “ibid.
2541 4626 2594 4687 ’5,
2621 4627 2673 4676 4.
2734 4625 2769 4698 ,δ
2792 4621 2922 4678 Gen.
2947 4640 3112 4684 xxxii,
3139 4623 3224 4674 50.

336 4722 471 4768 xiv,
509 4693 592 4756 9(
644 4701 664 4730 ⁸
692 4702 842 4754 Itoni.
874 4715 948 4762 ix,
989 4699 1021 4750 9
1053 4693 1167 4766 seq.
1265 4700 1283 4728 ⁷
1307 4697 1496 4754 Genes.
1545 4693 1694 4763 xvm,
1726 4697 1810 4752 10.
1876 4699 1898 4728 ⁸
1926 4699 2074 4750 Itoni.
2101 4711 2175 4758 IV,
2209 4696 2292 4748 l9.
2362 4697 2382 4726 ⁹
2414 4694 2566 4747 1111111.
2609 4709 2683 4758 ix,
2729 4693 2777 4744 9.

3332 4623 3350 4651 ⁵
3372 4619 3521 4672 Joau.

423 4818 551 4889 (58)
609 4816 884 4889 Qmittitur
934 4823 1075 4889 (“est
1119 4835 1136 4865 1
1183 4816 1234 4866 111
1259 4816 1465 4889 editis:
1498 4816 1692 4889 Deinde
1739 4818 1893 4868 iidem

427 4818 551 4902 (5.8)
609 4816 884 4902 Qmittitur
934 4823 1075 4902 (“est
1119 4835 1136 4865 1
1183 4816 1692 4902 11111111118.“Ι)ςὶη118
1739 4818 1887 4868 iidem

2006 4901 2023 4902 Π
2067 4814 2184 4902 (65)
2213 4814 2376 4902 Edilti,
2408 4831 2425 4863 1
2455 4822 2508 4865 et
2545 4813 2670 4878 ipsis
2708 4811 3027 4902 halareditatis
3055 4805 3320 4902 SIICCCSSlt)
3354 4804 3531 4902 d|ecla«

333 4883 571 4952 editi,'t
606 4887 717 4939 IIoc
750 4896 926 4938 autem
954 4883 1026 4953 (id
1048 4894 1129 4938 est
1159 4886 1418 4952 sapientia
1444 4885 1552 4952 Dei)
1584 4889 1738 4946 etiam
1770 4889 1887 4946 de,»

2004 4872 2179 4936 ratur:
2215 4903 2233 4934 1
2272 4872 2373 4936 Ms.
2419 4872 2575 4945 unus,
2617 4899 2632 4927 1
2674 4880 2965 4932 collocatur
3009 4895 3026 4925 1
3075 4890 3169 4943 pro
3221 4892 3239 4923 1
3286 4872 3524 4925 declara-

1999 4965 2098 5003 lUI‘.
2136 4971 2152 5001 ι

2065 5021 2174 5089 (64)
2216 5020 2321 5089 Ms.
2350 5016 2545 5089 Regius
2577 5029 2720 5089 num.
2749 5013 2906 5072 1659,
2934 5031 2953 5061 1
2977 5014 3074 5089 sed
3101 5021 3152 5063 et
3177 5008 3429 5061 Rebecca:
3459 5022 3522 5060 cx

1994 5080 2097 5139 uno
2140 5080 2655 5139 concubitu'babens
2681 5081 2826 5131 Isaac
2856 5080 2988 5146 patri
3015 5090 3213 5130 nostro.
3252 5096 3270 5126 1

2061 5157 2169 5223 (65)
2209 5155 2366 5223 Ε11111,
2407 5170 2425 5202 1
2483 5150 2792 5223 deciderunt
2825 5143 2876 5223 ei.
2923 5148 3189 5198 frustrata:
3234 5153 3373 5195 sunt.
3413 5161 3432 5193 1
3464 5143 3525 5194 Et

1987 5217 2187 5290 postea,
2228 5240 2245 5271 1
2283 5221 2416 5272 facta
2447 5228 2528 5270 est
2554 5217 2906 5290 repromissio.
2947 5233 2966 5290 1

2061 5278 2186 5360 (66)
2210 5290 2366 5360 Editi,
2402 5305 2418 5336 1
2450 5299 2550 5337 non
2580 5278 2746 5360 solum
2771 5278 3341 5360 secundumIcarualiis,
3379 5298 3395 5328 1
3423 5288 3528 5332 etc.

2064 5347 2172 5427 (67)
2216 5347 2371 5427 Editi,
2395 5372 2411 5402 1
2437 5362 2593 5427 partu
2618 5349 2768 5427 editi,
2815 5363 2982 5427 neque
3006 5347 3131 5427 ullis
3156 5349 3364 5423 actibus
3396 5361 3530 5415 pue-

1999 5414 2172 5480 ruruui
2203 5424 2324 5476 boni
2349 5414 2536 5473 malive
2563 5423 2697 5470 inter
2737 5414 2980 5468 homines
3006 5414 3191 5466 habiti.
3229 5431 3247 5463 1

2071 5492 2178 5561 (68)
2219 5491 2379 5561 Etlili,
2420 5507 2441 5539 1
2469 5487 2710 5561 dilectio.
2752 5503 2776 5532 1

2074 5551 2181 5631 ((59)
2223 5559 2425 5626 Etlili,_t
2461 5557 2567 5611 Cur
2589 5561 2764 5606 autem
2793 5553 2861 5604 ita
2895 5553 3016 5613 sint,
3052 5551 3224 5602 docet.
3259 5568 3274 5597 1

427 5026 550 5096 (59)
581 5020 744 5096 Editi,
786 5039 805 5070 1
835 5021 1112 5096 evidenter
1146 5019 1442 5096 ostenditur
1483 5031 1680 5096 natura
1714 5019 1889 5096 Trini-

340 5088 607 5155 tat'is,'et
641 5089 936 5141 substantia
965 5104 1090 5149 una,
1123 5104 1239 5152 qum
1262 5094 1341 5138 est
1373 5102 1528 5154 super
1543 5088 1738 5140 omnia.
1773 5088 1886 5140 Non

335 5176 541 5219 autem
582 5158 721 5222 quod
757 5156 1011 5208 exeiderit
1046 5157 1282 5216 verbum,
1319 5172 1336 5202 1
1370 5164 1476 5206 etc.

431 5230 552 5299 (60)
584 5221 757 5299 Editi,
777 5242 793 5272 1
819 5225 908 5299 sed
935 5225 1021 5289 qui
1052 5224 1140 5273 lilii
1172 5221 1530 5299 promissionis
1545 5223 1884 5299 “aestimantur

337 5307 409 5360 iu
438 5289 689 5351 ‘set'niue.
722 5292 979 5354 Quoniam
1005 5305 1160 5356 supra
1184 5291 1387 5360 dixerat
1421 5305 1513 5355 pro
1543 5289 1879 5342 fratribus...,

334 5357 452 5440 ξιιιί
503 5362 1017 5440 18111611119η1111111111
1071 5373 1129 5408 se
1175 5358 1452 5409 anathema
1496 5357 1632 5420 ﬁeri,
1665 5373 1886 5426 quorum

332 5425 513 5495 c'sset
549 5427 766 5494 adoptio
797 5425 1040 5485 ﬁliorum,
1072 5443 1103 5495 1
1121 5436 1224 5476 etc.

444 5501 562 5571 l6!)
584 5493 750 5571 aditi.
784 5511 801 5540 ι
831 5508 946 5571 11η
970 5507 1033 5571 εξ
1061 5493 1158 5544 είε-
1187 5509 1210 5568 ρ

444 5559 559 5638 (6‘2)
590 5561 756 5624 Editi,
795 5577 812 5609 1
842 5559 959 5613 Ilazc
988 5560 1232 5611 discretio
1255 5561 1360 5627 jam
1396 5570 1538 5622 tunc,
1581 5579 1596 5609 1
1633 5569 1733 5614 etc.
