3894 6262
335 250 471 302 H45

333 451 422 502 Dei
458 449 588 518 (70),
619 448 688 497 ila
718 454 769 496 et
800 444 883 495 hic
906 458 966 493 ex
993 441 1193 494 duobus
1222 441 1394 494 minor
1427 440 1637 508 eligi-:ur
1665 440 1845 503 Jacoh,

332 538 421 604 qui
461 538 735 600 adoptatur
762 532 813 582 in
845 530 1002 581 ﬁlium
1045 529 1137 582 Dei
1170 545 1184 593 ;
1217 539 1269 582 et
1302 529 1381 582 sic
1407 544 1586 582 verum
1627 529 1682 582 ﬁt
1711 529 1848 596 quod

332 625 710 689 promissiones
734 621 822 673 Dei
846 636 946 672 non
977 619 1026 670 in
1052 620 1171 673 liliis
1197 621 1396 683 carnis,
1421 621 1510 673 sed
1539 623 1587 674 in
1609 620 1696 674 Dei
1731 622 1850 674 ﬁliis

333 722 590 766 constent.
619 712 721 764 Sed
750 712 858 763 hrec
888 700 1062 762 omnia
1091 724 1153 762 eo
1181 719 1442 776 spectant,
1472 720 1527 762 ut
1567 711 1690 762 illud
1729 727 1851 778 pro-

329 803 421 855 bet
449 802 748 869 Apostolus,
776 802 912 867 quod
955 801 997 851 si
1045 800 1122 854 vel
1153 799 1296 853 Isaac
1325 800 1406 853 vel
1446 797 1609 853 Jacob
1645 815 1739 866 pro
1768 801 1850 852 his

332 891 535 944 meritis
576 891 728 943 electi
780 890 1004 942 fuissent
1032 905 1060 941 a
1116 891 1220 942 Deo
1265 904 1381 956 quae
1411 891 1460 942 in
1505 905 1665 943 carne
1696 890 1849 958 positi

331 981 688 1049 acquisierant
713 981 845 1050 (71).
865 991 915 1034 et
943 996 1035 1047 per
1056 995 1220 1048 opera
1246 980 1419 1033 carnis
1436 980 1714 1046 justiﬁcari
1739 995 1851 1032 me-

329 1069 580 1134 ruissent,
612 1079 787 1137 posset
816 1069 995 1134 utique
1036 1069 1208 1122 meriti
1248 1083 1428 1122 eorum
1457 1069 1624 1138 gratia
1663 1069 1726 1120 ad
1759 1081 1853 1137 po-

332 1159 624 1211 steritatem
667 1159 842 1210 carnis
898 1172 1110 1225 quoque
1153 1165 1203 1209 et
1250 1158 1520 1223 sanguinis
1567 1157 1852 1225 pertinere.

330 1245 478 1299 Nunc
509 1262 634 1299 vero
667 1262 784 1298 cum
822 1247 1008 1300 elecﬁo
1047 1261 1230 1298 eorum
1265 1261 1365 1298 non
1395 1260 1459 1298 ex
1498 1248 1745 1311 operibus
1775 1247 1854 1299 fa-

331 1345 414 1388 cta
447 1338 533 1398 sit,
562 1338 652 1389 sed
674 1353 737 1390 ex
763 1341 1028 1404 proposito
1046 1337 1159 1400 Dei,
1184 1346 1236 1390 et
1255 1351 1317 1390 ex
1347 1339 1588 1390 vocantis
1613 1337 1849 1401 arbitrio,

329 1424 739 1491 promissionum
781 1426 947 1488 gratia
1001 1441 1100 1476 non
1136 1426 1186 1476 in
1231 1425 1351 1478 ﬁliis
1383 1424 1559 1478 carnis
1588 1425 1852 1492 impletur,

331 1513 423 1564 sed
446 1513 496 1564 in
519 1513 637 1565 ﬁliis
656 1513 767 1576 Dei,
790 1513 890 1566 hoc
922 1523 1021 1577 est,
1045 1515 1129 1580 qui
1157 1515 1396 1567 similiter
1426 1525 1481 1566 ut
1521 1514 1618 1582 ipsi
1650 1530 1711 1568 ex
1747 1531 1857 1582 pro-

330 1601 501 1669 posito
525 1602 611 1653 Dei
638 1603 916 1670 eliguntur,
945 1613 998 1656 et
1019 1604 1330 1671 adoptantur
1357 1604 1408 1656 in
1441 1604 1594 1658 ﬁlios.
1621 1605 1859 1672 Comple-

1727 241 2038 296 ORIGENIS

331 362 508 415 carnis
546 359 690 413 Isaac
720 357 929 420 eligitur
954 369 981 406 a
1013 353 1116 406 Deo
1151 350 1240 419 qui
1271 353 1548 420 adoptatur
1579 352 1630 404 in
1681 353 1842 404 ﬁlium
1876 362 1918 415 Α
1949 362 2002 404 et
2047 349 2150 402 erit
2191 347 2335 403 Sara:
2380 347 2554 409 ﬁlius;
2609 363 2628 396 ι
2678 340 2776 395 vel
2813 340 2891 393 de
2958 339 3087 390 hoc
3155 348 3173 384 ε

3513 223 3652 276 ΠΗ

3246 347 3269 382 1
3330 328 3519 384 Iacob
3569 336 3650 383 tli-

1948 440 2071 504 lexi,
2098 437 2235 491 Esau
2261 445 2436 490 autem
2465 435 2590 488 odio
2625 430 2810 486 habui
2841 425 3011 490 “-”,
3054 442 3077 476 ι
3113 436 3262 476 cum
3297 420 3358 474 in
3392 424 3650 489 praesenti

1947 525 2176 594 capitulo
2203 524 2588 577 introduxisset
2625 519 2892 586 aliquam
2927 526 3291 583 personam
3324 509 3492 564 velut
3520 526 3652 562 cou-

1948 616 2294 669 tradicentem
2333 613 2435 666 sibi
2474 621 2530 666 et
2559 611 2950 680 quaestionem
2992 610 3396 664 moventem,
3426 608 3486 654 et
3510 599 3654 653 dice-

1948 717 2029 760 ret
2060 722 2116 756 ε(
2147 704 2390 772 Nunquid
2453 703 2720 769 iniquitas
2785 709 2881 753 est
2907 695 3085 766 apud
3117 694 3320 746 Deum
3343 689 3400 742 ἲ»
3431 703 3656 754 respon-

1947 796 2235 861 dissetque,
2272 791 2626 861 «Absit(77),
2675 809 2695 841 ι
2743 789 2852 843 sed
2896 805 2918 838 ί
2967 799 3102 838 non
3161 778 3656 849 volentis,neque

1947 879 2108 952 614
2129 881 2424 945 currentis,
2453 880 2549 932 sed
2583 874 2926 930 miserentis
2972 868 3118 942 (78)
3153 867 3270 922 Dei
3292 872 3399 936 est
3426 885 3442 920 :
3480 884 3502 918 ι
3530 867 3655 921 etsi

1949 970 2279 1022 Pharaonem
2307 977 2590 1036 propterea
2615 965 2978 1035 elegit,utin
3010 963 3158 1030 ipso
3184 957 3523 1028 potentiam
3547 972 3657 1013 suae

1951 1060 2165 1113 virtutis
2192 1059 2504 1117 ostenderet
2533 1074 2546 1108 :
2581 1066 2639 1109 et
2681 1056 2726 1110 si
2761 1056 2894 1124 ipse
2925 1053 3031 1108 cui
3065 1051 3210 1105 vult
3239 1049 3587 1112 miseretur,
3604 1057 3658 1102 et

1952 1160 2107 1216 quem
2136 1145 2250 1198 vult
2294 1146 2513 1198 indurat
2544 1162 2558 1199 :
2591 1151 2654 1196 ut
2691 1145 2837 1212 quid
2872 1143 2950 1195 de
2995 1137 3407 1198 hominibus,
3455 1136 3656 1204 inquit,

1951 1237 2189 1304 queritur
2212 1235 2323 1304 (79)
2342 1236 2365 1287 ?
2382 1245 2435 1289 et
2453 1251 2548 1288 cur
2566 1235 2660 1302 qui
2686 1243 2893 1302 peccat
2912 1231 3248 1300 culpatur,
3279 1243 3421 1281 cum
3445 1228 3569 1280 talis
3592 1229 3657 1280 de

1953 1341 2270 1394 unoquoque
2294 1327 2460 1393 ipsius
2477 1325 2735 1378 voluntas
2765 1324 3087 1376 habeatur
3113 1319 3306 1373 .7Haec
3323 1333 3470 1388 ergo
3496 1325 3550 1371 et
3573 1315 3656 1371 his

1954 1417 2145 1470 similia
2176 1416 2562 1477 commoventi,
2593 1424 2770 1482 atque
2815 1415 2876 1466 in
2911 1412 3116 1481 hujus
3154 1424 3226 1464 se
3261 1410 3532 1480 mysterii
3558 1424 3654 1462 cu-

1956 1505 2186 1559 biculum
2229 1505 2539 1574 protervius
2565 1515 2624 1558 et
2665 1503 3104 1572 importunius
3169 1499 3505 1569 ingerenti,
3534 1514 3654 1551 cum

1957 1594 2324 1661 increpatione
2365 1593 2708 1662 dignissimae
2745 1591 3253 1646 exclamationis
3285 1591 3571 1652 occurrit,
3604 1601 3656 1644 et

332 1667 419 1744 tur
445 1706 668 1759 namque
695 1667 852 1744 etiam
883 1693 930 1743 in
953 1693 1035 1745 bis
1064 1667 1184 1745 illud
1213 1694 1350 1760 quod
1369 1693 1476 1762 jam
1509 1709 1664 1760 supra
1705 1667 1862 1762 eaipo-
1890 1667 1928 1720 Β
1956 1686 2086 1742 dicit
2126 1705 2139 1740 :
2177 1706 2195 1738 ι
2229 1689 2272 1742 0
2302 1689 2465 1742 homo
2493 1689 2506 1741 ἶ
2546 1699 2601 1741 ιιι
2628 1689 2761 1756 quis
2785 1703 2851 1740 es
2897 1686 3010 1753 qui
3046 1695 3284 1738 ϐοιιιΐθ
3317 1685 3656 1752 respondeas

330 1779 532 1833 animus
571 1780 690 1848 quia
724 1796 882 1848 «quos
903 1782 1186 1855 pi’mscivit,
1207 1782 1322 1835 illos
1346 1794 1398 1836 et
1422 1785 1808 1851 praedestinavit
1840 1801 1854 1836 :

332 1879 384 1920 et
405 1882 535 1935 quos
580 1871 1115 1935 praadestinavitdllos
1142 1883 1194 1925 et
1214 1874 1522 1926 vocavitzet
1545 1889 1676 1940 quos
1707 1888 1860 1927 voca-

332 1957 426 2018 vit,
447 1957 560 2009 illos
587 1967 639 2010 et
664 1958 968 2022 justiﬁcavit
1003 1979 1015 2012 :
1044 1973 1098 2014 et
1130 1977 1260 2030 quos
1295 1962 1624 2028 justiﬁcavit,
1651 1965 1765 2016 illos
1808 1975 1859 2018 et

334 2045 646 2112 gloriﬁcavit
667 2047 757 2099 ίθ.)
784 2049 1115 2118 Quaecnnque
1143 2064 1316 2105 autem
1346 2054 1408 2105 de
1427 2053 1507 2106 his
1531 2055 1859 2110 sermonibus

333 2147 488 2199 supra
523 2138 894 2202 exposuimus,
922 2141 1104 2192 eadem
1145 2142 1301 2194 etiam
1340 2142 1402 2193 ad
1442 2143 1712 2209 praesentis
1758 2143 1857 2198 loci

333 2225 748 2294 eXplanationem
782 2232 910 2282 satis
960 2232 1270 2299 abundeque
1320 2232 1613 2296 sulﬁciunt,
1648 2247 1714 2286 ne
1764 2233 1858 2286 ite-

334 2319 498 2369 rando
523 2319 701 2370 eadem
748 2318 1012 2372 fastidium
1042 2320 1150 2390 (7‘2)
1191 2322 1484 2390 legentibus
1525 2338 1854 2394 generemus.

403 2405 486 2457 16.
530 2422 548 2454 ι
581 2404 713 2469 Quid
739 2421 863 2473 ergo
895 2409 1130 2461 dicemus
1171 2410 1192 2461 ?
1220 2410 1462 2480 Nunquid
1498 2413 1752 2480 iniquitas
1777 2423 1857 2467 est

333 2496 466 2560 apud
509 2495 722 2548 Deum?
762 2499 934 2549 Absit.
971 2498 1132 2566 Moysi
1173 2503 1313 2554 enim
1354 2503 1484 2555 dicit
1516 2519 1530 2553 :
1570 2502 1859 2557 Miserebor

334 2583 481 2650 cujus
508 2585 781 2649 misereor,
806 2597 857 2638 et
902 2589 1314 2644 misericordiam
1358 2593 1615 2659 praestabo
1641 2596 1722 2646 cui
1753 2596 1854 2646 mi-

335 2673 570 2723 serebor.
616 2672 777 2738 Igitur
824 2689 926 2726 non
964 2676 1184 2729 volentis
1223 2693 1392 2745 neque
1433 2682 1694 2733 currentis
1718 2721 1732 2742 ,
1763 2682 1853 2734 sed

337 2761 634 2813 miScrentis
660 2772 738 2813 est
779 2764 891 2816 Dei.
918 2764 1050 2816 Dicit
1073 2767 1213 2820 enim
1239 2768 1510 2836 Scriptura
1548 2769 1806 2824 Pharaoni
1838 2791 1851 2824 :

335 2848 462 2912 Quia
503 2853 564 2902 ad
601 2852 698 2903 hoc
735 2853 902 2919 ipsum
941 2867 989 2907 te
1016 2858 1264 2910 suscitavi
1292 2899 1306 2920 ,
1349 2869 1404 2911 ut
1428 2863 1698 2913 ostendam
1723 2863 1774 2915 in
1806 2872 1854 2916 te

1956 1777 2108 1832 Deo?
2137 1797 2155 1830 ι
2187 1778 2353 1843 Quasi
2383 1778 2591 1832 diceret
2629 1792 2646 1830 :
2686 1775 2770 1828 Tu
2806 1776 2951 1844 quis
2995 1792 3072 1829 es
3110 1775 3224 1842 qui
3257 1785 3319 1829 te
3374 1775 3434 1827 in
3474 1774 3651 1827 aulam

1956 1871 2095 1938 regis
2123 1870 2419 1938 immergis,
2453 1879 2510 1922 et
2541 1869 2840 1922 interioris
2890 1867 3185 1920 cubiculi
3230 1881 3423 1919 ausus
3466 1879 3531 1918 es
3575 1879 3653 1918 se-

1958 1973 2103 2015 creta
2127 1960 2443 2026 penetrare?
2475 1959 2685 2012 Idcirco
2716 1959 2904 2026 igitur
2940 1967 3010 2011 et
3041 1972 3167 2010 nos
3201 1958 3262 2010 in
3298 1956 3516 2009 talibus
3542 1970 3655 2008 sus-

1956 2066 2119 2118 penso
2163 2052 2295 2116 pede
2349 2061 2604 2116 tanquam
2650 2048 2706 2100 in
2764 2049 2907 2101 aula
2967 2049 3157 2116 regia
3219 2047 3444 2114 positi,
3489 2061 3651 2112 pauca

1954 2153 2222 2200 sermone,
2253 2139 2404 2206 plura
2428 2137 2650 2192 silentio
2682 2147 3116 2202 transeamus,
3151 2135 3292 2205 ipso
3319 2136 3492 2190 nobis
3533 2149 3654 2202 apo-

1954 2229 2087 2284 stolo
2138 2229 2303 2282 Paulo
2346 2229 2604 2296 magistro
2648 2240 2706 2282 et
2750 2230 2907 2281 duce
2958 2226 3161 2294 hujus
3213 2225 3648 2280 itineris-farto.

1954 2317 2115 2388 Igitur
2139 2333 2204 2371 ex
2247 2333 2474 2386 persona
2524 2319 2995 2373 contradicentis
3039 2319 3169 2372 sibi
3219 2318 3376 2372 dicit
3415 2317 3651 2386 Aposto-

1953 2409 2034 2464 lus
2068 2428 2119 2460 τι
2145 2409 2394 2477 Nunquid
2415 2410 2680 2478 iniquitas
2705 2419 2800 2464 est
2840 2412 3015 2481 apud
3051 2413 3258 2466 Deum
3290 2413 3319 2466 ἲ
3341 2431 3363 2464 ι
3389 2422 3448 2466 et
3473 2412 3648 2464 statim

1952 2501 2006 2553 in
2036 2499 2197 2554 initiis
2225 2501 2559 2568 respondet:
2600 2519 2620 2551 ι
2651 2501 2823 2556 Absit
2860 2521 2876 2569 ;
2919 2524 2943 2556 ι
2989 2514 3061 2558 ut
3098 2505 3181 2558 ad
3212 2506 3422 2559 omnia
3457 2515 3649 2560 extera

1952 2605 2068 2658 qua:
2089 2605 2154 2642 ex
2190 2605 2418 2657 persona
2451 2592 2920 2648 contradicentis
2968 2595 3349 2663 ohjicienda
3390 2604 3552 2655 sunt,
3581 2597 3645 2648 ab

1952 2679 2202 2747 Apostolo
2250 2693 2463 2745 semper
2520 2682 2858 2744 responderi
2923 2685 3258 2748 videatur,
3325 2702 3347 2735 ι
3406 2683 3586 2740 Absit.
3621 2703 3639 2736 ι

1952 2769 2053 2822 iste
2091 2783 2218 2834 ergo
2266 2766 2354 2834 qui
2399 2769 2762 2834 contradicit,
2820 2772 3032 2825 utitur
3073 2785 3144 2828 et
3201 2776 3401 2846 Moysi
3443 2781 3642 2842 verbis,

1951 2857 2142 2925 quibus
2186 2858 2313 2909 dicit
2358 2856 2424 2908 ad
2459 2871 2587 2909 eum
2642 2859 2988 2916 Dominus:
3036 2882 3060 2913 ε
3109 2864 3461 2921 Miserebor
3500 2870 3644 2937 cujus

333 2941 580 2990 virtutem
611 2953 870 3003 meam,et
896 2957 952 2998 ut
974 2949 1441 3016 annuntietur(75)
1465 2965 1651 3003 nomen
1678 2966 1850 3004 meum
1881 2977 1921 3031 η
1957 2949 2226 3011 misereor,
2272 2959 2326 3001 et
2367 2949 2813 3003 misericordiam
2871 2958 3210 3018 praestabo
3271 2959 3374 3012 cui
3421 2961 3644 3014 misere-

339 3033 384 3080 in
412 3032 656 3084 universa
684 3042 840 3086 terra.
875 3035 1006 3101 Ergo
1034 3037 1118 3091 cui
1157 3039 1260 3091 vult
1291 3040 1592 3104 miseretur,
1620 3050 1673 3094 et
1697 3057 1852 3109 quem

334 3119 445 3172 vult
495 3121 721 3175 indurat.
759 3123 898 3176 Dicis
939 3125 1114 3192 itaque
1149 3127 1277 3179 mihi
1305 3145 1318 3179 :
1347 3127 1482 3192 Quid
1523 3143 1650 3197 ergo
1685 3131 1856 3183 adhuc

334 3207 606 3274 queritur?
633 3208 893 3263 Voluntati
917 3211 1056 3284 enim
1074 3211 1188 3279 ejus
1209 3214 1328 3282 quis
1363 3215 1566 3268 resistit
1591 3216 1629 3245 ¹¹
1657 3215 1803 3285 (74)?
1831 3235 1850 3267 ›

335 3293 612 3363 Legentem
643 3299 752 3351 haec
787 3301 1085 3354 meminisse
1129 3304 1377 3356 attentius
1407 3305 1651 3357 convenit
1675 3305 1857 3358 simili-

341 3386 536 3437 tudinis
580 3387 720 3439 illius
745 3427 758 3451 ,
789 3405 943 3456 quam
983 3391 1034 3442 in
1071 3393 1428 3458 superioribus
1457 3395 1606 3447 libris
1631 3396 1693 3448 de
1733 3411 1859 3464 apo-

339 3472 510 3525 stolici
539 3478 796 3528 sermonis
833 3478 1224 3544 dispensatione
1255 3481 1544 3546 posuimus,
1567 3483 1705 3554 quod
1741 3493 1859 3536 tan-

336 3574 494 3627 quam
522 3563 572 3614 in
603 3565 745 3630 regia
777 3570 1002 3639 quadam
1026 3568 1199 3632 domo,
1228 3584 1348 3637 qua:
1387 3569 1766 3638 multiplicibus
1789 3575 1858 3626 sit

340 3650 664 3718 ingressibus
695 3657 1092 3725 egressibusque
1125 3659 1392 3725 distincta,
1420 3675 1484 3713 ex
1509 3676 1613 3714 uno
1639 3663 1690 3715 in
1717 3663 1858 3716 aliud

337 3740 589 3796 conclave
615 3743 686 3797 ita
725 3755 1041 3810 transeatur,
1065 3757 1122 3800 ut
1152 3749 1239 3801 vix
1279 3750 1622 3818 ingredientis
1643 3752 1857 3817 indicia,

340 3837 431 3883 aut
461 3833 778 3901 egredientis
800 3846 1086 3904 appareant
1111 3855 1124 3889 :
1161 3839 1231 3890 ita
1258 3839 1412 3891 etiam
1439 3837 1632 3892 Paulus
1657 3842 1860 3894 divino-

340 3936 456 3974 rum
509 3933 708 3976 secreta
753 3925 1019 3993 paululum
1063 3926 1273 3993 quidem
1309 3927 1649 3996 subaperiens
1676 3930 1859 3982 videa-

341 4022 452 4075 tur,
479 4027 580 4066 non
629 4022 804 4068 tamen
845 4016 995 4082 plane
1026 4027 1307 4084 aperteque
1343 4019 1574 4084 pandens
1608 4017 1735 4086 (75).
1767 4018 1859 4070 De-

341 4101 500 4166 nique
518 4116 635 4154 cum
669 4117 762 4170 pro
786 4103 866 4155 his
899 4118 1015 4170 qua:
1044 4105 1284 4171 superius
1310 4105 1515 4158 dixerat
1538 4105 1604 4157 de
1631 4107 1778 4162 Isaac
1811 4120 1864 4163 et

338 4185 524 4250 Jacob,
551 4192 687 4257 quod
717 4206 808 4257 per
829 4191 1134 4244 electionem
1161 4201 1213 4245 et
1247 4207 1312 4245 ex
1340 4195 1609 4260 proposito
1633 4197 1742 4258 Dei,
1770 4213 1863 4251 an-

345 4291 552 4348 tequam
576 4281 768 4347 aliquid
798 4281 973 4346 operis
1005 4280 1126 4332 boni
1165 4281 1354 4331 malive
1386 4281 1694 4346 gessissent,
1728 4283 1863 4337 Deus
1895 4286 1934 4338 D
1966 4285 2123 4339 dubio
2169 4288 2522 4347 contradictio
2580 4297 2689 4349 ista
2743 4302 3011 4372 molitur,

343 4370 537 4425 dixerit
561 4370 666 4436 (76)
699 4369 779 4421 vel
824 4371 888 4420 de
929 4369 1051 4421 illo:
1082 4387 1100 4420 ι
1143 4371 1220 4421 Ad
1264 4371 1360 4421 hoc
1404 4381 1606 4437 tempus
1635 4373 1861 4436 veniam,

414 4505 456 4536 ¹⁶
486 4503 880 4583 Βοιιικῐιιιεξξξ),
910 4503 1019 4583 ﬁl);
1076 4503 1286 4583 “diota.
1322 4520 1392 4583 is,
1422 4504 1627 4583 Museq.
1697 4504 2027 4583 ""‘_'_Genes.
2065 4522 2214 4570 xviii,
2249 4509 2343 4575 10;
2386 4510 2616 4567 Malach.
2651 4534 2690 4583 ι,
2735 4519 2794 4574 2.

910 4573 951 4602 ³⁵
982 4572 1146 4625 Exod.
1204 4587 1275 4635 Ix,
1324 4577 1427 4636 to;
1471 4573 1623 4630 liom.
1666 4589 1741 4635 ix,
1789 4573 1871 4624 17.

343 4570 494 4625 Rom.
531 4586 602 4634 Ix,
643 4572 723 4635 15,
748 4573 833 4626 16.

413 4715 522 4785 (70)
555 4716 626 4769 Ita
665 4716 909 4769 Rabanus
946 4715 1043 4785 hic
1069 4724 1120 4766 et
1147 4713 1448 4785 ἱιιῐισςιᾼιςς.
1481 4729 1604 4765 vero
1632 4715 1867 4785 plerique

340 4797 396 4839 et
424 4782 576 4845 editi,
611 4804 628 4836 ι
679 4787 730 4837 in
780 4785 912 4838 lilios
957 4783 1068 4836 Dei.
1107 4801 1124 4832 ι
1163 4783 1256 4834 Ms.
1306 4782 1497 4849 Regius
1539 4799 1679 4833 num.
1714 4783 1863 4843 1659,

345 4871 368 4905 π
397 4854 448 4906 in
481 4854 589 4906 ﬁlio
635 4855 743 4906 Dei.
779 4873 797 4902 ι
1104 4851 1134 4881 ⁸

412 4920 521 4989 (71)
563 4922 719 4985 Editi,
758 4940 776 4971 ι
822 4922 887 4972 ad
914 4935 974 4973 ea
1021 4934 1135 4986 quae
1171 4919 1220 4969 iu
1265 4934 1422 4970 carne
1459 4918 1611 4986 positi
1645 4917 1865 4983 quaesie-

372 4999 483 5041 ant.
521 5009 540 5041 ι

412 5056 520 5124 (79.)
563 5058 722 5125 Editi,
753 5076 771 5108 ι
818 5056 1369 5124 dispensationem.....
1395 5071 1460 5108 ne
1506 5055 1690 5108 iterato
1715 5051 1865 5104 fasti-

346 5123 510 5185 dium,
548 5146 566 5176 ι
597 5135 696 5176 etc.

416 5191 526 5255 (75)
567 5193 722 5253 Editi,
759 5211 776 5242 ι
816 5201 872 5243 ιιι
917 5195 1188 5245 ostendam
1220 5195 1272 5246 in
1311 5202 1361 5244 te
1404 5194 1671 5250 virtutem,
1698 5192 1750 5245 et
1781 5200 1870 5238 an-

351 5257 642 5326 nuntietur.
675 5280 692 5309 ι
737 5260 861 5311 Mss.
893 5263 1125 5326 quidam,
1159 5279 1176 5311 ‹
1212 5261 1537 5320 annuntiem,
1575 5279 1592 5308 ι
1623 5267 1725 5308 etc.

421 5324 529 5397 (Π)
570 5326 780 5397 Ειὶ-ἰιξρι
841 5322 1022 5380 Dicitis
1067 5332 1242 5397 itaque
1291 5330 1416 5382 mihi
1464 5344 1477 5378 :
1526 5325 1661 5397 Quid
1697 5322 1866 5376 adhuc

354 5393 601 5466 ‘l‘lfﬁti‘hlj
622 5395 654 5466 fl
683 5395 948 5466 _Voluntati
972 5399 1112 5449 enim
1135 5393 1249 5466 ejus
1275 5398 1392 5464 quis
1419 5393 1665 5466 resistet?
1695 5409 1712 5466 ξ

423 5455 528 5522 (75)
563 5459 718 5534 ιᾷιιιιῇ,
749 5482 778 5534 ς
804 5473 858 5513 ut
888 5473 1142 5534 tanquam
1163 5455 1314 5534 'regia
1360 5463 1644 5534 cujusdam
1677 5462 1862 5534 domus

356 5533 470 5588 Ψιδέ
495 5527 861 5588 ιυυιιίιιιίείυιιδ
887 5527 1296 5596 ἱιιει’ὸεεὶὺιις.ἷ..
1323 5545 1373 5584 et
1406 5527 1467 5584 ex
1505 5547 1606 5584 uno
1637 5532 1685 5582 in
1720 5529 1857 5582 aliud

1953 3039 2050 3092 bor
2073 3039 2136 3094 ιδ.
2176 3057 2194 3089 ι
2228 3039 2379 3104 Quod
2413 3041 2457 3093 si
2485 3051 2590 3103 est,
2622 3042 2834 3109 inquit,
2873 3058 3001 3099 non
3051 3060 3214 3116 ergo
3262 3049 3522 3103 volentis
3548 3066 3640 3105 ne-

1954 3143 2055 3193 que
2079 3129 2340 3181 currentis
2365 3139 2449 3180 est
2472 3129 2644 3190 salus,
2663 3132 2762 3183 sed
2792 3131 2926 3198 ejus
2963 3137 3076 3190 cui
3113 3138 3456 3193 miseretur
3483 3140 3641 3194 Deus.

1955 3217 2081 3268 Nam
2115 3229 2169 3270 et
2215 3218 2478 3270 Pharaoni
2524 3217 2664 3287 (80),
2708 3220 2933 3288 inquit,
2984 3225 3268 3293 dicitur,
3315 3246 3337 3278 ι
3391 3230 3527 3298 quia
3575 3232 3640 3282 ad

1955 3306 2054 3360 hoc
2085 3307 2254 3374 ipsum
2284 3316 2334 3359 te
2358 3307 2642 3369 suscitavi,
2668 3317 2729 3360 ut
2773 3313 3114 3366 ostendam
3158 3315 3222 3368 in
3263 3328 3322 3372 te
3378 3320 3641 3372 virtutem

1957 3412 2145 3454 meam,
2173 3404 2226 3446 et
2255 3403 2311 3446 ut
2347 3395 2708 3450 annuntietur
2739 3414 2960 3453 nomen
3013 3419 3239 3458 meum
3285 3407 3348 3460 in
3384 3410 3644 3462 universa

1959 3495 2098 3538 terra
2128 3485 2212 3547 ‘5;
2252 3503 2269 3534 ι
2306 3494 2363 3536 ιιι
2394 3500 2459 3538 ex
2497 3486 2602 3539 hoc
2655 3488 2924 3541 videatur
2953 3497 3250 3560 ostendi,
3296 3501 3436 3564 quia
3485 3503 3534 3553 si
3579 3502 3642 3552 ad

1959 3571 2058 3623 hoc
2083 3570 2286 3625 electus
2318 3581 2398 3625 est
2422 3572 2658 3639 Pharao,
2697 3585 2761 3626 ut
2784 3591 2892 3644 per
2913 3596 3065 3635 eum
3101 3585 3309 3641 virtus
3342 3588 3443 3641 Dei
3475 3589 3645 3643 homi-

1959 3660 2110 3712 nibus
2133 3660 2452 3724 declaretur,
2478 3677 2586 3716 non
2614 3663 2718 3718 fuit
2739 3666 2799 3719 in
2828 3682 2941 3723 sua
2970 3682 3305 3740 potestate
3334 3681 3492 3748 quod
3525 3695 3645 3748 per-

1961 3749 2039 3801 iit.
2085 3748 2148 3802 Et
2195 3750 2344 3804 addit
2371 3750 2481 3820 (8i)
2511 3761 2634 3821 post
2677 3756 2877 3810 omnia
2917 3775 2935 3813 :
2983 3779 3005 3813 ι
3063 3765 3238 3836 Ergo
3271 3772 3370 3832 cui
3407 3769 3644 3823 vulturi-

1958 3849 2186 3906 seretur,
2234 3849 2286 3895 et
2323 3857 2485 3910 quem
2529 3844 2646 3899 vult
2698 3847 2968 3909 indurat.
3008 3872 3034 3906 ι
3084 3856 3227 3914 Hoc
3272 3871 3393 3925 est,
3445 3862 3639 3931 inquit,

1959 3931 2097 3995 quod
2115 3945 2386 3988 asseveras
2404 3943 2459 3986 tu
2490 3934 2584 4002 qui
2631 3937 3027 4007 contradicis,
3092 3949 3248 4016 quia
3305 3951 3438 4007 sine
3480 3965 3642 4006 causa

1960 4023 2303 4086 conqueritur
2329 4031 2383 4076 et
2425 4027 2618 4090 arguit
2649 4029 2921 4087 homines
2976 4035 3180 4094 Deus.
3229 4039 3298 4096 Si
3337 4045 3496 4097 enim
3535 4045 3645 4110 ipse

1961 4123 2117 4175 quem
2159 4109 2459 4180 vulteligit,
2491 4125 2545 4167 et
2577 4131 2743 4183 quem
2779 4122 2904 4176 vult
2955 4127 3216 4194 abjicit,
3253 4109 3566 4187 Voluntati
3593 4135 3647 4187 il-

1965 4196 2064 4249 lius
2093 4200 2213 4265 quis
2258 4202 2463 4254 resistit
2489 4202 2603 4275 (82)
2647 4223 2749 4274 per
2784 4227 2966 4279 quem
3009 4225 3239 4277 omnia
3281 4224 3309 4278 ?
3349 4225 3496 4278 Illud
3527 4227 3645 4279 sine

3065 4315 3244 4379 quod
3307 4316 3367 4368 in
3421 4315 3645 4369 homine

1974 4389 2076 4428 non
2101 4377 2169 4430 sit
2209 4377 2426 4434 libertas
2461 4385 2722 4452 arbitrii,
2763 4408 2870 4446 nec
2937 4377 3187 4457 habeat
3243 4406 3643 4475 unusquisque

2879 4526 2928 4556 ¹⁶
2979 4531 3192 4593 Exod.
3258 4556 3480 4607 xum,
3532 4543 3640 4608 i9;

1969 4713 2636 4809 22?.?1?.Yez:.‘3fama
2677 4745 2699 4809 Β
2741 4729 2963 4809 nam)"
2999 4737 3200 4796 “dem
3231 4747 3384 4800 editi
3419 4759 3479 4802 et
3507 4765 3640 4809 mss.

2044 4782 2054 4792 .
2262 4785 2272 4796 .
2421 4790 2432 4800 .
3001 4782 3200 4796 ---ν...
3231 4782 3384 4800 νυ...
3420 4782 3479 4802 ς.

1968 4783 2524 4875 ςιξξιιξξιιιῖιιξέιςειιιιιι
2552 4791 2790 4850 Paulum
2823 4803 3333 4874 subaperientem
3364 4822 3568 4875 videri.

1969 4860 2260 4919 apsl'leqlne
2287 4857 2634 4919 pandentem.
2675 4883 2696 4915 ι
2972 4857 2991 4874 ⁵
3022 4857 3068 4860 ’⁷
3089 4857 3333 4870 ““··“····

2037 4917 2148 5052 (76)
2175 4917 2350 4986 ίΕιΙίὶί,
2395 4942 2413 4975 ι
2446 4927 2688 4985 dixerat.
2731 4952 2752 4988 ι

2061 4985 2147 5052 77)
2188 4987 2689 5052 Respondisselaue.
2725 5006 2752 5052 Α

2061 4985 2708 5078 77)Δίῇξροξιιίξεειειιιιιεζ
2725 4985 2902 5078 Absit.
2938 5007 3073 5065 Haec
3117 5016 3552 5078 desiderantur
3587 5028 3636 5078 in

1969 5059 3045 5186 ῖξέξιξίέηέῖν,ξέιπινεςξδιξξξεεξορειιεηυ·
3085 5084 3277 5153 ἐδελ

2138 5162 2152 5202 3
2184 5150 2222 5202 ὲ
2247 5150 2319 5202 ει-
2342 5150 2448 5184 non
2478 5150 2747 5202 γοιρηιῖε,
2797 5162 2816 5195 υ
2852 5157 2965 5201 εις,

2382 5216 2401 5248 ι
2438 5204 2858 5286 misericordia.
2903 5236 2922 5269 ι
2953 5227 3010 5274 et
3045 5239 3066 5273 ‹
3106 5225 3565 5286 misericordia.
3607 5253 3626 5286 ι

2386 5286 2404 5319 ‹
2450 5258 3006 5344 qumritiiﬂviuinale:

2391 5357 2410 5387 ι
2453 5325 3154 5419 dequec'tiri‘e-t't'iiscsalus

1967 5403 2446 5488 mlff‘rtflti‘l‘l.hi}ialll
2459 5409 2760 5488 .Pharaoni
2772 5469 2789 5488 ,
2824 5444 2844 5478 ι
2877 5439 2993 5486 etc.
3163 5405 3181 5431 ’

2033 5462 2145 5597 ἷξες)
2393 5495 2412 5527 ι
2459 5462 3080 5576 ίιιξῇἰιῖίὶὁὶὲεῖῖἶῖἑ..η
3116 5505 3179 5559 Et
3216 5508 3474 5563 addidit.
3514 5526 3536 5561 ι

2055 5559 2065 5577 ¹
2093 5558 2143 5597 -1
2212 5577 2225 5587 ο
2269 5555 2351 5597 hi.
2391 5568 2407 5596 ι
2450 5565 2671 5597 Γιτςιῃμι
2739 5585 2757 5597 .

2055 5555 2143 5600 az,
2188 5555 2351 5609 nutu,
2391 5568 2407 5596 ι
2450 5555 2758 5617 resistet.»

3235 5369 3346 5422 sed
3381 5372 3510 5440 ejus
3540 5372 3627 5426 Cui
