3894 6208
320 245 478 302 1145

1231 252 1579 308 COMMENT.
1618 251 1682 305 lN
1722 249 1933 306 EPIST.
1973 250 2063 302 AD
2100 249 2263 305 ROM.
2305 251 2428 304 LIB.
2463 251 2573 307 VII.

3350 251 3484 305 1146

320 362 380 416 in
435 379 539 420 sua
579 377 841 446 potestate
881 379 939 425 ut
967 379 1056 425 aut
1097 370 1327 425 salvetur
1363 369 1496 440 (83),
1533 379 1625 424 aut
1661 377 1864 438 pcreat.
1894 373 1941 430 Α
1967 369 2272 435 sagacitate,
2319 369 2758 437 contemplabitur
2802 382 3026 437 quorum
3054 381 3119 422 ex
3171 360 3252 418 his
3277 367 3484 422 animus

319 450 402 502 De
433 456 636 521 quibus
673 458 880 522 plenius
909 459 1120 528 quidem
1148 476 1177 512 a
1215 460 1365 513 nobis
1392 460 1444 512 in
1471 475 1534 514 eo
1575 459 1750 515 libello
1775 459 1860 514 ubi

315 539 391 591 de
424 542 640 596 arbitrii
671 544 911 600 libertate
935 548 1296 610 disseruimus,
1315 561 1409 614 pro
1437 548 1635 602 viribus
1658 547 1864 616 singula

313 643 562 698 quaeque
604 633 840 688 discussa
879 646 1000 689 sunt
1029 637 1170 705 (84),
1198 652 1312 704 qua
1351 639 1418 692 ad
1464 639 1860 692 instructionem

312 717 466 770 satis
502 734 769 786 superque
795 721 1075 776 sufficiant.
1102 724 1288 778 Paucis
1331 733 1504 779 tamen
1532 726 1691 780 etiam
1722 739 1862 780 nunc

309 805 384 858 de
422 807 516 862 bis
540 823 658 876 quae
687 811 756 863 ibi
788 812 924 865 dicta
967 823 1108 878 sunt,
1147 813 1562 870 admonebimus.
1593 813 1743 879 Quod
1780 814 1860 868 di-

308 893 422 956 xit,
467 912 488 946 ι
535 894 650 949 Non
684 896 940 962 volentis,
969 912 1140 966 neque
1167 901 1451 965 currentis,
1476 902 1570 956 sed
1608 903 1858 957 miseren-

309 984 389 1036 tis
425 993 514 1038 est
545 985 660 1048 Dei,
690 1004 710 1037 ι
762 987 832 1039 ita
864 989 1154 1056 accipitur,
1189 991 1324 1044 sicut
1345 1001 1400 1045 et
1441 992 1602 1046 David
1651 995 1778 1047 dicit
1804 995 1856 1048 in

308 1072 543 1129 Psalmo
576 1076 619 1106 ³⁸
649 1093 662 1128 :
697 1093 718 1128 ι
757 1076 874 1130 Nisi
905 1078 1154 1131 Dominus
1183 1080 1522 1136 aedificaverit
1548 1084 1780 1146 domum,
1805 1085 1854 1136 in

305 1177 520 1216 vanum
559 1164 931 1219 laboraverunt
955 1168 1043 1235 qui
1072 1167 1331 1222 aedificant
1363 1185 1501 1223 eam.
1541 1171 1648 1225 Nisi
1679 1173 1853 1226 Domi-

305 1268 418 1307 nus
451 1256 770 1310 custodierit
802 1258 1094 1321 civitatem.
1135 1260 1328 1313 frustra
1356 1263 1533 1331 vigilat
1561 1265 1649 1332 qui
1679 1276 1855 1320 custo-

301 1343 390 1395 dit
418 1358 568 1398 eam.
606 1363 626 1394 ι
657 1345 710 1396 In
745 1361 850 1413 quo
879 1349 1114 1401 ostendit
1154 1365 1253 1403 non
1289 1351 1410 1418 quia
1451 1354 1494 1406 is
1527 1355 1614 1421 qui
1642 1355 1852 1406 domum

298 1433 568 1497 :editieat,
604 1435 732 1488 nihil
760 1445 897 1504 agat,
926 1451 978 1490 et
1018 1439 1218 1492 Otiosus
1257 1441 1344 1506 sit,
1369 1451 1423 1495 et
1447 1443 1516 1495 ita
1545 1457 1660 1495 eam
1692 1443 1853 1496 aedifi-

296 1531 397 1574 cet
435 1523 732 1585 Dominus;
771 1525 861 1577 sed
893 1525 1004 1590 ipse
1040 1526 1250 1593 quidem
1284 1537 1536 1596 quantum
1567 1540 1648 1582 est
1676 1530 1728 1582 in
1763 1532 1853 1584 ho-

300 1613 461 1664 mine
491 1614 865 1666 sollicitudinis
902 1625 956 1666 et
998 1616 1189 1670 laboris
1217 1620 1508 1685 expendat;
1545 1621 1632 1674 Dei
1674 1632 1846 1674 autem

296 1700 400 1762 sit,
453 1710 514 1753 ut
557 1704 848 1754 obstaculis
876 1704 1118 1758 omnibus
1158 1707 1366 1766 amotis.
1397 1722 1530 1775 opus
1574 1712 1849 1775 perveniat

298 1790 374 1840 ad
413 1790 669 1842 eﬂ‘eclum
701 1789 833 1855 (85).
863 1791 993 1843 Cum
1032 1806 1156 1860 ergo
1183 1809 1274 1859 per
1302 1795 1400 1847 hoc
1433 1796 1679 1848 doceatur
1705 1797 1846 1865 quod

298 1880 477 1932 homo
507 1879 720 1946 quidem
769 1879 998 1933 laborem
1034 1882 1300 1948 impendat
1337 1892 1392 1936 et
1419 1884 1842 1952 sollicitudinem,

297 1965 457 2018 Dens
484 1977 666 2020 autem
700 1983 1000 2021 successum
1050 1971 1194 2036 operi
1249 1972 1446 2024 tribuat
1487 1983 1540 2025 et
1577 1972 1842 2038 edectum,

294 2057 457 2123 pium
500 2059 682 2124 utique
707 2066 761 2110 et
784 2057 1084 2124 religiosum
1126 2069 1209 2111 est
1251 2060 1368 2113 ideo
1398 2070 1451 2113 et
1482 2063 1679 2115 homini
1705 2064 1843 2130 quod

293 2146 354 2196 in
393 2159 457 2197 se
481 2154 567 2198 est
587 2147 787 2213 operis,
813 2161 1072 2200 summam
1120 2149 1226 2200 Deo
1261 2149 1425 2215 magis
1455 2165 1613 2216 quam
1645 2151 1840 2204 homini

292 2236 574 2300 deputare
627 2235 758 2304 (86).
803 2234 891 2288 Sic
945 2245 997 2289 et
1046 2251 1163 2289 cum
1219 2237 1411 2291 Paulus
1460 2239 1746 2307 plantabat,
1792 2250 1843 2294 et

288 2321 495 2390 Apollo
520 2323 744 2390 rigabat,
769 2325 903 2378 Deus
923 2325 1048 2378 dare
1065 2327 1258 2380 dicitur
1279 2327 1656 2382 incrementum
1679 2330 1717 2359 "
1749 2346 1761 2380 :
1789 2340 1842 2384 et

288 2413 519 2464 additur
548 2429 561 2464 :
609 2429 627 2462 ι
664 2411 848 2480 Itaque
875 2427 1045 2479 neque
1073 2415 1159 2480 qui
1194 2415 1420 2481 plantat,
1451 2431 1618 2482 neque
1640 2417 1728 2483 qui
1763 2418 1838 2470 ri-

285 2508 388 2564 gat
419 2507 505 2550 est
525 2498 747 2564 aliquid,
773 2499 863 2550 sed
902 2499 990 2564 qui
1014 2499 1395 2552 incrementum
1426 2501 1514 2552 dat
1546 2500 1681 2553 Deus
1714 2502 1774 2555 ¹⁸.
1814 2520 1833 2552 ι

287 2588 371 2638 Ita
407 2601 542 2654 ergo
571 2588 732 2638 etiam
777 2588 826 2638 in
861 2589 1103 2652 pra'settti
1148 2589 1266 2641 loco
1307 2604 1582 2656 possumus
1625 2591 1834 2655 dicere;

290 2676 486 2742 itaque
512 2689 686 2744 neque
713 2677 800 2742 qui
826 2678 994 2729 currit
1021 2687 1102 2728 est
1129 2677 1346 2743 aliquid,
1375 2693 1542 2745 neque
1567 2680 1654 2746 qui
1689 2679 1834 2744 vult;

287 2765 389 2816 sed
431 2767 523 2830 qui
571 2764 818 2816 effectura
871 2768 959 2817 dat
1007 2766 1159 2819 Deus.
1215 2766 1313 2830 Qui
1353 2768 1492 2820 enim
1529 2770 1655 2829 vult,
1673 2781 1722 2821 ct
1745 2771 1834 2837 qui

283 2855 504 2915 currit,
551 2856 652 2906 hoc
683 2855 924 2906 videntur
952 2870 1071 2908 esse
1099 2857 1238 2922 quod
1267 2867 1345 2909 est
1376 2857 1461 2911 ille
1491 2859 1578 2925 qui
1613 2859 1832 2926 plantat,

281 2953 341 2996 et
377 2943 472 2994 ille
509 2944 601 3009 qui
648 2943 819 3010 rigat;
853 2945 944 2996 sed
982 2960 1098 2998 eum
1137 2946 1225 3010 qui
1273 2946 1472 3011 plantat
1509 2946 1613 3014 (87)
1643 2958 1696 3000 et
1715 2964 1832 3001 eum
1859 2981 1900 3037 ο

281 3033 383 3102 qui
414 3032 556 3100 rigat
591 3033 723 3085 nihil
753 3034 878 3086 dicit
899 3049 1015 3087 esse
1038 3035 1318 3100 Apostolus
1347 3052 1360 3086 :
1394 3051 1496 3088 non
1523 3039 1664 3104 quod
1704 3038 1830 3090 nihil

280 3130 454 3187 agant
481 3138 498 3184 ;
529 3121 622 3173 sed
646 3121 784 3187 quod
828 3122 890 3173 ad
933 3123 1374 3189 comparationem
1408 3123 1497 3176 Dei
1541 3124 1632 3191 qui
1667 3125 1833 3179 incre-

282 3221 536 3265 mentum
566 3211 657 3263 dat
687 3213 854 3278 operi,
895 3213 976 3264 vel
1021 3210 1283 3274 effectum,
1321 3212 1391 3265 illi
1434 3213 1561 3266 nihil
1605 3228 1722 3268 esse
1751 3215 1833 3268 di-

282 3310 508 3353 cantur.
557 3300 664 3353 Sed
717 3310 770 3354 et
803 3302 902 3360 hoc
949 3302 1086 3367 quod
1133 3302 1324 3354 dicitur
1354 3302 1418 3353 ad
1472 3300 1828 3365 Pharaonem,

285 3408 307 3441 ι
340 3389 484 3454 Quia
514 3388 581 3441 ad
609 3389 710 3441 hoc
746 3389 915 3456 ipsum
949 3399 999 3442 te
1042 3390 1314 3451 suscitavi,
1353 3399 1409 3442 ut
1458 3391 1729 3442 ostendam
1776 3393 1828 3444 in

283 3490 338 3530 te
369 3478 628 3530 virtutem
667 3492 836 3529 meam
860 3477 922 3538 η,
965 3496 983 3528 ι
1017 3479 1173 3544 quale
1203 3481 1273 3530 sit
1296 3479 1585 3532 videamus.
1613 3481 1826 3532 Certum

279 3576 366 3618 cst
403 3567 573 3618 Deum
603 3581 706 3618 non
737 3566 906 3617 solum
949 3569 1086 3619 scire
1123 3567 1536 3634 uniuscujusque
1583 3569 1824 3636 proposi-

282 3669 399 3710 tum
427 3671 492 3707 ac
521 3655 869 3716 voluntatem,
899 3655 988 3706 sed
1014 3663 1066 3708 et
1103 3656 1370 3722 praescire.
1419 3653 1606 3709 Sciens
1650 3665 1824 3710 autem

279 3757 336 3800 ct
400 3760 782 3812 praenoscens,
846 3755 1092 3811 tanquam
1157 3746 1326 3797 bonus
1386 3746 1716 3814 dispensator
1773 3757 1825 3800 et

275 3834 490 3898 justus,
540 3831 962 3899 uniuscujusque
1002 3832 1230 3884 motibus
1263 3845 1314 3884 et
1351 3835 1620 3900 proposito
1664 3836 1826 3886 utitur

280 3923 348 3974 ad
390 3937 456 3974 ea
489 3934 654 3988 opera
679 3920 955 3972 eﬂieicnda
988 3920 1096 3988 (88)
1125 3935 1240 3987 qua:
1266 3924 1678 3989 uniuscujusque
1711 3926 1826 3976 ani-

278 4026 402 4063 mus
433 4023 501 4061 ac
542 4009 788 4062 voluntas
821 4009 990 4077 eligit.
1030 4007 1178 4062 Velut
1198 4012 1266 4074 si,
1298 4013 1442 4064 verbi
1471 4028 1651 4077 causa,
1681 4012 1827 4066 dica-

277 4114 404 4152 mus
434 4114 450 4152 :
483 4097 876 4154 Paterfamilias
899 4101 941 4154 si
963 4103 1084 4170 quis
1115 4102 1186 4156 sit
1215 4101 1452 4168 sapiens,
1472 4110 1527 4155 et
1555 4101 1750 4170 justus,
1773 4109 1827 4152 et

275 4191 490 4246 habens
531 4191 696 4246 multa
737 4193 990 4255 servitia,
1024 4207 1225 4256 nonne,
1259 4205 1454 4262 quanta
1498 4192 1609 4246 fieri
1653 4201 1829 4260 potest

1961 466 2116 525 aptus
2144 458 2213 510 sit
2243 459 2308 510 ad
2341 472 2431 511 rus
2453 459 2756 522 colendum,
2782 473 2835 511 et
2856 459 3000 525 ipsos
3028 458 3135 510 ruri
3169 458 3436 524 deputabit
3459 458 3485 510 τ

1958 548 2106 611 cujus
2132 561 2259 599 vero
2285 547 2348 598 ad
2375 547 2772 613 negotiandum,
2793 547 2942 615 cujus
2966 547 3124 600 etiam
3153 547 3218 598 ad
3246 547 3482 598 nutrien-

1957 635 2080 687 dum
2109 649 2266 702 pecus
2304 635 2432 701 (89).
2471 635 2620 700 cujus
2649 651 2772 688 vero
2813 637 2878 687 ad
2911 635 3290 696 ministerium,
3315 635 3482 687 etob-

1957 722 2199 776 servandi
2226 722 2383 792 615
2408 723 2629 775 cubiculi
2655 724 2734 776 sui
2759 734 2934 788 aptum
2956 722 3317 790 prohabit(90)
3345 724 3484 792 inge-

1957 812 2133 876 nium,
2166 819 2219 863 et
2254 811 2322 863 ita
2354 825 2777 878 unumquemque
2806 811 3224 878 competentibus
3260 811 3478 878 oﬂiciis,

1955 909 2136 969 utpote
2178 900 2424 969 sapiens,
2470 901 2826 966 mancipabit?
2853 898 3040 954 Verum
3088 901 3334 968 quoniam
3375 916 3478 955 non

1954 992 2078 1045 latet
2111 1006 2251 1054 eum,
2278 991 2388 1046 sive
2423 989 2826 1059 paterfamilias,
2846 991 2957 1043 sive
2983 1005 3076 1043 rex
3104 991 3203 1044 iste
3229 992 3316 1052 sit,
3338 994 3476 1058 quod

1953 1091 2166 1131 necesse
2202 1087 2282 1130 est
2319 1078 2580 1130 interdum
2624 1076 2880 1130 rebellare
2917 1077 3201 1144 subjectos,
3231 1091 3282 1132 et
3312 1081 3474 1134 disci-

1952 1167 2106 1235 plina:
2142 1166 2258 1232 jura
2305 1181 2674 1233 corrumpere,
2722 1176 2772 1218 et
2800 1167 2867 1219 ob
2916 1168 3013 1220 hoc
3053 1170 3382 1236 correptione
3411 1184 3474 1221 ac

1950 1255 2259 1308 verberibus
2301 1254 2570 1322 indigere,
2599 1267 2812 1306 necesse
2843 1263 2923 1306 est
2956 1270 3081 1321 ergo
3111 1266 3169 1308 ut
3210 1257 3367 1324 eligat
3407 1273 3471 1310 ex

1949 1343 2190 1395 omnibus
2225 1351 2345 1409 apta
2379 1352 2434 1394 et
2465 1343 2531 1394 ad
2579 1343 2678 1394 hoc
2727 1341 2968 1409 ingenia,
3001 1341 3045 1395 si
3089 1358 3191 1411 qua
3233 1344 3319 1396 illa
3352 1354 3476 1396 sunt

1950 1430 2180 1484 atrocius
2213 1431 2457 1496 incitata,
2493 1446 2608 1498 qua:
2649 1431 2758 1485 suis
2793 1431 3004 1498 quidem
3040 1433 3268 1486 motibus
3302 1433 3477 1486 feran-

1951 1535 2052 1580 tlll'.
2068 1521 2481 1574 emendationem
2502 1531 2672 1572 tamen
2693 1520 3112 1586 delinquentibus
3126 1522 3473 1573 necessariam

1947 1612 2239 1664 conferant.
2274 1609 2538 1663 Ponamus
2569 1625 2698 1677 ergo
2721 1609 2802 1661 vel
2832 1609 3269 1676 patremfamilias
3297 1611 3473 1668 istum,

1947 1698 2028 1750 vel
2054 1713 2228 1764 regem
2261 1698 2455 1751 vidisse
2496 1706 2731 1764 tempus,
2764 1712 2869 1764 quo
2904 1698 3174 1750 emendari
3203 1698 3390 1750 debent
3418 1695 3473 1750 hi

1945 1788 2031 1853 qui
2081 1797 2264 1840 contra
2313 1801 2487 1839 mores
2528 1795 2580 1838 et
2613 1784 2944 1852 disciplinam
2985 1784 3145 1838 multa
3194 1787 3474 1839 commisc-

1947 1876 2069 1938 rinl,
2096 1885 2149 1928 et
2168 1875 2390 1943 elegisse
2418 1875 2738 1928 dirissimuin
2765 1874 2869 1943 (9|)
2893 1875 3141 1941 aliquem,
3161 1885 3214 1926 et
3240 1875 3319 1927 his
3346 1876 3472 1941 ipsis

1943 1965 2031 2031 qui
2074 1963 2388 2031 corripiendi
2419 1973 2544 2016 sunt
2580 1963 2742 2015 multo
2784 1963 3036 2015 ditiorem
3084 1962 3215 2032 (92),
3251 1963 3338 2029 qui
3374 1979 3472 2032 pro

1942 2053 2227 2107 sceleribus
2265 2054 2372 2106 suis
2396 2052 2505 2122 jam
2535 2069 2637 2106 non
2676 2053 2744 2106 sit
2766 2052 2951 2119 dignus
2975 2052 3470 2114 emendatione,sed

1943 2150 2128 2192 morte.
2155 2139 2348 2193 Volens
2372 2155 2498 2192 vero
2524 2139 2792 2191 interitum
2825 2139 2941 2206 ejus
2959 2138 3022 2190 ad
3047 2139 3465 2190 emendationem

1940 2230 2196 2295 prolicere
2224 2239 2556 2292 cancrorum,
2581 2228 2738 2280 mittit
2767 2242 2886 2279 cum
2919 2226 2982 2278 ad
3006 2226 3121 2278 illos
3147 2241 3280 2293 quos
3303 2236 3470 2278 morte

1939 2324 2050 2385 ejus
2074 2319 2266 2387 corrigi
2296 2318 2454 2386 cupit,
2495 2326 2549 2369 et
2576 2318 2702 2369 dicit
2736 2319 2783 2370 ei
2813 2334 2826 2369 :
2861 2334 2880 2368 ι
2915 2318 3045 2381 Quia
3075 2317 3138 2368 ad
3167 2318 3264 2369 hoc
3299 2317 3468 2384 ipsum

1939 2417 1988 2460 te
2021 2409 2305 2472 suscitavi,
2355 2419 2410 2460 ut
2461 2409 2734 2461 ostendam
2782 2408 2832 2458 in
2883 2417 2934 2459 te
2974 2407 3217 2459 virtutem
3271 2423 3467 2471 meam,

1938 2504 1991 2549 ει
2057 2507 2113 2549 ιιι
2189 2496 2527 2548 annuntietur
2590 2511 2775 2549 nomen
2847 2509 3018 2546 meum
3092 2496 3144 2546 in
3226 2497 3469 2548 universa

1938 2597 2078 2638 terra
2129 2587 2194 2638 ὀ.
2242 2605 2260 2636 ι
2300 2584 2425 2638 Vide
2466 2587 2605 2639 enim
2634 2588 2754 2654 quia
2790 2602 2892 2639 non
2926 2587 3095 2640 dixit:
3131 2606 3147 2636 ι
3181 2587 3309 2652 Quia
3343 2607 3364 2638 ›
3401 2591 3467 2641 ad

1936 2675 2034 2728 hoc
2072 2677 2241 2742 ipsum
2281 2687 2330 2728 te
2351 2677 2452 2730 feci
2485 2695 2496 2729 :
2534 2677 2766 2744 alioquin
2812 2677 2873 2728 ad
2918 2663 3246 2730 conditorem
3280 2678 3468 2731 referri

1933 2766 2084 2830 culpa
2120 2767 2385 2818 videretur
2415 2787 2427 2820 :
2458 2767 2548 2820 sed
2579 2768 2653 2819 ait
2681 2784 2695 2819 :
2725 2784 2743 2817 ι
2778 2767 2855 2818 Ad
2883 2767 2982 2818 hoc
3023 2768 3190 2834 ipsum
3218 2778 3269 2820 te
3296 2769 3465 2823 susci-

1937 2857 2040 2907 tavi
2074 2874 2086 2907 :
2129 2875 2148 2905 ι
2183 2857 2282 2908 hoc
2309 2867 2425 2918 est,
2473 2865 2530 2908 ut
2571 2873 2662 2922 per
2699 2857 2860 2908 animi
2900 2858 2973 2909 tui
3012 2857 3268 2908 malitiam
3305 2871 3464 2924 quant

1936 2945 2028 2996 tibi
2064 2945 2284 2998 infrenis
2314 2945 2421 3014 (95)
2444 2955 2496 2998 et
2525 2946 2641 2998 sine
2672 2946 2760 2998 Dei
2789 2947 2976 2999 timore
3013 2947 3237 2999 vivendo
3269 2946 3464 3014 quzesi-

1937 3033 2024 3098 sti,
2065 3044 2118 3086 et
2148 3035 2201 3086 in
2231 3035 2364 3087 alios
2396 3035 2657 3102 irrogetur
2693 3033 2834 3086 utilis
2873 3047 2925 3088 ct
2967 3035 3240 3088 fructuosa
3279 3047 3462 3089 corre-

1934 3124 2060 3184 ctio,
2094 3133 2149 3176 et
2178 3123 2227 3174 in
2251 3132 2300 3175 te
2320 3125 2489 3190 ipsum
2514 3125 2576 3175 ad
2605 3125 2929 3189 posteritatis
2956 3125 3252 3190 exemplum
3293 3121 3464 3176 fauto-

1933 3212 2174 3265 sissitnus
2211 3211 2516 3264 conferatur
2561 3212 2828 3266 interitus.
2879 3214 3026 3278 Quod
3067 3223 3240 3264 autem
3295 3211 3461 3274 dicit,

1939 3320 1955 3350 ι
1975 3301 2109 3365 Ergo
2123 3300 2326 3368 (94)ουὶ
2344 3301 2453 3352 vult
2471 3301 2770 3363 miseretur,
2789 3311 2843 3354 et
2859 3317 3016 3368 quem
3037 3301 3146 3353 vult
3171 3301 3400 3365 indurat,
3434 3320 3454 3352 ι

1932 3404 1995 3442 ex
2023 3389 2103 3441 his
2136 3403 2251 3456 qua:
2281 3390 2331 3440 in
2357 3388 2537 3442 Exodo
2559 3391 2755 3456 scripta
2779 3397 2900 3442 sunt
2929 3391 3140 3441 videtur
3166 3404 3457 3442 assumere.

1933 3476 2004 3530 lbi
2032 3478 2172 3530 enim
2214 3478 2383 3530 dicit:
2421 3496 2440 3528 ι
2490 3477 2747 3530 lnduraho
2784 3493 2876 3530 cor
2901 3477 3227 3540 Pharaonis,
3271 3479 3344 3529 uti
3393 3493 3461 3529 ne

1931 3566 2159 3618 dimittat
2185 3567 2432 3634 populum
2478 3567 2541 3620 ²¹.
2583 3588 2600 3621 ι
2669 3567 3014 3619 Iudurabatur
3037 3579 3208 3619 autem
3243 3566 3461 3636 (95)cor

1930 3654 2223 3708 Pharaonis
2263 3658 2362 3709 hoc
2401 3659 2580 3709 modo.
2619 3656 2794 3708 Noluit
2829 3656 2968 3708 Dens
2996 3656 3047 3708 in
3077 3671 3197 3708 eum
3227 3656 3456 3708 subitam

1929 3756 1980 3798 et
2006 3745 2211 3812 plenam
2233 3749 2358 3797 dare
2387 3745 2695 3798 vindictam.
2725 3744 2982 3809 Quamvis
3009 3743 3146 3798 enim
3165 3756 3307 3798 esset
3325 3760 3455 3797 con-

1929 3842 2202 3887 Summata:
2264 3834 2511 3898 malitia,
2566 3845 2734 3887 tamen
2785 3849 2878 3902 per
2934 3836 3244 3903 patientiam
3298 3852 3453 3889 suam

1931 3923 2066 3975 Deus
2095 3923 2203 3991 (96)
2237 3939 2332 3976 nec
2356 3923 2451 3991 ipsi
2478 3923 2783 3976 facultatem
2817 3923 3183 3978 conversionis
3213 3923 3456 3976 excluse-

1929 4023 2009 4065 rat
2036 4029 2051 4064 :
2075 4023 2124 4065 et
2153 4012 2270 4064 ideo
2305 4013 2475 4079 primo
2503 4013 2818 4078 lenioribus,
2864 4025 2975 4068 tum
3002 4012 3163 4067 etiam
3201 4012 3454 4080 paulatim

1929 4100 2420 4166 ingravescentibus
2445 4101 2495 4152 in
2518 4117 2637 4155 eum
2666 4104 2974 4156 verberibus
3009 4103 3173 4154 utitur
3204 4100 3332 4168 (97).
3353 4103 3456 4154 Sed

1928 4189 2064 4257 quod
2100 4188 2234 4242 Deus
2256 4191 2472 4257 gerebat
2501 4205 2594 4259 per
2619 4192 2952 4259 patientiam,
2979 4205 3044 4245 ex
3076 4193 3172 4243 hoc
3192 4190 3280 4242 ille
3307 4193 3458 4244 indu-

343 4355 388 4386 "
417 4352 562 4406 Psal.
591 4364 769 4410 cxxvt,
792 4349 837 4400 l.
909 4348 948 4377 ¹⁷
982 4346 1000 4398 1
1031 4347 1150 4400 Cor.
1181 4365 1258 4411 ιιι,
1303 4350 1352 4400 6.
1428 4349 1468 4380 ⁸⁸
1501 4348 1622 4401 ihid.
1653 4347 1705 4400 7.
1784 4347 1826 4378 ¹⁹

1945 4361 2023 4399 ω.
2060 4362 2137 4410 tx,
2168 4347 2258 4413 l7;
2292 4347 2455 4401 Exod.
2485 4364 2558 4412 tx,
2595 4350 2675 4403 l6.
2765 4352 2809 4385 '°
2839 4350 2964 4408 ibid.
2990 4353 3029 4384 "
3059 4350 3220 4404 Exod.
3249 4349 3428 4412 IV,9.L

346 4511 461 4579 (85)
502 4507 668 4579 Alias.
703 4524 720 4556 ι
753 4521 848 4558 nec
882 4505 1071 4556 habeat
1097 4507 1457 4572 unusquisque
1483 4508 1562 4559 sui
1591 4517 1820 4576 potesta-
1850 4511 1894 4565 D

239 4585 245 4600 '
274 4576 386 4632 teni
432 4589 492 4628 ut
531 4576 782 4635 salvetur,
818 4592 836 4623 ι
865 4582 966 4625 etc.

349 4646 462 4707 184)
507 4645 640 4697 Vide
666 4640 757 4694 lib.
790 4657 846 4694 ιιι
875 4641 1009 4707 Περὶ
1043 4639 1256 4708 ἀρχῶν,
1283 4657 1400 4710 cap.
1427 4641 1478 4695 1.

371 4715 463 4782 85)
507 4711 672 4782 Editi,
702 4728 719 4759 ι
753 4719 1111 4782 quantum_est
1139 4713 1199 4782 iu_
1223 4711 1452 4782 homine,
1486 4711 1590 4782 vim
1625 4711 1824 4766 sollici-

273 4778 486 4837 tudinis
506 4789 562 4832 et
607 4778 803 4831 laboris
825 4779 1087 4843 expendat
1111 4793 1126 4842 ;
1157 4779 1295 4832 sicut
1327 4780 1616 4832 obstaculis
1643 4785 1820 4834 omui-

272 4855 378 4907 bus
403 4849 715 4902 amotis.....
758 4847 822 4898 ad
850 4847 1160 4913 perfectum.
1199 4864 1218 4896 ι

349 4919 462 4987 (86)
505 4916 668 4987 Editi,
692 4931 711 4964 ι
747 4915 888 4981 pium
915 4923 967 4966 et
1014 4913 1314 4987 religiosum
1347 4923 1448 4975 est,
1482 4914 1600 4968 ideo
1635 4924 1686 4968 et
1725 4915 1821 4987 lio-

270 4982 406 5041 nuin
440 4982 587 5049 quod
619 4982 672 5034 in
698 4997 755 5036 se
789 4992 869 5034 est
892 4982 1070 5046 operis
1094 4997 1383 5034 suuuna....
1420 4992 1627 5046 putare.
1665 5004 1683 5034 ι
1722 4983 1819 5038 Ms.

273 5070 422 5109 unus
444 5053 665 5121 Regius,
703 5067 722 5100 ι
746 5052 913 5121 pium
945 5051 1125 5116 utique
1152 5062 1202 5103 et
1232 5049 1531 5116 religiosum
1564 5063 1643 5104 est
1671 5055 1734 5104 de
1757 5070 1820 5107 eo

267 5133 330 5176 et
361 5119 583 5176 homich
619 5119 757 5186 quod
801 5119 851 5170 in
901 5133 958 5170 se
987 5121 1158 5186 agitur
1184 5133 1358 5183 opere.
1405 5133 1672 5170 summam
1715 5123 1820 5174 Deo

275 5191 471 5256 magis,
512 5205 532 5238 ι
567 5185 673 5239 etc.
709 5186 807 5238 Ms.
838 5185 1396 5256 codexAVallis-Clarw,
1427 5201 1444 5232 ι
1471 5187 1603 5256 _er
1640 5199 1692 5238 et
1727 5188 1820 5240 ho-

273 5252 406 5310 mini
443 5257 588 5324 quod
614 5256 666 5306 in
695 5269 752 5306 se
777 5265 857 5306 est
882 5254 1057 5324 operis
1083 5267 1424 5324 summatm...
1469 5252 1758 5320 imputare.
1796 5277 1813 5306 ›

270 5324 382 5377 Sed
413 5321 596 5376 caeteri
637 5337 763 5372 mss.
807 5330 860 5372 et
901 5322 1143 5372 llahanus
1174 5331 1228 5371 ut
1264 5321 1310 5372 in
1349 5329 1542 5371 nostro
1585 5332 1746 5374 textu.

347 5392 462 5457 (87)
508 5391 572 5441 Et
601 5391 686 5440 ille
713 5390 798 5448 qui
849 5389 975 5451 rigat
1008 5403 1024 5446 ;
1053 5390 1137 5436 sed
1164 5405 1267 5438 cum
1314 5386 1398 5456 qui
1427 5389 1666 5454 plantat.
1698 5392 1817 5446 ιιωρ

268 5459 472 5512 desunt
507 5459 557 5508 in
584 5459 758 5508 edim.

348 5525 463 5596 (88)
503 5525 662 5586 Editi,
701 5541 716 5571 ι
751 5521 1080 5587 perficienda.
1114 5538 1132 5570 ι

1993 4505 2102 4582 (89)
2141 4506 2274 4558 Editi
2305 4518 2360 4582 et
2401 4523 2528 4582 mss.
2572 4511 2768 4577 plures,
2795 4529 2814 4561 ι
2851 4513 3113 4564 nntriendi
3163 4517 3390 4582 pecoris.
3429 4533 3454 4566 ι

1930 4575 2354 4646 ιῖίιιξξιιιιξνιιιι]
2390 4575 2721 4630 nutriendum
2763 4596 2972 4646 pecora.
3010 4599 3028 4632 ι

1998 4640 2107 4716 (91))
2149 4643 2314 4716 Editi,
2370 4663 2388 4694 ι
2441 4647 2631 4698 cubilis
2685 4640 2776 4698 sui
2808 4659 2986 4716 aptum
3030 4650 3255 4716 probat,
3294 4668 3315 4702 ι
3360 4651 3454 4714 al.,

1935 4729 1953 4761 ι
1995 4713 2254 4778 probarit,
2293 4730 2312 4764 ι
2344 4723 2450 4765 etc.

1959 4848 1971 4860 .
1998 4777 2108 4857 (91)
2147 4779 2320 4845 Alias,
2361 4798 2379 4830 ι
2428 4779 2819 4836 debuissent....
2855 4785 3321 4840 conuuiserunt....
3352 4785 3454 4837 du-

1929 4863 2046 4900 I'ISSI
2055 4863 2217 4899 mum.
2251 4866 2270 4907 ᾖ

1997 4915 2105 4989 (92)
2132 4917 2297 4989 Alias,
2335 4933 2354 4965 ι
2384 4913 2672 4968 duriorem.
2708 4934 2726 4967 ι
2759 4918 2821 4970 Ει
2841 4930 3042 4989 postea,
3071 4937 3091 4970 ι
3121 4919 3311 4972 Volens
3331 4935 3458 4988 ergo

1925 4985 2198 5037 interitum
2225 4986 2357 5051 ejus,
2394 5000 2413 5032 ι
2447 4993 2550 5035 etc.

1995 5053 2106 5120 (93)
2134 5051 2294 5109 Editi,
2335 5069 2353 5100 ι
2382 5051 2669 5120 infrunite;
2715 5071 2735 5104 ι
2775 5056 2868 5110 sed
2891 5068 3079 5110 omnes
3118 5071 3244 5108 mss.
3271 5067 3324 5109 et
3354 5055 3458 5110 Ba-

1923 5119 2111 5180 banus,
2151 5119 2442 5174 (infrenis.
2487 5138 2504 5169 ι

1993 5187 2103 5256 (94)
2128 5186 2286 5253 Ergo.
2313 5185 2424 5237 Non
2454 5188 2718 5254 reperitur
2753 5191 2806 5243 in
2844 5202 3000 5246 antea
3026 5192 3208 5247 editis.

1993 5256 2099 5325 (95)
2141 5257 2292 5325 begs-1
2325 5271 2343 5302 ι
2383 5266 2557 5306 autem
2595 5274 2611 5303 ι
2641 5257 2692 5307 in
2722 5263 2900 5315 editis.

1990 5323 2098 5390 (96)
2135 5341 2152 5372 ι
2207 5323 2342 5374 Deus
2387 5342 2403 5371 ›
2442 5325 2701 5374 omittitur
2746 5327 2799 5379 in
2845 5327 3024 5382 editis.
3073 5327 3273 5382 Deinde
3318 5345 3448 5384 mss.

1921 5395 2158 5510 ιιιίξιιειιιι,
2195 5401 2249 5443 et
2282 5390 2557 5453 liabanus,
2595 5408 2613 5439 ι
2668 5391 2994 5462 lenioribus,
3041 5413 3063 5450 ι
3095 5412 3195 5468 pro
3241 5414 3260 5449 ι
3295 5399 3456 5453 levius

1921 5475 1966 5510 rt
2009 5472 2088 5508 ns.
2125 5477 2142 5508 ι

1921 5472 2088 5511 riuus.
2125 5477 2142 5508 ι

1992 5527 2099 5595 (97)
2138 5527 2300 5593 Alias,
2329 5543 2346 5576 ι
2384 5527 2647 5582 utebatur.
2686 5546 2704 5580 ι
