  <div class='ocr_page' id='page_1' title='image "/cluster/home/n/w/nwhite01/storage/ocr_20150623/14 (Origen; pt. 4)/nyp.33433081862280/587.png"; bbox 0 0 3894 6244; ppageno 0'>
   <div class='ocr_carea' id='block_1_1' title="bbox 346 301 480 354">
    <p class='ocr_par' dir='ltr' id='par_1_1' title="bbox 346 301 480 354">
     <span class='ocr_line' id='line_1_1' title="bbox 346 301 480 354; baseline -0.007 -1"><span class='ocrx_word' id='word_1_1' title='bbox 346 301 480 354; x_wconf 65' lang='grc'><strong>1147</strong></span> 
     </span>
    </p>
   </div>
   <div class='ocr_carea' id='block_1_2' title="bbox 345 482 1873 570">
    <p class='ocr_par' dir='ltr' id='par_1_2' title="bbox 345 482 1873 570">
     <span class='ocr_line' id='line_1_2' title="bbox 345 482 1873 570; baseline -0.02 -6"><span class='ocrx_word' id='word_1_2' title='bbox 345 513 498 570; x_wconf 85' lang='lat' dir='ltr'><strong>deus,</strong></span> <span class='ocrx_word' id='word_1_3' title='bbox 524 507 593 558; x_wconf 91' lang='lat' dir='ltr'><strong>ita</strong></span> <span class='ocrx_word' id='word_1_4' title='bbox 620 513 675 555; x_wconf 93' lang='lat' dir='ltr'><strong>nt</strong></span> <span class='ocrx_word' id='word_1_5' title='bbox 701 503 763 553; x_wconf 89' lang='lat' dir='ltr'><strong>ad</strong></span> <span class='ocrx_word' id='word_1_6' title='bbox 790 500 961 566; x_wconf 89' lang='lat' dir='ltr'><strong>ipsum</strong></span> <span class='ocrx_word' id='word_1_7' title='bbox 996 493 1103 549; x_wconf 92' lang='lat' dir='ltr'><strong>dici</strong></span> <span class='ocrx_word' id='word_1_8' title='bbox 1122 490 1404 546; x_wconf 91' lang='lat' dir='ltr'><strong>conveniat</strong></span> <span class='ocrx_word' id='word_1_9' title='bbox 1430 486 1555 539; x_wconf 91' lang='lat' dir='ltr'><strong>illud</strong></span> <span class='ocrx_word' id='word_1_10' title='bbox 1577 485 1715 554; x_wconf 89' lang='lat' dir='ltr'><strong>quod</strong></span> <span class='ocrx_word' id='word_1_11' title='bbox 1739 482 1873 537; x_wconf 89' lang='lat' dir='ltr'><strong>scri-</strong></span> 
     </span>
    </p>
   </div>
   <div class='ocr_carea' id='block_1_3' title="bbox 346 577 1872 663">
    <p class='ocr_par' dir='ltr' id='par_1_3' title="bbox 346 577 1872 663">
     <span class='ocr_line' id='line_1_3' title="bbox 346 577 1872 663; baseline -0.017 -12"><span class='ocrx_word' id='word_1_12' title='bbox 346 602 424 651; x_wconf 76' lang='lat' dir='ltr'><strong>bit</strong></span> <span class='ocrx_word' id='word_1_13' title='bbox 454 592 730 663; x_wconf 84' lang='lat' dir='ltr'><strong>Apostolus</strong></span> <span class='ocrx_word' id='word_1_14' title='bbox 752 590 796 621; x_wconf 82' lang='grc'>²¹</span> <span class='ocrx_word' id='word_1_15' title='bbox 826 602 842 640; x_wconf 90' lang='lat'><strong>:</strong></span> <span class='ocrx_word' id='word_1_16' title='bbox 871 614 889 638; x_wconf 74' lang='grc' dir='ltr'><strong>ι</strong></span> <span class='ocrx_word' id='word_1_17' title='bbox 916 588 996 639; x_wconf 89' lang='lat' dir='ltr'><strong>An</strong></span> <span class='ocrx_word' id='word_1_18' title='bbox 1014 582 1223 636; x_wconf 90' lang='lat' dir='ltr'><strong>divitias</strong></span> <span class='ocrx_word' id='word_1_19' title='bbox 1239 578 1493 633; x_wconf 72' lang='lat' dir='ltr'><strong>bonitatis</strong></span> <span class='ocrx_word' id='word_1_20' title='bbox 1515 577 1651 642; x_wconf 86' lang='lat' dir='ltr'><strong>ejus,</strong></span> <span class='ocrx_word' id='word_1_21' title='bbox 1697 586 1748 631; x_wconf 91' lang='lat' dir='ltr'><strong>et</strong></span> <span class='ocrx_word' id='word_1_22' title='bbox 1779 588 1872 644; x_wconf 84' lang='lat' dir='ltr'><strong>pa-</strong></span> 
     </span>
    </p>
   </div>
   <div class='ocr_carea' id='block_1_4' title="bbox 343 666 1872 747">
    <p class='ocr_par' dir='ltr' id='par_1_4' title="bbox 343 666 1872 747">
     <span class='ocr_line' id='line_1_4' title="bbox 343 666 1872 747; baseline -0.014 -11"><span class='ocrx_word' id='word_1_23' title='bbox 343 684 536 737; x_wconf 69' lang='lat' dir='ltr'><strong>tientia:</strong></span> <span class='ocrx_word' id='word_1_24' title='bbox 557 678 684 747; x_wconf 85' lang='lat'><strong>(98),</strong></span> <span class='ocrx_word' id='word_1_25' title='bbox 710 670 1197 743; x_wconf 84' lang='lat' dir='ltr'><strong>etlonganimitatis</strong></span> <span class='ocrx_word' id='word_1_26' title='bbox 1240 666 1571 730; x_wconf 79' lang='lat' dir='ltr'><strong>contemnis,</strong></span> <span class='ocrx_word' id='word_1_27' title='bbox 1619 666 1872 734; x_wconf 80' lang='lat' dir='ltr'><strong>ignorans</strong></span> 
     </span>
    </p>
   </div>
   <div class='ocr_carea' id='block_1_5' title="bbox 346 751 1877 838">
    <p class='ocr_par' dir='ltr' id='par_1_5' title="bbox 346 751 1877 838">
     <span class='ocr_line' id='line_1_5' title="bbox 346 751 1877 838; baseline -0.01 -19"><span class='ocrx_word' id='word_1_28' title='bbox 346 770 596 838; x_wconf 88' lang='lat' dir='ltr'><strong>quoniam</strong></span> <span class='ocrx_word' id='word_1_29' title='bbox 628 765 884 836; x_wconf 73' lang='lat' dir='ltr'><strong>patientia</strong></span> <span class='ocrx_word' id='word_1_30' title='bbox 920 763 1011 816; x_wconf 89' lang='lat' dir='ltr'><strong>Dei</strong></span> <span class='ocrx_word' id='word_1_31' title='bbox 1048 760 1113 814; x_wconf 92' lang='lat' dir='ltr'><strong>ad</strong></span> <span class='ocrx_word' id='word_1_32' title='bbox 1145 757 1513 828; x_wconf 69' lang='lat' dir='ltr'><strong>tumuitentiam</strong></span> <span class='ocrx_word' id='word_1_33' title='bbox 1550 765 1599 807; x_wconf 91' lang='lat' dir='ltr'><strong>te</strong></span> <span class='ocrx_word' id='word_1_34' title='bbox 1626 751 1877 806; x_wconf 83' lang='lat' dir='ltr'><strong>adducit?</strong></span> 
     </span>
    </p>
   </div>
   <div class='ocr_carea' id='block_1_6' title="bbox 349 844 1876 915">
    <p class='ocr_par' dir='ltr' id='par_1_6' title="bbox 349 844 1876 915">
     <span class='ocr_line' id='line_1_6' title="bbox 349 844 1876 915; baseline -0.014 -1"><span class='ocrx_word' id='word_1_35' title='bbox 349 860 650 915; x_wconf 85' lang='lat' dir='ltr'><strong>Secundum</strong></span> <span class='ocrx_word' id='word_1_36' title='bbox 683 854 932 909; x_wconf 86' lang='lat' dir='ltr'><strong>duritiam</strong></span> <span class='ocrx_word' id='word_1_37' title='bbox 956 863 1131 904; x_wconf 89' lang='lat' dir='ltr'><strong>autem</strong></span> <span class='ocrx_word' id='word_1_38' title='bbox 1170 857 1313 901; x_wconf 87' lang='lat' dir='ltr'><strong>tuam</strong></span> <span class='ocrx_word' id='word_1_39' title='bbox 1341 855 1392 900; x_wconf 88' lang='lat' dir='ltr'><strong>et</strong></span> <span class='ocrx_word' id='word_1_40' title='bbox 1421 860 1514 899; x_wconf 89' lang='lat' dir='ltr'><strong>cor</strong></span> <span class='ocrx_word' id='word_1_41' title='bbox 1536 844 1876 911; x_wconf 74' lang='lat' dir='ltr'><strong>impmnitens</strong></span> 
     </span>
    </p>
   </div>
   <div class='ocr_carea' id='block_1_7' title="bbox 349 933 1876 1011">
    <p class='ocr_par' dir='ltr' id='par_1_7' title="bbox 349 933 1876 1011">
     <span class='ocr_line' id='line_1_7' title="bbox 349 933 1876 1011; baseline -0.012 -7"><span class='ocrx_word' id='word_1_42' title='bbox 349 949 680 1004; x_wconf 77' lang='lat' dir='ltr'><strong>thesaurizas</strong></span> <span class='ocrx_word' id='word_1_43' title='bbox 712 945 804 998; x_wconf 87' lang='lat' dir='ltr'><strong>tibi</strong></span> <span class='ocrx_word' id='word_1_44' title='bbox 847 943 947 1011; x_wconf 88' lang='lat' dir='ltr'><strong>ipsi</strong></span> <span class='ocrx_word' id='word_1_45' title='bbox 983 943 1119 995; x_wconf 91' lang='lat' dir='ltr'><strong>iram</strong></span> <span class='ocrx_word' id='word_1_46' title='bbox 1166 940 1217 993; x_wconf 94' lang='lat' dir='ltr'><strong>in</strong></span> <span class='ocrx_word' id='word_1_47' title='bbox 1265 939 1351 991; x_wconf 91' lang='lat' dir='ltr'><strong>die</strong></span> <span class='ocrx_word' id='word_1_48' title='bbox 1402 937 1514 989; x_wconf 68' lang='lat' dir='ltr'><strong>iraa.</strong></span> <span class='ocrx_word' id='word_1_49' title='bbox 1556 953 1575 986; x_wconf 87' lang='grc'><strong>›</strong></span> <span class='ocrx_word' id='word_1_50' title='bbox 1607 933 1720 987; x_wconf 88' lang='lat' dir='ltr'><strong>Non</strong></span> <span class='ocrx_word' id='word_1_51' title='bbox 1751 948 1876 1001; x_wconf 82' lang='lat' dir='ltr'><strong>ergo</strong></span> 
     </span>
    </p>
   </div>
   <div class='ocr_carea' id='block_1_8' title="bbox 352 1024 1878 1110">
    <p class='ocr_par' dir='ltr' id='par_1_8' title="bbox 352 1024 1878 1110">
     <span class='ocr_line' id='line_1_8' title="bbox 352 1024 1878 1110; baseline -0.012 -17"><span class='ocrx_word' id='word_1_52' title='bbox 352 1057 508 1110; x_wconf 91' lang='lat' dir='ltr'><strong>quem</strong></span> <span class='ocrx_word' id='word_1_53' title='bbox 535 1040 650 1091; x_wconf 93' lang='lat' dir='ltr'><strong>vult</strong></span> <span class='ocrx_word' id='word_1_54' title='bbox 681 1037 821 1090; x_wconf 88' lang='lat' dir='ltr'><strong>Deus</strong></span> <span class='ocrx_word' id='word_1_55' title='bbox 853 1036 1084 1095; x_wconf 89' lang='lat' dir='ltr'><strong>indurat,</strong></span> <span class='ocrx_word' id='word_1_56' title='bbox 1112 1031 1203 1084; x_wconf 91' lang='lat' dir='ltr'><strong>sed</strong></span> <span class='ocrx_word' id='word_1_57' title='bbox 1231 1030 1319 1098; x_wconf 90' lang='lat' dir='ltr'><strong>qui</strong></span> <span class='ocrx_word' id='word_1_58' title='bbox 1350 1027 1615 1097; x_wconf 75' lang='lat' dir='ltr'><strong>patientia:</strong></span> <span class='ocrx_word' id='word_1_59' title='bbox 1643 1024 1754 1094; x_wconf 87' lang='lat'><strong>(99)</strong></span> <span class='ocrx_word' id='word_1_60' title='bbox 1785 1025 1878 1076; x_wconf 64' lang='lat' dir='ltr'><strong>ob»-</strong></span> 
     </span>
    </p>
   </div>
   <div class='ocr_carea' id='block_1_9' title="bbox 353 1116 1878 1197">
    <p class='ocr_par' dir='ltr' id='par_1_9' title="bbox 353 1116 1878 1197">
     <span class='ocr_line' id='line_1_9' title="bbox 353 1116 1878 1197; baseline -0.013 -12"><span class='ocrx_word' id='word_1_61' title='bbox 353 1141 648 1197; x_wconf 89' lang='lat' dir='ltr'><strong>tempcrare</strong></span> <span class='ocrx_word' id='word_1_62' title='bbox 681 1123 929 1186; x_wconf 83' lang='lat' dir='ltr'><strong>noluerit,</strong></span> <span class='ocrx_word' id='word_1_63' title='bbox 958 1122 1253 1175; x_wconf 90' lang='lat' dir='ltr'><strong>induratur.</strong></span> <span class='ocrx_word' id='word_1_64' title='bbox 1286 1116 1622 1185; x_wconf 86' lang='lat' dir='ltr'><strong>Superﬁuum</strong></span> <span class='ocrx_word' id='word_1_65' title='bbox 1644 1127 1768 1183; x_wconf 87' lang='lat' dir='ltr'><strong>ergo</strong></span> <span class='ocrx_word' id='word_1_66' title='bbox 1795 1121 1878 1165; x_wconf 89' lang='lat' dir='ltr'><strong>est</strong></span> 
     </span>
    </p>
   </div>
   <div class='ocr_carea' id='block_1_10' title="bbox 350 1198 1878 1287">
    <p class='ocr_par' dir='ltr' id='par_1_10' title="bbox 350 1198 1878 1287">
     <span class='ocr_line' id='line_1_10' title="bbox 350 1198 1878 1287; baseline -0.014 -15"><span class='ocrx_word' id='word_1_67' title='bbox 350 1218 491 1287; x_wconf 90' lang='lat' dir='ltr'><strong>quod</strong></span> <span class='ocrx_word' id='word_1_68' title='bbox 514 1216 644 1269; x_wconf 90' lang='lat' dir='ltr'><strong>dicis</strong></span> <span class='ocrx_word' id='word_1_69' title='bbox 664 1210 932 1282; x_wconf 86' lang='lat' dir='ltr'><strong>Apostolo,</strong></span> <span class='ocrx_word' id='word_1_70' title='bbox 958 1225 990 1263; x_wconf 90' lang='grc' dir='ltr'>ο</span> <span class='ocrx_word' id='word_1_71' title='bbox 1039 1220 1096 1263; x_wconf 82' lang='grc' dir='ltr'><strong>ιιι</strong></span> <span class='ocrx_word' id='word_1_72' title='bbox 1129 1207 1219 1275; x_wconf 88' lang='lat' dir='ltr'><strong>qui</strong></span> <span class='ocrx_word' id='word_1_73' title='bbox 1251 1202 1674 1271; x_wconf 86' lang='lat' dir='ltr'><strong>adversaris(l):</strong></span> <span class='ocrx_word' id='word_1_74' title='bbox 1704 1218 1722 1251; x_wconf 84' lang='grc'><strong>‹</strong></span> <span class='ocrx_word' id='word_1_75' title='bbox 1746 1198 1878 1262; x_wconf 83' lang='lat' dir='ltr'><strong>Quid</strong></span> 
     </span>
    </p>
   </div>
   <div class='ocr_carea' id='block_1_11' title="bbox 349 1291 1878 1378">
    <p class='ocr_par' dir='ltr' id='par_1_11' title="bbox 349 1291 1878 1378">
     <span class='ocr_line' id='line_1_11' title="bbox 349 1291 1878 1378; baseline -0.014 -14"><span class='ocrx_word' id='word_1_76' title='bbox 349 1325 475 1378; x_wconf 85' lang='lat' dir='ltr'><strong>ergo</strong></span> <span class='ocrx_word' id='word_1_77' title='bbox 512 1310 681 1361; x_wconf 90' lang='lat' dir='ltr'><strong>adhuc</strong></span> <span class='ocrx_word' id='word_1_78' title='bbox 698 1304 972 1373; x_wconf 85' lang='lat' dir='ltr'><strong>queritur?</strong></span> <span class='ocrx_word' id='word_1_79' title='bbox 1013 1298 1274 1353; x_wconf 83' lang='lat' dir='ltr'><strong>Voluntati</strong></span> <span class='ocrx_word' id='word_1_80' title='bbox 1298 1296 1437 1351; x_wconf 91' lang='lat' dir='ltr'><strong>enim</strong></span> <span class='ocrx_word' id='word_1_81' title='bbox 1463 1293 1575 1361; x_wconf 85' lang='lat' dir='ltr'><strong>ejus</strong></span> <span class='ocrx_word' id='word_1_82' title='bbox 1596 1293 1713 1361; x_wconf 90' lang='lat' dir='ltr'><strong>quis</strong></span> <span class='ocrx_word' id='word_1_83' title='bbox 1744 1291 1878 1344; x_wconf 90' lang='lat' dir='ltr'><strong>resi-</strong></span> 
     </span>
    </p>
   </div>
   <div class='ocr_carea' id='block_1_12' title="bbox 349 1377 1880 1459">
    <p class='ocr_par' dir='ltr' id='par_1_12' title="bbox 349 1377 1880 1459">
     <span class='ocr_line' id='line_1_12' title="bbox 349 1377 1880 1459; baseline -0.015 -7"><span class='ocrx_word' id='word_1_84' title='bbox 349 1377 486 1452; x_wconf 87' lang='lat' dir='ltr'><strong>stit?</strong></span> <span class='ocrx_word' id='word_1_85' title='bbox 511 1418 528 1450; x_wconf 76' lang='grc' dir='ltr'><strong>ι</strong></span> <span class='ocrx_word' id='word_1_86' title='bbox 556 1394 827 1450; x_wconf 80' lang='lat' dir='ltr'><strong>Voluntati</strong></span> <span class='ocrx_word' id='word_1_87' title='bbox 856 1390 1068 1459; x_wconf 84' lang='lat' dir='ltr'><strong>quidem</strong></span> <span class='ocrx_word' id='word_1_88' title='bbox 1094 1387 1184 1440; x_wconf 86' lang='lat' dir='ltr'><strong>Dei</strong></span> <span class='ocrx_word' id='word_1_89' title='bbox 1213 1394 1414 1438; x_wconf 90' lang='lat' dir='ltr'><strong>certum</strong></span> <span class='ocrx_word' id='word_1_90' title='bbox 1444 1391 1526 1436; x_wconf 90' lang='lat' dir='ltr'><strong>est</strong></span> <span class='ocrx_word' id='word_1_91' title='bbox 1549 1381 1689 1450; x_wconf 90' lang='lat' dir='ltr'><strong>quod</strong></span> <span class='ocrx_word' id='word_1_92' title='bbox 1707 1377 1880 1432; x_wconf 90' lang='lat' dir='ltr'><strong>nullus</strong></span> 
     </span>
    </p>
   </div>
   <div class='ocr_carea' id='block_1_13' title="bbox 351 1477 1882 1553">
    <p class='ocr_par' dir='ltr' id='par_1_13' title="bbox 351 1477 1882 1553">
     <span class='ocr_line' id='line_1_13' title="bbox 351 1477 1882 1553; baseline -0.016 -11"><span class='ocrx_word' id='word_1_93' title='bbox 351 1490 608 1553; x_wconf 88' lang='lat' dir='ltr'><strong>obsistat;</strong></span> <span class='ocrx_word' id='word_1_94' title='bbox 664 1485 756 1539; x_wconf 90' lang='lat' dir='ltr'><strong>sed</strong></span> <span class='ocrx_word' id='word_1_95' title='bbox 803 1484 1127 1537; x_wconf 82' lang='lat' dir='ltr'><strong>voluntatem</strong></span> <span class='ocrx_word' id='word_1_96' title='bbox 1177 1478 1290 1545; x_wconf 82' lang='lat' dir='ltr'><strong>ejus</strong></span> <span class='ocrx_word' id='word_1_97' title='bbox 1332 1477 1526 1544; x_wconf 88' lang='lat' dir='ltr'><strong>justam</strong></span> <span class='ocrx_word' id='word_1_98' title='bbox 1577 1480 1882 1535; x_wconf 80' lang='lat' dir='ltr'><strong>rectamqne</strong></span> 
     </span>
    </p>
   </div>
   <div class='ocr_carea' id='block_1_14' title="bbox 353 1555 1881 1636">
    <p class='ocr_par' dir='ltr' id='par_1_14' title="bbox 353 1555 1881 1636">
     <span class='ocr_line' id='line_1_14' title="bbox 353 1555 1881 1636; baseline -0.015 -6"><span class='ocrx_word' id='word_1_99' title='bbox 353 1592 474 1630; x_wconf 83' lang='lat' dir='ltr'><strong>esse</strong></span> <span class='ocrx_word' id='word_1_100' title='bbox 507 1576 649 1628; x_wconf 90' lang='lat' dir='ltr'><strong>scire</strong></span> <span class='ocrx_word' id='word_1_101' title='bbox 684 1589 780 1626; x_wconf 91' lang='lat' dir='ltr'><strong>nos</strong></span> <span class='ocrx_word' id='word_1_102' title='bbox 820 1569 1071 1625; x_wconf 83' lang='lat' dir='ltr'><strong>convenit</strong></span> <span class='ocrx_word' id='word_1_103' title='bbox 1098 1567 1194 1636; x_wconf 71' lang='lat'><strong>(2).</strong></span> <span class='ocrx_word' id='word_1_104' title='bbox 1226 1565 1292 1619; x_wconf 88' lang='lat' dir='ltr'><strong>Ut.</strong></span> <span class='ocrx_word' id='word_1_105' title='bbox 1323 1562 1445 1616; x_wconf 91' lang='lat' dir='ltr'><strong>boni</strong></span> <span class='ocrx_word' id='word_1_106' title='bbox 1474 1560 1613 1614; x_wconf 91' lang='lat' dir='ltr'><strong>enim</strong></span> <span class='ocrx_word' id='word_1_107' title='bbox 1647 1566 1736 1610; x_wconf 89' lang='lat' dir='ltr'><strong>aut</strong></span> <span class='ocrx_word' id='word_1_108' title='bbox 1760 1555 1881 1608; x_wconf 85' lang='lat' dir='ltr'><strong>ntali</strong></span> 
     </span>
    </p>
   </div>
   <div class='ocr_carea' id='block_1_15' title="bbox 351 1647 1879 1719">
    <p class='ocr_par' dir='ltr' id='par_1_15' title="bbox 351 1647 1879 1719">
     <span class='ocr_line' id='line_1_15' title="bbox 351 1647 1879 1719; baseline -0.014 0"><span class='ocrx_word' id='word_1_109' title='bbox 351 1668 521 1719; x_wconf 89' lang='lat' dir='ltr'><strong>simus</strong></span> <span class='ocrx_word' id='word_1_110' title='bbox 549 1672 742 1716; x_wconf 72' lang='lat' dir='ltr'><strong>nostra:</strong></span> <span class='ocrx_word' id='word_1_111' title='bbox 764 1659 1050 1714; x_wconf 82' lang='lat' dir='ltr'><strong>voluntatis</strong></span> <span class='ocrx_word' id='word_1_112' title='bbox 1069 1667 1149 1710; x_wconf 86' lang='lat' dir='ltr'><strong>est</strong></span> <span class='ocrx_word' id='word_1_113' title='bbox 1180 1674 1194 1709; x_wconf 91' lang='lat'><strong>:</strong></span> <span class='ocrx_word' id='word_1_114' title='bbox 1223 1654 1396 1707; x_wconf 89' lang='lat' dir='ltr'><strong>malus</strong></span> <span class='ocrx_word' id='word_1_115' title='bbox 1425 1661 1598 1706; x_wconf 88' lang='lat' dir='ltr'><strong>autem</strong></span> <span class='ocrx_word' id='word_1_116' title='bbox 1621 1649 1685 1701; x_wconf 92' lang='lat' dir='ltr'><strong>ad</strong></span> <span class='ocrx_word' id='word_1_117' title='bbox 1701 1647 1879 1716; x_wconf 88' lang='lat' dir='ltr'><strong>cujus-</strong></span> 
     </span>
    </p>
   </div>
   <div class='ocr_carea' id='block_1_16' title="bbox 1749 268 2063 328">
    <p class='ocr_par' dir='ltr' id='par_1_16' title="bbox 1749 268 2063 328">
     <span class='ocr_line' id='line_1_16' title="bbox 1749 268 2063 328; baseline -0.025 0"><span class='ocrx_word' id='word_1_118' title='bbox 1749 271 1904 328; x_wconf 81' lang='lat' dir='ltr'><strong>ORIG</strong></span> <span class='ocrx_word' id='word_1_119' title='bbox 1914 268 2063 323; x_wconf 85' lang='lat' dir='ltr'><strong>ENIS</strong></span> 
     </span>
    </p>
   </div>
   <div class='ocr_carea' id='block_1_17' title="bbox 348 363 3063 476">
    <p class='ocr_par' dir='ltr' id='par_1_17' title="bbox 348 363 3063 476">
     <span class='ocr_line' id='line_1_17' title="bbox 348 363 3063 476; baseline -0.022 -1"><span class='ocrx_word' id='word_1_120' title='bbox 348 422 569 476; x_wconf 85' lang='lat' dir='ltr'><strong>rabatur</strong></span> <span class='ocrx_word' id='word_1_121' title='bbox 601 414 666 467; x_wconf 90' lang='lat' dir='ltr'><strong>ad</strong></span> <span class='ocrx_word' id='word_1_122' title='bbox 687 414 1071 475; x_wconf 89' lang='lat' dir='ltr'><strong>contemptum,</strong></span> <span class='ocrx_word' id='word_1_123' title='bbox 1106 399 1365 468; x_wconf 83' lang='lat' dir='ltr'><strong>majorem</strong></span> <span class='ocrx_word' id='word_1_124' title='bbox 1388 395 1490 451; x_wconf 88' lang='lat' dir='ltr'><strong>sibi</strong></span> <span class='ocrx_word' id='word_1_125' title='bbox 1521 395 1653 448; x_wconf 89' lang='lat' dir='ltr'><strong>iram</strong></span> <span class='ocrx_word' id='word_1_126' title='bbox 1683 406 1871 446; x_wconf 86' lang='lat' dir='ltr'><strong>recou-</strong></span> <span class='ocrx_word' id='word_1_127' title='bbox 1904 391 1944 445; x_wconf 81' lang='grc' dir='ltr'><strong>Α</strong></span> <span class='ocrx_word' id='word_1_128' title='bbox 1972 383 2215 438; x_wconf 90' lang='lat' dir='ltr'><strong>omnibus</strong></span> <span class='ocrx_word' id='word_1_129' title='bbox 2244 379 2334 434; x_wconf 86' lang='lat' dir='ltr'><strong>Dei</strong></span> <span class='ocrx_word' id='word_1_130' title='bbox 2364 363 3063 476; x_wconf 31' lang='lat' dir='ltr'><strong>dispensationibusjsll</strong></span> 
     </span>
    </p>
   </div>
   <div class='ocr_carea' id='block_1_18' title="bbox 3529 232 3664 287">
    <p class='ocr_par' dir='ltr' id='par_1_18' title="bbox 3529 232 3664 287">
     <span class='ocr_line' id='line_1_18' title="bbox 3529 232 3664 287; baseline -0.007 0"><span class='ocrx_word' id='word_1_131' title='bbox 3529 232 3664 287; x_wconf 68' lang='grc'><strong>1143</strong></span> 
     </span>
    </p>
   </div>
   <div class='ocr_carea' id='block_1_19' title="bbox 3070 350 3664 433">
    <p class='ocr_par' dir='ltr' id='par_1_19' title="bbox 3070 350 3664 433">
     <span class='ocr_line' id='line_1_19' title="bbox 3070 350 3664 433; baseline -0.019 -22"><span class='ocrx_word' id='word_1_132' title='bbox 3070 359 3140 433; x_wconf 72' lang='lat'><strong>6</strong></span> <span class='ocrx_word' id='word_1_133' title='bbox 3169 365 3235 410; x_wconf 88' lang='lat' dir='ltr'><strong>et</strong></span> <span class='ocrx_word' id='word_1_134' title='bbox 3262 350 3512 424; x_wconf 74' lang='lat' dir='ltr'><strong>iudiciis</strong></span> <span class='ocrx_word' id='word_1_135' title='bbox 3533 352 3664 406; x_wconf 79' lang='lat' dir='ltr'><strong>edo-</strong></span> 
     </span>
    </p>
   </div>
   <div class='ocr_carea' id='block_1_20' title="bbox 1971 442 3668 533">
    <p class='ocr_par' dir='ltr' id='par_1_20' title="bbox 1971 442 3668 533">
     <span class='ocr_line' id='line_1_20' title="bbox 1971 442 3668 533; baseline -0.022 -5"><span class='ocrx_word' id='word_1_136' title='bbox 1971 482 2116 527; x_wconf 89' lang='lat' dir='ltr'><strong>ceret</strong></span> <span class='ocrx_word' id='word_1_137' title='bbox 2138 472 2203 522; x_wconf 80' lang='lat'><strong>&quot;.</strong></span> <span class='ocrx_word' id='word_1_138' title='bbox 2232 470 2297 523; x_wconf 86' lang='lat' dir='ltr'><strong>Et</strong></span> <span class='ocrx_word' id='word_1_139' title='bbox 2322 483 2420 521; x_wconf 92' lang='lat' dir='ltr'><strong>nos</strong></span> <span class='ocrx_word' id='word_1_140' title='bbox 2459 442 2594 533; x_wconf 80' lang='lat' dir='ltr'><strong>ergo</strong></span> <span class='ocrx_word' id='word_1_141' title='bbox 2614 462 2663 516; x_wconf 89' lang='lat' dir='ltr'><strong>si</strong></span> <span class='ocrx_word' id='word_1_142' title='bbox 2697 455 2936 527; x_wconf 87' lang='lat' dir='ltr'><strong>aliquid</strong></span> <span class='ocrx_word' id='word_1_143' title='bbox 2962 455 3041 507; x_wconf 90' lang='lat' dir='ltr'><strong>de</strong></span> <span class='ocrx_word' id='word_1_144' title='bbox 3068 446 3336 505; x_wconf 82' lang='lat' dir='ltr'><strong>secretis</strong></span> <span class='ocrx_word' id='word_1_145' title='bbox 3350 442 3462 497; x_wconf 87' lang='lat' dir='ltr'><strong>Dei</strong></span> <span class='ocrx_word' id='word_1_146' title='bbox 3493 451 3554 495; x_wconf 89' lang='lat' dir='ltr'><strong>et</strong></span> <span class='ocrx_word' id='word_1_147' title='bbox 3582 455 3668 494; x_wconf 84' lang='lat' dir='ltr'><strong>re-</strong></span> 
     </span>
    </p>
   </div>
   <div class='ocr_carea' id='block_1_21' title="bbox 1971 531 3670 626">
    <p class='ocr_par' dir='ltr' id='par_1_21' title="bbox 1971 531 3670 626">
     <span class='ocr_line' id='line_1_21' title="bbox 1971 531 3670 626; baseline -0.022 -10"><span class='ocrx_word' id='word_1_148' title='bbox 1971 560 2199 615; x_wconf 89' lang='lat' dir='ltr'><strong>conditis</strong></span> <span class='ocrx_word' id='word_1_149' title='bbox 2235 558 2345 626; x_wconf 87' lang='lat' dir='ltr'><strong>(l0)</strong></span> <span class='ocrx_word' id='word_1_150' title='bbox 2383 531 2784 609; x_wconf 72' lang='lat' dir='ltr'><strong>desideramus</strong></span> <span class='ocrx_word' id='word_1_151' title='bbox 2820 552 3212 614; x_wconf 76' lang='lat' dir='ltr'><strong>agnoscere.</strong></span> <span class='ocrx_word' id='word_1_152' title='bbox 3250 535 3303 589; x_wconf 87' lang='lat' dir='ltr'><strong>si</strong></span> <span class='ocrx_word' id='word_1_153' title='bbox 3352 531 3670 626; x_wconf 72' lang='lat' dir='ltr'><strong>desiderio-</strong></span> 
     </span>
    </p>
   </div>
   <div class='ocr_carea' id='block_1_22' title="bbox 1973 620 3668 709">
    <p class='ocr_par' dir='ltr' id='par_1_22' title="bbox 1973 620 3668 709">
     <span class='ocr_line' id='line_1_22' title="bbox 1973 620 3668 709; baseline -0.019 -3"><span class='ocrx_word' id='word_1_154' title='bbox 1973 668 2089 705; x_wconf 88' lang='lat' dir='ltr'><strong>rum</strong></span> <span class='ocrx_word' id='word_1_155' title='bbox 2115 660 2170 703; x_wconf 88' lang='lat' dir='ltr'><strong>et</strong></span> <span class='ocrx_word' id='word_1_156' title='bbox 2198 663 2300 702; x_wconf 92' lang='lat' dir='ltr'><strong>non</strong></span> <span class='ocrx_word' id='word_1_157' title='bbox 2331 643 2763 700; x_wconf 87' lang='lat' dir='ltr'><strong>contentionum</strong></span> <span class='ocrx_word' id='word_1_158' title='bbox 2796 636 2927 709; x_wconf 91' lang='grc'><strong>(11)</strong></span> <span class='ocrx_word' id='word_1_159' title='bbox 2952 632 3073 685; x_wconf 88' lang='lat' dir='ltr'><strong>viri</strong></span> <span class='ocrx_word' id='word_1_160' title='bbox 3108 640 3357 686; x_wconf 84' lang='lat' dir='ltr'><strong>sumus,</strong></span> <span class='ocrx_word' id='word_1_161' title='bbox 3384 620 3668 676; x_wconf 77' lang='lat' dir='ltr'><strong>occultius</strong></span> 
     </span>
    </p>
   </div>
   <div class='ocr_carea' id='block_1_23' title="bbox 1975 712 3671 794">
    <p class='ocr_par' dir='ltr' id='par_1_23' title="bbox 1975 712 3671 794">
     <span class='ocr_line' id='line_1_23' title="bbox 1975 712 3671 794; baseline -0.02 0"><span class='ocrx_word' id='word_1_162' title='bbox 1975 742 2025 794; x_wconf 93' lang='lat' dir='ltr'><strong>in</strong></span> <span class='ocrx_word' id='word_1_163' title='bbox 2054 719 2246 792; x_wconf 81' lang='lat' dir='ltr'><strong>divinis</strong></span> <span class='ocrx_word' id='word_1_164' title='bbox 2277 733 2715 789; x_wconf 83' lang='lat' dir='ltr'><strong>litterisinserta</strong></span> <span class='ocrx_word' id='word_1_165' title='bbox 2756 727 2861 780; x_wconf 89' lang='lat' dir='ltr'><strong>Dei</strong></span> <span class='ocrx_word' id='word_1_166' title='bbox 2894 720 3135 793; x_wconf 89' lang='lat' dir='ltr'><strong>judicia</strong></span> <span class='ocrx_word' id='word_1_167' title='bbox 3176 714 3448 769; x_wconf 85' lang='lat' dir='ltr'><strong>ﬁdeliter</strong></span> <span class='ocrx_word' id='word_1_168' title='bbox 3484 722 3544 765; x_wconf 84' lang='lat' dir='ltr'><strong>et</strong></span> <span class='ocrx_word' id='word_1_169' title='bbox 3574 712 3671 763; x_wconf 77' lang='grc' dir='ltr'><strong>ιω-</strong></span> 
     </span>
    </p>
   </div>
   <div class='ocr_carea' id='block_1_24' title="bbox 1976 802 3672 892">
    <p class='ocr_par' dir='ltr' id='par_1_24' title="bbox 1976 802 3672 892">
     <span class='ocr_line' id='line_1_24' title="bbox 1976 802 3672 892; baseline -0.018 -8"><span class='ocrx_word' id='word_1_170' title='bbox 1976 829 2170 884; x_wconf 90' lang='lat' dir='ltr'><strong>militer</strong></span> <span class='ocrx_word' id='word_1_171' title='bbox 2194 828 2559 892; x_wconf 89' lang='lat' dir='ltr'><strong>requiramus.</strong></span> <span class='ocrx_word' id='word_1_172' title='bbox 2610 819 2937 885; x_wconf 88' lang='lat' dir='ltr'><strong>Propterea</strong></span> <span class='ocrx_word' id='word_1_173' title='bbox 2976 820 3255 876; x_wconf 84' lang='lat' dir='ltr'><strong>namque</strong></span> <span class='ocrx_word' id='word_1_174' title='bbox 3286 812 3358 858; x_wconf 85' lang='lat' dir='ltr'><strong>et</strong></span> <span class='ocrx_word' id='word_1_175' title='bbox 3401 802 3672 856; x_wconf 82' lang='lat' dir='ltr'><strong>Dominus</strong></span> 
     </span>
    </p>
   </div>
   <div class='ocr_carea' id='block_1_25' title="bbox 1975 894 3671 975">
    <p class='ocr_par' dir='ltr' id='par_1_25' title="bbox 1975 894 3671 975">
     <span class='ocr_line' id='line_1_25' title="bbox 1975 894 3671 975; baseline -0.017 -3"><span class='ocrx_word' id='word_1_176' title='bbox 1975 920 2211 974; x_wconf 89' lang='lat' dir='ltr'><strong>dicebat:</strong></span> <span class='ocrx_word' id='word_1_177' title='bbox 2236 935 2254 967; x_wconf 78' lang='grc' dir='ltr'><strong>ι</strong></span> <span class='ocrx_word' id='word_1_178' title='bbox 2280 910 2619 969; x_wconf 88' lang='lat' dir='ltr'><strong>Scrutamini</strong></span> <span class='ocrx_word' id='word_1_179' title='bbox 2649 907 3005 975; x_wconf 85' lang='lat' dir='ltr'><strong>Scripturas</strong></span> <span class='ocrx_word' id='word_1_180' title='bbox 3028 901 3111 963; x_wconf 80' lang='grc'><strong>’⁷,</strong></span> <span class='ocrx_word' id='word_1_181' title='bbox 3144 918 3166 950; x_wconf 76' lang='grc' dir='ltr'><strong><em>ι</em></strong></span> <span class='ocrx_word' id='word_1_182' title='bbox 3189 896 3404 951; x_wconf 89' lang='lat' dir='ltr'><strong>sciens</strong></span> <span class='ocrx_word' id='word_1_183' title='bbox 3432 894 3556 946; x_wconf 72' lang='lat' dir='ltr'><strong>haec</strong></span> <span class='ocrx_word' id='word_1_184' title='bbox 3571 907 3671 945; x_wconf 84' lang='lat' dir='ltr'><strong>non</strong></span> 
     </span>
    </p>
   </div>
   <div class='ocr_carea' id='block_1_26' title="bbox 1976 983 3675 1076">
    <p class='ocr_par' dir='ltr' id='par_1_26' title="bbox 1976 983 3675 1076">
     <span class='ocr_line' id='line_1_26' title="bbox 1976 983 3675 1076; baseline -0.016 -14"><span class='ocrx_word' id='word_1_185' title='bbox 1976 1011 2042 1063; x_wconf 87' lang='lat' dir='ltr'><strong>ab</strong></span> <span class='ocrx_word' id='word_1_186' title='bbox 2076 1009 2159 1062; x_wconf 87' lang='lat' dir='ltr'><strong>his</strong></span> <span class='ocrx_word' id='word_1_187' title='bbox 2193 1007 2282 1076; x_wconf 87' lang='lat' dir='ltr'><strong>qui</strong></span> <span class='ocrx_word' id='word_1_188' title='bbox 2324 1006 2376 1058; x_wconf 93' lang='lat' dir='ltr'><strong>in</strong></span> <span class='ocrx_word' id='word_1_189' title='bbox 2415 1003 2539 1056; x_wconf 89' lang='lat' dir='ltr'><strong>aliis</strong></span> <span class='ocrx_word' id='word_1_190' title='bbox 2570 998 2819 1068; x_wconf 88' lang='lat' dir='ltr'><strong>negotiis</strong></span> <span class='ocrx_word' id='word_1_191' title='bbox 2847 991 3150 1061; x_wconf 85' lang='lat' dir='ltr'><strong>occupati</strong></span> <span class='ocrx_word' id='word_1_192' title='bbox 3198 983 3557 1042; x_wconf 86' lang='lat' dir='ltr'><strong>transitorie</strong></span> <span class='ocrx_word' id='word_1_193' title='bbox 3591 983 3675 1036; x_wconf 79' lang='lat' dir='ltr'><strong>vel</strong></span> 
     </span>
    </p>
   </div>
   <div class='ocr_carea' id='block_1_27' title="bbox 1976 1073 3672 1161">
    <p class='ocr_par' dir='ltr' id='par_1_27' title="bbox 1976 1073 3672 1161">
     <span class='ocr_line' id='line_1_27' title="bbox 1976 1073 3672 1161; baseline -0.017 -11"><span class='ocrx_word' id='word_1_194' title='bbox 1976 1073 2318 1151; x_wconf 40' lang='lat' dir='ltr'><strong>audiunt—vel</strong></span> <span class='ocrx_word' id='word_1_195' title='bbox 2350 1093 2561 1161; x_wconf 91' lang='lat' dir='ltr'><strong>legunt,</strong></span> <span class='ocrx_word' id='word_1_196' title='bbox 2617 1089 2719 1142; x_wconf 89' lang='lat' dir='ltr'><strong>sed</strong></span> <span class='ocrx_word' id='word_1_197' title='bbox 2773 1086 2871 1139; x_wconf 88' lang='lat' dir='ltr'><strong>his</strong></span> <span class='ocrx_word' id='word_1_198' title='bbox 2922 1081 3032 1150; x_wconf 89' lang='lat' dir='ltr'><strong>qui</strong></span> <span class='ocrx_word' id='word_1_199' title='bbox 3100 1090 3277 1131; x_wconf 83' lang='lat' dir='ltr'><strong>reeto</strong></span> <span class='ocrx_word' id='word_1_200' title='bbox 3327 1086 3395 1129; x_wconf 88' lang='lat' dir='ltr'><strong>et</strong></span> <span class='ocrx_word' id='word_1_201' title='bbox 3437 1073 3672 1141; x_wconf 73' lang='lat' dir='ltr'><strong>simplici</strong></span> 
     </span>
    </p>
   </div>
   <div class='ocr_carea' id='block_1_28' title="bbox 1977 1162 3674 1252">
    <p class='ocr_par' dir='ltr' id='par_1_28' title="bbox 1977 1162 3674 1252">
     <span class='ocr_line' id='line_1_28' title="bbox 1977 1162 3674 1252; baseline -0.015 -14"><span class='ocrx_word' id='word_1_202' title='bbox 1977 1186 2157 1248; x_wconf 75' lang='lat' dir='ltr'><strong>mrde,</strong></span> <span class='ocrx_word' id='word_1_203' title='bbox 2182 1184 2296 1252; x_wconf 90' lang='lat' dir='ltr'><strong>jugi</strong></span> <span class='ocrx_word' id='word_1_204' title='bbox 2324 1182 2533 1243; x_wconf 89' lang='lat' dir='ltr'><strong>labore,</strong></span> <span class='ocrx_word' id='word_1_205' title='bbox 2566 1175 2998 1240; x_wconf 89' lang='lat' dir='ltr'><strong>continuisque</strong></span> <span class='ocrx_word' id='word_1_206' title='bbox 3035 1166 3278 1235; x_wconf 78' lang='lat' dir='ltr'><strong>vigiliis</strong></span> <span class='ocrx_word' id='word_1_207' title='bbox 3312 1163 3500 1216; x_wconf 82' lang='lat' dir='ltr'><strong>altius</strong></span> <span class='ocrx_word' id='word_1_208' title='bbox 3526 1162 3674 1215; x_wconf 86' lang='lat' dir='ltr'><strong>Scri-</strong></span> 
     </span>
    </p>
   </div>
   <div class='ocr_carea' id='block_1_29' title="bbox 1979 1254 3676 1344">
    <p class='ocr_par' dir='ltr' id='par_1_29' title="bbox 1979 1254 3676 1344">
     <span class='ocr_line' id='line_1_29' title="bbox 1979 1254 3676 1344; baseline -0.013 -15"><span class='ocrx_word' id='word_1_209' title='bbox 1979 1285 2160 1344; x_wconf 86' lang='lat' dir='ltr'><strong>ptttras</strong></span> <span class='ocrx_word' id='word_1_210' title='bbox 2193 1274 2406 1327; x_wconf 89' lang='lat' dir='ltr'><strong>divinas</strong></span> <span class='ocrx_word' id='word_1_211' title='bbox 2434 1276 2805 1329; x_wconf 86' lang='lat' dir='ltr'><strong>scrutantur,</strong></span> <span class='ocrx_word' id='word_1_212' title='bbox 2843 1260 3088 1332; x_wconf 86' lang='lat' dir='ltr'><strong>aperiri</strong></span> <span class='ocrx_word' id='word_1_213' title='bbox 3130 1276 3147 1311; x_wconf 90' lang='lat'><strong>:</strong></span> <span class='ocrx_word' id='word_1_214' title='bbox 3208 1273 3285 1312; x_wconf 82' lang='lat' dir='ltr'><strong>ex</strong></span> <span class='ocrx_word' id='word_1_215' title='bbox 3331 1254 3552 1324; x_wconf 87' lang='lat' dir='ltr'><strong>quibus</strong></span> <span class='ocrx_word' id='word_1_216' title='bbox 3591 1269 3676 1307; x_wconf 89' lang='lat' dir='ltr'><strong>me</strong></span> 
     </span>
    </p>
   </div>
   <div class='ocr_carea' id='block_1_30' title="bbox 1980 1344 3675 1432">
    <p class='ocr_par' dir='ltr' id='par_1_30' title="bbox 1980 1344 3675 1432">
     <span class='ocr_line' id='line_1_30' title="bbox 1980 1344 3675 1432; baseline -0.012 -17"><span class='ocrx_word' id='word_1_217' title='bbox 1980 1378 2081 1416; x_wconf 93' lang='lat' dir='ltr'><strong>non</strong></span> <span class='ocrx_word' id='word_1_218' title='bbox 2108 1377 2227 1417; x_wconf 87' lang='lat' dir='ltr'><strong>esse</strong></span> <span class='ocrx_word' id='word_1_219' title='bbox 2252 1376 2354 1432; x_wconf 92' lang='lat' dir='ltr'><strong>ego</strong></span> <span class='ocrx_word' id='word_1_220' title='bbox 2386 1362 2528 1414; x_wconf 89' lang='lat' dir='ltr'><strong>bene</strong></span> <span class='ocrx_word' id='word_1_221' title='bbox 2578 1357 2734 1409; x_wconf 93' lang='lat' dir='ltr'><strong>novi.</strong></span> <span class='ocrx_word' id='word_1_222' title='bbox 2784 1355 2849 1407; x_wconf 90' lang='lat' dir='ltr'><strong>Si</strong></span> <span class='ocrx_word' id='word_1_223' title='bbox 2905 1353 3058 1421; x_wconf 87' lang='lat' dir='ltr'><strong>quis</strong></span> <span class='ocrx_word' id='word_1_224' title='bbox 3099 1360 3315 1402; x_wconf 89' lang='lat' dir='ltr'><strong>tamen</strong></span> <span class='ocrx_word' id='word_1_225' title='bbox 3358 1348 3439 1400; x_wconf 88' lang='lat' dir='ltr'><strong>sit</strong></span> <span class='ocrx_word' id='word_1_226' title='bbox 3469 1346 3564 1414; x_wconf 88' lang='lat' dir='ltr'><strong>qui</strong></span> <span class='ocrx_word' id='word_1_227' title='bbox 3604 1344 3675 1396; x_wconf 79' lang='lat' dir='ltr'><strong>ita</strong></span> 
     </span>
    </p>
   </div>
   <div class='ocr_carea' id='block_1_31' title="bbox 1979 1436 3673 1521">
    <p class='ocr_par' dir='ltr' id='par_1_31' title="bbox 1979 1436 3673 1521">
     <span class='ocr_line' id='line_1_31' title="bbox 1979 1436 3673 1521; baseline -0.009 -16"><span class='ocrx_word' id='word_1_228' title='bbox 1979 1463 2203 1521; x_wconf 79' lang='lat' dir='ltr'><strong>quierat,</strong></span> <span class='ocrx_word' id='word_1_229' title='bbox 2233 1452 2490 1505; x_wconf 88' lang='lat' dir='ltr'><strong>inveniet.</strong></span> <span class='ocrx_word' id='word_1_230' title='bbox 2536 1449 2744 1502; x_wconf 81' lang='lat' dir='ltr'><strong>Verum</strong></span> <span class='ocrx_word' id='word_1_231' title='bbox 2804 1455 2866 1498; x_wconf 87' lang='lat' dir='ltr'><strong>et</strong></span> <span class='ocrx_word' id='word_1_232' title='bbox 2910 1458 3031 1496; x_wconf 87' lang='lat' dir='ltr'><strong>nos</strong></span> <span class='ocrx_word' id='word_1_233' title='bbox 3074 1456 3197 1508; x_wconf 86' lang='lat' dir='ltr'><strong>pro</strong></span> <span class='ocrx_word' id='word_1_234' title='bbox 3240 1438 3486 1491; x_wconf 87' lang='lat' dir='ltr'><strong>viribus</strong></span> <span class='ocrx_word' id='word_1_235' title='bbox 3514 1436 3583 1489; x_wconf 87' lang='lat' dir='ltr'><strong>ad</strong></span> <span class='ocrx_word' id='word_1_236' title='bbox 3613 1452 3673 1489; x_wconf 69' lang='lat' dir='ltr'><strong>ea</strong></span> 
     </span>
    </p>
   </div>
   <div class='ocr_carea' id='block_1_32' title="bbox 1980 1528 3676 1611">
    <p class='ocr_par' dir='ltr' id='par_1_32' title="bbox 1980 1528 3676 1611">
     <span class='ocr_line' id='line_1_32' title="bbox 1980 1528 3676 1611; baseline -0.009 -15"><span class='ocrx_word' id='word_1_237' title='bbox 1980 1559 2097 1611; x_wconf 67' lang='lat' dir='ltr'><strong>qua:</strong></span> <span class='ocrx_word' id='word_1_238' title='bbox 2120 1544 2393 1595; x_wconf 90' lang='lat' dir='ltr'><strong>habentur</strong></span> <span class='ocrx_word' id='word_1_239' title='bbox 2417 1542 2472 1594; x_wconf 92' lang='lat' dir='ltr'><strong>in</strong></span> <span class='ocrx_word' id='word_1_240' title='bbox 2502 1540 2771 1592; x_wconf 88' lang='lat' dir='ltr'><strong>manibus</strong></span> <span class='ocrx_word' id='word_1_241' title='bbox 2806 1543 3298 1590; x_wconf 77' lang='lat' dir='ltr'><strong>convertamur.</strong></span> <span class='ocrx_word' id='word_1_242' title='bbox 3351 1548 3378 1579; x_wconf 84' lang='grc'><strong>‹</strong></span> <span class='ocrx_word' id='word_1_243' title='bbox 3424 1528 3676 1595; x_wconf 84' lang='lat' dir='ltr'><strong>Nunquid</strong></span> 
     </span>
    </p>
   </div>
   <div class='ocr_carea' id='block_1_33' title="bbox 1980 1620 3673 1702">
    <p class='ocr_par' dir='ltr' id='par_1_33' title="bbox 1980 1620 3673 1702">
     <span class='ocr_line' id='line_1_33' title="bbox 1980 1620 3673 1702; baseline -0.008 -15"><span class='ocrx_word' id='word_1_244' title='bbox 1980 1634 2107 1688; x_wconf 87' lang='lat' dir='ltr'><strong>dicit</strong></span> <span class='ocrx_word' id='word_1_245' title='bbox 2160 1633 2496 1702; x_wconf 76' lang='lat' dir='ltr'><strong>(igniculum,</strong></span> <span class='ocrx_word' id='word_1_246' title='bbox 2560 1630 2765 1697; x_wconf 89' lang='lat' dir='ltr'><strong>inquit,</strong></span> <span class='ocrx_word' id='word_1_247' title='bbox 2834 1628 2891 1682; x_wconf 88' lang='lat' dir='ltr'><strong>ei</strong></span> <span class='ocrx_word' id='word_1_248' title='bbox 2969 1625 3085 1694; x_wconf 89' lang='lat' dir='ltr'><strong>qui</strong></span> <span class='ocrx_word' id='word_1_249' title='bbox 3140 1623 3278 1694; x_wconf 69' lang='grc'><strong>(12)</strong></span> <span class='ocrx_word' id='word_1_250' title='bbox 3318 1637 3395 1675; x_wconf 86' lang='lat' dir='ltr'><strong>se</strong></span> <span class='ocrx_word' id='word_1_251' title='bbox 3449 1620 3610 1673; x_wconf 78' lang='lat' dir='ltr'><strong>ﬁnxit</strong></span> <span class='ocrx_word' id='word_1_252' title='bbox 3658 1637 3673 1674; x_wconf 87' lang='lat'><strong>:</strong></span> 
     </span>
    </p>
   </div>
   <div class='ocr_carea' id='block_1_34' title="bbox 355 1711 1892 1814">
    <p class='ocr_par' dir='ltr' id='par_1_34' title="bbox 355 1736 1884 1814">
     <span class='ocr_line' id='line_1_34' title="bbox 355 1736 1884 1814; baseline -0.012 -8"><span class='ocrx_word' id='word_1_253' title='bbox 355 1753 495 1807; x_wconf 91' lang='lat' dir='ltr'><strong>modi</strong></span> <span class='ocrx_word' id='word_1_254' title='bbox 526 1752 768 1812; x_wconf 89' lang='lat' dir='ltr'><strong>verbera,</strong></span> <span class='ocrx_word' id='word_1_255' title='bbox 799 1758 853 1803; x_wconf 89' lang='lat' dir='ltr'><strong>et</strong></span> <span class='ocrx_word' id='word_1_256' title='bbox 889 1750 1058 1803; x_wconf 90' lang='lat' dir='ltr'><strong>bonus</strong></span> <span class='ocrx_word' id='word_1_257' title='bbox 1079 1747 1143 1801; x_wconf 91' lang='lat' dir='ltr'><strong>ad</strong></span> <span class='ocrx_word' id='word_1_258' title='bbox 1166 1741 1459 1814; x_wconf 87' lang='lat' dir='ltr'><strong>cujusmodi</strong></span> <span class='ocrx_word' id='word_1_259' title='bbox 1480 1739 1700 1810; x_wconf 80' lang='lat' dir='ltr'><strong>gloriam</strong></span> <span class='ocrx_word' id='word_1_260' title='bbox 1724 1736 1884 1792; x_wconf 84' lang='lat' dir='ltr'><strong>desti-</strong></span> 
     </span>
    </p>
   </div>
   <div class='ocr_carea' id='block_1_35' title="bbox 2095 1711 3675 1814">
    <p class='ocr_par' dir='ltr' id='par_1_35' title="bbox 2095 1711 3675 1782">
     <span class='ocr_line' id='line_1_35' title="bbox 2095 1711 3675 1782; baseline -0.011 -5"><span class='ocrx_word' id='word_1_261' title='bbox 2095 1725 2115 1777; x_wconf 72' lang='grc'><strong>1</strong></span> <span class='ocrx_word' id='word_1_262' title='bbox 2146 1739 2229 1777; x_wconf 88' lang='lat' dir='ltr'><strong>me</strong></span> <span class='ocrx_word' id='word_1_263' title='bbox 2256 1723 2334 1777; x_wconf 90' lang='lat' dir='ltr'><strong>sic</strong></span> <span class='ocrx_word' id='word_1_264' title='bbox 2357 1720 2586 1775; x_wconf 80' lang='lat' dir='ltr'><strong>fecisti?</strong></span> <span class='ocrx_word' id='word_1_265' title='bbox 2630 1719 2841 1772; x_wconf 85' lang='lat' dir='ltr'><strong>Annon</strong></span> <span class='ocrx_word' id='word_1_266' title='bbox 2878 1716 3084 1770; x_wconf 80' lang='lat' dir='ltr'><strong>habet</strong></span> <span class='ocrx_word' id='word_1_267' title='bbox 3121 1719 3504 1782; x_wconf 84' lang='lat' dir='ltr'><strong>potestatem</strong></span> <span class='ocrx_word' id='word_1_268' title='bbox 3543 1711 3675 1776; x_wconf 82' lang='lat' dir='ltr'><strong>ﬁgu-</strong></span> 
     </span>
    </p>
   </div>
   <div class='ocr_carea' id='block_1_36' title="bbox 354 1838 1091 1907">
    <p class='ocr_par' dir='ltr' id='par_1_36' title="bbox 354 1838 1091 1907">
     <span class='ocr_line' id='line_1_36' title="bbox 354 1838 1091 1907; baseline -0.009 -9"><span class='ocrx_word' id='word_1_269' title='bbox 354 1855 527 1907; x_wconf 89' lang='lat' dir='ltr'><strong>netur,</strong></span> <span class='ocrx_word' id='word_1_270' title='bbox 559 1842 847 1895; x_wconf 88' lang='lat' dir='ltr'><strong>voluntatis</strong></span> <span class='ocrx_word' id='word_1_271' title='bbox 874 1848 953 1892; x_wconf 90' lang='lat' dir='ltr'><strong>est</strong></span> <span class='ocrx_word' id='word_1_272' title='bbox 976 1838 1091 1892; x_wconf 89' lang='lat' dir='ltr'><strong>Dei.</strong></span> 
     </span>
    </p>
   </div>
   <div class='ocr_carea' id='block_1_37' title="bbox 428 1920 1884 1995">
    <p class='ocr_par' dir='ltr' id='par_1_37' title="bbox 428 1920 1884 1995">
     <span class='ocr_line' id='line_1_37' title="bbox 428 1920 1884 1995; baseline -0.01 -10"><span class='ocrx_word' id='word_1_273' title='bbox 428 1934 512 1985; x_wconf 89' lang='grc'><strong>17.</strong></span> <span class='ocrx_word' id='word_1_274' title='bbox 555 1950 573 1981; x_wconf 82' lang='grc'><em>‹</em></span> <span class='ocrx_word' id='word_1_275' title='bbox 604 1932 646 1984; x_wconf 93' lang='lat'>0</span> <span class='ocrx_word' id='word_1_276' title='bbox 676 1932 864 1994; x_wconf 89' lang='lat' dir='ltr'><strong>homo,</strong></span> <span class='ocrx_word' id='word_1_277' title='bbox 899 1938 953 1980; x_wconf 88' lang='lat' dir='ltr'><strong>ttt</strong></span> <span class='ocrx_word' id='word_1_278' title='bbox 996 1928 1115 1995; x_wconf 91' lang='lat' dir='ltr'><strong>quis</strong></span> <span class='ocrx_word' id='word_1_279' title='bbox 1140 1942 1197 1980; x_wconf 89' lang='lat' dir='ltr'><strong>es</strong></span> <span class='ocrx_word' id='word_1_280' title='bbox 1224 1925 1312 1993; x_wconf 89' lang='lat' dir='ltr'><strong>qui</strong></span> <span class='ocrx_word' id='word_1_281' title='bbox 1340 1933 1523 1977; x_wconf 90' lang='lat' dir='ltr'><strong>contra</strong></span> <span class='ocrx_word' id='word_1_282' title='bbox 1555 1920 1631 1990; x_wconf 81' lang='lat'><strong>(&#39;5)</strong></span> <span class='ocrx_word' id='word_1_283' title='bbox 1672 1932 1884 1988; x_wconf 88' lang='lat' dir='ltr'><strong>respon-</strong></span> 
     </span>
    </p>
   </div>
   <div class='ocr_carea' id='block_1_38' title="bbox 357 2010 1883 2087">
    <p class='ocr_par' dir='ltr' id='par_1_38' title="bbox 357 2010 1883 2087">
     <span class='ocr_line' id='line_1_38' title="bbox 357 2010 1883 2087; baseline -0.009 -12"><span class='ocrx_word' id='word_1_284' title='bbox 357 2024 485 2075; x_wconf 89' lang='lat' dir='ltr'><strong>deas</strong></span> <span class='ocrx_word' id='word_1_285' title='bbox 511 2020 653 2075; x_wconf 82' lang='lat' dir='ltr'><strong>Deo?</strong></span> <span class='ocrx_word' id='word_1_286' title='bbox 680 2021 921 2087; x_wconf 75' lang='lat' dir='ltr'><strong>Nunquid</strong></span> <span class='ocrx_word' id='word_1_287' title='bbox 946 2020 1074 2071; x_wconf 90' lang='lat' dir='ltr'><strong>dicit</strong></span> <span class='ocrx_word' id='word_1_288' title='bbox 1100 2018 1404 2086; x_wconf 85' lang='lat' dir='ltr'><strong>ﬁgmentum</strong></span> <span class='ocrx_word' id='word_1_289' title='bbox 1432 2014 1478 2067; x_wconf 91' lang='lat' dir='ltr'><strong>ei</strong></span> <span class='ocrx_word' id='word_1_290' title='bbox 1502 2012 1591 2081; x_wconf 89' lang='lat' dir='ltr'><strong>qui</strong></span> <span class='ocrx_word' id='word_1_291' title='bbox 1613 2026 1670 2065; x_wconf 89' lang='lat' dir='ltr'><strong>se</strong></span> <span class='ocrx_word' id='word_1_292' title='bbox 1696 2010 1846 2062; x_wconf 85' lang='lat' dir='ltr'><strong>ﬁttin</strong></span> <span class='ocrx_word' id='word_1_293' title='bbox 1870 2028 1883 2062; x_wconf 88' lang='lat'><strong>:</strong></span> 
     </span>
    </p>
   </div>
   <div class='ocr_carea' id='block_1_39' title="bbox 359 2101 1889 2177">
    <p class='ocr_par' dir='ltr' id='par_1_39' title="bbox 359 2101 1889 2177">
     <span class='ocr_line' id='line_1_39' title="bbox 359 2101 1889 2177; baseline -0.009 -12"><span class='ocrx_word' id='word_1_294' title='bbox 359 2113 497 2177; x_wconf 79' lang='lat' dir='ltr'><strong>Quid</strong></span> <span class='ocrx_word' id='word_1_295' title='bbox 530 2126 612 2164; x_wconf 89' lang='lat' dir='ltr'><strong>me</strong></span> <span class='ocrx_word' id='word_1_296' title='bbox 636 2110 806 2163; x_wconf 84' lang='lat' dir='ltr'><strong>fecisti</strong></span> <span class='ocrx_word' id='word_1_297' title='bbox 835 2109 949 2161; x_wconf 81' lang='lat' dir='ltr'><strong>sic?</strong></span> <span class='ocrx_word' id='word_1_298' title='bbox 992 2105 1178 2159; x_wconf 87' lang='lat' dir='ltr'><strong>Annon</strong></span> <span class='ocrx_word' id='word_1_299' title='bbox 1213 2106 1376 2159; x_wconf 83' lang='lat' dir='ltr'><strong>habet</strong></span> <span class='ocrx_word' id='word_1_300' title='bbox 1408 2109 1724 2171; x_wconf 88' lang='lat' dir='ltr'><strong>potestatem</strong></span> <span class='ocrx_word' id='word_1_301' title='bbox 1758 2101 1889 2168; x_wconf 74' lang='lat' dir='ltr'><strong>ﬁgit-</strong></span> 
     </span>
    </p>
   </div>
   <div class='ocr_carea' id='block_1_40' title="bbox 358 2189 1888 2258">
    <p class='ocr_par' dir='ltr' id='par_1_40' title="bbox 358 2189 1888 2258">
     <span class='ocr_line' id='line_1_40' title="bbox 358 2189 1888 2258; baseline -0.009 -5"><span class='ocrx_word' id='word_1_302' title='bbox 358 2201 441 2254; x_wconf 91' lang='lat' dir='ltr'><strong>lus</strong></span> <span class='ocrx_word' id='word_1_303' title='bbox 469 2199 562 2252; x_wconf 89' lang='lat' dir='ltr'><strong>luti</strong></span> <span class='ocrx_word' id='word_1_304' title='bbox 594 2214 657 2252; x_wconf 80' lang='lat' dir='ltr'><strong>ex</strong></span> <span class='ocrx_word' id='word_1_305' title='bbox 681 2198 866 2250; x_wconf 86' lang='lat' dir='ltr'><strong>eadem</strong></span> <span class='ocrx_word' id='word_1_306' title='bbox 894 2211 1066 2250; x_wconf 88' lang='lat' dir='ltr'><strong>massa</strong></span> <span class='ocrx_word' id='word_1_307' title='bbox 1097 2194 1274 2248; x_wconf 87' lang='lat' dir='ltr'><strong>facere</strong></span> <span class='ocrx_word' id='word_1_308' title='bbox 1309 2193 1449 2245; x_wconf 89' lang='lat' dir='ltr'><strong>aliud</strong></span> <span class='ocrx_word' id='word_1_309' title='bbox 1487 2191 1697 2258; x_wconf 90' lang='lat' dir='ltr'><strong>quidem</strong></span> <span class='ocrx_word' id='word_1_310' title='bbox 1727 2189 1888 2241; x_wconf 88' lang='lat' dir='ltr'><strong>vasin</strong></span> 
     </span>
    </p>
   </div>
   <div class='ocr_carea' id='block_1_41' title="bbox 364 2280 1890 2352">
    <p class='ocr_par' dir='ltr' id='par_1_41' title="bbox 364 2280 1890 2352">
     <span class='ocr_line' id='line_1_41' title="bbox 364 2280 1890 2352; baseline -0.008 -8"><span class='ocrx_word' id='word_1_311' title='bbox 364 2294 635 2352; x_wconf 86' lang='lat' dir='ltr'><strong>honorem,</strong></span> <span class='ocrx_word' id='word_1_312' title='bbox 680 2288 819 2340; x_wconf 89' lang='lat' dir='ltr'><strong>aliud</strong></span> <span class='ocrx_word' id='word_1_313' title='bbox 853 2301 977 2340; x_wconf 87' lang='lat' dir='ltr'><strong>vero</strong></span> <span class='ocrx_word' id='word_1_314' title='bbox 1005 2286 1056 2338; x_wconf 93' lang='lat' dir='ltr'><strong>in</strong></span> <span class='ocrx_word' id='word_1_315' title='bbox 1078 2283 1454 2339; x_wconf 85' lang='lat' dir='ltr'><strong>contumeliam</strong></span> <span class='ocrx_word' id='word_1_316' title='bbox 1484 2283 1529 2313; x_wconf 76' lang='lat'>”</span> <span class='ocrx_word' id='word_1_317' title='bbox 1549 2282 1572 2334; x_wconf 69' lang='grc' dir='ltr'>ἲ</span> <span class='ocrx_word' id='word_1_318' title='bbox 1593 2300 1611 2331; x_wconf 75' lang='grc' dir='ltr'><strong>ι</strong></span> <span class='ocrx_word' id='word_1_319' title='bbox 1643 2280 1890 2349; x_wconf 79' lang='lat' dir='ltr'><strong>Legimus</strong></span> 
     </span>
    </p>
   </div>
   <div class='ocr_carea' id='block_1_42' title="bbox 356 2367 1888 2447">
    <p class='ocr_par' dir='ltr' id='par_1_42' title="bbox 356 2367 1888 2447">
     <span class='ocr_line' id='line_1_42' title="bbox 356 2367 1888 2447; baseline -0.01 -14"><span class='ocrx_word' id='word_1_320' title='bbox 356 2391 413 2433; x_wconf 85' lang='lat' dir='ltr'><strong>et</strong></span> <span class='ocrx_word' id='word_1_321' title='bbox 444 2380 495 2433; x_wconf 94' lang='lat' dir='ltr'><strong>in</strong></span> <span class='ocrx_word' id='word_1_322' title='bbox 536 2379 841 2447; x_wconf 82' lang='lat' dir='ltr'><strong>Evangeliis</strong></span> <span class='ocrx_word' id='word_1_323' title='bbox 865 2377 932 2439; x_wconf 74' lang='lat'><strong>“,</strong></span> <span class='ocrx_word' id='word_1_324' title='bbox 959 2390 1049 2430; x_wconf 88' lang='lat' dir='ltr'><strong>eos</strong></span> <span class='ocrx_word' id='word_1_325' title='bbox 1080 2373 1154 2443; x_wconf 70' lang='grc'><strong>(4)</strong></span> <span class='ocrx_word' id='word_1_326' title='bbox 1181 2375 1267 2442; x_wconf 91' lang='lat' dir='ltr'><strong>qui</strong></span> <span class='ocrx_word' id='word_1_327' title='bbox 1302 2383 1547 2442; x_wconf 88' lang='lat' dir='ltr'><strong>proterve</strong></span> <span class='ocrx_word' id='word_1_328' title='bbox 1576 2379 1629 2424; x_wconf 90' lang='lat' dir='ltr'><strong>et</strong></span> <span class='ocrx_word' id='word_1_329' title='bbox 1659 2367 1888 2423; x_wconf 83' lang='lat' dir='ltr'><strong>inﬁdeli-</strong></span> 
     </span>
    </p>
   </div>
   <div class='ocr_carea' id='block_1_43' title="bbox 362 2458 1891 2537">
    <p class='ocr_par' dir='ltr' id='par_1_43' title="bbox 362 2458 1891 2537">
     <span class='ocr_line' id='line_1_43' title="bbox 362 2458 1891 2537; baseline -0.01 -13"><span class='ocrx_word' id='word_1_330' title='bbox 362 2483 444 2524; x_wconf 90' lang='lat' dir='ltr'><strong>ter</strong></span> <span class='ocrx_word' id='word_1_331' title='bbox 473 2468 816 2537; x_wconf 84' lang='lat' dir='ltr'><strong>inquirebant</strong></span> <span class='ocrx_word' id='word_1_332' title='bbox 842 2481 871 2518; x_wconf 90' lang='lat' dir='ltr'><strong>a</strong></span> <span class='ocrx_word' id='word_1_333' title='bbox 908 2464 1132 2529; x_wconf 84' lang='lat' dir='ltr'><strong>Domino</strong></span> <span class='ocrx_word' id='word_1_334' title='bbox 1162 2465 1214 2516; x_wconf 91' lang='lat' dir='ltr'><strong>in</strong></span> <span class='ocrx_word' id='word_1_335' title='bbox 1246 2477 1348 2530; x_wconf 91' lang='lat' dir='ltr'><strong>qua</strong></span> <span class='ocrx_word' id='word_1_336' title='bbox 1383 2470 1641 2528; x_wconf 86' lang='lat' dir='ltr'><strong>potestate</strong></span> <span class='ocrx_word' id='word_1_337' title='bbox 1678 2459 1788 2512; x_wconf 63' lang='lat' dir='ltr'><strong>haec</strong></span> <span class='ocrx_word' id='word_1_338' title='bbox 1811 2458 1891 2509; x_wconf 88' lang='lat' dir='ltr'><strong>fa-</strong></span> 
     </span>
    </p>
   </div>
   <div class='ocr_carea' id='block_1_44' title="bbox 360 2552 1889 2626">
    <p class='ocr_par' dir='ltr' id='par_1_44' title="bbox 360 2552 1889 2626">
     <span class='ocr_line' id='line_1_44' title="bbox 360 2552 1889 2626; baseline -0.01 -12"><span class='ocrx_word' id='word_1_339' title='bbox 360 2569 506 2614; x_wconf 82' lang='lat' dir='ltr'><strong>ceret</strong></span> <span class='ocrx_word' id='word_1_340' title='bbox 543 2574 662 2626; x_wconf 83' lang='lat' dir='ltr'><strong>quae</strong></span> <span class='ocrx_word' id='word_1_341' title='bbox 694 2556 949 2620; x_wconf 89' lang='lat' dir='ltr'><strong>faciebat,</strong></span> <span class='ocrx_word' id='word_1_342' title='bbox 1001 2564 1055 2608; x_wconf 91' lang='lat' dir='ltr'><strong>et</strong></span> <span class='ocrx_word' id='word_1_343' title='bbox 1085 2554 1203 2622; x_wconf 92' lang='lat' dir='ltr'><strong>quis</strong></span> <span class='ocrx_word' id='word_1_344' title='bbox 1237 2554 1284 2605; x_wconf 91' lang='lat' dir='ltr'><strong>ei</strong></span> <span class='ocrx_word' id='word_1_345' title='bbox 1322 2552 1550 2605; x_wconf 84' lang='lat' dir='ltr'><strong>dedisset</strong></span> <span class='ocrx_word' id='word_1_346' title='bbox 1579 2558 1889 2618; x_wconf 86' lang='lat' dir='ltr'><strong>potestatem</strong></span> 
     </span>
    </p>
   </div>
   <div class='ocr_carea' id='block_1_45' title="bbox 363 2637 1894 2716">
    <p class='ocr_par' dir='ltr' id='par_1_45' title="bbox 363 2637 1894 2716">
     <span class='ocr_line' id='line_1_45' title="bbox 363 2637 1894 2716; baseline -0.009 -13"><span class='ocrx_word' id='word_1_347' title='bbox 363 2654 520 2714; x_wconf 91' lang='lat' dir='ltr'><strong>hanc,</strong></span> <span class='ocrx_word' id='word_1_348' title='bbox 556 2665 624 2703; x_wconf 91' lang='lat' dir='ltr'><strong>ne</strong></span> <span class='ocrx_word' id='word_1_349' title='bbox 655 2649 1000 2716; x_wconf 90' lang='lat' dir='ltr'><strong>responsione</strong></span> <span class='ocrx_word' id='word_1_350' title='bbox 1024 2645 1237 2713; x_wconf 85' lang='lat' dir='ltr'><strong>quidem</strong></span> <span class='ocrx_word' id='word_1_351' title='bbox 1269 2643 1457 2707; x_wconf 84' lang='lat' dir='ltr'><strong>dignos</strong></span> <span class='ocrx_word' id='word_1_352' title='bbox 1489 2641 1716 2694; x_wconf 88' lang='lat' dir='ltr'><strong>habitos.</strong></span> <span class='ocrx_word' id='word_1_353' title='bbox 1742 2637 1894 2691; x_wconf 86' lang='lat' dir='ltr'><strong>Simi-</strong></span> 
     </span>
    </p>
   </div>
   <div class='ocr_carea' id='block_1_46' title="bbox 364 2728 1892 2808">
    <p class='ocr_par' dir='ltr' id='par_1_46' title="bbox 364 2728 1892 2808">
     <span class='ocr_line' id='line_1_46' title="bbox 364 2728 1892 2808; baseline -0.009 -15"><span class='ocrx_word' id='word_1_354' title='bbox 364 2742 482 2793; x_wconf 89' lang='lat' dir='ltr'><strong>liter</strong></span> <span class='ocrx_word' id='word_1_355' title='bbox 502 2754 711 2808; x_wconf 90' lang='lat' dir='ltr'><strong>quoque</strong></span> <span class='ocrx_word' id='word_1_356' title='bbox 735 2746 787 2790; x_wconf 92' lang='lat' dir='ltr'><strong>et</strong></span> <span class='ocrx_word' id='word_1_357' title='bbox 816 2738 866 2789; x_wconf 92' lang='lat' dir='ltr'><strong>in</strong></span> <span class='ocrx_word' id='word_1_358' title='bbox 895 2734 1141 2804; x_wconf 71' lang='lat' dir='ltr'><strong>priesenli</strong></span> <span class='ocrx_word' id='word_1_359' title='bbox 1182 2733 1299 2786; x_wconf 88' lang='lat' dir='ltr'><strong>loco</strong></span> <span class='ocrx_word' id='word_1_360' title='bbox 1332 2741 1529 2784; x_wconf 90' lang='lat' dir='ltr'><strong>motum</strong></span> <span class='ocrx_word' id='word_1_361' title='bbox 1571 2729 1782 2796; x_wconf 89' lang='lat' dir='ltr'><strong>quidem</strong></span> <span class='ocrx_word' id='word_1_362' title='bbox 1814 2728 1892 2796; x_wconf 79' lang='lat'><strong>(5)</strong></span> 
     </span>
    </p>
   </div>
   <div class='ocr_carea' id='block_1_47' title="bbox 364 2819 1895 2895">
    <p class='ocr_par' dir='ltr' id='par_1_47' title="bbox 364 2819 1895 2895">
     <span class='ocr_line' id='line_1_47' title="bbox 364 2819 1895 2895; baseline -0.005 -16"><span class='ocrx_word' id='word_1_363' title='bbox 364 2829 605 2881; x_wconf 79' lang='lat' dir='ltr'><strong>videmus</strong></span> <span class='ocrx_word' id='word_1_364' title='bbox 632 2825 941 2895; x_wconf 90' lang='lat' dir='ltr'><strong>Apostolum</strong></span> <span class='ocrx_word' id='word_1_365' title='bbox 969 2835 1022 2876; x_wconf 91' lang='lat' dir='ltr'><strong>et</strong></span> <span class='ocrx_word' id='word_1_366' title='bbox 1045 2824 1322 2875; x_wconf 88' lang='lat' dir='ltr'><strong>adversum</strong></span> <span class='ocrx_word' id='word_1_367' title='bbox 1340 2819 1632 2873; x_wconf 89' lang='lat' dir='ltr'><strong>insolentes</strong></span> <span class='ocrx_word' id='word_1_368' title='bbox 1646 2819 1895 2887; x_wconf 74' lang='lat' dir='ltr'><strong>quiestio-</strong></span> 
     </span>
    </p>
   </div>
   <div class='ocr_carea' id='block_1_48' title="bbox 365 2907 1892 2981">
    <p class='ocr_par' dir='ltr' id='par_1_48' title="bbox 365 2907 1892 2981">
     <span class='ocr_line' id='line_1_48' title="bbox 365 2907 1892 2981; baseline -0.007 -13"><span class='ocrx_word' id='word_1_369' title='bbox 365 2930 479 2975; x_wconf 84' lang='lat' dir='ltr'><strong>nes,</strong></span> <span class='ocrx_word' id='word_1_370' title='bbox 513 2929 576 2967; x_wconf 89' lang='lat' dir='ltr'><strong>ac</strong></span> <span class='ocrx_word' id='word_1_371' title='bbox 613 2928 708 2981; x_wconf 88' lang='lat' dir='ltr'><strong>per</strong></span> <span class='ocrx_word' id='word_1_372' title='bbox 734 2928 795 2965; x_wconf 93' lang='lat' dir='ltr'><strong>ea</strong></span> <span class='ocrx_word' id='word_1_373' title='bbox 824 2925 942 2980; x_wconf 64' lang='lat' dir='ltr'><strong>quae</strong></span> <span class='ocrx_word' id='word_1_374' title='bbox 965 2909 1238 2979; x_wconf 86' lang='lat' dir='ltr'><strong>respondit</strong></span> <span class='ocrx_word' id='word_1_375' title='bbox 1268 2909 1365 2977; x_wconf 82' lang='lat'><strong>(6),</strong></span> <span class='ocrx_word' id='word_1_376' title='bbox 1399 2907 1739 2974; x_wconf 88' lang='lat' dir='ltr'><strong>proponentis</strong></span> <span class='ocrx_word' id='word_1_377' title='bbox 1761 2921 1892 2959; x_wconf 86' lang='lat' dir='ltr'><strong>con-</strong></span> 
     </span>
    </p>
   </div>
   <div class='ocr_carea' id='block_1_49' title="bbox 1982 1800 3673 1872">
    <p class='ocr_par' dir='ltr' id='par_1_49' title="bbox 1982 1800 3673 1872">
     <span class='ocr_line' id='line_1_49' title="bbox 1982 1800 3673 1872; baseline -0.008 -7"><span class='ocrx_word' id='word_1_378' title='bbox 1982 1815 2064 1867; x_wconf 88' lang='lat' dir='ltr'><strong>lus</strong></span> <span class='ocrx_word' id='word_1_379' title='bbox 2097 1814 2191 1866; x_wconf 91' lang='lat' dir='ltr'><strong>luti</strong></span> <span class='ocrx_word' id='word_1_380' title='bbox 2217 1828 2282 1867; x_wconf 81' lang='lat' dir='ltr'><strong>ex</strong></span> <span class='ocrx_word' id='word_1_381' title='bbox 2316 1812 2509 1865; x_wconf 89' lang='lat' dir='ltr'><strong>eadem</strong></span> <span class='ocrx_word' id='word_1_382' title='bbox 2540 1823 2727 1862; x_wconf 90' lang='lat' dir='ltr'><strong>massa</strong></span> <span class='ocrx_word' id='word_1_383' title='bbox 2761 1808 2974 1861; x_wconf 84' lang='lat' dir='ltr'><strong>facere</strong></span> <span class='ocrx_word' id='word_1_384' title='bbox 3000 1803 3179 1857; x_wconf 85' lang='lat' dir='ltr'><strong>aliud</strong></span> <span class='ocrx_word' id='word_1_385' title='bbox 3208 1800 3469 1872; x_wconf 86' lang='lat' dir='ltr'><strong>quidem</strong></span> <span class='ocrx_word' id='word_1_386' title='bbox 3493 1814 3590 1852; x_wconf 81' lang='lat' dir='ltr'><strong>vas</strong></span> <span class='ocrx_word' id='word_1_387' title='bbox 3612 1800 3673 1852; x_wconf 84' lang='lat' dir='ltr'><strong>ad</strong></span> 
     </span>
    </p>
   </div>
   <div class='ocr_carea' id='block_1_50' title="bbox 1984 1890 3675 1966">
    <p class='ocr_par' dir='ltr' id='par_1_50' title="bbox 1984 1890 3675 1966">
     <span class='ocr_line' id='line_1_50' title="bbox 1984 1890 3675 1966; baseline -0.009 -10"><span class='ocrx_word' id='word_1_388' title='bbox 1984 1903 2280 1966; x_wconf 88' lang='lat' dir='ltr'><strong>honorem,</strong></span> <span class='ocrx_word' id='word_1_389' title='bbox 2316 1900 2463 1954; x_wconf 91' lang='lat' dir='ltr'><strong>aliud</strong></span> <span class='ocrx_word' id='word_1_390' title='bbox 2507 1914 2645 1953; x_wconf 88' lang='lat' dir='ltr'><strong>vero</strong></span> <span class='ocrx_word' id='word_1_391' title='bbox 2692 1899 2762 1951; x_wconf 89' lang='lat' dir='ltr'><strong>ad</strong></span> <span class='ocrx_word' id='word_1_392' title='bbox 2815 1893 3285 1951; x_wconf 86' lang='lat' dir='ltr'><strong>contumeliam</strong></span> <span class='ocrx_word' id='word_1_393' title='bbox 3310 1892 3340 1945; x_wconf 85' lang='lat'><strong>?</strong></span> <span class='ocrx_word' id='word_1_394' title='bbox 3376 1910 3399 1943; x_wconf 77' lang='grc'>›</span> <span class='ocrx_word' id='word_1_395' title='bbox 3436 1891 3507 1944; x_wconf 82' lang='lat' dir='ltr'><strong>Et</strong></span> <span class='ocrx_word' id='word_1_396' title='bbox 3542 1890 3675 1958; x_wconf 86' lang='lat' dir='ltr'><strong>apud</strong></span> 
     </span>
    </p>
   </div>
   <div class='ocr_carea' id='block_1_51' title="bbox 1982 1981 3676 2060">
    <p class='ocr_par' dir='ltr' id='par_1_51' title="bbox 1982 1981 3676 2060">
     <span class='ocr_line' id='line_1_51' title="bbox 1982 1981 3676 2060; baseline -0.008 -12"><span class='ocrx_word' id='word_1_397' title='bbox 1982 1993 2264 2048; x_wconf 81' lang='lat' dir='ltr'><strong>Jeremiam</strong></span> <span class='ocrx_word' id='word_1_398' title='bbox 2299 1991 2624 2060; x_wconf 84' lang='lat' dir='ltr'><strong>pmphetam</strong></span> <span class='ocrx_word' id='word_1_399' title='bbox 2660 1990 2773 2042; x_wconf 81' lang='lat' dir='ltr'><strong>tale</strong></span> <span class='ocrx_word' id='word_1_400' title='bbox 2798 1987 3049 2056; x_wconf 85' lang='lat' dir='ltr'><strong>aliquid</strong></span> <span class='ocrx_word' id='word_1_401' title='bbox 3087 1985 3383 2049; x_wconf 73' lang='lat' dir='ltr'><strong>legimus,</strong></span> <span class='ocrx_word' id='word_1_402' title='bbox 3406 1982 3506 2035; x_wconf 88' lang='lat' dir='ltr'><strong>ubi</strong></span> <span class='ocrx_word' id='word_1_403' title='bbox 3530 1981 3676 2050; x_wconf 89' lang='lat' dir='ltr'><strong>jube-</strong></span> 
     </span>
    </p>
   </div>
   <div class='ocr_carea' id='block_1_52' title="bbox 1986 2076 3673 2147">
    <p class='ocr_par' dir='ltr' id='par_1_52' title="bbox 1986 2076 3673 2147">
     <span class='ocr_line' id='line_1_52' title="bbox 1986 2076 3673 2147; baseline -0.008 -9"><span class='ocrx_word' id='word_1_404' title='bbox 1986 2094 2071 2138; x_wconf 90' lang='lat' dir='ltr'><strong>tur</strong></span> <span class='ocrx_word' id='word_1_405' title='bbox 2109 2098 2138 2136; x_wconf 91' lang='lat' dir='ltr'><strong>a</strong></span> <span class='ocrx_word' id='word_1_406' title='bbox 2180 2083 2288 2136; x_wconf 88' lang='lat' dir='ltr'><strong>Deo</strong></span> <span class='ocrx_word' id='word_1_407' title='bbox 2317 2081 2547 2133; x_wconf 91' lang='lat' dir='ltr'><strong>introire</strong></span> <span class='ocrx_word' id='word_1_408' title='bbox 2579 2081 2632 2133; x_wconf 90' lang='lat' dir='ltr'><strong>iu</strong></span> <span class='ocrx_word' id='word_1_409' title='bbox 2668 2080 2912 2132; x_wconf 89' lang='lat' dir='ltr'><strong>domum</strong></span> <span class='ocrx_word' id='word_1_410' title='bbox 2960 2076 3143 2147; x_wconf 80' lang='lat' dir='ltr'><strong>ﬁguli</strong></span> <span class='ocrx_word' id='word_1_411' title='bbox 3168 2116 3185 2139; x_wconf 93' lang='lat'><strong>,</strong></span> <span class='ocrx_word' id='word_1_412' title='bbox 3220 2084 3287 2130; x_wconf 85' lang='lat' dir='ltr'><strong>et</strong></span> <span class='ocrx_word' id='word_1_413' title='bbox 3326 2076 3532 2128; x_wconf 87' lang='lat' dir='ltr'><strong>videre</strong></span> <span class='ocrx_word' id='word_1_414' title='bbox 3560 2088 3673 2128; x_wconf 81' lang='lat' dir='ltr'><strong>eum</strong></span> 
     </span>
    </p>
   </div>
   <div class='ocr_carea' id='block_1_53' title="bbox 1987 2163 3673 2240">
    <p class='ocr_par' dir='ltr' id='par_1_53' title="bbox 1987 2163 3673 2240">
     <span class='ocr_line' id='line_1_53' title="bbox 1987 2163 3673 2240; baseline -0.005 -16"><span class='ocrx_word' id='word_1_415' title='bbox 1987 2173 2271 2240; x_wconf 84' lang='lat' dir='ltr'><strong>ﬁngentem</strong></span> <span class='ocrx_word' id='word_1_416' title='bbox 2306 2189 2321 2225; x_wconf 91' lang='lat'><strong>:</strong></span> <span class='ocrx_word' id='word_1_417' title='bbox 2360 2172 2550 2238; x_wconf 87' lang='lat' dir='ltr'><strong>utique</strong></span> <span class='ocrx_word' id='word_1_418' title='bbox 2596 2183 2694 2221; x_wconf 90' lang='lat' dir='ltr'><strong>vas</strong></span> <span class='ocrx_word' id='word_1_419' title='bbox 2727 2166 3077 2234; x_wconf 83' lang='lat' dir='ltr'><strong>collapsum</strong></span> <span class='ocrx_word' id='word_1_420' title='bbox 3138 2166 3221 2219; x_wconf 87' lang='lat' dir='ltr'><strong>de</strong></span> <span class='ocrx_word' id='word_1_421' title='bbox 3268 2163 3545 2217; x_wconf 87' lang='lat' dir='ltr'><strong>manibus</strong></span> <span class='ocrx_word' id='word_1_422' title='bbox 3572 2163 3673 2216; x_wconf 82' lang='lat' dir='ltr'><strong>suis</strong></span> 
     </span>
    </p>
   </div>
   <div class='ocr_carea' id='block_1_54' title="bbox 1988 2252 3673 2331">
    <p class='ocr_par' dir='ltr' id='par_1_54' title="bbox 1988 2252 3673 2331">
     <span class='ocr_line' id='line_1_54' title="bbox 1988 2252 3673 2331; baseline -0.009 -13"><span class='ocrx_word' id='word_1_423' title='bbox 1988 2263 2304 2331; x_wconf 83' lang='lat' dir='ltr'><strong>recolligens</strong></span> <span class='ocrx_word' id='word_1_424' title='bbox 2332 2276 2549 2315; x_wconf 90' lang='lat' dir='ltr'><strong>rursum</strong></span> <span class='ocrx_word' id='word_1_425' title='bbox 2597 2259 2765 2310; x_wconf 84' lang='lat' dir='ltr'><strong>tinxit</strong></span> <span class='ocrx_word' id='word_1_426' title='bbox 2802 2255 2959 2309; x_wconf 91' lang='lat' dir='ltr'><strong>illud</strong></span> <span class='ocrx_word' id='word_1_427' title='bbox 3013 2254 3376 2308; x_wconf 81' lang='lat' dir='ltr'><strong>secundum</strong></span> <span class='ocrx_word' id='word_1_428' title='bbox 3426 2252 3673 2305; x_wconf 79' lang='lat' dir='ltr'><strong>volunta-</strong></span> 
     </span>
    </p>
   </div>
   <div class='ocr_carea' id='block_1_55' title="bbox 1985 2342 3671 2416">
    <p class='ocr_par' dir='ltr' id='par_1_55' title="bbox 1985 2342 3671 2416">
     <span class='ocr_line' id='line_1_55' title="bbox 1985 2342 3671 2416; baseline -0.008 -6"><span class='ocrx_word' id='word_1_429' title='bbox 1985 2364 2091 2409; x_wconf 90' lang='lat' dir='ltr'><strong>tem</strong></span> <span class='ocrx_word' id='word_1_430' title='bbox 2118 2369 2289 2408; x_wconf 89' lang='lat' dir='ltr'><strong>suam.</strong></span> <span class='ocrx_word' id='word_1_431' title='bbox 2328 2371 2347 2403; x_wconf 72' lang='grc' dir='ltr'><strong>ε</strong></span> <span class='ocrx_word' id='word_1_432' title='bbox 2382 2352 2451 2405; x_wconf 82' lang='lat' dir='ltr'><strong>Et</strong></span> <span class='ocrx_word' id='word_1_433' title='bbox 2512 2350 2701 2403; x_wconf 86' lang='lat' dir='ltr'><strong>factus</strong></span> <span class='ocrx_word' id='word_1_434' title='bbox 2745 2359 2861 2413; x_wconf 90' lang='lat' dir='ltr'><strong>est,</strong></span> <span class='ocrx_word' id='word_1_435' title='bbox 2915 2349 3161 2416; x_wconf 86' lang='lat' dir='ltr'><strong>inquit,</strong></span> <span class='ocrx_word' id='word_1_436' title='bbox 3222 2360 3428 2401; x_wconf 83' lang='lat' dir='ltr'><strong>sermo</strong></span> <span class='ocrx_word' id='word_1_437' title='bbox 3472 2342 3671 2397; x_wconf 88' lang='lat' dir='ltr'><strong>Domini</strong></span> 
     </span>
    </p>
   </div>
   <div class='ocr_carea' id='block_1_56' title="bbox 1988 2434 3674 2508">
    <p class='ocr_par' dir='ltr' id='par_1_56' title="bbox 1988 2434 3674 2508">
     <span class='ocr_line' id='line_1_56' title="bbox 1988 2434 3674 2508; baseline -0.004 -13"><span class='ocrx_word' id='word_1_438' title='bbox 1988 2445 2052 2496; x_wconf 89' lang='lat' dir='ltr'><strong>ad</strong></span> <span class='ocrx_word' id='word_1_439' title='bbox 2094 2458 2213 2496; x_wconf 91' lang='lat' dir='ltr'><strong>eum</strong></span> <span class='ocrx_word' id='word_1_440' title='bbox 2259 2442 2448 2496; x_wconf 91' lang='lat' dir='ltr'><strong>dicens</strong></span> <span class='ocrx_word' id='word_1_441' title='bbox 2480 2460 2496 2495; x_wconf 91' lang='lat'>:</span> <span class='ocrx_word' id='word_1_442' title='bbox 2527 2439 2797 2508; x_wconf 87' lang='lat' dir='ltr'><strong>Nunquid</strong></span> <span class='ocrx_word' id='word_1_443' title='bbox 2848 2453 2971 2507; x_wconf 81' lang='lat' dir='ltr'><strong>ego</strong></span> <span class='ocrx_word' id='word_1_444' title='bbox 3031 2453 3164 2491; x_wconf 91' lang='lat' dir='ltr'><strong>non</strong></span> <span class='ocrx_word' id='word_1_445' title='bbox 3206 2452 3458 2506; x_wconf 88' lang='lat' dir='ltr'><strong>possum</strong></span> <span class='ocrx_word' id='word_1_446' title='bbox 3504 2434 3674 2489; x_wconf 73' lang='lat' dir='ltr'><strong>facere</strong></span> 
     </span>
    </p>
   </div>
   <div class='ocr_carea' id='block_1_57' title="bbox 1987 2527 3672 2602">
    <p class='ocr_par' dir='ltr' id='par_1_57' title="bbox 1987 2527 3672 2602">
     <span class='ocr_line' id='line_1_57' title="bbox 1987 2527 3672 2602; baseline -0.005 -13"><span class='ocrx_word' id='word_1_447' title='bbox 1987 2538 2199 2590; x_wconf 88' lang='lat' dir='ltr'><strong>domum</strong></span> <span class='ocrx_word' id='word_1_448' title='bbox 2240 2535 2400 2589; x_wconf 71' lang='lat' dir='ltr'><strong>lsrae&#39;i</strong></span> <span class='ocrx_word' id='word_1_449' title='bbox 2426 2534 2569 2589; x_wconf 90' lang='lat' dir='ltr'><strong>sicut</strong></span> <span class='ocrx_word' id='word_1_450' title='bbox 2609 2533 2822 2602; x_wconf 84' lang='lat' dir='ltr'><strong>ﬁgulus</strong></span> <span class='ocrx_word' id='word_1_451' title='bbox 2863 2533 2987 2587; x_wconf 87' lang='lat' dir='ltr'><strong>iste</strong></span> <span class='ocrx_word' id='word_1_452' title='bbox 3042 2532 3150 2585; x_wconf 64' lang='lat'><strong>’3?</strong></span> <span class='ocrx_word' id='word_1_453' title='bbox 3203 2551 3228 2582; x_wconf 75' lang='grc' dir='ltr'><strong>ι</strong></span> <span class='ocrx_word' id='word_1_454' title='bbox 3276 2530 3353 2584; x_wconf 85' lang='grc' dir='ltr'>Ει</span> <span class='ocrx_word' id='word_1_455' title='bbox 3397 2527 3672 2598; x_wconf 81' lang='lat' dir='ltr'><strong>Sapientia</strong></span> 
     </span>
    </p>
   </div>
   <div class='ocr_carea' id='block_1_58' title="bbox 1989 2622 3673 2692">
    <p class='ocr_par' dir='ltr' id='par_1_58' title="bbox 1989 2622 3673 2692">
     <span class='ocr_line' id='line_1_58' title="bbox 1989 2622 3673 2692; baseline -0.002 -13"><span class='ocrx_word' id='word_1_456' title='bbox 1989 2627 2115 2680; x_wconf 89' lang='lat' dir='ltr'><strong>dicit</strong></span> <span class='ocrx_word' id='word_1_457' title='bbox 2141 2627 2185 2657; x_wconf 82' lang='grc'><strong>²⁹</strong></span> <span class='ocrx_word' id='word_1_458' title='bbox 2229 2646 2241 2679; x_wconf 91' lang='lat'><strong>:</strong></span> <span class='ocrx_word' id='word_1_459' title='bbox 2282 2643 2300 2675; x_wconf 77' lang='grc' dir='ltr'><strong>ι</strong></span> <span class='ocrx_word' id='word_1_460' title='bbox 2338 2625 2478 2678; x_wconf 81' lang='lat' dir='ltr'><strong>Vasa</strong></span> <span class='ocrx_word' id='word_1_461' title='bbox 2524 2623 2672 2688; x_wconf 77' lang='lat' dir='ltr'><strong>ﬁguli</strong></span> <span class='ocrx_word' id='word_1_462' title='bbox 2722 2624 2950 2692; x_wconf 85' lang='lat' dir='ltr'><strong>probat</strong></span> <span class='ocrx_word' id='word_1_463' title='bbox 2995 2622 3279 2689; x_wconf 75' lang='lat' dir='ltr'><strong>fornax,</strong></span> <span class='ocrx_word' id='word_1_464' title='bbox 3325 2633 3386 2678; x_wconf 90' lang='lat' dir='ltr'><strong>et</strong></span> <span class='ocrx_word' id='word_1_465' title='bbox 3428 2625 3673 2676; x_wconf 64' lang='lat' dir='ltr'><strong>homines</strong></span> 
     </span>
    </p>
   </div>
   <div class='ocr_carea' id='block_1_59' title="bbox 1984 2711 3673 2783">
    <p class='ocr_par' dir='ltr' id='par_1_59' title="bbox 1984 2711 3673 2783">
     <span class='ocr_line' id='line_1_59' title="bbox 1984 2711 3673 2783; baseline -0.003 -16"><span class='ocrx_word' id='word_1_466' title='bbox 1984 2716 2156 2783; x_wconf 91' lang='lat' dir='ltr'><strong>justos</strong></span> <span class='ocrx_word' id='word_1_467' title='bbox 2221 2714 2469 2766; x_wconf 91' lang='lat' dir='ltr'><strong>tentatio.</strong></span> <span class='ocrx_word' id='word_1_468' title='bbox 2514 2732 2532 2763; x_wconf 75' lang='grc' dir='ltr'><strong>ι</strong></span> <span class='ocrx_word' id='word_1_469' title='bbox 2567 2711 2750 2765; x_wconf 85' lang='lat' dir='ltr'><strong>liabet</strong></span> <span class='ocrx_word' id='word_1_470' title='bbox 2786 2727 2940 2781; x_wconf 82' lang='lat' dir='ltr'><strong>ergo</strong></span> <span class='ocrx_word' id='word_1_471' title='bbox 2986 2715 3200 2767; x_wconf 85' lang='lat' dir='ltr'><strong>nostri</strong></span> <span class='ocrx_word' id='word_1_472' title='bbox 3254 2715 3416 2769; x_wconf 87' lang='lat' dir='ltr'><strong>Deus</strong></span> <span class='ocrx_word' id='word_1_473' title='bbox 3446 2724 3673 2783; x_wconf 50' lang='lat' dir='ltr'><strong>potest.»</strong></span> 
     </span>
    </p>
   </div>
   <div class='ocr_carea' id='block_1_60' title="bbox 1993 2802 3669 2868">
    <p class='ocr_par' dir='ltr' id='par_1_60' title="bbox 1993 2802 3669 2868">
     <span class='ocr_line' id='line_1_60' title="bbox 1993 2802 3669 2868; baseline -0.003 -8"><span class='ocrx_word' id='word_1_474' title='bbox 1993 2817 2095 2860; x_wconf 87' lang='lat' dir='ltr'><strong>tem</strong></span> <span class='ocrx_word' id='word_1_475' title='bbox 2123 2806 2262 2859; x_wconf 89' lang='lat' dir='ltr'><strong>sicut</strong></span> <span class='ocrx_word' id='word_1_476' title='bbox 2287 2814 2341 2858; x_wconf 87' lang='lat' dir='ltr'><strong>et</strong></span> <span class='ocrx_word' id='word_1_477' title='bbox 2382 2803 2584 2868; x_wconf 71' lang='lat' dir='ltr'><strong>ﬁgulus</strong></span> <span class='ocrx_word' id='word_1_478' title='bbox 2618 2802 2754 2866; x_wconf 88' lang='lat' dir='ltr'><strong>luti,</strong></span> <span class='ocrx_word' id='word_1_479' title='bbox 2786 2812 2852 2855; x_wconf 88' lang='lat' dir='ltr'><strong>ut</strong></span> <span class='ocrx_word' id='word_1_480' title='bbox 2886 2802 3090 2858; x_wconf 81' lang='lat' dir='ltr'><strong>faciat</strong></span> <span class='ocrx_word' id='word_1_481' title='bbox 3133 2819 3216 2860; x_wconf 80' lang='lat' dir='ltr'><strong>ex</strong></span> <span class='ocrx_word' id='word_1_482' title='bbox 3257 2820 3453 2860; x_wconf 88' lang='lat' dir='ltr'><strong>massa</strong></span> <span class='ocrx_word' id='word_1_483' title='bbox 3494 2805 3669 2858; x_wconf 82' lang='lat' dir='ltr'><strong>eadem</strong></span> 
     </span>
    </p>
   </div>
   <div class='ocr_carea' id='block_1_61' title="bbox 1990 2893 3671 2956">
    <p class='ocr_par' dir='ltr' id='par_1_61' title="bbox 1990 2893 3671 2956">
     <span class='ocr_line' id='line_1_61' title="bbox 1990 2893 3671 2956; baseline -0.002 -6"><span class='ocrx_word' id='word_1_484' title='bbox 1990 2912 2114 2950; x_wconf 83' lang='lat' dir='ltr'><strong>vasa</strong></span> <span class='ocrx_word' id='word_1_485' title='bbox 2162 2896 2227 2949; x_wconf 88' lang='lat' dir='ltr'><strong>ad</strong></span> <span class='ocrx_word' id='word_1_486' title='bbox 2269 2895 2532 2947; x_wconf 87' lang='lat' dir='ltr'><strong>honorem</strong></span> <span class='ocrx_word' id='word_1_487' title='bbox 2557 2933 2573 2956; x_wconf 96' lang='lat'><strong>,</strong></span> <span class='ocrx_word' id='word_1_488' title='bbox 2607 2900 2666 2945; x_wconf 88' lang='lat' dir='ltr'><strong>et</strong></span> <span class='ocrx_word' id='word_1_489' title='bbox 2710 2905 2854 2946; x_wconf 89' lang='lat' dir='ltr'><strong>vasa</strong></span> <span class='ocrx_word' id='word_1_490' title='bbox 2910 2896 2995 2947; x_wconf 87' lang='lat' dir='ltr'><strong>ad</strong></span> <span class='ocrx_word' id='word_1_491' title='bbox 3057 2896 3528 2951; x_wconf 86' lang='lat' dir='ltr'><strong>contumeliam.</strong></span> <span class='ocrx_word' id='word_1_492' title='bbox 3562 2893 3671 2949; x_wconf 80' lang='lat' dir='ltr'><strong>Tibi</strong></span> 
     </span>
    </p>
   </div>
   <div class='ocr_carea' id='block_1_62' title="bbox 367 2983 1892 3085">
    <p class='ocr_par' dir='ltr' id='par_1_62' title="bbox 367 2996 1892 3063">
     <span class='ocr_line' id='line_1_62' title="bbox 367 2996 1892 3063; baseline -0.005 -6"><span class='ocrx_word' id='word_1_493' title='bbox 367 3005 651 3057; x_wconf 86' lang='lat' dir='ltr'><strong>tumaciam</strong></span> <span class='ocrx_word' id='word_1_494' title='bbox 683 3002 1006 3056; x_wconf 86' lang='lat' dir='ltr'><strong>confudisse.</strong></span> <span class='ocrx_word' id='word_1_495' title='bbox 1041 3000 1130 3053; x_wconf 77' lang='lat' dir='ltr'><strong>Ait</strong></span> <span class='ocrx_word' id='word_1_496' title='bbox 1153 2998 1292 3052; x_wconf 90' lang='lat' dir='ltr'><strong>enim</strong></span> <span class='ocrx_word' id='word_1_497' title='bbox 1322 3014 1335 3049; x_wconf 89' lang='lat'><strong>:</strong></span> <span class='ocrx_word' id='word_1_498' title='bbox 1376 3015 1395 3047; x_wconf 74' lang='grc' dir='ltr'><strong>ι</strong></span> <span class='ocrx_word' id='word_1_499' title='bbox 1423 2996 1466 3051; x_wconf 94' lang='grc' dir='ltr'>Ο</span> <span class='ocrx_word' id='word_1_500' title='bbox 1499 2996 1677 3059; x_wconf 89' lang='lat' dir='ltr'><strong>homo,</strong></span> <span class='ocrx_word' id='word_1_501' title='bbox 1709 2998 1892 3063; x_wconf 88' lang='lat' dir='ltr'><strong>tnquis</strong></span> 
     </span>
    </p>
   </div>
   <div class='ocr_carea' id='block_1_63' title="bbox 2095 2983 3677 3085">
    <p class='ocr_par' dir='ltr' id='par_1_63' title="bbox 2095 2983 3677 3051">
     <span class='ocr_line' id='line_1_63' title="bbox 2095 2983 3677 3051; baseline 0.001 -15"><span class='ocrx_word' id='word_1_502' title='bbox 2095 2999 2121 3037; x_wconf 88' lang='grc' dir='ltr'>ο</span> <span class='ocrx_word' id='word_1_503' title='bbox 2144 2984 2235 3051; x_wconf 91' lang='lat' dir='ltr'><strong>qui</strong></span> <span class='ocrx_word' id='word_1_504' title='bbox 2262 2983 2565 3036; x_wconf 84' lang='lat' dir='ltr'><strong>insolenter</strong></span> <span class='ocrx_word' id='word_1_505' title='bbox 2591 2983 2921 3049; x_wconf 87' lang='lat' dir='ltr'><strong>respondes</strong></span> <span class='ocrx_word' id='word_1_506' title='bbox 2943 2984 3107 3047; x_wconf 88' lang='lat' dir='ltr'><strong>Deo,</strong></span> <span class='ocrx_word' id='word_1_507' title='bbox 3128 2987 3269 3042; x_wconf 59' lang='lat' dir='ltr'><strong>haec</strong></span> <span class='ocrx_word' id='word_1_508' title='bbox 3293 2987 3529 3042; x_wconf 85' lang='lat' dir='ltr'><strong>audisse</strong></span> <span class='ocrx_word' id='word_1_509' title='bbox 3551 2986 3677 3040; x_wconf 84' lang='lat' dir='ltr'><strong>suni-</strong></span> 
     </span>
    </p>
   </div>
   <div class='ocr_carea' id='block_1_64' title="bbox 365 3084 1896 3159">
    <p class='ocr_par' dir='ltr' id='par_1_64' title="bbox 365 3084 1896 3159">
     <span class='ocr_line' id='line_1_64' title="bbox 365 3084 1896 3159; baseline -0.005 -15"><span class='ocrx_word' id='word_1_510' title='bbox 365 3108 427 3145; x_wconf 88' lang='lat' dir='ltr'><strong>es</strong></span> <span class='ocrx_word' id='word_1_511' title='bbox 451 3092 540 3159; x_wconf 90' lang='lat' dir='ltr'><strong>qui</strong></span> <span class='ocrx_word' id='word_1_512' title='bbox 565 3100 748 3144; x_wconf 91' lang='lat' dir='ltr'><strong>contra</strong></span> <span class='ocrx_word' id='word_1_513' title='bbox 778 3090 1097 3158; x_wconf 83' lang='lat' dir='ltr'><strong>respondeas</strong></span> <span class='ocrx_word' id='word_1_514' title='bbox 1124 3086 1272 3141; x_wconf 80' lang='lat' dir='ltr'><strong>Deo?</strong></span> <span class='ocrx_word' id='word_1_515' title='bbox 1298 3103 1316 3136; x_wconf 75' lang='lat' dir='ltr'><strong>l</strong></span> <span class='ocrx_word' id='word_1_516' title='bbox 1353 3084 1460 3138; x_wconf 87' lang='lat' dir='ltr'><strong>Hoc</strong></span> <span class='ocrx_word' id='word_1_517' title='bbox 1478 3093 1560 3139; x_wconf 89' lang='lat' dir='ltr'><strong>est</strong></span> <span class='ocrx_word' id='word_1_518' title='bbox 1584 3085 1725 3139; x_wconf 90' lang='lat' dir='ltr'><strong>enim</strong></span> <span class='ocrx_word' id='word_1_519' title='bbox 1740 3085 1896 3137; x_wconf 88' lang='lat' dir='ltr'><strong>homo</strong></span> 
     </span>
    </p>
   </div>
   <div class='ocr_carea' id='block_1_65' title="bbox 368 3175 1900 3250">
    <p class='ocr_par' dir='ltr' id='par_1_65' title="bbox 368 3175 1900 3250">
     <span class='ocr_line' id='line_1_65' title="bbox 368 3175 1900 3250; baseline -0.007 -14"><span class='ocrx_word' id='word_1_520' title='bbox 368 3184 507 3249; x_wconf 65' lang='lat' dir='ltr'><strong>apud</strong></span> <span class='ocrx_word' id='word_1_521' title='bbox 538 3182 721 3245; x_wconf 87' lang='lat' dir='ltr'><strong>Deutn,</strong></span> <span class='ocrx_word' id='word_1_522' title='bbox 750 3183 889 3250; x_wconf 89' lang='lat' dir='ltr'><strong>quod</strong></span> <span class='ocrx_word' id='word_1_523' title='bbox 912 3181 1049 3248; x_wconf 90' lang='lat' dir='ltr'><strong>apud</strong></span> <span class='ocrx_word' id='word_1_524' title='bbox 1076 3179 1290 3247; x_wconf 82' lang='lat' dir='ltr'><strong>ﬁgulum</strong></span> <span class='ocrx_word' id='word_1_525' title='bbox 1325 3178 1509 3230; x_wconf 89' lang='lat' dir='ltr'><strong>lutum.</strong></span> <span class='ocrx_word' id='word_1_526' title='bbox 1540 3175 1603 3229; x_wconf 86' lang='lat' dir='ltr'><strong>Et</strong></span> <span class='ocrx_word' id='word_1_527' title='bbox 1629 3175 1766 3229; x_wconf 89' lang='lat' dir='ltr'><strong>sicut</strong></span> <span class='ocrx_word' id='word_1_528' title='bbox 1790 3190 1900 3227; x_wconf 85' lang='lat' dir='ltr'><strong>scr-</strong></span> 
     </span>
    </p>
   </div>
   <div class='ocr_carea' id='block_1_66' title="bbox 367 3262 1898 3337">
    <p class='ocr_par' dir='ltr' id='par_1_66' title="bbox 367 3262 1898 3337">
     <span class='ocr_line' id='line_1_66' title="bbox 367 3262 1898 3337; baseline -0.004 -17"><span class='ocrx_word' id='word_1_529' title='bbox 367 3288 465 3326; x_wconf 84' lang='lat' dir='ltr'><strong>vus</strong></span> <span class='ocrx_word' id='word_1_530' title='bbox 496 3285 742 3337; x_wconf 91' lang='lat' dir='ltr'><strong>nequam,</strong></span> <span class='ocrx_word' id='word_1_531' title='bbox 773 3270 815 3322; x_wconf 93' lang='lat' dir='ltr'><strong>si</strong></span> <span class='ocrx_word' id='word_1_532' title='bbox 849 3268 984 3321; x_wconf 93' lang='lat' dir='ltr'><strong>forte</strong></span> <span class='ocrx_word' id='word_1_533' title='bbox 1015 3267 1278 3321; x_wconf 90' lang='lat' dir='ltr'><strong>videbitur</strong></span> <span class='ocrx_word' id='word_1_534' title='bbox 1301 3265 1514 3319; x_wconf 91' lang='lat' dir='ltr'><strong>domino</strong></span> <span class='ocrx_word' id='word_1_535' title='bbox 1552 3263 1664 3315; x_wconf 89' lang='lat' dir='ltr'><strong>ﬁeri</strong></span> <span class='ocrx_word' id='word_1_536' title='bbox 1704 3262 1898 3315; x_wconf 90' lang='lat' dir='ltr'><strong>debere</strong></span> 
     </span>
    </p>
   </div>
   <div class='ocr_carea' id='block_1_67' title="bbox 370 3352 1899 3429">
    <p class='ocr_par' dir='ltr' id='par_1_67' title="bbox 370 3352 1899 3429">
     <span class='ocr_line' id='line_1_67' title="bbox 370 3352 1899 3429; baseline -0.008 -15"><span class='ocrx_word' id='word_1_537' title='bbox 370 3362 583 3429; x_wconf 85' lang='lat' dir='ltr'><strong>aliquod</strong></span> <span class='ocrx_word' id='word_1_538' title='bbox 626 3374 759 3428; x_wconf 89' lang='lat' dir='ltr'><strong>opus</strong></span> <span class='ocrx_word' id='word_1_539' title='bbox 798 3359 938 3427; x_wconf 92' lang='lat' dir='ltr'><strong>quod</strong></span> <span class='ocrx_word' id='word_1_540' title='bbox 981 3365 1035 3411; x_wconf 90' lang='lat' dir='ltr'><strong>et</strong></span> <span class='ocrx_word' id='word_1_541' title='bbox 1058 3355 1282 3410; x_wconf 89' lang='lat' dir='ltr'><strong>rationis</strong></span> <span class='ocrx_word' id='word_1_542' title='bbox 1320 3364 1378 3409; x_wconf 90' lang='lat' dir='ltr'><strong>et</strong></span> <span class='ocrx_word' id='word_1_543' title='bbox 1410 3353 1654 3407; x_wconf 91' lang='lat' dir='ltr'><strong>utilitatis</strong></span> <span class='ocrx_word' id='word_1_544' title='bbox 1688 3352 1899 3422; x_wconf 88' lang='lat' dir='ltr'><strong>plenum</strong></span> 
     </span>
    </p>
   </div>
   <div class='ocr_carea' id='block_1_68' title="bbox 370 3442 1899 3519">
    <p class='ocr_par' dir='ltr' id='par_1_68' title="bbox 370 3442 1899 3519">
     <span class='ocr_line' id='line_1_68' title="bbox 370 3442 1899 3519; baseline -0.009 -13"><span class='ocrx_word' id='word_1_545' title='bbox 370 3455 462 3519; x_wconf 80' lang='lat' dir='ltr'><strong>sit,</strong></span> <span class='ocrx_word' id='word_1_546' title='bbox 494 3450 580 3504; x_wconf 90' lang='lat' dir='ltr'><strong>ille</strong></span> <span class='ocrx_word' id='word_1_547' title='bbox 612 3460 786 3503; x_wconf 89' lang='lat' dir='ltr'><strong>autem</strong></span> <span class='ocrx_word' id='word_1_548' title='bbox 817 3448 1024 3517; x_wconf 86' lang='lat' dir='ltr'><strong>operari</strong></span> <span class='ocrx_word' id='word_1_549' title='bbox 1066 3446 1269 3511; x_wconf 88' lang='lat' dir='ltr'><strong>nolens,</strong></span> <span class='ocrx_word' id='word_1_550' title='bbox 1306 3459 1368 3499; x_wconf 90' lang='lat' dir='ltr'><strong>ea</strong></span> <span class='ocrx_word' id='word_1_551' title='bbox 1411 3460 1529 3511; x_wconf 65' lang='lat' dir='ltr'><strong>qua:</strong></span> <span class='ocrx_word' id='word_1_552' title='bbox 1556 3442 1899 3510; x_wconf 89' lang='lat' dir='ltr'><strong>dominusju-</strong></span> 
     </span>
    </p>
   </div>
   <div class='ocr_carea' id='block_1_69' title="bbox 373 3532 1897 3604">
    <p class='ocr_par' dir='ltr' id='par_1_69' title="bbox 373 3532 1897 3604">
     <span class='ocr_line' id='line_1_69' title="bbox 373 3532 1897 3604; baseline -0.006 -13"><span class='ocrx_word' id='word_1_553' title='bbox 373 3542 462 3594; x_wconf 72' lang='lat' dir='ltr'><strong>liet</strong></span> <span class='ocrx_word' id='word_1_554' title='bbox 518 3541 779 3593; x_wconf 82' lang='lat' dir='ltr'><strong>discutere</strong></span> <span class='ocrx_word' id='word_1_555' title='bbox 827 3537 1079 3604; x_wconf 86' lang='lat' dir='ltr'><strong>incipiat,</strong></span> <span class='ocrx_word' id='word_1_556' title='bbox 1142 3543 1195 3588; x_wconf 90' lang='lat' dir='ltr'><strong>et</strong></span> <span class='ocrx_word' id='word_1_557' title='bbox 1254 3534 1522 3601; x_wconf 88' lang='lat' dir='ltr'><strong>requirere</strong></span> <span class='ocrx_word' id='word_1_558' title='bbox 1568 3546 1598 3584; x_wconf 90' lang='lat' dir='ltr'><strong>a</strong></span> <span class='ocrx_word' id='word_1_559' title='bbox 1658 3532 1897 3585; x_wconf 84' lang='lat' dir='ltr'><strong>domino:</strong></span> 
     </span>
    </p>
   </div>
   <div class='ocr_carea' id='block_1_70' title="bbox 380 3622 1902 3700">
    <p class='ocr_par' dir='ltr' id='par_1_70' title="bbox 380 3622 1902 3700">
     <span class='ocr_line' id='line_1_70' title="bbox 380 3622 1902 3700; baseline -0.008 -14"><span class='ocrx_word' id='word_1_560' title='bbox 380 3632 575 3700; x_wconf 86' lang='lat' dir='ltr'><strong>thuid</strong></span> <span class='ocrx_word' id='word_1_561' title='bbox 606 3630 706 3684; x_wconf 88' lang='lat' dir='ltr'><strong>hoc</strong></span> <span class='ocrx_word' id='word_1_562' title='bbox 733 3643 866 3696; x_wconf 93' lang='lat' dir='ltr'><strong>opus</strong></span> <span class='ocrx_word' id='word_1_563' title='bbox 895 3626 1009 3681; x_wconf 91' lang='lat' dir='ltr'><strong>ﬁeri</strong></span> <span class='ocrx_word' id='word_1_564' title='bbox 1036 3626 1229 3695; x_wconf 84' lang='lat' dir='ltr'><strong>jubes?</strong></span> <span class='ocrx_word' id='word_1_565' title='bbox 1247 3623 1343 3678; x_wconf 92' lang='lat' dir='ltr'><strong>Cui</strong></span> <span class='ocrx_word' id='word_1_566' title='bbox 1392 3623 1643 3693; x_wconf 88' lang='lat' dir='ltr'><strong>prodest?</strong></span> <span class='ocrx_word' id='word_1_567' title='bbox 1667 3622 1761 3676; x_wconf 89' lang='lat' dir='ltr'><strong>Cui</strong></span> <span class='ocrx_word' id='word_1_568' title='bbox 1806 3638 1902 3675; x_wconf 85' lang='lat' dir='ltr'><strong>ne-</strong></span> 
     </span>
    </p>
   </div>
   <div class='ocr_carea' id='block_1_71' title="bbox 375 3711 1902 3784">
    <p class='ocr_par' dir='ltr' id='par_1_71' title="bbox 375 3711 1902 3784">
     <span class='ocr_line' id='line_1_71' title="bbox 375 3711 1902 3784; baseline -0.009 -8"><span class='ocrx_word' id='word_1_569' title='bbox 375 3722 672 3776; x_wconf 73' lang='lat' dir='ltr'><strong>cessarium</strong></span> <span class='ocrx_word' id='word_1_570' title='bbox 717 3717 1141 3774; x_wconf 69' lang='lat' dir='ltr'><strong>esticontumaci</strong></span> <span class='ocrx_word' id='word_1_571' title='bbox 1183 3730 1337 3770; x_wconf 88' lang='lat' dir='ltr'><strong>servo</strong></span> <span class='ocrx_word' id='word_1_572' title='bbox 1380 3729 1496 3782; x_wconf 70' lang='lat' dir='ltr'><strong>qua:</strong></span> <span class='ocrx_word' id='word_1_573' title='bbox 1539 3713 1641 3767; x_wconf 89' lang='lat' dir='ltr'><strong>erit</strong></span> <span class='ocrx_word' id='word_1_574' title='bbox 1674 3711 1750 3784; x_wconf 90' lang='lat'><strong>(7)</strong></span> <span class='ocrx_word' id='word_1_575' title='bbox 1797 3721 1902 3764; x_wconf 87' lang='lat' dir='ltr'><strong>tam</strong></span> 
     </span>
    </p>
   </div>
   <div class='ocr_carea' id='block_1_72' title="bbox 378 3803 1902 3883">
    <p class='ocr_par' dir='ltr' id='par_1_72' title="bbox 378 3803 1902 3883">
     <span class='ocr_line' id='line_1_72' title="bbox 378 3803 1902 3883; baseline -0.007 -17"><span class='ocrx_word' id='word_1_576' title='bbox 378 3815 536 3883; x_wconf 85' lang='lat' dir='ltr'><strong>digna</strong></span> <span class='ocrx_word' id='word_1_577' title='bbox 576 3810 850 3881; x_wconf 84' lang='lat' dir='ltr'><strong>responsio</strong></span> <span class='ocrx_word' id='word_1_578' title='bbox 872 3852 887 3875; x_wconf 94' lang='lat'><strong>,</strong></span> <span class='ocrx_word' id='word_1_579' title='bbox 917 3810 1020 3863; x_wconf 92' lang='lat' dir='ltr'><strong>nisi</strong></span> <span class='ocrx_word' id='word_1_580' title='bbox 1058 3818 1116 3861; x_wconf 83' lang='lat' dir='ltr'><strong>ut</strong></span> <span class='ocrx_word' id='word_1_581' title='bbox 1146 3808 1353 3862; x_wconf 90' lang='lat' dir='ltr'><strong>dicatur</strong></span> <span class='ocrx_word' id='word_1_582' title='bbox 1377 3807 1424 3859; x_wconf 89' lang='lat' dir='ltr'><strong>ei</strong></span> <span class='ocrx_word' id='word_1_583' title='bbox 1458 3822 1473 3858; x_wconf 87' lang='lat'><strong><em>:</em></strong></span> <span class='ocrx_word' id='word_1_584' title='bbox 1508 3822 1527 3855; x_wconf 77' lang='grc' dir='ltr'><strong>ι</strong></span> <span class='ocrx_word' id='word_1_585' title='bbox 1565 3803 1642 3856; x_wconf 90' lang='lat' dir='ltr'><strong>Tu</strong></span> <span class='ocrx_word' id='word_1_586' title='bbox 1667 3804 1788 3872; x_wconf 88' lang='lat' dir='ltr'><strong>quis</strong></span> <span class='ocrx_word' id='word_1_587' title='bbox 1812 3818 1902 3864; x_wconf 91' lang='lat' dir='ltr'><strong>es,</strong></span> 
     </span>
    </p>
   </div>
   <div class='ocr_carea' id='block_1_73' title="bbox 378 3894 1907 3977">
    <p class='ocr_par' dir='ltr' id='par_1_73' title="bbox 378 3894 1907 3977">
     <span class='ocr_line' id='line_1_73' title="bbox 378 3894 1907 3977; baseline -0.009 -20"><span class='ocrx_word' id='word_1_588' title='bbox 378 3906 470 3977; x_wconf 86' lang='lat' dir='ltr'><strong>qui</strong></span> <span class='ocrx_word' id='word_1_589' title='bbox 503 3912 687 3957; x_wconf 89' lang='lat' dir='ltr'><strong>contra</strong></span> <span class='ocrx_word' id='word_1_590' title='bbox 708 3902 1031 3970; x_wconf 86' lang='lat' dir='ltr'><strong>respondeas</strong></span> <span class='ocrx_word' id='word_1_591' title='bbox 1061 3917 1080 3951; x_wconf 78' lang='grc' dir='ltr'><strong>ι</strong></span> <span class='ocrx_word' id='word_1_592' title='bbox 1111 3896 1363 3952; x_wconf 73' lang='lat' dir='ltr'><strong>domino?</strong></span> <span class='ocrx_word' id='word_1_593' title='bbox 1383 3896 1453 3949; x_wconf 87' lang='lat' dir='ltr'><strong>ita</strong></span> <span class='ocrx_word' id='word_1_594' title='bbox 1482 3895 1686 3963; x_wconf 88' lang='lat' dir='ltr'><strong>placet;</strong></span> <span class='ocrx_word' id='word_1_595' title='bbox 1726 3895 1798 3946; x_wconf 88' lang='lat' dir='ltr'><strong>ita</strong></span> <span class='ocrx_word' id='word_1_596' title='bbox 1819 3894 1907 3945; x_wconf 84' lang='lat' dir='ltr'><strong>do-</strong></span> 
     </span>
    </p>
   </div>
   <div class='ocr_carea' id='block_1_74' title="bbox 380 3982 1907 4057">
    <p class='ocr_par' dir='ltr' id='par_1_74' title="bbox 380 3982 1907 4057">
     <span class='ocr_line' id='line_1_74' title="bbox 380 3982 1907 4057; baseline -0.009 -11"><span class='ocrx_word' id='word_1_597' title='bbox 380 3993 524 4046; x_wconf 90' lang='lat' dir='ltr'><strong>mino</strong></span> <span class='ocrx_word' id='word_1_598' title='bbox 549 3992 775 4045; x_wconf 82' lang='lat' dir='ltr'><strong>videtur.</strong></span> <span class='ocrx_word' id='word_1_599' title='bbox 798 3990 911 4043; x_wconf 85' lang='lat' dir='ltr'><strong>Non</strong></span> <span class='ocrx_word' id='word_1_600' title='bbox 940 3998 1065 4057; x_wconf 90' lang='lat' dir='ltr'><strong>puto</strong></span> <span class='ocrx_word' id='word_1_601' title='bbox 1093 3997 1269 4040; x_wconf 88' lang='lat' dir='ltr'><strong>autem</strong></span> <span class='ocrx_word' id='word_1_602' title='bbox 1295 3984 1438 4053; x_wconf 89' lang='lat' dir='ltr'><strong>quod</strong></span> <span class='ocrx_word' id='word_1_603' title='bbox 1470 3986 1511 4037; x_wconf 89' lang='lat' dir='ltr'><strong>si</strong></span> <span class='ocrx_word' id='word_1_604' title='bbox 1532 3982 1701 4036; x_wconf 88' lang='lat' dir='ltr'><strong>ﬁdelis</strong></span> <span class='ocrx_word' id='word_1_605' title='bbox 1717 3995 1907 4034; x_wconf 88' lang='lat' dir='ltr'><strong>servus</strong></span> 
     </span>
    </p>
   </div>
   <div class='ocr_carea' id='block_1_75' title="bbox 378 4066 1906 4151">
    <p class='ocr_par' dir='ltr' id='par_1_75' title="bbox 378 4066 1906 4151">
     <span class='ocr_line' id='line_1_75' title="bbox 378 4066 1906 4151; baseline -0.01 -16"><span class='ocrx_word' id='word_1_606' title='bbox 378 4066 435 4135; x_wconf 75' lang='lat' dir='ltr'><strong>et</strong></span> <span class='ocrx_word' id='word_1_607' title='bbox 462 4081 1038 4151; x_wconf 78' lang='lat' dir='ltr'><strong>prudensinlerroget,</strong></span> <span class='ocrx_word' id='word_1_608' title='bbox 1080 4076 1259 4129; x_wconf 86' lang='lat' dir='ltr'><strong>volens</strong></span> <span class='ocrx_word' id='word_1_609' title='bbox 1300 4071 1596 4140; x_wconf 83' lang='lat' dir='ltr'><strong>intelligere</strong></span> <span class='ocrx_word' id='word_1_610' title='bbox 1642 4079 1695 4122; x_wconf 88' lang='lat' dir='ltr'><strong>et</strong></span> <span class='ocrx_word' id='word_1_611' title='bbox 1726 4068 1906 4120; x_wconf 90' lang='lat' dir='ltr'><strong>mirari</strong></span> 
     </span>
    </p>
   </div>
   <div class='ocr_carea' id='block_1_76' title="bbox 381 4156 1909 4238">
    <p class='ocr_par' dir='ltr' id='par_1_76' title="bbox 381 4156 1909 4238">
     <span class='ocr_line' id='line_1_76' title="bbox 381 4156 1909 4238; baseline -0.009 -13"><span class='ocrx_word' id='word_1_612' title='bbox 381 4172 693 4238; x_wconf 83' lang='lat' dir='ltr'><strong>sapientiam</strong></span> <span class='ocrx_word' id='word_1_613' title='bbox 720 4169 920 4222; x_wconf 89' lang='lat' dir='ltr'><strong>domini</strong></span> <span class='ocrx_word' id='word_1_614' title='bbox 958 4168 1053 4236; x_wconf 91' lang='lat'><strong>(8),</strong></span> <span class='ocrx_word' id='word_1_615' title='bbox 1086 4165 1226 4234; x_wconf 88' lang='lat' dir='ltr'><strong>quod</strong></span> <span class='ocrx_word' id='word_1_616' title='bbox 1250 4165 1461 4216; x_wconf 86' lang='lat' dir='ltr'><strong>dicatur</strong></span> <span class='ocrx_word' id='word_1_617' title='bbox 1483 4160 1531 4214; x_wconf 88' lang='lat' dir='ltr'><strong>ei</strong></span> <span class='ocrx_word' id='word_1_618' title='bbox 1570 4176 1584 4211; x_wconf 90' lang='lat'><strong>:</strong></span> <span class='ocrx_word' id='word_1_619' title='bbox 1630 4175 1648 4207; x_wconf 85' lang='grc'><em>‹</em></span> <span class='ocrx_word' id='word_1_620' title='bbox 1679 4156 1758 4210; x_wconf 87' lang='lat' dir='ltr'><strong>Tu</strong></span> <span class='ocrx_word' id='word_1_621' title='bbox 1790 4158 1909 4225; x_wconf 87' lang='lat' dir='ltr'><strong>quis</strong></span> 
     </span>
    </p>
   </div>
   <div class='ocr_carea' id='block_1_77' title="bbox 378 4248 1909 4328">
    <p class='ocr_par' dir='ltr' id='par_1_77' title="bbox 378 4248 1909 4328">
     <span class='ocr_line' id='line_1_77' title="bbox 378 4248 1909 4328; baseline -0.012 -12"><span class='ocrx_word' id='word_1_622' title='bbox 378 4264 479 4316; x_wconf 86' lang='lat' dir='ltr'><strong>es?</strong></span> <span class='ocrx_word' id='word_1_623' title='bbox 514 4282 533 4315; x_wconf 78' lang='grc' dir='ltr'><strong>ι</strong></span> <span class='ocrx_word' id='word_1_624' title='bbox 597 4263 830 4328; x_wconf 86' lang='lat' dir='ltr'><strong>Denique</strong></span> <span class='ocrx_word' id='word_1_625' title='bbox 878 4274 995 4313; x_wconf 92' lang='lat' dir='ltr'><strong>cum</strong></span> <span class='ocrx_word' id='word_1_626' title='bbox 1049 4254 1239 4310; x_wconf 86' lang='lat' dir='ltr'><strong>Daniel</strong></span> <span class='ocrx_word' id='word_1_627' title='bbox 1284 4254 1538 4321; x_wconf 85' lang='lat' dir='ltr'><strong>propheta</strong></span> <span class='ocrx_word' id='word_1_628' title='bbox 1590 4248 1909 4302; x_wconf 88' lang='lat' dir='ltr'><strong>voluntatem</strong></span> 
     </span>
    </p>
   </div>
   <div class='ocr_carea' id='block_1_78' title="bbox 1997 3074 3675 3148">
    <p class='ocr_par' dir='ltr' id='par_1_78' title="bbox 1997 3074 3675 3148">
     <span class='ocr_line' id='line_1_78' title="bbox 1997 3074 3675 3148; baseline -0.001 -17"><span class='ocrx_word' id='word_1_629' title='bbox 1997 3079 2124 3131; x_wconf 87' lang='lat' dir='ltr'><strong>ciat.</strong></span> <span class='ocrx_word' id='word_1_630' title='bbox 2159 3075 2261 3140; x_wconf 88' lang='lat' dir='ltr'><strong>Qui</strong></span> <span class='ocrx_word' id='word_1_631' title='bbox 2293 3089 2424 3128; x_wconf 90' lang='lat' dir='ltr'><strong>vero</strong></span> <span class='ocrx_word' id='word_1_632' title='bbox 2445 3088 2611 3142; x_wconf 90' lang='lat' dir='ltr'><strong>opera</strong></span> <span class='ocrx_word' id='word_1_633' title='bbox 2641 3074 2957 3142; x_wconf 63' lang='lat' dir='ltr'><strong>sapientia:</strong></span> <span class='ocrx_word' id='word_1_634' title='bbox 2982 3076 3105 3132; x_wconf 88' lang='lat' dir='ltr'><strong>Dei</strong></span> <span class='ocrx_word' id='word_1_635' title='bbox 3142 3079 3207 3132; x_wconf 92' lang='lat' dir='ltr'><strong>in</strong></span> <span class='ocrx_word' id='word_1_636' title='bbox 3237 3077 3675 3148; x_wconf 76' lang='lat' dir='ltr'><strong>dispensationi-</strong></span> 
     </span>
    </p>
   </div>
   <div class='ocr_carea' id='block_1_79' title="bbox 1997 3164 3674 3235">
    <p class='ocr_par' dir='ltr' id='par_1_79' title="bbox 1997 3164 3674 3235">
     <span class='ocr_line' id='line_1_79' title="bbox 1997 3164 3674 3235; baseline 0 -16"><span class='ocrx_word' id='word_1_637' title='bbox 1997 3168 2094 3220; x_wconf 89' lang='lat' dir='ltr'><strong>bus</strong></span> <span class='ocrx_word' id='word_1_638' title='bbox 2119 3164 2228 3235; x_wconf 79' lang='grc'><strong>(15)</strong></span> <span class='ocrx_word' id='word_1_639' title='bbox 2256 3164 2370 3231; x_wconf 89' lang='lat' dir='ltr'><strong>ejus</strong></span> <span class='ocrx_word' id='word_1_640' title='bbox 2395 3164 2676 3217; x_wconf 91' lang='lat' dir='ltr'><strong>desiderat</strong></span> <span class='ocrx_word' id='word_1_641' title='bbox 2698 3168 3016 3230; x_wconf 86' lang='lat' dir='ltr'><strong>contueri,</strong></span> <span class='ocrx_word' id='word_1_642' title='bbox 3051 3170 3282 3224; x_wconf 87' lang='lat' dir='ltr'><strong>audiat</strong></span> <span class='ocrx_word' id='word_1_643' title='bbox 3318 3171 3380 3224; x_wconf 92' lang='lat' dir='ltr'><strong>in</strong></span> <span class='ocrx_word' id='word_1_644' title='bbox 3430 3171 3543 3225; x_wconf 92' lang='lat' dir='ltr'><strong>alio</strong></span> <span class='ocrx_word' id='word_1_645' title='bbox 3570 3170 3674 3222; x_wconf 87' lang='lat' dir='ltr'><strong>loco</strong></span> 
     </span>
    </p>
   </div>
   <div class='ocr_carea' id='block_1_80' title="bbox 1997 3250 3676 3322">
    <p class='ocr_par' dir='ltr' id='par_1_80' title="bbox 1997 3250 3676 3322">
     <span class='ocr_line' id='line_1_80' title="bbox 1997 3250 3676 3322; baseline -0.001 -15"><span class='ocrx_word' id='word_1_646' title='bbox 1997 3255 2163 3308; x_wconf 88' lang='lat' dir='ltr'><strong>dehis</strong></span> <span class='ocrx_word' id='word_1_647' title='bbox 2195 3254 2325 3322; x_wconf 87' lang='lat' dir='ltr'><strong>ipsis</strong></span> <span class='ocrx_word' id='word_1_648' title='bbox 2357 3250 2581 3304; x_wconf 82' lang='lat' dir='ltr'><strong>Paulum</strong></span> <span class='ocrx_word' id='word_1_649' title='bbox 2610 3252 2947 3306; x_wconf 76' lang='lat' dir='ltr'><strong>divinorum</strong></span> <span class='ocrx_word' id='word_1_650' title='bbox 2974 3267 3380 3313; x_wconf 83' lang='lat' dir='ltr'><strong>secretorum</strong></span> <span class='ocrx_word' id='word_1_651' title='bbox 3407 3259 3676 3314; x_wconf 84' lang='lat' dir='ltr'><strong>conscium</strong></span> 
     </span>
    </p>
   </div>
   <div class='ocr_carea' id='block_1_81' title="bbox 1999 3340 3675 3419">
    <p class='ocr_par' dir='ltr' id='par_1_81' title="bbox 1999 3340 3675 3419">
     <span class='ocr_line' id='line_1_81' title="bbox 1999 3340 3675 3419; baseline 0.001 -22"><span class='ocrx_word' id='word_1_652' title='bbox 1999 3346 2374 3412; x_wconf 86' lang='lat' dir='ltr'><strong>disputantem.</strong></span> <span class='ocrx_word' id='word_1_653' title='bbox 2414 3361 2433 3393; x_wconf 73' lang='grc' dir='ltr'><strong>ι</strong></span> <span class='ocrx_word' id='word_1_654' title='bbox 2469 3340 2526 3394; x_wconf 86' lang='lat' dir='ltr'><strong>In</strong></span> <span class='ocrx_word' id='word_1_655' title='bbox 2562 3342 2730 3397; x_wconf 87' lang='lat' dir='ltr'><strong>domo</strong></span> <span class='ocrx_word' id='word_1_656' title='bbox 2773 3352 2981 3398; x_wconf 88' lang='lat' dir='ltr'><strong>autem</strong></span> <span class='ocrx_word' id='word_1_657' title='bbox 3056 3364 3295 3419; x_wconf 81' lang='lat' dir='ltr'><strong>magna</strong></span> <span class='ocrx_word' id='word_1_658' title='bbox 3365 3366 3482 3405; x_wconf 93' lang='lat' dir='ltr'><strong>non</strong></span> <span class='ocrx_word' id='word_1_659' title='bbox 3541 3359 3675 3412; x_wconf 88' lang='lat' dir='ltr'><strong>sunt,</strong></span> 
     </span>
    </p>
   </div>
   <div class='ocr_carea' id='block_1_82' title="bbox 1999 3433 3676 3510">
    <p class='ocr_par' dir='ltr' id='par_1_82' title="bbox 1999 3433 3676 3510">
     <span class='ocr_line' id='line_1_82' title="bbox 1999 3433 3676 3510; baseline 0.001 -23"><span class='ocrx_word' id='word_1_660' title='bbox 1999 3436 2189 3502; x_wconf 88' lang='lat' dir='ltr'><strong>inquit,</strong></span> <span class='ocrx_word' id='word_1_661' title='bbox 2238 3433 2613 3494; x_wconf 89' lang='lat' dir='ltr'><strong>tantummodo</strong></span> <span class='ocrx_word' id='word_1_662' title='bbox 2686 3449 2818 3488; x_wconf 89' lang='lat' dir='ltr'><strong>vasa</strong></span> <span class='ocrx_word' id='word_1_663' title='bbox 2871 3452 3070 3491; x_wconf 83' lang='lat' dir='ltr'><strong>aurea</strong></span> <span class='ocrx_word' id='word_1_664' title='bbox 3112 3450 3181 3492; x_wconf 87' lang='lat' dir='ltr'><strong>et</strong></span> <span class='ocrx_word' id='word_1_665' title='bbox 3244 3451 3561 3510; x_wconf 77' lang='lat' dir='ltr'><strong>argentea,</strong></span> <span class='ocrx_word' id='word_1_666' title='bbox 3592 3440 3676 3491; x_wconf 85' lang='lat' dir='ltr'><strong>sed</strong></span> 
     </span>
    </p>
   </div>
   <div class='ocr_carea' id='block_1_83' title="bbox 1997 3519 3678 3592">
    <p class='ocr_par' dir='ltr' id='par_1_83' title="bbox 1997 3519 3678 3592">
     <span class='ocr_line' id='line_1_83' title="bbox 1997 3519 3678 3592; baseline 0.002 -21"><span class='ocrx_word' id='word_1_667' title='bbox 1997 3533 2050 3576; x_wconf 88' lang='lat' dir='ltr'><strong>el</strong></span> <span class='ocrx_word' id='word_1_668' title='bbox 2080 3522 2249 3590; x_wconf 86' lang='lat' dir='ltr'><strong>lignea</strong></span> <span class='ocrx_word' id='word_1_669' title='bbox 2298 3529 2353 3573; x_wconf 91' lang='lat' dir='ltr'><strong>et</strong></span> <span class='ocrx_word' id='word_1_670' title='bbox 2399 3519 2631 3584; x_wconf 88' lang='lat' dir='ltr'><strong>ﬁctilia,</strong></span> <span class='ocrx_word' id='word_1_671' title='bbox 2665 3531 2721 3574; x_wconf 91' lang='lat' dir='ltr'><strong>et</strong></span> <span class='ocrx_word' id='word_1_672' title='bbox 2771 3522 2890 3575; x_wconf 88' lang='lat' dir='ltr'><strong>alia</strong></span> <span class='ocrx_word' id='word_1_673' title='bbox 2927 3526 3196 3592; x_wconf 84' lang='lat' dir='ltr'><strong>quidem</strong></span> <span class='ocrx_word' id='word_1_674' title='bbox 3250 3530 3330 3581; x_wconf 87' lang='lat' dir='ltr'><strong>ad</strong></span> <span class='ocrx_word' id='word_1_675' title='bbox 3383 3532 3678 3587; x_wconf 84' lang='lat' dir='ltr'><strong>honorem,</strong></span> 
     </span>
    </p>
   </div>
   <div class='ocr_carea' id='block_1_84' title="bbox 2001 3611 3675 3688">
    <p class='ocr_par' dir='ltr' id='par_1_84' title="bbox 2001 3611 3675 3688">
     <span class='ocr_line' id='line_1_84' title="bbox 2001 3611 3675 3688; baseline 0.002 -23"><span class='ocrx_word' id='word_1_676' title='bbox 2001 3613 2107 3666; x_wconf 84' lang='lat' dir='ltr'><strong>alia</strong></span> <span class='ocrx_word' id='word_1_677' title='bbox 2136 3620 2314 3665; x_wconf 89' lang='lat' dir='ltr'><strong>autem</strong></span> <span class='ocrx_word' id='word_1_678' title='bbox 2354 3611 2421 3664; x_wconf 88' lang='lat' dir='ltr'><strong>ad</strong></span> <span class='ocrx_word' id='word_1_679' title='bbox 2450 3612 2892 3667; x_wconf 90' lang='lat' dir='ltr'><strong>contumeliam.</strong></span> <span class='ocrx_word' id='word_1_680' title='bbox 2928 3615 2998 3668; x_wconf 92' lang='lat' dir='ltr'><strong>Si</strong></span> <span class='ocrx_word' id='word_1_681' title='bbox 3049 3631 3212 3685; x_wconf 79' lang='lat' dir='ltr'><strong>ergo</strong></span> <span class='ocrx_word' id='word_1_682' title='bbox 3242 3621 3385 3688; x_wconf 89' lang='lat' dir='ltr'><strong>quis</strong></span> <span class='ocrx_word' id='word_1_683' title='bbox 3417 3617 3675 3674; x_wconf 78' lang='lat' dir='ltr'><strong>emunda-</strong></span> 
     </span>
    </p>
   </div>
   <div class='ocr_carea' id='block_1_85' title="bbox 2001 3701 3676 3770">
    <p class='ocr_par' dir='ltr' id='par_1_85' title="bbox 2001 3701 3676 3770">
     <span class='ocr_line' id='line_1_85' title="bbox 2001 3701 3676 3770; baseline 0.002 -14"><span class='ocrx_word' id='word_1_684' title='bbox 2001 3703 2139 3757; x_wconf 90' lang='lat' dir='ltr'><strong>verit</strong></span> <span class='ocrx_word' id='word_1_685' title='bbox 2167 3701 2515 3770; x_wconf 89' lang='lat' dir='ltr'><strong>semetipsum</strong></span> <span class='ocrx_word' id='word_1_686' title='bbox 2544 3701 2618 3755; x_wconf 89' lang='lat' dir='ltr'><strong>ab</strong></span> <span class='ocrx_word' id='word_1_687' title='bbox 2646 3702 2756 3765; x_wconf 84' lang='lat' dir='ltr'><strong>Itis,</strong></span> <span class='ocrx_word' id='word_1_688' title='bbox 2782 3704 2902 3757; x_wconf 90' lang='lat' dir='ltr'><strong>erit</strong></span> <span class='ocrx_word' id='word_1_689' title='bbox 2937 3720 3053 3760; x_wconf 89' lang='lat' dir='ltr'><strong>vas</strong></span> <span class='ocrx_word' id='word_1_690' title='bbox 3091 3710 3173 3760; x_wconf 84' lang='lat' dir='ltr'><strong>ad</strong></span> <span class='ocrx_word' id='word_1_691' title='bbox 3223 3710 3516 3765; x_wconf 84' lang='lat' dir='ltr'><strong>honorem</strong></span> <span class='ocrx_word' id='word_1_692' title='bbox 3557 3724 3676 3762; x_wconf 90' lang='lat' dir='ltr'><strong>san-</strong></span> 
     </span>
    </p>
   </div>
   <div class='ocr_carea' id='block_1_86' title="bbox 2001 3791 3676 3868">
    <p class='ocr_par' dir='ltr' id='par_1_86' title="bbox 2001 3791 3676 3868">
     <span class='ocr_line' id='line_1_86' title="bbox 2001 3791 3676 3868; baseline -0.001 -21"><span class='ocrx_word' id='word_1_693' title='bbox 2001 3792 2315 3855; x_wconf 85' lang='lat' dir='ltr'><strong>ctiﬁcatum,</strong></span> <span class='ocrx_word' id='word_1_694' title='bbox 2364 3800 2420 3845; x_wconf 92' lang='lat' dir='ltr'><strong>et</strong></span> <span class='ocrx_word' id='word_1_695' title='bbox 2459 3791 2597 3845; x_wconf 90' lang='lat' dir='ltr'><strong>utile</strong></span> <span class='ocrx_word' id='word_1_696' title='bbox 2630 3792 2903 3857; x_wconf 88' lang='lat' dir='ltr'><strong>Domino,</strong></span> <span class='ocrx_word' id='word_1_697' title='bbox 2937 3796 3018 3848; x_wconf 88' lang='lat' dir='ltr'><strong>ad</strong></span> <span class='ocrx_word' id='word_1_698' title='bbox 3060 3812 3264 3853; x_wconf 87' lang='lat' dir='ltr'><strong>omne</strong></span> <span class='ocrx_word' id='word_1_699' title='bbox 3300 3815 3453 3868; x_wconf 90' lang='lat' dir='ltr'><strong>opus</strong></span> <span class='ocrx_word' id='word_1_700' title='bbox 3486 3800 3676 3852; x_wconf 88' lang='lat' dir='ltr'><strong>bonuu:</strong></span> 
     </span>
    </p>
   </div>
   <div class='ocr_carea' id='block_1_87' title="bbox 2005 3881 3677 3961">
    <p class='ocr_par' dir='ltr' id='par_1_87' title="bbox 2005 3881 3677 3961">
     <span class='ocr_line' id='line_1_87' title="bbox 2005 3881 3677 3961; baseline 0.002 -26"><span class='ocrx_word' id='word_1_701' title='bbox 2005 3892 2244 3951; x_wconf 83' lang='lat' dir='ltr'><strong>paratum</strong></span> <span class='ocrx_word' id='word_1_702' title='bbox 2277 3882 2343 3935; x_wconf 75' lang='lat'><strong>”.</strong></span> <span class='ocrx_word' id='word_1_703' title='bbox 2389 3900 2409 3933; x_wconf 71' lang='grc' dir='ltr'><strong>ι</strong></span> <span class='ocrx_word' id='word_1_704' title='bbox 2455 3881 2628 3936; x_wconf 84' lang='lat' dir='ltr'><strong>Audis</strong></span> <span class='ocrx_word' id='word_1_705' title='bbox 2660 3882 2878 3938; x_wconf 87' lang='lat' dir='ltr'><strong>Paulus</strong></span> <span class='ocrx_word' id='word_1_706' title='bbox 2929 3889 2993 3939; x_wconf 89' lang='lat' dir='ltr'><strong>in</strong></span> <span class='ocrx_word' id='word_1_707' title='bbox 3050 3888 3155 3944; x_wconf 81' lang='lat' dir='ltr'><strong>his</strong></span> <span class='ocrx_word' id='word_1_708' title='bbox 3215 3892 3280 3944; x_wconf 92' lang='lat' dir='ltr'><strong>in</strong></span> <span class='ocrx_word' id='word_1_709' title='bbox 3334 3891 3546 3961; x_wconf 81' lang='lat' dir='ltr'><strong>quibus</strong></span> <span class='ocrx_word' id='word_1_710' title='bbox 3582 3904 3677 3942; x_wconf 89' lang='lat' dir='ltr'><strong>non</strong></span> 
     </span>
    </p>
   </div>
   <div class='ocr_carea' id='block_1_88' title="bbox 2006 3972 3680 4049">
    <p class='ocr_par' dir='ltr' id='par_1_88' title="bbox 2006 3972 3680 4049">
     <span class='ocr_line' id='line_1_88' title="bbox 2006 3972 3680 4049; baseline 0 -21"><span class='ocrx_word' id='word_1_711' title='bbox 2006 3974 2191 4028; x_wconf 86' lang='lat' dir='ltr'><strong>llabuit</strong></span> <span class='ocrx_word' id='word_1_712' title='bbox 2221 3980 2533 4039; x_wconf 85' lang='lat' dir='ltr'><strong>protervum</strong></span> <span class='ocrx_word' id='word_1_713' title='bbox 2565 3972 3079 4031; x_wconf 86' lang='lat' dir='ltr'><strong>contradictorem</strong></span> <span class='ocrx_word' id='word_1_714' title='bbox 3113 4018 3134 4041; x_wconf 84' lang='lat'><strong>,</strong></span> <span class='ocrx_word' id='word_1_715' title='bbox 3184 3982 3495 4049; x_wconf 91' lang='lat' dir='ltr'><strong>quomodo</strong></span> <span class='ocrx_word' id='word_1_716' title='bbox 3531 3994 3680 4033; x_wconf 78' lang='lat' dir='ltr'><strong>vaso-</strong></span> 
     </span>
    </p>
   </div>
   <div class='ocr_carea' id='block_1_89' title="bbox 2007 4061 3679 4127">
    <p class='ocr_par' dir='ltr' id='par_1_89' title="bbox 2007 4061 3679 4127">
     <span class='ocr_line' id='line_1_89' title="bbox 2007 4061 3679 4127; baseline 0.003 -11"><span class='ocrx_word' id='word_1_717' title='bbox 2007 4076 2121 4116; x_wconf 89' lang='lat' dir='ltr'><strong>rum</strong></span> <span class='ocrx_word' id='word_1_718' title='bbox 2148 4061 2489 4115; x_wconf 88' lang='lat' dir='ltr'><strong>diversitates</strong></span> <span class='ocrx_word' id='word_1_719' title='bbox 2521 4062 2742 4127; x_wconf 87' lang='lat' dir='ltr'><strong>aperuit</strong></span> <span class='ocrx_word' id='word_1_720' title='bbox 2767 4063 2790 4115; x_wconf 78' lang='lat' dir='ltr'><strong>i</strong></span> <span class='ocrx_word' id='word_1_721' title='bbox 2820 4062 2977 4118; x_wconf 78' lang='lat' dir='ltr'><strong>Nam</strong></span> <span class='ocrx_word' id='word_1_722' title='bbox 3026 4068 3117 4122; x_wconf 86' lang='lat' dir='ltr'><strong>ibi</strong></span> <span class='ocrx_word' id='word_1_723' title='bbox 3162 4072 3271 4124; x_wconf 87' lang='lat' dir='ltr'><strong>ubi</strong></span> <span class='ocrx_word' id='word_1_724' title='bbox 3316 4074 3551 4126; x_wconf 87' lang='lat' dir='ltr'><strong>auditor</strong></span> <span class='ocrx_word' id='word_1_725' title='bbox 3584 4086 3679 4123; x_wconf 78' lang='lat' dir='ltr'><strong>non</strong></span> 
     </span>
    </p>
   </div>
   <div class='ocr_carea' id='block_1_90' title="bbox 2006 4149 3681 4222">
    <p class='ocr_par' dir='ltr' id='par_1_90' title="bbox 2006 4149 3681 4222">
     <span class='ocr_line' id='line_1_90' title="bbox 2006 4149 3681 4222; baseline 0.002 -18"><span class='ocrx_word' id='word_1_726' title='bbox 2006 4159 2127 4204; x_wconf 81' lang='lat' dir='ltr'><strong>erat</strong></span> <span class='ocrx_word' id='word_1_727' title='bbox 2182 4149 2399 4218; x_wconf 84' lang='lat' dir='ltr'><strong>dignus,</strong></span> <span class='ocrx_word' id='word_1_728' title='bbox 2446 4150 2542 4202; x_wconf 90' lang='lat' dir='ltr'><strong>sed</strong></span> <span class='ocrx_word' id='word_1_729' title='bbox 2588 4151 3005 4206; x_wconf 89' lang='lat' dir='ltr'><strong>contradictor</strong></span> <span class='ocrx_word' id='word_1_730' title='bbox 3067 4168 3262 4222; x_wconf 88' lang='lat' dir='ltr'><strong>erat,</strong></span> <span class='ocrx_word' id='word_1_731' title='bbox 3321 4164 3452 4213; x_wconf 76' lang='lat' dir='ltr'><strong>sola</strong></span> <span class='ocrx_word' id='word_1_732' title='bbox 3507 4156 3681 4211; x_wconf 81' lang='lat' dir='ltr'><strong>ﬁctilia</strong></span> 
     </span>
    </p>
   </div>
   <div class='ocr_carea' id='block_1_91' title="bbox 2008 4241 3683 4310">
    <p class='ocr_par' dir='ltr' id='par_1_91' title="bbox 2008 4241 3683 4310">
     <span class='ocr_line' id='line_1_91' title="bbox 2008 4241 3683 4310; baseline 0.01 -17"><span class='ocrx_word' id='word_1_733' title='bbox 2008 4255 2134 4295; x_wconf 88' lang='lat' dir='ltr'><strong>vasa</strong></span> <span class='ocrx_word' id='word_1_734' title='bbox 2164 4248 2590 4305; x_wconf 87' lang='lat' dir='ltr'><strong>commemorat;</strong></span> <span class='ocrx_word' id='word_1_735' title='bbox 2626 4241 2721 4295; x_wconf 90' lang='lat' dir='ltr'><strong>hic</strong></span> <span class='ocrx_word' id='word_1_736' title='bbox 2765 4253 2970 4297; x_wconf 87' lang='lat' dir='ltr'><strong>autem</strong></span> <span class='ocrx_word' id='word_1_737' title='bbox 3022 4259 3092 4300; x_wconf 87' lang='lat' dir='ltr'><strong>et</strong></span> <span class='ocrx_word' id='word_1_738' title='bbox 3127 4264 3329 4304; x_wconf 84' lang='lat' dir='ltr'><strong>aurea</strong></span> <span class='ocrx_word' id='word_1_739' title='bbox 3378 4251 3522 4305; x_wconf 87' lang='lat' dir='ltr'><strong>dicit</strong></span> <span class='ocrx_word' id='word_1_740' title='bbox 3550 4265 3683 4310; x_wconf 68' lang='lat' dir='ltr'><strong>esse.</strong></span> 
     </span>
    </p>
   </div>
   <div class='ocr_carea' id='block_1_92' title="bbox 386 4332 3684 4413">
    <p class='ocr_par' dir='ltr' id='par_1_92' title="bbox 386 4332 3684 4413">
     <span class='ocr_line' id='line_1_92' title="bbox 386 4332 3684 4413; baseline -0.004 -8"><span class='ocrx_word' id='word_1_741' title='bbox 386 4352 593 4405; x_wconf 88' lang='lat' dir='ltr'><strong>Domini</strong></span> <span class='ocrx_word' id='word_1_742' title='bbox 617 4350 1297 4413; x_wconf 83' lang='lat' dir='ltr'><strong>desiderassetaguoscere,</strong></span> <span class='ocrx_word' id='word_1_743' title='bbox 1323 4340 1460 4392; x_wconf 89' lang='lat' dir='ltr'><strong>unde</strong></span> <span class='ocrx_word' id='word_1_744' title='bbox 1481 4347 1536 4390; x_wconf 88' lang='lat' dir='ltr'><strong>et</strong></span> <span class='ocrx_word' id='word_1_745' title='bbox 1565 4355 1584 4386; x_wconf 74' lang='grc' dir='ltr'><strong>ι</strong></span> <span class='ocrx_word' id='word_1_746' title='bbox 1610 4336 1689 4388; x_wconf 92' lang='lat' dir='ltr'><strong>vir</strong></span> <span class='ocrx_word' id='word_1_747' title='bbox 1709 4334 1910 4387; x_wconf 80' lang='lat' dir='ltr'><strong>deside—</strong></span> <span class='ocrx_word' id='word_1_748' title='bbox 1940 4344 1982 4397; x_wconf 78' lang='grc' dir='ltr'>υ</span> <span class='ocrx_word' id='word_1_749' title='bbox 2010 4342 2063 4387; x_wconf 91' lang='lat' dir='ltr'><strong>et</strong></span> <span class='ocrx_word' id='word_1_750' title='bbox 2103 4344 2390 4401; x_wconf 85' lang='lat' dir='ltr'><strong>argentea,</strong></span> <span class='ocrx_word' id='word_1_751' title='bbox 2425 4341 2483 4386; x_wconf 94' lang='lat' dir='ltr'><strong>et</strong></span> <span class='ocrx_word' id='word_1_752' title='bbox 2514 4332 2721 4402; x_wconf 85' lang='lat' dir='ltr'><strong>lignea,</strong></span> <span class='ocrx_word' id='word_1_753' title='bbox 2769 4341 2828 4388; x_wconf 87' lang='lat' dir='ltr'><strong>et</strong></span> <span class='ocrx_word' id='word_1_754' title='bbox 2879 4335 3100 4392; x_wconf 81' lang='lat' dir='ltr'><strong>ﬁctilia</strong></span> <span class='ocrx_word' id='word_1_755' title='bbox 3134 4358 3153 4394; x_wconf 90' lang='lat'><strong>:</strong></span> <span class='ocrx_word' id='word_1_756' title='bbox 3191 4352 3257 4396; x_wconf 89' lang='lat' dir='ltr'><strong>et</strong></span> <span class='ocrx_word' id='word_1_757' title='bbox 3313 4343 3433 4397; x_wconf 90' lang='lat' dir='ltr'><strong>alia</strong></span> <span class='ocrx_word' id='word_1_758' title='bbox 3476 4343 3684 4412; x_wconf 85' lang='lat' dir='ltr'><strong>quidem</strong></span> 
     </span>
    </p>
   </div>
   <div class='ocr_carea' id='block_1_93' title="bbox 389 4425 1908 4505">
    <p class='ocr_par' dir='ltr' id='par_1_93' title="bbox 389 4425 1908 4505">
     <span class='ocr_line' id='line_1_93' title="bbox 389 4425 1908 4505; baseline -0.012 -11"><span class='ocrx_word' id='word_1_759' title='bbox 389 4442 591 4494; x_wconf 89' lang='lat' dir='ltr'><strong>riorum</strong></span> <span class='ocrx_word' id='word_1_760' title='bbox 611 4438 655 4469; x_wconf 81' lang='lat'>&quot;</span> <span class='ocrx_word' id='word_1_761' title='bbox 693 4456 712 4490; x_wconf 70' lang='grc' dir='ltr'><strong>ι</strong></span> <span class='ocrx_word' id='word_1_762' title='bbox 751 4436 1047 4505; x_wconf 87' lang='lat' dir='ltr'><strong>appellatus</strong></span> <span class='ocrx_word' id='word_1_763' title='bbox 1081 4442 1194 4495; x_wconf 86' lang='lat' dir='ltr'><strong>est,</strong></span> <span class='ocrx_word' id='word_1_764' title='bbox 1230 4446 1330 4483; x_wconf 91' lang='lat' dir='ltr'><strong>non</strong></span> <span class='ocrx_word' id='word_1_765' title='bbox 1359 4438 1441 4481; x_wconf 85' lang='lat' dir='ltr'><strong>est</strong></span> <span class='ocrx_word' id='word_1_766' title='bbox 1472 4425 1545 4497; x_wconf 87' lang='lat'><strong>(9)</strong></span> <span class='ocrx_word' id='word_1_767' title='bbox 1581 4426 1626 4478; x_wconf 90' lang='lat' dir='ltr'><strong>ei</strong></span> <span class='ocrx_word' id='word_1_768' title='bbox 1659 4426 1856 4477; x_wconf 87' lang='lat' dir='ltr'><strong>dictum</strong></span> <span class='ocrx_word' id='word_1_769' title='bbox 1893 4441 1908 4476; x_wconf 90' lang='lat'><strong>:</strong></span> 
     </span>
    </p>
   </div>
   <div class='ocr_carea' id='block_1_94' title="bbox 391 4514 1916 4597">
    <p class='ocr_par' dir='ltr' id='par_1_94' title="bbox 391 4514 1916 4597">
     <span class='ocr_line' id='line_1_94' title="bbox 391 4514 1916 4597; baseline -0.01 -13"><span class='ocrx_word' id='word_1_770' title='bbox 391 4551 410 4584; x_wconf 79' lang='grc' dir='ltr'><strong>ι</strong></span> <span class='ocrx_word' id='word_1_771' title='bbox 442 4530 521 4584; x_wconf 82' lang='lat' dir='ltr'><strong>Tu</strong></span> <span class='ocrx_word' id='word_1_772' title='bbox 550 4530 670 4597; x_wconf 85' lang='lat' dir='ltr'><strong>quis</strong></span> <span class='ocrx_word' id='word_1_773' title='bbox 698 4528 796 4581; x_wconf 76' lang='lat' dir='ltr'><strong>es?</strong></span> <span class='ocrx_word' id='word_1_774' title='bbox 823 4545 842 4577; x_wconf 75' lang='grc' dir='ltr'><strong>ι</strong></span> <span class='ocrx_word' id='word_1_775' title='bbox 878 4525 973 4580; x_wconf 80' lang='lat' dir='ltr'><strong>sed</strong></span> <span class='ocrx_word' id='word_1_776' title='bbox 1003 4524 1192 4576; x_wconf 89' lang='lat' dir='ltr'><strong>missus</strong></span> <span class='ocrx_word' id='word_1_777' title='bbox 1214 4531 1296 4575; x_wconf 88' lang='lat' dir='ltr'><strong>est</strong></span> <span class='ocrx_word' id='word_1_778' title='bbox 1317 4517 1552 4586; x_wconf 84' lang='lat' dir='ltr'><strong>angelus,</strong></span> <span class='ocrx_word' id='word_1_779' title='bbox 1582 4516 1671 4583; x_wconf 92' lang='lat' dir='ltr'><strong>qui</strong></span> <span class='ocrx_word' id='word_1_780' title='bbox 1705 4530 1824 4568; x_wconf 88' lang='lat' dir='ltr'><strong>eum</strong></span> <span class='ocrx_word' id='word_1_781' title='bbox 1848 4514 1916 4568; x_wconf 85' lang='lat' dir='ltr'><strong>de</strong></span> 
     </span>
    </p>
   </div>
   <div class='ocr_carea' id='block_1_95' title="bbox 1680 4626 3072 4698">
    <p class='ocr_par' dir='ltr' id='par_1_95' title="bbox 1680 4626 3072 4698">
     <span class='ocr_line' id='line_1_95' title="bbox 1680 4626 3072 4698; baseline 0.009 -23"><span class='ocrx_word' id='word_1_782' title='bbox 1680 4632 1726 4665; x_wconf 68' lang='grc' dir='ltr'><strong>ἰ</strong></span> <span class='ocrx_word' id='word_1_783' title='bbox 1754 4628 1916 4683; x_wconf 78' lang='lat' dir='ltr'><strong>Mare.</strong></span> <span class='ocrx_word' id='word_1_784' title='bbox 1955 4644 2033 4691; x_wconf 70' lang='lat' dir='ltr'><strong>XI,</strong></span> <span class='ocrx_word' id='word_1_785' title='bbox 2059 4628 2149 4690; x_wconf 80' lang='lat'><strong>‘28;</strong></span> <span class='ocrx_word' id='word_1_786' title='bbox 2177 4627 2304 4698; x_wconf 67' lang='lat' dir='ltr'><strong>Luc.</strong></span> <span class='ocrx_word' id='word_1_787' title='bbox 2326 4643 2422 4698; x_wconf 49' lang='grc' dir='ltr'><strong>δῖε,</strong></span> <span class='ocrx_word' id='word_1_788' title='bbox 2453 4626 2509 4680; x_wconf 68' lang='lat'><strong>2.</strong></span> <span class='ocrx_word' id='word_1_789' title='bbox 2587 4629 2635 4698; x_wconf 48' lang='grc' dir='ltr'><strong>’ἕ</strong></span> <span class='ocrx_word' id='word_1_790' title='bbox 2670 4627 2806 4680; x_wconf 84' lang='lat' dir='ltr'><strong>Dan.</strong></span> <span class='ocrx_word' id='word_1_791' title='bbox 2855 4647 2939 4698; x_wconf 76' lang='lat' dir='ltr'><strong>Ix,</strong></span> <span class='ocrx_word' id='word_1_792' title='bbox 2966 4633 3072 4687; x_wconf 73' lang='lat'><strong>‘23.</strong></span> 
     </span>
    </p>
   </div>
   <div class='ocr_carea' id='block_1_96' title="bbox 928 4695 2827 4767">
    <p class='ocr_par' dir='ltr' id='par_1_96' title="bbox 928 4695 2827 4767">
     <span class='ocr_line' id='line_1_96' title="bbox 928 4695 2827 4767; baseline -0.009 -5"><span class='ocrx_word' id='word_1_793' title='bbox 928 4710 973 4740; x_wconf 79' lang='grc'><strong>³⁸</strong></span> <span class='ocrx_word' id='word_1_794' title='bbox 998 4707 1194 4762; x_wconf 78' lang='lat' dir='ltr'><strong>Jerem.</strong></span> <span class='ocrx_word' id='word_1_795' title='bbox 1220 4695 1368 4764; x_wconf 78' lang='lat' dir='ltr'><strong>xviii,</strong></span> <span class='ocrx_word' id='word_1_796' title='bbox 1400 4695 1531 4767; x_wconf 86' lang='lat'><strong>5,6.</strong></span> <span class='ocrx_word' id='word_1_797' title='bbox 1602 4699 1646 4729; x_wconf 81' lang='grc'><strong>²⁹</strong></span> <span class='ocrx_word' id='word_1_798' title='bbox 1675 4698 1838 4753; x_wconf 85' lang='lat' dir='ltr'><strong>Eccli.</strong></span> <span class='ocrx_word' id='word_1_799' title='bbox 1869 4713 2033 4760; x_wconf 79' lang='lat' dir='ltr'><strong>xxvtt,</strong></span> <span class='ocrx_word' id='word_1_800' title='bbox 2067 4704 2121 4750; x_wconf 77' lang='lat' dir='ltr'><strong>li.</strong></span> <span class='ocrx_word' id='word_1_801' title='bbox 2194 4698 2237 4727; x_wconf 79' lang='lat'><strong>&#39;°</strong></span> <span class='ocrx_word' id='word_1_802' title='bbox 2272 4696 2309 4748; x_wconf 87' lang='lat' dir='ltr'><strong>ll</strong></span> <span class='ocrx_word' id='word_1_803' title='bbox 2340 4695 2484 4752; x_wconf 86' lang='lat' dir='ltr'><strong>Tim.</strong></span> <span class='ocrx_word' id='word_1_804' title='bbox 2523 4712 2579 4755; x_wconf 87' lang='lat' dir='ltr'><strong>tl,</strong></span> <span class='ocrx_word' id='word_1_805' title='bbox 2607 4697 2704 4760; x_wconf 75' lang='lat'><strong>9.0,</strong></span> <span class='ocrx_word' id='word_1_806' title='bbox 2732 4698 2827 4754; x_wconf 72' lang='lat'><strong>21.</strong></span> 
     </span>
    </p>
   </div>
   <div class='ocr_carea' id='block_1_97' title="bbox 455 4632 1587 4704">
    <p class='ocr_par' dir='ltr' id='par_1_97' title="bbox 455 4632 1587 4704">
     <span class='ocr_line' id='line_1_97' title="bbox 455 4632 1587 4704; baseline -0.015 -2"><span class='ocrx_word' id='word_1_807' title='bbox 455 4651 500 4683; x_wconf 73' lang='grc' dir='ltr'><strong>ι’</strong></span> <span class='ocrx_word' id='word_1_808' title='bbox 529 4646 688 4701; x_wconf 81' lang='lat' dir='ltr'><strong>Rom.</strong></span> <span class='ocrx_word' id='word_1_809' title='bbox 719 4660 777 4702; x_wconf 89' lang='grc' dir='ltr'><strong>ιι.</strong></span> <span class='ocrx_word' id='word_1_810' title='bbox 804 4642 857 4704; x_wconf 73' lang='grc'><strong>4,</strong></span> <span class='ocrx_word' id='word_1_811' title='bbox 893 4641 944 4695; x_wconf 88' lang='lat'><strong>5.</strong></span> <span class='ocrx_word' id='word_1_812' title='bbox 1018 4639 1063 4671; x_wconf 79' lang='lat'>&quot;</span> <span class='ocrx_word' id='word_1_813' title='bbox 1091 4638 1241 4691; x_wconf 78' lang='lat' dir='ltr'><strong>Rom.</strong></span> <span class='ocrx_word' id='word_1_814' title='bbox 1276 4651 1349 4697; x_wconf 76' lang='lat' dir='ltr'><strong>Ix,</strong></span> <span class='ocrx_word' id='word_1_815' title='bbox 1377 4634 1467 4696; x_wconf 77' lang='lat'><strong>20,</strong></span> <span class='ocrx_word' id='word_1_816' title='bbox 1495 4632 1587 4704; x_wconf 69' lang='grc'><strong>21.</strong></span> 
     </span>
    </p>
   </div>
   <div class='ocr_carea' id='block_1_98' title="bbox 390 4712 852 4775">
    <p class='ocr_par' dir='ltr' id='par_1_98' title="bbox 390 4712 852 4775">
     <span class='ocr_line' id='line_1_98' title="bbox 390 4712 852 4775; baseline -0.022 -2"><span class='ocrx_word' id='word_1_817' title='bbox 390 4724 435 4763; x_wconf 70' lang='grc' dir='ltr'><strong>’ν</strong></span> <span class='ocrx_word' id='word_1_818' title='bbox 471 4718 625 4772; x_wconf 69' lang='lat' dir='ltr'><strong>Joan.</strong></span> <span class='ocrx_word' id='word_1_819' title='bbox 671 4731 722 4775; x_wconf 88' lang='lat' dir='ltr'><strong>v,</strong></span> <span class='ocrx_word' id='word_1_820' title='bbox 763 4712 852 4765; x_wconf 82' lang='lat'><strong>59.</strong></span> 
     </span>
    </p>
   </div>
   <div class='ocr_carea' id='block_1_99' title="bbox 462 4839 1812 4925">
    <p class='ocr_par' dir='ltr' id='par_1_99' title="bbox 462 4839 1812 4925">
     <span class='ocr_line' id='line_1_99' title="bbox 462 4839 1812 4925; baseline -0.021 -13"><span class='ocrx_word' id='word_1_821' title='bbox 462 4858 573 4925; x_wconf 85' lang='lat'><strong>(98)</strong></span> <span class='ocrx_word' id='word_1_822' title='bbox 604 4854 740 4911; x_wconf 86' lang='lat' dir='ltr'><strong>Editi</strong></span> <span class='ocrx_word' id='word_1_823' title='bbox 773 4850 1183 4925; x_wconf 61' lang='lat' dir='ltr'><strong>praitertnittunt</strong></span> <span class='ocrx_word' id='word_1_824' title='bbox 1204 4863 1223 4895; x_wconf 77' lang='grc' dir='ltr'><strong>ι</strong></span> <span class='ocrx_word' id='word_1_825' title='bbox 1242 4842 1364 4925; x_wconf 58' lang='lat' dir='ltr'><strong>ejus</strong></span> <span class='ocrx_word' id='word_1_826' title='bbox 1384 4855 1436 4896; x_wconf 90' lang='lat' dir='ltr'><strong>et</strong></span> <span class='ocrx_word' id='word_1_827' title='bbox 1462 4839 1812 4925; x_wconf 38' lang='lat' dir='ltr'><strong>patientia.)</strong></span> 
     </span>
    </p>
   </div>
   <div class='ocr_carea' id='block_1_100' title="bbox 459 4905 1914 4998">
    <p class='ocr_par' dir='ltr' id='par_1_100' title="bbox 459 4905 1914 4998">
     <span class='ocr_line' id='line_1_100' title="bbox 459 4905 1914 4998; baseline -0.019 -15"><span class='ocrx_word' id='word_1_828' title='bbox 604 4905 1147 4998; x_wconf 38' lang='lat' dir='ltr'><strong>Ediiifinpatienter.</strong></span> <span class='ocrx_word' id='word_1_829' title='bbox 1186 4933 1204 4965; x_wconf 73' lang='grc' dir='ltr'><strong>ι</strong></span> <span class='ocrx_word' id='word_1_830' title='bbox 1240 4905 1337 4966; x_wconf 70' lang='lat' dir='ltr'><strong>his.</strong></span> <span class='ocrx_word' id='word_1_831' title='bbox 1380 4905 1517 4998; x_wconf 70' lang='lat' dir='ltr'><strong>unus</strong></span> <span class='ocrx_word' id='word_1_832' title='bbox 1552 4905 1914 4998; x_wconf 56' lang='lat' dir='ltr'><strong>etMRabanus,</strong></span> 
     </span>
    </p>
   </div>
   <div class='ocr_carea' id='block_1_101' title="bbox 397 4976 1710 5063">
    <p class='ocr_par' dir='ltr' id='par_1_101' title="bbox 397 4976 1710 5063">
     <span class='ocr_line' id='line_1_101' title="bbox 397 4976 1710 5063; baseline -0.019 -15"><span class='ocrx_word' id='word_1_833' title='bbox 397 5016 416 5048; x_wconf 74' lang='grc' dir='ltr'><strong>ι</strong></span> <span class='ocrx_word' id='word_1_834' title='bbox 453 4976 795 5063; x_wconf 48' lang='lat' dir='ltr'><strong>diligitis}</strong></span> <span class='ocrx_word' id='word_1_835' title='bbox 831 4976 1213 5063; x_wconf 67' lang='lat' dir='ltr'><strong>Ciete_ri__n_:ss.,</strong></span> <span class='ocrx_word' id='word_1_836' title='bbox 1251 5000 1269 5032; x_wconf 73' lang='grc' dir='ltr'>ς</span> <span class='ocrx_word' id='word_1_837' title='bbox 1312 4976 1659 5063; x_wconf 56' lang='grc' dir='ltr'>ρφιιίιιιιιιὶξε.</span> <span class='ocrx_word' id='word_1_838' title='bbox 1692 4992 1710 5024; x_wconf 76' lang='grc' dir='ltr'><strong>ι</strong></span> 
     </span>
    </p>
   </div>
   <div class='ocr_carea' id='block_1_102' title="bbox 478 5041 1922 5129">
    <p class='ocr_par' dir='ltr' id='par_1_102' title="bbox 478 5041 1922 5129">
     <span class='ocr_line' id='line_1_102' title="bbox 478 5041 1922 5129; baseline -0.017 -14"><span class='ocrx_word' id='word_1_839' title='bbox 478 5041 748 5129; x_wconf 33' lang='lat' dir='ltr'><strong>(limiti,</strong></span> <span class='ocrx_word' id='word_1_840' title='bbox 780 5041 800 5111; x_wconf 60' lang='grc' dir='ltr'><strong>ι</strong></span> <span class='ocrx_word' id='word_1_841' title='bbox 838 5041 975 5127; x_wconf 81' lang='lat' dir='ltr'><strong>quod</strong></span> <span class='ocrx_word' id='word_1_842' title='bbox 1003 5055 1164 5129; x_wconf 75' lang='lat' dir='ltr'><strong>dicis,</strong></span> <span class='ocrx_word' id='word_1_843' title='bbox 1194 5041 1247 5129; x_wconf 68' lang='lat' dir='ltr'><strong>tu</strong></span> <span class='ocrx_word' id='word_1_844' title='bbox 1271 5041 1359 5129; x_wconf 72' lang='lat' dir='ltr'><strong>qui</strong></span> <span class='ocrx_word' id='word_1_845' title='bbox 1397 5041 1922 5129; x_wconf 6' lang='lat' dir='ltr'><strong>quostoloadvc‘rsa:</strong></span> 
     </span>
    </p>
   </div>
   <div class='ocr_carea' id='block_1_103' title="bbox 398 5116 1918 5191">
    <p class='ocr_par' dir='ltr' id='par_1_103' title="bbox 398 5116 1918 5191">
     <span class='ocr_line' id='line_1_103' title="bbox 398 5116 1918 5191; baseline -0.018 -6"><span class='ocrx_word' id='word_1_846' title='bbox 398 5116 551 5185; x_wconf 45' lang='lat' dir='ltr'><strong>risi».</strong></span> <span class='ocrx_word' id='word_1_847' title='bbox 595 5116 911 5190; x_wconf 45' lang='lat' dir='ltr'><strong>llaba&#39;nns,&#39;i</strong></span> <span class='ocrx_word' id='word_1_848' title='bbox 948 5124 1086 5191; x_wconf 88' lang='lat' dir='ltr'><strong>quod</strong></span> <span class='ocrx_word' id='word_1_849' title='bbox 1115 5116 1246 5174; x_wconf 87' lang='lat' dir='ltr'><strong>dicit</strong></span> <span class='ocrx_word' id='word_1_850' title='bbox 1288 5116 1606 5185; x_wconf 79' lang='lat' dir='ltr'><strong>Apostolus,</strong></span> <span class='ocrx_word' id='word_1_851' title='bbox 1651 5121 1705 5163; x_wconf 86' lang='lat' dir='ltr'><strong>tu</strong></span> <span class='ocrx_word' id='word_1_852' title='bbox 1750 5116 1860 5177; x_wconf 86' lang='lat' dir='ltr'><strong>qui,</strong></span> <span class='ocrx_word' id='word_1_853' title='bbox 1899 5126 1918 5158; x_wconf 76' lang='grc' dir='ltr'><strong>ι</strong></span> 
     </span>
    </p>
   </div>
   <div class='ocr_carea' id='block_1_104' title="bbox 400 5191 1585 5253">
    <p class='ocr_par' dir='ltr' id='par_1_104' title="bbox 400 5191 1585 5253">
     <span class='ocr_line' id='line_1_104' title="bbox 400 5191 1585 5253; baseline -0.014 -2"><span class='ocrx_word' id='word_1_854' title='bbox 400 5210 507 5253; x_wconf 87' lang='lat' dir='ltr'><strong>etc.</strong></span> <span class='ocrx_word' id='word_1_855' title='bbox 536 5200 638 5251; x_wconf 81' lang='lat' dir='ltr'><strong>Sed</strong></span> <span class='ocrx_word' id='word_1_856' title='bbox 673 5194 855 5252; x_wconf 51' lang='lat' dir='ltr'><strong>caeteri&quot;</strong></span> <span class='ocrx_word' id='word_1_857' title='bbox 892 5209 1018 5247; x_wconf 84' lang='lat' dir='ltr'><strong>mss.</strong></span> <span class='ocrx_word' id='word_1_858' title='bbox 1052 5205 1111 5245; x_wconf 90' lang='lat' dir='ltr'><strong>ut</strong></span> <span class='ocrx_word' id='word_1_859' title='bbox 1135 5191 1185 5244; x_wconf 91' lang='lat' dir='ltr'><strong>in</strong></span> <span class='ocrx_word' id='word_1_860' title='bbox 1211 5200 1393 5243; x_wconf 87' lang='lat' dir='ltr'><strong>nostro</strong></span> <span class='ocrx_word' id='word_1_861' title='bbox 1417 5194 1585 5240; x_wconf 82' lang='lat' dir='ltr'><strong>textu.</strong></span> 
     </span>
    </p>
   </div>
   <div class='ocr_carea' id='block_1_105' title="bbox 472 5244 1925 5334">
    <p class='ocr_par' dir='ltr' id='par_1_105' title="bbox 472 5244 1925 5334">
     <span class='ocr_line' id='line_1_105' title="bbox 472 5244 1925 5334; baseline -0.019 -14"><span class='ocrx_word' id='word_1_862' title='bbox 881 5244 1173 5334; x_wconf 28' lang='lat' dir='ltr'><strong>t&#39;ctittvenit</strong></span> <span class='ocrx_word' id='word_1_863' title='bbox 1209 5276 1227 5309; x_wconf 78' lang='grc' dir='ltr'><strong>ι</strong></span> <span class='ocrx_word' id='word_1_864' title='bbox 1255 5259 1472 5320; x_wconf 87' lang='lat' dir='ltr'><strong>addunt,</strong></span> <span class='ocrx_word' id='word_1_865' title='bbox 1501 5271 1520 5307; x_wconf 83' lang='grc'><strong>‹</strong></span> <span class='ocrx_word' id='word_1_866' title='bbox 1551 5249 1780 5334; x_wconf 78' lang='lat' dir='ltr'><strong>Attende</strong></span> <span class='ocrx_word' id='word_1_867' title='bbox 1801 5244 1925 5334; x_wconf 74' lang='lat' dir='ltr'><strong>quid</strong></span> 
     </span>
    </p>
   </div>
   <div class='ocr_carea' id='block_1_106' title="bbox 409 5320 1925 5395">
    <p class='ocr_par' dir='ltr' id='par_1_106' title="bbox 409 5320 1925 5395">
     <span class='ocr_line' id='line_1_106' title="bbox 409 5320 1925 5395; baseline -0.015 -10"><span class='ocrx_word' id='word_1_868' title='bbox 409 5320 557 5385; x_wconf 66' lang='lat' dir='ltr'><strong>dicit.</strong></span> <span class='ocrx_word' id='word_1_869' title='bbox 590 5350 611 5383; x_wconf 76' lang='grc' dir='ltr'><strong>ι</strong></span> <span class='ocrx_word' id='word_1_870' title='bbox 650 5320 755 5385; x_wconf 79' lang='lat' dir='ltr'><strong>Sed</strong></span> <span class='ocrx_word' id='word_1_871' title='bbox 788 5335 900 5386; x_wconf 65' lang='lat' dir='ltr'><strong>haec</strong></span> <span class='ocrx_word' id='word_1_872' title='bbox 922 5332 1080 5382; x_wconf 80' lang='lat' dir='ltr'><strong>verba</strong></span> <span class='ocrx_word' id='word_1_873' title='bbox 1106 5343 1362 5395; x_wconf 81' lang='lat' dir='ltr'><strong>nusqmtm</strong></span> <span class='ocrx_word' id='word_1_874' title='bbox 1384 5330 1689 5394; x_wconf 83' lang='lat' dir='ltr'><strong>comparent</strong></span> <span class='ocrx_word' id='word_1_875' title='bbox 1717 5320 1768 5371; x_wconf 90' lang='lat' dir='ltr'><strong>in</strong></span> <span class='ocrx_word' id='word_1_876' title='bbox 1800 5329 1925 5367; x_wconf 77' lang='lat' dir='ltr'><strong>mss.</strong></span> 
     </span>
    </p>
   </div>
   <div class='ocr_carea' id='block_1_107' title="bbox 409 5400 980 5465">
    <p class='ocr_par' dir='ltr' id='par_1_107' title="bbox 409 5400 980 5465">
     <span class='ocr_line' id='line_1_107' title="bbox 409 5400 980 5465; baseline 0 -13"><span class='ocrx_word' id='word_1_877' title='bbox 409 5414 506 5452; x_wconf 87' lang='lat' dir='ltr'><strong>nec</strong></span> <span class='ocrx_word' id='word_1_878' title='bbox 525 5401 657 5465; x_wconf 87' lang='lat' dir='ltr'><strong>apud</strong></span> <span class='ocrx_word' id='word_1_879' title='bbox 690 5400 980 5454; x_wconf 81' lang='lat' dir='ltr'><strong>Rabanum.</strong></span> 
     </span>
    </p>
   </div>
   <div class='ocr_carea' id='block_1_108' title="bbox 476 5465 1254 5530">
    <p class='ocr_par' dir='ltr' id='par_1_108' title="bbox 476 5465 1254 5530">
     <span class='ocr_line' id='line_1_108' title="bbox 476 5465 1254 5530; baseline 0.003 -14"><span class='ocrx_word' id='word_1_880' title='bbox 476 5466 549 5530; x_wconf 77' lang='lat'><strong>(5)</strong></span> <span class='ocrx_word' id='word_1_881' title='bbox 577 5465 787 5520; x_wconf 84' lang='lat' dir='ltr'><strong>Contra.</strong></span> <span class='ocrx_word' id='word_1_882' title='bbox 824 5467 979 5519; x_wconf 76' lang='lat' dir='ltr'><strong>Deest</strong></span> <span class='ocrx_word' id='word_1_883' title='bbox 1004 5467 1054 5518; x_wconf 89' lang='lat' dir='ltr'><strong>in</strong></span> <span class='ocrx_word' id='word_1_884' title='bbox 1077 5465 1254 5518; x_wconf 79' lang='lat' dir='ltr'><strong>editis.</strong></span> 
     </span>
    </p>
   </div>
   <div class='ocr_carea' id='block_1_109' title="bbox 487 5534 1284 5607">
    <p class='ocr_par' dir='ltr' id='par_1_109' title="bbox 487 5534 1284 5607">
     <span class='ocr_line' id='line_1_109' title="bbox 487 5534 1284 5607; baseline 0.003 -24"><span class='ocrx_word' id='word_1_885' title='bbox 590 5534 721 5607; x_wconf 44' lang='lat' dir='ltr'><strong>lgor.</strong></span> <span class='ocrx_word' id='word_1_886' title='bbox 741 5535 1014 5607; x_wconf 42' lang='grc' dir='ltr'><strong>Οιιιί-ιιὶιιιι⁵</strong></span> <span class='ocrx_word' id='word_1_887' title='bbox 1037 5537 1088 5585; x_wconf 92' lang='lat' dir='ltr'><strong>in</strong></span> <span class='ocrx_word' id='word_1_888' title='bbox 1108 5534 1284 5607; x_wconf 77' lang='lat' dir='ltr'><strong>editis.</strong></span> 
     </span>
    </p>
   </div>
   <div class='ocr_carea' id='block_1_110' title="bbox 489 5600 1655 5667">
    <p class='ocr_par' dir='ltr' id='par_1_110' title="bbox 489 5600 1655 5667">
     <span class='ocr_line' id='line_1_110' title="bbox 489 5600 1655 5667; baseline 0 -18"><span class='ocrx_word' id='word_1_889' title='bbox 489 5600 563 5667; x_wconf 72' lang='grc' dir='ltr'><strong>(ὃ)</strong></span> <span class='ocrx_word' id='word_1_890' title='bbox 589 5602 823 5664; x_wconf 77' lang='lat' dir='ltr'><strong>Quidem.</strong></span> <span class='ocrx_word' id='word_1_891' title='bbox 855 5603 1185 5656; x_wconf 77' lang='lat' dir='ltr'><strong>Desidcralul&#39;</strong></span> <span class='ocrx_word' id='word_1_892' title='bbox 1215 5603 1265 5653; x_wconf 86' lang='lat' dir='ltr'><strong>in</strong></span> <span class='ocrx_word' id='word_1_893' title='bbox 1295 5610 1450 5655; x_wconf 76' lang='lat' dir='ltr'><strong>itttlca</strong></span> <span class='ocrx_word' id='word_1_894' title='bbox 1478 5600 1655 5654; x_wconf 72' lang='lat' dir='ltr'><strong>editis.</strong></span> 
     </span>
    </p>
   </div>
   <div class='ocr_carea' id='block_1_111' title="bbox 2016 4421 3688 4492">
    <p class='ocr_par' dir='ltr' id='par_1_111' title="bbox 2016 4421 3688 4492">
     <span class='ocr_line' id='line_1_111' title="bbox 2016 4421 3688 4492; baseline 0.004 -17"><span class='ocrx_word' id='word_1_895' title='bbox 2016 4423 2145 4476; x_wconf 82' lang='lat' dir='ltr'><strong>dicit</strong></span> <span class='ocrx_word' id='word_1_896' title='bbox 2169 4421 2277 4492; x_wconf 69' lang='grc'><strong>(14)</strong></span> <span class='ocrx_word' id='word_1_897' title='bbox 2312 4436 2430 4475; x_wconf 90' lang='lat' dir='ltr'><strong>esse</strong></span> <span class='ocrx_word' id='word_1_898' title='bbox 2475 4423 2544 4476; x_wconf 90' lang='lat' dir='ltr'><strong>ad</strong></span> <span class='ocrx_word' id='word_1_899' title='bbox 2581 4424 2881 4488; x_wconf 89' lang='lat' dir='ltr'><strong>honorem,</strong></span> <span class='ocrx_word' id='word_1_900' title='bbox 2927 4427 3052 4480; x_wconf 89' lang='lat' dir='ltr'><strong>alia</strong></span> <span class='ocrx_word' id='word_1_901' title='bbox 3097 4445 3255 4484; x_wconf 85' lang='lat' dir='ltr'><strong>vero</strong></span> <span class='ocrx_word' id='word_1_902' title='bbox 3301 4435 3378 4486; x_wconf 85' lang='lat' dir='ltr'><strong>ad</strong></span> <span class='ocrx_word' id='word_1_903' title='bbox 3410 4441 3688 4486; x_wconf 86' lang='lat' dir='ltr'><strong>contume-</strong></span> 
     </span>
    </p>
   </div>
   <div class='ocr_carea' id='block_1_112' title="bbox 2021 4510 3686 4594">
    <p class='ocr_par' dir='ltr' id='par_1_112' title="bbox 2021 4510 3686 4594">
     <span class='ocr_line' id='line_1_112' title="bbox 2021 4510 3686 4594; baseline 0.003 -29"><span class='ocrx_word' id='word_1_904' title='bbox 2021 4513 2143 4565; x_wconf 86' lang='lat' dir='ltr'><strong>liam</strong></span> <span class='ocrx_word' id='word_1_905' title='bbox 2174 4512 2314 4566; x_wconf 87' lang='lat' dir='ltr'><strong>ﬁeri.</strong></span> <span class='ocrx_word' id='word_1_906' title='bbox 2346 4510 2619 4565; x_wconf 89' lang='lat' dir='ltr'><strong>Similiter</strong></span> <span class='ocrx_word' id='word_1_907' title='bbox 2650 4522 2707 4566; x_wconf 91' lang='lat' dir='ltr'><strong>et</strong></span> <span class='ocrx_word' id='word_1_908' title='bbox 2737 4514 2838 4568; x_wconf 91' lang='lat' dir='ltr'><strong>ubi</strong></span> <span class='ocrx_word' id='word_1_909' title='bbox 2860 4523 3231 4575; x_wconf 81' lang='lat' dir='ltr'><strong>memoravit</strong></span> <span class='ocrx_word' id='word_1_910' title='bbox 3261 4523 3393 4594; x_wconf 84' lang='lat' dir='ltr'><strong>(l5)</strong></span> <span class='ocrx_word' id='word_1_911' title='bbox 3424 4523 3686 4578; x_wconf 82' lang='lat' dir='ltr'><strong>rationem</strong></span> 
     </span>
    </p>
   </div>
   <div class='ocr_carea' id='block_1_113' title="bbox 3179 4640 3686 4706">
    <p class='ocr_par' dir='ltr' id='par_1_113' title="bbox 3179 4640 3686 4706">
     <span class='ocr_line' id='line_1_113' title="bbox 3179 4640 3686 4706; baseline -0.002 -13"><span class='ocrx_word' id='word_1_912' title='bbox 3179 4641 3237 4670; x_wconf 68' lang='grc' dir='ltr'><strong><em>υ</em></strong></span> <span class='ocrx_word' id='word_1_913' title='bbox 3268 4641 3417 4694; x_wconf 90' lang='lat' dir='ltr'><strong>ibid.</strong></span> <span class='ocrx_word' id='word_1_914' title='bbox 3475 4640 3542 4692; x_wconf 77' lang='lat' dir='ltr'><strong>et</strong></span> <span class='ocrx_word' id='word_1_915' title='bbox 3578 4653 3686 4706; x_wconf 81' lang='lat' dir='ltr'><strong>seq.</strong></span> 
     </span>
    </p>
   </div>
   <div class='ocr_carea' id='block_1_114' title="bbox 2091 4824 3683 4918">
    <p class='ocr_par' dir='ltr' id='par_1_114' title="bbox 2091 4824 3683 4918">
     <span class='ocr_line' id='line_1_114' title="bbox 2091 4824 3683 4918; baseline 0.011 -35"><span class='ocrx_word' id='word_1_916' title='bbox 2091 4835 2168 4902; x_wconf 81' lang='lat' dir='ltr'><strong>t6)</strong></span> <span class='ocrx_word' id='word_1_917' title='bbox 2197 4834 2364 4899; x_wconf 81' lang='lat' dir='ltr'><strong>Editi,</strong></span> <span class='ocrx_word' id='word_1_918' title='bbox 2395 4852 2415 4884; x_wconf 89' lang='grc'><em>‹</em></span> <span class='ocrx_word' id='word_1_919' title='bbox 2440 4849 2543 4904; x_wconf 89' lang='lat' dir='ltr'><strong>per</strong></span> <span class='ocrx_word' id='word_1_920' title='bbox 2565 4824 2635 4889; x_wconf 71' lang='lat' dir='ltr'><strong>ea</strong></span> <span class='ocrx_word' id='word_1_921' title='bbox 2654 4853 2779 4918; x_wconf 64' lang='lat' dir='ltr'><strong>quae</strong></span> <span class='ocrx_word' id='word_1_922' title='bbox 2812 4842 3164 4908; x_wconf 88' lang='lat' dir='ltr'><strong>respondet.</strong></span> <span class='ocrx_word' id='word_1_923' title='bbox 3206 4862 3229 4897; x_wconf 73' lang='grc' dir='ltr'><strong>ι</strong></span> <span class='ocrx_word' id='word_1_924' title='bbox 3270 4845 3418 4904; x_wconf 77' lang='lat' dir='ltr'><strong>Mss.</strong></span> <span class='ocrx_word' id='word_1_925' title='bbox 3443 4848 3683 4916; x_wconf 81' lang='lat' dir='ltr'><strong>quidam,</strong></span> 
     </span>
    </p>
   </div>
   <div class='ocr_carea' id='block_1_115' title="bbox 2027 4919 3130 4975">
    <p class='ocr_par' dir='ltr' id='par_1_115' title="bbox 2027 4919 3130 4975">
     <span class='ocr_line' id='line_1_115' title="bbox 2027 4919 3130 4975; baseline 0.011 -23"><span class='ocrx_word' id='word_1_926' title='bbox 2027 4921 2044 4952; x_wconf 73' lang='grc' dir='ltr'><strong>ι</strong></span> <span class='ocrx_word' id='word_1_927' title='bbox 2083 4919 2176 4975; x_wconf 62' lang='lat' dir='ltr'><strong>per</strong></span> <span class='ocrx_word' id='word_1_928' title='bbox 2203 4919 2299 4975; x_wconf 70' lang='lat' dir='ltr'><strong>eas</strong></span> <span class='ocrx_word' id='word_1_929' title='bbox 2331 4919 2457 4975; x_wconf 68' lang='lat' dir='ltr'><strong>qua:</strong></span> <span class='ocrx_word' id='word_1_930' title='bbox 2493 4920 2916 4975; x_wconf 75' lang='lat' dir='ltr'><strong>reSpunStones,</strong></span> <span class='ocrx_word' id='word_1_931' title='bbox 2945 4928 2967 4959; x_wconf 75' lang='grc' dir='ltr'><strong>ι</strong></span> <span class='ocrx_word' id='word_1_932' title='bbox 3005 4921 3130 4965; x_wconf 86' lang='lat' dir='ltr'><strong>etc.</strong></span> 
     </span>
    </p>
   </div>
   <div class='ocr_carea' id='block_1_116' title="bbox 2092 4972 3550 5057">
    <p class='ocr_par' dir='ltr' id='par_1_116' title="bbox 2092 4972 3550 5057">
     <span class='ocr_line' id='line_1_116' title="bbox 2092 4972 3550 5057; baseline -0.013 0"><span class='ocrx_word' id='word_1_933' title='bbox 2400 4991 2418 5022; x_wconf 80' lang='lat'>‘</span> <span class='ocrx_word' id='word_1_934' title='bbox 2462 4972 2820 5057; x_wconf 43' lang='lat'><strong>9&quot;&quot;(9&#39;9365</strong></span> <span class='ocrx_word' id='word_1_935' title='bbox 2843 4992 2986 5057; x_wconf 65' lang='lat'><strong>9&#39;89</strong></span> <span class='ocrx_word' id='word_1_936' title='bbox 3012 4995 3150 5048; x_wconf 66' lang='lat' dir='ltr'><strong>quin</strong></span> <span class='ocrx_word' id='word_1_937' title='bbox 3175 4986 3323 5049; x_wconf 84' lang='lat' dir='ltr'><strong>erit,</strong></span> <span class='ocrx_word' id='word_1_938' title='bbox 3375 5005 3398 5040; x_wconf 71' lang='grc' dir='ltr'><strong>ι</strong></span> <span class='ocrx_word' id='word_1_939' title='bbox 3438 4995 3550 5039; x_wconf 86' lang='lat' dir='ltr'><strong>etc.</strong></span> 
     </span>
    </p>
   </div>
   <div class='ocr_carea' id='block_1_117' title="bbox 2091 5041 3581 5122">
    <p class='ocr_par' dir='ltr' id='par_1_117' title="bbox 2091 5041 3581 5122">
     <span class='ocr_line' id='line_1_117' title="bbox 2091 5041 3581 5122; baseline 0.011 -30"><span class='ocrx_word' id='word_1_940' title='bbox 2091 5042 2170 5122; x_wconf 50' lang='lat' dir='ltr'><strong>(ti)</strong></span> <span class='ocrx_word' id='word_1_941' title='bbox 2197 5041 2411 5122; x_wconf 29' lang='lat' dir='ltr'><strong>[Eduini</strong></span> <span class='ocrx_word' id='word_1_942' title='bbox 2448 5053 2506 5095; x_wconf 90' lang='lat' dir='ltr'><strong>et</strong></span> <span class='ocrx_word' id='word_1_943' title='bbox 2541 5046 2832 5122; x_wconf 81' lang='lat' dir='ltr'><strong>admirans</strong></span> <span class='ocrx_word' id='word_1_944' title='bbox 2857 5041 3224 5122; x_wconf 69' lang='lat' dir='ltr'><strong>sapientiam</strong></span> <span class='ocrx_word' id='word_1_945' title='bbox 3269 5041 3520 5110; x_wconf 74' lang='lat' dir='ltr'><strong>domini.</strong></span> <span class='ocrx_word' id='word_1_946' title='bbox 3560 5074 3581 5108; x_wconf 79' lang='grc' dir='ltr'><strong>ι</strong></span> 
     </span>
    </p>
   </div>
   <div class='ocr_carea' id='block_1_118' title="bbox 2102 5108 3061 5189">
    <p class='ocr_par' dir='ltr' id='par_1_118' title="bbox 2102 5108 3061 5189">
     <span class='ocr_line' id='line_1_118' title="bbox 2102 5108 3061 5189; baseline 0.009 -28"><span class='ocrx_word' id='word_1_947' title='bbox 2102 5108 2551 5189; x_wconf 29' lang='grc' dir='ltr'>(θλ-Οιιιξιιίιιιιςηι</span> <span class='ocrx_word' id='word_1_948' title='bbox 2585 5126 2674 5189; x_wconf 74' lang='lat' dir='ltr'><strong>est</strong></span> <span class='ocrx_word' id='word_1_949' title='bbox 2714 5116 2826 5189; x_wconf 43' lang='lat' dir='ltr'><strong>{in</strong></span> <span class='ocrx_word' id='word_1_950' title='bbox 2858 5108 3061 5172; x_wconf 73' lang='lat' dir='ltr'><strong>editis.</strong></span> 
     </span>
    </p>
   </div>
   <div class='ocr_carea' id='block_1_119' title="bbox 2098 5178 3681 5261">
    <p class='ocr_par' dir='ltr' id='par_1_119' title="bbox 2098 5178 3681 5261">
     <span class='ocr_line' id='line_1_119' title="bbox 2098 5178 3681 5261; baseline 0.011 -30"><span class='ocrx_word' id='word_1_951' title='bbox 2428 5197 2447 5229; x_wconf 76' lang='grc' dir='ltr'><strong>ι</strong></span> <span class='ocrx_word' id='word_1_952' title='bbox 2473 5181 2535 5236; x_wconf 86' lang='lat' dir='ltr'><strong>Si</strong></span> <span class='ocrx_word' id='word_1_953' title='bbox 2583 5184 2802 5261; x_wconf 82' lang='lat' dir='ltr'><strong>aliquid</strong></span> <span class='ocrx_word' id='word_1_954' title='bbox 2827 5189 3045 5242; x_wconf 89' lang='lat' dir='ltr'><strong>secreti</strong></span> <span class='ocrx_word' id='word_1_955' title='bbox 3087 5190 3190 5244; x_wconf 91' lang='lat' dir='ltr'><strong>Dei</strong></span> <span class='ocrx_word' id='word_1_956' title='bbox 3227 5204 3293 5247; x_wconf 88' lang='lat' dir='ltr'><strong>et</strong></span> <span class='ocrx_word' id='word_1_957' title='bbox 3329 5195 3629 5251; x_wconf 83' lang='lat' dir='ltr'><strong>reconditi.</strong></span> <span class='ocrx_word' id='word_1_958' title='bbox 3659 5208 3681 5248; x_wconf 69' lang='grc' dir='ltr'><strong>ι</strong></span> 
     </span>
    </p>
   </div>
   <div class='ocr_carea' id='block_1_120' title="bbox 2098 5247 3295 5331">
    <p class='ocr_par' dir='ltr' id='par_1_120' title="bbox 2098 5247 3295 5331">
     <span class='ocr_line' id='line_1_120' title="bbox 2098 5247 3295 5331; baseline 0.015 -35"><span class='ocrx_word' id='word_1_959' title='bbox 2441 5269 2461 5301; x_wconf 76' lang='grc' dir='ltr'><strong>ι</strong></span> <span class='ocrx_word' id='word_1_960' title='bbox 2493 5247 3014 5331; x_wconf 59' lang='grc' dir='ltr'>ςοηιθιῖιριὶριιυιιι,</span> <span class='ocrx_word' id='word_1_961' title='bbox 3048 5276 3070 5310; x_wconf 75' lang='grc' dir='ltr'><strong>ι</strong></span> <span class='ocrx_word' id='word_1_962' title='bbox 3107 5262 3295 5331; x_wconf 79' lang='lat' dir='ltr'><strong>male.</strong></span> 
     </span>
    </p>
   </div>
   <div class='ocr_carea' id='block_1_121' title="bbox 2097 5316 3395 5396">
    <p class='ocr_par' dir='ltr' id='par_1_121' title="bbox 2097 5316 3395 5396">
     <span class='ocr_line' id='line_1_121' title="bbox 2097 5316 3395 5396; baseline 0.018 -29"><span class='ocrx_word' id='word_1_963' title='bbox 2442 5338 2462 5370; x_wconf 76' lang='grc' dir='ltr'><strong>ι</strong></span> <span class='ocrx_word' id='word_1_964' title='bbox 2504 5322 2712 5387; x_wconf 73' lang='lat' dir='ltr'><strong>ﬁgulus</strong></span> <span class='ocrx_word' id='word_1_965' title='bbox 2730 5316 2782 5379; x_wconf 75' lang='lat' dir='ltr'><strong>i:i</strong></span> <span class='ocrx_word' id='word_1_966' title='bbox 2815 5316 3162 5396; x_wconf 44' lang='lat' dir='ltr'><strong>iuqnit&#39;qui,</strong></span> <span class='ocrx_word' id='word_1_967' title='bbox 3210 5349 3236 5383; x_wconf 72' lang='grc' dir='ltr'><strong>ι</strong></span> <span class='ocrx_word' id='word_1_968' title='bbox 3270 5316 3395 5393; x_wconf 80' lang='lat' dir='ltr'><strong>etc.</strong></span> 
     </span>
    </p>
   </div>
   <div class='ocr_carea' id='block_1_122' title="bbox 2066 5386 3682 5504">
    <p class='ocr_par' dir='ltr' id='par_1_122' title="bbox 2066 5386 3682 5504">
     <span class='ocr_line' id='line_1_122' title="bbox 2066 5386 3682 5504; baseline 0.008 -60"><span class='ocrx_word' id='word_1_969' title='bbox 2066 5386 2407 5504; x_wconf 50' lang='lat' dir='ltr'><strong>&quot;(:3)?1i‘l(i,</strong></span> <span class='ocrx_word' id='word_1_970' title='bbox 2452 5407 2472 5440; x_wconf 71' lang='grc' dir='ltr'><strong>ι</strong></span> <span class='ocrx_word' id='word_1_971' title='bbox 2521 5386 2696 5461; x_wconf 84' lang='lat' dir='ltr'><strong>opera</strong></span> <span class='ocrx_word' id='word_1_972' title='bbox 2738 5396 2838 5450; x_wconf 85' lang='lat' dir='ltr'><strong>Dei</strong></span> <span class='ocrx_word' id='word_1_973' title='bbox 2877 5386 3179 5466; x_wconf 73' lang='lat' dir='ltr'><strong>sapienter</strong></span> <span class='ocrx_word' id='word_1_974' title='bbox 3210 5386 3682 5474; x_wconf 28' lang='lat' dir='ltr'><strong>inidispensatio-</strong></span> 
     </span>
    </p>
   </div>
   <div class='ocr_carea' id='block_1_123' title="bbox 2029 5468 2403 5514">
    <p class='ocr_par' dir='ltr' id='par_1_123' title="bbox 2029 5468 2403 5514">
     <span class='ocr_line' id='line_1_123' title="bbox 2029 5468 2403 5514; baseline 0.019 -9"><span class='ocrx_word' id='word_1_975' title='bbox 2029 5468 2207 5514; x_wconf 73' lang='lat' dir='ltr'><strong>lt&#39;lltts,</strong></span> <span class='ocrx_word' id='word_1_976' title='bbox 2250 5474 2268 5504; x_wconf 77' lang='grc' dir='ltr'><strong>ι</strong></span> <span class='ocrx_word' id='word_1_977' title='bbox 2296 5468 2403 5512; x_wconf 85' lang='lat' dir='ltr'><strong>etc.</strong></span> 
     </span>
    </p>
   </div>
   <div class='ocr_carea' id='block_1_124' title="bbox 2099 5523 2928 5609">
    <p class='ocr_par' dir='ltr' id='par_1_124' title="bbox 2099 5523 2928 5609">
     <span class='ocr_line' id='line_1_124' title="bbox 2099 5523 2928 5609; baseline 0.024 -35"><span class='ocrx_word' id='word_1_978' title='bbox 2441 5529 2619 5609; x_wconf 65' lang='lat' dir='ltr'><strong>Deest</strong></span> <span class='ocrx_word' id='word_1_979' title='bbox 2651 5537 2708 5609; x_wconf 87' lang='lat' dir='ltr'><strong>in</strong></span> <span class='ocrx_word' id='word_1_980' title='bbox 2742 5539 2928 5594; x_wconf 86' lang='lat' dir='ltr'><strong>editis.</strong></span> 
     </span>
    </p>
   </div>
   <div class='ocr_carea' id='block_1_125' title="bbox 2101 5593 3675 5679">
    <p class='ocr_par' dir='ltr' id='par_1_125' title="bbox 2101 5593 3675 5679">
     <span class='ocr_line' id='line_1_125' title="bbox 2101 5593 3675 5679; baseline 0.015 -34"><span class='ocrx_word' id='word_1_981' title='bbox 2101 5595 2212 5662; x_wconf 64' lang='grc' dir='ltr'><strong>(ιδ)</strong></span> <span class='ocrx_word' id='word_1_982' title='bbox 2247 5593 2414 5664; x_wconf 71' lang='grc' dir='ltr'><strong>Ειιίιὶ,</strong></span> <span class='ocrx_word' id='word_1_983' title='bbox 2457 5620 2476 5651; x_wconf 74' lang='grc' dir='ltr'><strong>ε</strong></span> <span class='ocrx_word' id='word_1_984' title='bbox 2527 5593 2811 5665; x_wconf 77' lang='lat' dir='ltr'><strong>Similiter</strong></span> <span class='ocrx_word' id='word_1_985' title='bbox 2844 5593 2899 5666; x_wconf 85' lang='lat' dir='ltr'><strong>et</strong></span> <span class='ocrx_word' id='word_1_986' title='bbox 2932 5610 3025 5666; x_wconf 84' lang='lat' dir='ltr'><strong>ltic</strong></span> <span class='ocrx_word' id='word_1_987' title='bbox 3064 5616 3421 5668; x_wconf 80' lang='lat' dir='ltr'><strong>memoravit</strong></span> <span class='ocrx_word' id='word_1_988' title='bbox 3446 5655 3459 5679; x_wconf 91' lang='lat'><strong>,</strong></span> <span class='ocrx_word' id='word_1_989' title='bbox 3521 5633 3538 5665; x_wconf 78' lang='grc' dir='ltr'><strong>ι</strong></span> <span class='ocrx_word' id='word_1_990' title='bbox 3572 5622 3675 5665; x_wconf 71' lang='lat' dir='ltr'><strong>etc-</strong></span> 
     </span>
    </p>
   </div>
  </div>
