3894 6208
393 264 538 318 1119

1321 265 1662 322 ΟΟΜΜΕΝΤ.
1704 265 1766 318 IN
1802 262 2012 318 EPIST.
2051 266 2140 317 AD
2179 268 2338 322 ROM.
2382 269 2505 321 LIB.
2547 267 2655 321 VII.

3402 266 3536 319 1150

389 396 568 448 quare
593 382 691 434 alia
723 383 787 436 ad
823 384 1103 448 honorem,
1149 382 1249 434 alia
1291 398 1418 435 vero
1443 386 1507 436 ad
1547 383 1916 436 contumeliam
1951 387 1992 440 Α
2019 382 2175 450 617
2209 386 2292 436 hic
2331 385 2460 436 nihil
2489 386 2590 436 tale
2627 383 2812 446 reddit,
2859 380 2950 434 sed
2989 379 3136 448 quasi
3189 394 3367 448 vagam
3406 395 3534 432 con-

393 470 568 520 tiaut:
604 471 672 524 ibi
709 472 878 533 siluit,
909 473 994 525 hic
1021 475 1244 535 aperuit.
1278 489 1296 520 t
1339 471 1394 524 Si
1429 474 1568 525 enim
1593 473 1709 539 quis
1731 487 1918 524 emun-

389 557 607 609 daverit
659 561 1014 625 semetipsum,
1062 560 1248 626 inquit,
1307 561 1373 611 ab
1425 561 1525 623 his,
1561 579 1580 610 ι
1613 562 1727 612 sine
1766 560 1921 612 dubio

389 647 602 707 peccati
633 648 909 710 sordibus,
942 666 960 698 ι
1000 649 1100 701 erit
1126 651 1191 700 ad
1215 649 1469 702 honorem
1495 664 1588 701 vas
1621 650 1920 702 sanctiﬁca-

390 744 533 798 tum,
561 745 615 787 et
642 737 773 788 utile
813 738 1062 801 Domino,
1106 739 1170 791 ad
1197 753 1349 792 omne
1384 753 1517 807 opus
1542 740 1732 792 bonum
1769 755 1922 808 para-

389 832 510 874 tum
547 823 613 876 ³¹.
652 841 671 874 ι
715 824 895 876 Restat
917 825 1074 892 igitur
1099 836 1156 877 ut
1183 825 1271 889 qui
1303 840 1362 878 se
1394 840 1495 876 non
1527 825 1917 884 etnundaverit,

388 925 496 962 nec
525 926 620 973 per
651 912 1014 977 penitentiam
1037 912 1241 978 peccati
1281 912 1510 966 maculas
1532 912 1757 964 ablucrit
1790 912 1917 980 (16),

383 1000 465 1050 sit
492 1013 588 1051 vas
625 1000 691 1051 ad
726 999 1114 1052 contumeliam.
1159 999 1307 1063 Quod
1343 1009 1396 1052 et
1441 1001 1484 1053 si
1531 1001 1736 1052 auxerit
1766 1001 1920 1053 mali-

387 1087 548 1147 tiam,
572 1095 625 1139 et
652 1088 885 1140 converti
922 1101 1015 1154 per
1032 1087 1278 1139 duritiam
1311 1089 1502 1141 mentis
1527 1100 1579 1140 et
1607 1104 1701 1142 eor
1738 1089 1921 1156 impm-

385 1175 570 1226 nitens
598 1178 810 1228 omnino
833 1175 1227 1241 contempserit,
1257 1175 1484 1242 eritjam
1512 1191 1612 1229 non
1634 1177 1799 1230 solum
1829 1193 1919 1228 vas

383 1263 752 1324 contumeliae.
807 1265 899 1317 sed
944 1274 998 1316 et
1049 1279 1142 1315 vas
1202 1265 1310 1317 iraa.
1374 1264 1447 1317 Ita
1495 1280 1620 1333 ergo
1664 1267 1916 1320 rationem

383 1367 554 1418 quam
578 1353 645 1404 ibi
677 1353 890 1418 indigne
919 1337 1256 1418 poscentibus
1293 1353 1508 1418 claudit,
1544 1357 1628 1408 hic
1651 1357 1806 1423 digne
1828 1357 1920 1407 de-

383 1443 753 1494 siderantibus
793 1441 976 1508 pandit
1017 1459 1031 1494 :
1067 1459 1162 1511 per
1204 1458 1358 1511 quam
1410 1445 1567 1497 etiam
1617 1444 1740 1497 illud
1783 1445 1918 1512 quod

383 1531 550 1596 paulo
573 1540 696 1584 ante
723 1530 961 1586 deJacob
981 1543 1034 1586 et
1067 1535 1202 1588 Esau
1239 1535 1509 1603 proposuit
1535 1535 1667 1604 (17),
1687 1537 1920 1602 apertius

381 1620 726 1685 explanatur.
776 1620 840 1674 Ut
881 1622 1018 1674 enim
1056 1621 1217 1676 Jacob
1256 1633 1399 1675 esset
1430 1637 1522 1675 vas
1567 1625 1629 1674 ad
1665 1623 1916 1674 honorem

2013 473 2336 538 jttuctionem
2367 476 2518 526 istam
2561 475 2803 539 reliquit;
2830 487 2946 540 quae
2979 473 3139 525 etiam
3174 471 3217 524 si
3255 485 3355 522 non
3385 486 3534 521 assu-

2020 571 2223 623 matur,
2268 563 2492 614 lncidior
2551 566 2748 629 alisque
2796 577 2858 614 ea
2921 562 3134 612 dabitur
3186 558 3481 611 intellectus
3517 575 3532 606 :

2019 650 2160 701 verbi
2186 665 2367 712 causa,
2397 661 2452 702 ut
2486 653 2552 702 ita
2586 651 2818 717 legamus
2849 667 2862 701 :
2903 667 2920 698 ς
2964 649 3157 701 Volens
3188 647 3323 699 Deus
3351 656 3535 700 osten-

2018 737 2144 788 dere
2173 737 2327 797 iram,
2364 748 2416 789 et
2445 749 2622 789 notam
2655 738 2830 789 facere
2857 737 3138 803 potentiam
3168 750 3338 793 suam,
3372 735 3532 786 susti-

2020 827 2131 878 nuit
2169 827 2217 878 in
2252 826 2408 877 mttlta
2437 829 2691 894 patientia
2726 843 2848 879 vasa
2894 830 2981 879 ira:
3015 837 3134 893 apta
3176 827 3226 876 in
3279 826 3528 890 perditio-

2019 928 2158 975 nem,
2195 924 2250 964 ut
2291 925 2442 966 notas
2487 916 2684 967 faceret
2712 916 2926 966 divitias
2971 915 3148 981 gloria:
3175 929 3282 966 sua:
3313 914 3361 965 itt
3393 914 3536 964 vasis

2018 1003 2409 1057 misericordiae.
2447 1024 2465 1054 ι
2506 1005 2558 1055 ln
2602 1019 2707 1070 quo
2749 1006 2847 1056 hoc
2881 1005 3089 1055 videtur
3132 1004 3375 1069 intelligi,
3415 1004 3536 1067 quia

2017 1089 2138 1142 dum
2185 1089 2406 1142 sustinet
2442 1091 2578 1142 Deus
2625 1099 2679 1142 et
2719 1089 2980 1156 patienter
3023 1089 3124 1142 fert
3169 1089 3462 1140 incredulos
3487 1099 3539 1140 et

2019 1177 2278 1241 infideles,
2325 1189 2503 1231 notam
2549 1179 2680 1232 facit
2721 1179 3020 1232 hominibus
3050 1187 3102 1231 et
3146 1179 3450 1246 patientiam
3486 1188 3539 1228 et

2019 1269 2302 1334 potentiam
2328 1283 2480 1320 suam
2516 1286 2530 1322 :
2563 1269 2898 1335 patientiam,
2936 1268 3059 1319 dum
3099 1268 3187 1318 diu
3223 1269 3464 1328 sustinet,
3495 1267 3537 1316 si

2017 1355 2153 1409 forte
2175 1355 2512 1422 resipiseant,
2539 1366 2591 1408 et
2612 1363 2989 1408 convertantur
3013 1369 3028 1416 ;
3070 1357 3383 1420 potentiam,
3411 1354 3536 1404 dum

2018 1444 2302 1512 aliquando
2329 1445 2500 1511 punit,
2524 1455 2576 1497 et
2604 1446 2799 1512 flagitia
2831 1459 2934 1496 non
2972 1458 3344 1509 usquequaque
3375 1443 3536 1493 inulta

2017 1534 2357 1601 derelinqnit.
2395 1535 2457 1587 Et
2488 1549 2697 1586 rursum
2734 1551 2752 1582 ι
2792 1535 2845 1584 in
2897 1532 3036 1583 vasis
3082 1532 3474 1594 misericordiae,
3513 1549 3530 1580 ο

2019 1623 2118 1675 hoc
2169 1633 2268 1686 est,
2319 1619 2418 1692 (ιιιῖ
2455 1625 2764 1690 semetipsos
2811 1624 3229 1676 emntnlaverunt
3273 1622 3338 1672 ab
3389 1621 3536 1671 omni

381 1707 803 1770 eatictilicatutn,
837 1718 890 1760 et
921 1709 1046 1760 utile
1085 1709 1305 1761 Domino
1329 1749 1342 1772 ,
1381 1710 1444 1761 ad
1470 1724 1627 1762 omne
1654 1723 1786 1775 Opus
1825 1710 1918 1762 bo-
1950 1698 1995 1754 Β
2020 1713 2173 1766 sorde
2205 1713 2428 1780 peccati,
2457 1729 2519 1766 ex
2551 1729 2652 1781 qua
2688 1731 2708 1764 ι
2747 1715 2970 1767 mundus
2996 1729 3096 1766 non
3127 1723 3208 1764 eat
3235 1712 3536 1778 quisquam,

382 1811 514 1847 num
539 1806 800 1862 paratum,
819 1797 991 1848 anima
1011 1797 1120 1862 ejus
1136 1799 1521 1851 emundaVerat
1543 1798 1914 1864 semetipsam:

381 1897 436 1938 et
471 1886 656 1938 videns
685 1886 821 1938 Deus
846 1887 1122 1949 puritatem
1153 1887 1288 1954 ejus,
1307 1897 1359 1942 et
1379 1897 1689 1955 potestatein
1719 1887 1916 1940 habens

384 1991 455 2026 cx
491 1977 679 2028 eadem
713 1991 881 2027 massa
911 1976 1086 2029 facere
1111 1978 1250 2029 aliud
1278 1991 1368 2030 vas
1385 1979 1448 2030 ad
1479 1977 1752 2038 honorem,
1776 1977 1916 2030 aliud

383 2066 456 2116 ad
495 2065 902 2127 contumeliam,
953 2065 1114 2120 Jacob
1159 2067 1369 2134 quidem
1413 2069 1522 2134 qui,
1559 2076 1614 2120 ut
1669 2068 1914 2131 diximus,

381 2156 771 2206 emundaverat
797 2155 903 2221 (18)
919 2155 1279 2222 semetipsum,
1299 2155 1425 2208 fecit
1444 2171 1535 2208 vas
1557 2158 1620 2208 ad
1645 2157 1915 2220 honorem;

386 2242 528 2292 Esau
563 2255 691 2293 vero
717 2243 1108 2306 cujusanimam
1134 2257 1234 2294 non
1264 2241 1336 2294 ita
1364 2257 1549 2310 puram
1575 2259 1672 2298 nec
1699 2245 1768 2296 ita
1793 2245 1920 2296 sitn-

384 2330 581 2394 plicem
620 2332 785 2392 vidit,
812 2347 876 2383 ex
915 2332 1097 2384 eadem
1135 2347 1309 2385 massa
1343 2334 1470 2386 fecit
1499 2348 1593 2386 vas
1635 2333 1698 2385 ad
1731 2343 1917 2386 contu-

385 2424 627 2475 meliam.
665 2422 731 2476 Ut
753 2432 924 2475 autem
947 2425 1087 2478 scias
1108 2425 1247 2490 quod
1270 2438 1366 2488 pro
1390 2425 1620 2491 puritate
1645 2433 1698 2477 et
1718 2424 1920 2490 simpli-

383 2515 555 2566 citate
597 2515 787 2566 animaa
824 2512 990 2566 Jaeob
1020 2514 1192 2566 factus
1216 2514 1376 2567 fuerit
1414 2531 1506 2568 vas
1535 2516 1599 2566 ad
1645 2517 1917 2574 honorem,

384 2602 514 2654 audi
555 2601 710 2668 quale
748 2603 794 2653 ei
825 2601 1000 2653 divina
1051 2601 1324 2668 Scriptura
1367 2604 1725 2669 simplicitatis
1771 2603 1921 2655 testi-

385 2691 628 2742 monium
687 2690 945 2756 perhibet.
994 2708 1012 2740 (
1042 2690 1106 2742 Et
1152 2701 1287 2755 erat,
1333 2693 1522 2760 inquit,
1573 2692 1734 2746 Jacob
1762 2695 1920 2748 homo

384 2779 639 2846 simplex,
670 2778 912 2831 habitans
943 2779 1155 2832 domum
1186 2781 1250 2833 ³².
1294 2798 1312 2830 ι
1350 2781 1469 2834 Ideo
1499 2797 1622 2850 ergo
1643 2785 1920 2849 Apostolus

383 2867 521 2919 dicit
544 2867 609 2919 de
633 2866 732 2928 eis,
767 2867 888 2931 quia
913 2869 1218 2934 priusquam
1254 2880 1599 2922 nascerentur
1629 2871 1824 2922 dicitur
1855 2874 1919 2924 de

383 2969 468 3008 ets
495 2971 509 3005 :
548 2971 566 3004 ι
603 2951 763 3005 Jacob
786 2954 961 3016 dilexi,
995 2955 1131 3007 Esau
1159 2965 1333 3008 autem
1361 2958 1482 3008 odio
1515 2960 1667 3009 habui
1692 2959 1809 3014 ³³⁸.»

459 3042 547 3096 18.
590 3060 608 3092 σ
651 3045 798 3107 Quod
829 3044 870 3094 si
899 3044 1078 3096 volens
1106 3043 1246 3098 Deus
1273 3046 1551 3098 ostendere
1577 3049 1727 3106 iram,
1756 3058 1916 3102 etno-
1943 3031 1984 3085 (ἶ

386 3143 498 3184 tam
521 3132 700 3184 facere
733 3134 1015 3199 potentiam
1047 3148 1222 3195 suam,
1253 3135 1506 3188 sustinuit
1538 3137 1590 3188 in
1627 3140 1783 3188 multa
1825 3154 1916 3205 pa-

385 3225 578 3276 tientia
614 3238 739 3274 vasa
775 3223 866 3274 ira:
886 3233 1006 3290 apta
1039 3224 1088 3276 in
1117 3226 1484 3291 perditionem,
1517 3238 1571 3278 ut
1605 3237 1753 3280 notas
1781 3228 1919 3282 faec—

387 3323 473 3366 ret
493 3315 704 3365 divitias
733 3313 912 3380 gloria:
943 3328 1052 3367 suae
1081 3314 1130 3366 in
1175 3315 1313 3366 vasis
1353 3315 1761 3380 misericordiae,
1803 3335 1918 3385 qua:

386 3403 714 3471 praeparavit
750 3403 800 3454 in
843 3403 1060 3470 gloriatn
1092 3418 1239 3455 suam
1275 3419 1288 3454 :
1325 3418 1456 3469 quos
1497 3414 1551 3457 et
1589 3407 1796 3458 vocavit
1824 3423 1919 3459 nos

386 3507 498 3544 non
525 3491 696 3544 solum
728 3491 836 3558 (19)
871 3506 935 3544 cx
967 3489 1184 3553 .Iudaeis,
1234 3493 1322 3544 sed
1350 3493 1505 3543 etiam
1553 3507 1618 3545 ex
1656 3493 1916 3560 gentibus,

385 3583 534 3634 sicut
548 3581 596 3632 in
616 3579 750 3632 Osee
767 3580 921 3631 dicit:
944 3579 1148 3631 Vocabo
1168 3596 1272 3632 non
1289 3580 1491 3647 plebem
1509 3596 1699 3642 meam,
1715 3581 1918 3648 plebem

387 3683 596 3732 meam;
629 3677 682 3720 et
711 3684 812 3720 non
837 3667 1099 3729 dilectam,
1122 3667 1392 3730 dilectam;
1417 3679 1586 3722 etnon
1621 3671 1920 3723 misericor-

382 3759 534 3812 diam
555 3767 912 3818 consecutatn,
929 3755 1335 3808 miscricordiam
1355 3760 1916 3813 consecutam.Eterit:

385 3849 446 3900 In
483 3847 624 3909 loco,
647 3846 736 3899 ubi
757 3845 951 3898 dictum
976 3855 1056 3896 est
1083 3846 1160 3898 eis
1189 3863 1200 3896 :
1226 3843 1336 3898 Non
1363 3847 1510 3914 plebs
1535 3863 1651 3901 mea
1683 3863 1776 3902 vos
1801 3865 1816 3900 :
1851 3850 1918 3901 ibi

384 3938 728 3990 Vocabuntur
755 3934 844 3987 lilii
868 3933 956 3986 Dei
989 3934 1090 3986 vivi
1119 3934 1184 3988 ³³.
1220 3954 1238 3984 ι
1275 3935 1423 4002 Saepe
1457 3938 1520 3988 de
1558 3937 1922 4006 incompositis

383 4025 784 4080 elocutionibus
807 4025 1043 4092 Apostoli
1065 4024 1464 4092 defeetibusque
1479 4040 1661 4079 earum
1690 4042 1922 4081 commo-

387 4117 631 4173 tzuimus.
660 4115 800 4181 quod
833 4124 887 4167 et
911 4117 962 4166 in
991 4116 1233 4182 praesenti
1265 4115 1378 4169 loco
1410 4115 1922 4170 nihilominusinve-

387 4208 554 4260 uitur.
621 4203 731 4254 Non
791 4205 928 4254 enim
982 4205 1218 4258 redditur
1275 4205 1340 4258 ad
1394 4205 1590 4273 aliquid
1650 4208 1750 4261 hoc
1811 4208 1920 4277 (20)

385 4295 532 4362 quod
590 4293 662 4344 ait
707 4293 756 4344 in
804 4293 1062 4360 principio
1106 4295 1321 4361 capituli
1359 4313 1372 4348 :
1411 4314 1428 4345 ‹
1461 4296 1609 4360 Quod
1652 4297 1695 4350 si
1743 4299 1924 4353 volens

390 4389 554 4440 Deus.
603 4403 622 4434 ι
672 4382 824 4436 Verbi
883 4399 1080 4446 causa,
1152 4394 1208 4436 ut
1275 4395 1329 4438 et
1392 4387 1442 4438 in
1499 4387 1617 4440 aliis
1680 4387 1788 4456 ipse
1847 4392 1925 4446 di-

389 4475 473 4528 xit
493 4474 577 4526 ’δε
613 4491 630 4523 ι
670 4472 818 4537 Quod
841 4473 884 4525 si
917 4473 1160 4539 primith
1185 4485 1402 4536 sanctas,
1419 4483 1471 4526 et
1504 4491 1674 4529 massa
1706 4477 1818 4547 (2|)
1847 4496 1859 4531 :
1899 4498 1918 4531 ι

465 4653 508 4684 ³⁸
544 4652 582 4705 II
619 4650 755 4704 Tim.
785 4667 843 4708 ιι.
891 4647 974 4702 21.

391 4725 436 4757 ³⁸
463 4723 564 4777 Job
591 4735 698 4782 xtv,
729 4719 783 4782 4,
817 4719 868 4770 5.
969 4716 1013 4746 ³⁸
1042 4715 1180 4768 Psal.
1212 4730 1334 4780 xxx,
1372 4715 1461 4766 20.

464 4854 578 4973 516)
605 4852 765 4931 Editi,
795 4869 813 4900 ι
855 4850 1109 4928 maculam
1132 4847 1378 4901 abluerit.
1415 4866 1433 4897 ι

498 4924 584 4973 17)
617 4921 786 4973 Alias.
819 4938 837 4969 ι
872 4927 1132 4973 proponit.
1165 4935 1182 4967 ι

498 4924 584 4986 l7)
617 4921 786 4982 Alias,
819 4938 837 4969 ί
872 4918 1132 4986 proponit.
1165 4935 1182 4967 ι

466 4990 582 5060 (18)
606 4989 767 5060 A_li_as,
790 5005 808 5037 ι
842 4987 1166 5060 emundavit.
1210 5003 1229 5034 ι

469 5051 583 5128 (19)
606 5058 826 5128 (Ειίἰιίμ
858 5056 1083 5108 sustinet
1118 5055 1165 5105 in
1206 5053 1364 5128 multa
1391 5051 1660 5128 patientia
1683 5069 1804 5128 vasa
1835 5057 1927 5109 ira:

393 5120 519 5197 apta
553 5120 619 5179 ad
643 5127 937 5181 interitum,
964 5133 1019 5172 ut
1043 5123 1342 5197 ostenderet
1372 5120 1588 5195 divitias
1615 5121 1792 5188 gloria:
1820 5140 1928 5177 stite

395 5187 447 5249 iii
475 5211 695 5247 Vasa...
726 5207 842 5259 qua:
865 5191 1172 5257 praeparavit
1198 5191 1244 5242 iu
1267 5187 1509 5255 gloriam,
1541 5187 1678 5254 quos
1697 5199 1749 5241 et
1772 5205 1929 5244 voca-

396 5267 472 5318 vit
495 5281 600 5315 non
633 5262 822 5321 solum,
865 5278 884 5309 ι
910 5270 1010 5310 etc.

468 5332 582 5399 (20)
615 5330 703 5381 Sic
745 5341 868 5378 mss.
912 5322 1446 5399 pleriqueh‘liabanus
1471 5364 1486 5385 ,
1531 5325 1794 5399 etnediti._
1827 5325 1926 5399 his,

396 5389 526 5453 vero
558 5389 752 5465 Regius
777 5389 1086 5453 ttuthtiZiQ,
1118 5409 1135 5438 ‹
1170 5389 1276 5448 Non
1298 5391 1430 5443 enim
1461 5392 1703 5446 reddidit
1730 5393 1928 5462 aliquid

397 5470 463 5522 ad
489 5469 608 5526 hoc,
641 5483 659 5513 ι
685 5473 788 5514 etc.

469 5535 579 5603 (2|)
605 5533 770 5594 Alias,
805 5547 824 5578 ι
858 5537 908 5578 et
932 5541 1126 5577 massae.
1158 5541 1176 5573 ι

2015 1802 2218 1856 etiamsi
2262 1803 2416 1856 unius
2459 1804 2562 1856 diei
2610 1804 2769 1856 fuerit
2812 1805 2913 1858 vita
2947 1803 3059 1868 ejus
3092 1803 3134 1833 ³⁸
3161 1800 3290 1870 (22),
3334 1820 3350 1850 ι
3389 1813 3540 1853 notas

2015 1891 2143 1943 facit
2166 1893 2376 1945 divitias
2410 1893 2589 1957 gloriae
2614 1909 2720 1946 suae
2746 1907 2760 1944 :
2787 1909 2904 1960 qua:
2944 1909 3066 1944 vasa
3113 1907 3216 1944 non
3258 1891 3540 1942 irrationa-

2017 1975 2105 2027 bili
2138 1975 2331 2043 aliqua,
2359 1988 2449 2029 attt
2478 1978 2693 2032 fortuita
2735 1979 2926 2045 gratia,
2966 1981 3054 2030 sed
3082 1979 3329 2045 quoniam
3369 1978 3479 2043 ipsa
3508 1993 3538 2027 a

2017 2068 2334 2134 supradictis
2365 2068 2476 2132 (25)
2522 2068 2768 2121 sordibus
2818 2082 2874 2120 se
2911 2077 3354 2135 expurgaverant,
3406 2081 3538 2132 prae-

2017 2157 2223 2222 paravit
2249 2157 2298 2208 iu
2321 2157 2569 2223 gloriam.
2597 2156 2744 2220 Quod
2779 2167 2951 2208 autem
2987 2155 3254 2220 subjungit
3283 2170 3298 2206 :
3342 2172 3358 2203 t
3398 2154 3540 2218 Quos

2017 2255 2071 2296 et
2101 2245 2304 2296 vocavit
2331 2261 2424 2297 nos
2448 2246 2591 2314 (24);
2634 2266 2652 2296 ι
2687 2261 2779 2312 pro
2815 2261 2878 2297 eo
2907 2256 2962 2297 ut
3002 2245 3044 2296 si
3086 2245 3304 2297 dixisset
3341 2261 3354 2295 :
3391 2244 3540 2296 Sicut

2020 2349 2116 2387 nos
2149 2349 2280 2401 quos
2308 2335 2511 2386 vocavit
2537 2352 2556 2384 ι
2603 2351 2704 2385 non
2735 2334 2899 2385 solum
2939 2348 3002 2386 ex
3035 2330 3245 2395 Judazis,
3268 2333 3356 2384 sed
3379 2333 3537 2384 etiam

2018 2439 2082 2474 ex
2123 2425 2386 2488 gentibus.
2430 2442 2448 2474 ι
2489 2423 2773 2490 Superiora
2805 2425 2946 2474 enim
2985 2423 3134 2489 quasi
3176 2423 3239 2474 de
3265 2421 3540 2472 Pharaone

2018 2510 2105 2578 qui
2133 2509 2230 2561 fuit
2256 2525 2344 2562 vas
2366 2511 2479 2572 irae,
2501 2510 2634 2562 etde
2663 2509 2785 2562 liliis
2822 2499 2977 2562 Israel
3001 2513 3086 2576 qui
3113 2521 3265 2562 erant
3289 2525 3408 2560 vasa
3452 2509 3542 2559 mi-

2019 2600 2340 2662 sericordiae,
2399 2608 2710 2667 prosecutus
2779 2601 3006 2652 videtur.
3081 2599 3174 2652 llic
3225 2615 3350 2666 ergo
3400 2600 3539 2665 quod

2018 2687 2305 2754 snbjungit,
2337 2705 2355 2736 ι
2393 2686 2534 2751 Quos
2555 2696 2611 2740 et
2642 2687 2850 2738 vocavit
2877 2703 2990 2747 nos,
3019 2703 3121 2738 non
3157 2688 3324 2738 solum
3355 2703 3417 2739 ex
3441 2685 3534 2738 Ju-

2019 2776 2167 2839 daeis,
2203 2779 2293 2830 sed
2321 2777 2479 2829 etiam
2520 2791 2588 2828 ex
2632 2778 2895 2846 gentibus.
2925 2778 3357 2830 tsimilitmlinetn
3393 2779 3542 2829 vide-

2021 2877 2106 2919 tur
2137 2881 2450 2920 assumere:
2485 2865 2586 2918 hoc
2632 2875 2734 2926 est,
2781 2873 2836 2917 ut
2879 2867 2950 2916 ita
2997 2867 3193 2917 dictum
3251 2867 3538 2918 videatur:

2021 2957 2240 3011 Sicutet
2273 2971 2367 3009 nos
2401 2969 2582 3008 smnus
2627 2969 2752 3006 vasa
2794 2953 3191 3018 misericOrdize,
3223 2971 3356 3021 quos
3385 2971 3540 3007 voca—

2022 3047 2095 3097 vit
2128 3060 2227 3097 non
2257 3043 2425 3097 solum
2469 3058 2532 3095 ex
2565 3040 2780 3105 Judteis,
2811 3041 2903 3093 sed
2949 3041 3107 3094 etiatn
3157 3058 3220 3095 ex
3274 3043 3541 3108 gentibus.

2022 3135 2165 3198 llaec,
2203 3144 2453 3200 quantum
2482 3133 2545 3185 ad
2575 3133 2743 3200 ipsius
2771 3131 3041 3200 apostolici
3089 3133 3352 3184 sermonis
3394 3133 3543 3183 erili--

2024 3239 2138 3276 item
2193 3205 2718 3288 explanationemque
2771 3221 3049 3272 verborum
3104 3222 3352 3285 pertinet,
3400 3221 3542 3272 dicta

2023 3313 2146 3364 sint.
2175 3309 2321 3362 Nunc
2353 3312 2580 3363 breviter
2614 3320 2935 3376 repetentes,
2968 3308 3144 3374 aliqua
3180 3309 3339 3361 etiam
3369 3309 3434 3360 de
3465 3309 3547 3360 in-

2028 3401 2237 3454 tellectu
2269 3400 2521 3452 interiore
2565 3399 2907 3464 requiramus.
2947 3397 3220 3460 Quomodo
3248 3410 3373 3462 ergo
3409 3394 3547 3448 Deus

2025 3501 2198 3543 notam
2229 3489 2357 3542 facit
2388 3489 2498 3558 (25)
2534 3489 2662 3539 iram
2691 3486 2880 3540 suam?
2913 3485 3012 3538 Per
3044 3501 3192 3546 vasa,
3236 3486 3424 3552 inquit,
3456 3486 3548 3537 ira:

2024 3587 2198 3646 aptata
2245 3579 2296 3631 in
2336 3579 2700 3646 perditionem.
2755 3576 3080 3641 Obstupesco
3125 3590 3221 3641 ego
3273 3577 3408 3642 apud
3441 3589 3550 3626 me-

2026 3672 2302 3737 mctipsttm
2334 3669 2442 3737 (26)
2476 3668 2642 3721 sancti
2676 3667 2904 3734 Spiritus
2947 3665 3226 3718 consilium
3262 3667 3312 3716 in
3353 3665 3546 3715 divinis

2026 3760 2378 3813 voluminibus
2414 3767 2690 3829 contuens.
2721 3755 2849 3807 Nam
2880 3757 3012 3808 iram
3043 3755 3254 3822 quidem
3293 3752 3386 3804 Dei
3427 3767 3544 3820 quae
3615 3783 3620 3787 ε

2024 3863 2102 3905 est
2129 3867 2157 3902 a
2187 3859 2374 3902 natura
2401 3847 2512 3912 ejus
2537 3856 2816 3906 extranea,
2858 3855 3034 3896 notam
3081 3845 3193 3894 fieri
3241 3843 3546 3895 hominibus

2025 3944 2172 4003 dicit,
2221 3941 2356 3992 sicut
2408 3951 2638 4004 praesens
2691 3935 2777 3986 hic
2824 3934 3064 4000 Apostoli
3115 3934 3314 3984 indicat
3357 3932 3546 3984 locus:

2027 4035 2316 4087 bonitatem
2345 4042 2468 4081 vero
2495 4027 2631 4095 ejus,
2672 4035 2726 4079 et
2761 4025 3117 4084 dulcedinem,
3163 4023 3300 4088 quod
3348 4031 3548 4073 natura:

2025 4126 2140 4189 ejus
2169 4133 2246 4174 est
2275 4119 2564 4186 prOprium,
2598 4117 2847 4170 abscondi
2881 4126 3157 4175 memorat,
3183 4124 3235 4164 et
3263 4113 3544 4169 occultari.

2028 4216 2164 4266 sicut
2191 4210 2351 4263 David
2403 4209 2573 4261 dicit:
2611 4225 2628 4257 ι
2668 4208 2831 4272 Quam
2881 4221 3069 4269 magna
3123 4203 3402 4256 multitudo
3429 4201 3545 4252 dul-

2027 4301 2230 4356 cedinis
2279 4310 2397 4360 tua},
2447 4299 2683 4357 Domine,
2721 4312 2879 4364 quam
2927 4295 3246 4348 ahscondisﬁ
3308 4294 3542 4346 timenti~

2029 4392 2128 4443 bus
2171 4399 2221 4441 te
2255 4385 2329 4438 "!
2375 4384 2545 4449 rQuid
2598 4399 2719 4450 ergo
2743 4398 2914 4436 causa:
2965 4382 3200 4433 dicemus
3243 4380 3380 4448 quod
3419 4377 3552 4430 Deus

2028 4479 2157 4531 iram
2190 4474 2489 4529 manifestat
2518 4474 2837 4536 hominibus,
2885 4483 2939 4525 et
2986 4471 3316 4524 dulcedinem
3372 4467 3552 4520 celat?

1089 4645 1284 4724 ”_Gen.
1315 4660 1437 4724 xxiv,
1454 4645 1542 4699 2'7.
1616 4649 1680 4680 "‘
1711 4652 1936 4712 Malacb.
1977 4675 2015 4724 l,
2041 4660 2094 4719 2;
2120 4661 2272 4712 Rom.
2310 4674 2384 4722 tx,
2431 4658 2515 4711 l3.
2590 4656 2632 4687 ³³
2665 4655 2790 4710 ibid.
2813 4652 2881 4706 22
2912 4667 3023 4720 seq.
3097 4647 3313 4701 “Rom.
3347 4661 3420 4707 XI.
3467 4644 3548 4698 ίιῖο

2101 4850 2208 4918 (22)
2237 4849 2378 4901 Εοιιι’
2404 4855 2520 4913 post
2555 4864 2573 4895 ι
2607 4847 2710 4918 vita
2755 4844 2869 4918 ejus
2901 4863 2920 4894 ι
2968 4843 3166 4918 addunt
3199 4859 3218 4893 ι
3259 4857 3416 4909 super
3445 4851 3554 4918 ter-

2032 4911 2163 4976 ram,
2193 4911 2219 4968 ἰ
2249 4933 2360 4984 qua:
2398 4911 2556 4966 verba
2588 4916 2774 4966 desunt
2819 4916 2868 4965 in
2903 4912 3147 4963 otnttibus
3199 4926 3326 4965 mss.
3357 4911 3554 4964 nostris

2030 4999 2083 5040 et
2110 4989 2241 5051 apud
2269 4986 2561 5037 ltabanum.

2097 5045 2209 5123 (25)
2240 5051 2376 5123 Editi
2398 5089 2412 5112 ,
2452 5069 2470 5100 ι
2505 5049 2596 5123 sed
2627 5062 2743 5102 cmn
2783 5062 2844 5100 ea
2875 5046 3213 5123 supradictis,
3255 5066 3272 5097 ι
3310 5056 3414 5123 etc:
3448 5045 3546 5123 ills.

2029 5113 2238 5184 units,'t
2284 5122 2373 5172 sed
2407 5117 2656 5184 quoniam
2704 5130 2764 5165 se
2815 5117 3148 5182 supradictis,
3186 5134 3203 5164 ι
3237 5125 3341 5167 etc.
3373 5113 3550 5166 Raba-

2032 5207 2148 5251 ntts,
2183 5207 2201 5238 σ
2235 5190 2324 5240 sed
2349 5187 2599 5252 qttoniatn
2627 5196 2751 5232 ecce
2783 5199 2900 5250 qua:
2934 5200 2960 5234 a
2998 5185 3338 5248 supradictis,
3379 5201 3398 5236 δ
3443 5195 3549 5238 etc.

2035 5259 2136 5314 Sed
2170 5273 2294 5308 mss.
2331 5259 2433 5305 duo
2469 5263 2610 5304 recte
2645 5261 2700 5300 ut
2733 5252 2782 5301 in
2830 5263 3009 5304 nostro
3041 5258 3206 5304 textu.

2102 5324 2210 5390 (24)
2240 5325 2394 5375 l)eest
2425 5337 2442 5369 ι
2482 5335 2576 5371 nos
2615 5336 2630 5368 ο
2668 5320 2918 5390 mediiis.

2436 5405 2456 5436 ι
2486 5397 2668 5462 potant
2705 5384 2881 5462 faciet.
2913 5404 2932 5435 ι

2105 5400 2191 5462 (25
2242 5400 2398 5451 Etlttt,
2436 5405 2456 5436 ι
2497 5400 2668 5439 uetant
2705 5400 2881 5439 taetet.
2913 5404 2932 5435 ι

2105 5400 2213 5529 (26)
2245 5458 2400 5522 Editi,
2436 5475 2455 5508 ι
2486 5457 2621 5508 intra
2653 5461 3040 5522 tnemctipsum.
3075 5467 3095 5504 ι
3161 5461 3164 5464 ’
