  <div class='ocr_page' id='page_1' title='image "/cluster/home/n/w/nwhite01/storage/ocr_20150623/14 (Origen; pt. 4)/nyp.33433081862280/589.png"; bbox 0 0 3894 6238; ppageno 0'>
   <div class='ocr_carea' id='block_1_1' title="bbox 329 299 462 352">
    <p class='ocr_par' dir='ltr' id='par_1_1' title="bbox 329 299 462 352">
     <span class='ocr_line' id='line_1_1' title="bbox 329 299 462 352; baseline 0 -2"><span class='ocrx_word' id='word_1_1' title='bbox 329 299 462 352; x_wconf 57' lang='grc'>1157</span> 
     </span>
    </p>
   </div>
   <div class='ocr_carea' id='block_1_2' title="bbox 1733 267 2046 326">
    <p class='ocr_par' dir='ltr' id='par_1_2' title="bbox 1733 267 2046 326">
     <span class='ocr_line' id='line_1_2' title="bbox 1733 267 2046 326; baseline -0.022 0"><span class='ocrx_word' id='word_1_2' title='bbox 1733 267 2046 326; x_wconf 79' lang='lat' dir='ltr'><strong>ORIGENIS</strong></span> 
     </span>
    </p>
   </div>
   <div class='ocr_carea' id='block_1_3' title="bbox 3513 232 3651 286">
    <p class='ocr_par' dir='ltr' id='par_1_3' title="bbox 3513 232 3651 286">
     <span class='ocr_line' id='line_1_3' title="bbox 3513 232 3651 286; baseline -0.014 0"><span class='ocrx_word' id='word_1_3' title='bbox 3513 232 3651 286; x_wconf 63' lang='grc'>1163</span> 
     </span>
    </p>
   </div>
   <div class='ocr_carea' id='block_1_4' title="bbox 331 350 3652 474">
    <p class='ocr_par' dir='ltr' id='par_1_4' title="bbox 331 350 3652 474">
     <span class='ocr_line' id='line_1_4' title="bbox 331 350 3652 474; baseline -0.01 -19"><span class='ocrx_word' id='word_1_4' title='bbox 331 421 551 474; x_wconf 57' lang='lat' dir='ltr'><strong>rapam.-</strong></span> <span class='ocrx_word' id='word_1_5' title='bbox 585 414 648 465; x_wconf 72' lang='lat' dir='ltr'><strong>ad</strong></span> <span class='ocrx_word' id='word_1_6' title='bbox 670 414 1054 474; x_wconf 86' lang='lat' dir='ltr'><strong>contemptum,</strong></span> <span class='ocrx_word' id='word_1_7' title='bbox 1090 399 1348 467; x_wconf 81' lang='lat' dir='ltr'><strong>majorem</strong></span> <span class='ocrx_word' id='word_1_8' title='bbox 1372 395 1473 450; x_wconf 83' lang='lat' dir='ltr'><strong>sibi</strong></span> <span class='ocrx_word' id='word_1_9' title='bbox 1505 395 1636 447; x_wconf 89' lang='lat' dir='ltr'><strong>iram</strong></span> <span class='ocrx_word' id='word_1_10' title='bbox 1667 406 1854 445; x_wconf 87' lang='lat' dir='ltr'><strong>recon-</strong></span> <span class='ocrx_word' id='word_1_11' title='bbox 1887 391 1927 444; x_wconf 83' lang='lat' dir='ltr'><strong>A</strong></span> <span class='ocrx_word' id='word_1_12' title='bbox 1956 382 2199 436; x_wconf 89' lang='lat' dir='ltr'><strong>omnibus</strong></span> <span class='ocrx_word' id='word_1_13' title='bbox 2227 379 2318 432; x_wconf 87' lang='lat' dir='ltr'><strong>Dei</strong></span> <span class='ocrx_word' id='word_1_14' title='bbox 2351 366 2883 445; x_wconf 88' lang='lat' dir='ltr'><strong>dispensationibus</strong></span> <span class='ocrx_word' id='word_1_15' title='bbox 2909 359 3108 433; x_wconf 79' lang='lat'><strong>616</strong></span> <span class='ocrx_word' id='word_1_16' title='bbox 3139 365 3204 409; x_wconf 73' lang='grc' dir='ltr'>ει</span> <span class='ocrx_word' id='word_1_17' title='bbox 3234 350 3496 474; x_wconf 38' lang='lat' dir='ltr'><strong>in???“</strong></span> <span class='ocrx_word' id='word_1_18' title='bbox 3517 351 3652 404; x_wconf 65' lang='lat' dir='ltr'><strong>ed&quot;</strong></span> 
     </span>
     <span class='ocr_line' id='line_1_5' title="bbox 2128 451 3652 474; baseline 0 0"><span class='ocrx_word' id='word_1_19' title='bbox 2128 472 2164 474; x_wconf 63' lang='lat'><strong>,_</strong></span> <span class='ocrx_word' id='word_1_20' title='bbox 2218 470 2256 474; x_wconf 94' lang='lat'><em>_</em></span> <span class='ocrx_word' id='word_1_21' title='bbox 2631 462 2643 472; x_wconf 91' lang='lat'><strong>.</strong></span> <span class='ocrx_word' id='word_1_22' title='bbox 2719 460 2754 474; x_wconf 92' lang='lat'><strong>..</strong></span> <span class='ocrx_word' id='word_1_23' title='bbox 2850 456 2863 474; x_wconf 70' lang='grc' dir='ltr'>ε</span> <span class='ocrx_word' id='word_1_24' title='bbox 2889 455 2908 474; x_wconf 65' lang='grc' dir='ltr'><strong>ι</strong></span> <span class='ocrx_word' id='word_1_25' title='bbox 2943 455 3008 474; x_wconf 77' lang='lat'><strong>_.-</strong></span> <span class='ocrx_word' id='word_1_26' title='bbox 3043 455 3310 474; x_wconf 68' lang='lat'><strong>--........-</strong></span> <span class='ocrx_word' id='word_1_27' title='bbox 3387 458 3439 474; x_wconf 68' lang='grc' dir='ltr'><strong>ι..</strong></span> <span class='ocrx_word' id='word_1_28' title='bbox 3477 451 3532 474; x_wconf 69' lang='grc' dir='ltr'><strong>η.</strong></span> <span class='ocrx_word' id='word_1_29' title='bbox 3570 455 3652 474; x_wconf 65' lang='grc' dir='ltr'><strong>ν..</strong></span> 
     </span>
    </p>
   </div>
   <div class='ocr_carea' id='block_1_5' title="bbox 328 481 1856 568">
    <p class='ocr_par' dir='ltr' id='par_1_5' title="bbox 328 481 1856 568">
     <span class='ocr_line' id='line_1_6' title="bbox 328 481 1856 568; baseline -0.019 -6"><span class='ocrx_word' id='word_1_30' title='bbox 328 511 479 568; x_wconf 83' lang='lat' dir='ltr'><strong>deus,</strong></span> <span class='ocrx_word' id='word_1_31' title='bbox 506 506 576 557; x_wconf 88' lang='lat' dir='ltr'><strong>ita</strong></span> <span class='ocrx_word' id='word_1_32' title='bbox 603 511 656 554; x_wconf 85' lang='grc' dir='ltr'><strong>ιιι</strong></span> <span class='ocrx_word' id='word_1_33' title='bbox 684 503 746 552; x_wconf 92' lang='lat' dir='ltr'><strong>ad</strong></span> <span class='ocrx_word' id='word_1_34' title='bbox 773 499 944 565; x_wconf 87' lang='lat' dir='ltr'><strong>ipsum</strong></span> <span class='ocrx_word' id='word_1_35' title='bbox 980 493 1086 547; x_wconf 90' lang='lat' dir='ltr'><strong>dici</strong></span> <span class='ocrx_word' id='word_1_36' title='bbox 1105 489 1387 545; x_wconf 89' lang='lat' dir='ltr'><strong>conveniat</strong></span> <span class='ocrx_word' id='word_1_37' title='bbox 1413 486 1538 538; x_wconf 90' lang='lat' dir='ltr'><strong>illud</strong></span> <span class='ocrx_word' id='word_1_38' title='bbox 1559 485 1698 553; x_wconf 93' lang='lat' dir='ltr'><strong>quod</strong></span> <span class='ocrx_word' id='word_1_39' title='bbox 1723 481 1856 537; x_wconf 86' lang='lat' dir='ltr'><strong>scri-</strong></span> 
     </span>
    </p>
   </div>
   <div class='ocr_carea' id='block_1_6' title="bbox 331 577 1855 661">
    <p class='ocr_par' dir='ltr' id='par_1_6' title="bbox 331 577 1855 661">
     <span class='ocr_line' id='line_1_7' title="bbox 331 577 1855 661; baseline -0.015 -14"><span class='ocrx_word' id='word_1_40' title='bbox 331 601 406 650; x_wconf 86' lang='lat' dir='ltr'><strong>hit</strong></span> <span class='ocrx_word' id='word_1_41' title='bbox 437 592 712 661; x_wconf 82' lang='lat' dir='ltr'><strong>Apostolus</strong></span> <span class='ocrx_word' id='word_1_42' title='bbox 735 590 778 620; x_wconf 81' lang='lat'>“</span> <span class='ocrx_word' id='word_1_43' title='bbox 810 603 824 639; x_wconf 91' lang='lat'><strong>:</strong></span> <span class='ocrx_word' id='word_1_44' title='bbox 855 615 872 637; x_wconf 74' lang='grc' dir='ltr'><strong>ι</strong></span> <span class='ocrx_word' id='word_1_45' title='bbox 899 588 978 638; x_wconf 87' lang='lat' dir='ltr'><strong>An</strong></span> <span class='ocrx_word' id='word_1_46' title='bbox 998 582 1206 635; x_wconf 78' lang='lat' dir='ltr'><strong>divitias</strong></span> <span class='ocrx_word' id='word_1_47' title='bbox 1223 578 1476 632; x_wconf 89' lang='lat' dir='ltr'><strong>bonitatis</strong></span> <span class='ocrx_word' id='word_1_48' title='bbox 1498 577 1634 641; x_wconf 81' lang='lat' dir='ltr'><strong>ejus,</strong></span> <span class='ocrx_word' id='word_1_49' title='bbox 1680 586 1731 630; x_wconf 88' lang='lat' dir='ltr'><strong>et</strong></span> <span class='ocrx_word' id='word_1_50' title='bbox 1763 589 1855 643; x_wconf 85' lang='lat' dir='ltr'><strong>pa-</strong></span> 
     </span>
    </p>
   </div>
   <div class='ocr_carea' id='block_1_7' title="bbox 327 666 1855 745">
    <p class='ocr_par' dir='ltr' id='par_1_7' title="bbox 327 666 1855 745">
     <span class='ocr_line' id='line_1_8' title="bbox 327 666 1855 745; baseline -0.015 -9"><span class='ocrx_word' id='word_1_51' title='bbox 327 683 518 735; x_wconf 74' lang='lat' dir='ltr'><strong>tientia:</strong></span> <span class='ocrx_word' id='word_1_52' title='bbox 541 677 666 745; x_wconf 81' lang='lat'><strong>(98).</strong></span> <span class='ocrx_word' id='word_1_53' title='bbox 693 685 743 727; x_wconf 91' lang='lat' dir='ltr'><strong>et</strong></span> <span class='ocrx_word' id='word_1_54' title='bbox 766 670 1180 742; x_wconf 89' lang='lat' dir='ltr'><strong>longanimitatis</strong></span> <span class='ocrx_word' id='word_1_55' title='bbox 1223 667 1554 729; x_wconf 88' lang='lat' dir='ltr'><strong>contenmis,</strong></span> <span class='ocrx_word' id='word_1_56' title='bbox 1603 666 1855 732; x_wconf 81' lang='lat' dir='ltr'><strong>ignorans</strong></span> 
     </span>
    </p>
   </div>
   <div class='ocr_carea' id='block_1_8' title="bbox 330 751 1859 836">
    <p class='ocr_par' dir='ltr' id='par_1_8' title="bbox 330 751 1859 836">
     <span class='ocr_line' id='line_1_9' title="bbox 330 751 1859 836; baseline -0.013 -14"><span class='ocrx_word' id='word_1_57' title='bbox 330 769 578 836; x_wconf 88' lang='lat' dir='ltr'><strong>quoniam</strong></span> <span class='ocrx_word' id='word_1_58' title='bbox 613 765 866 834; x_wconf 89' lang='lat' dir='ltr'><strong>patientia</strong></span> <span class='ocrx_word' id='word_1_59' title='bbox 903 762 993 814; x_wconf 87' lang='lat' dir='ltr'><strong>Dei</strong></span> <span class='ocrx_word' id='word_1_60' title='bbox 1031 761 1096 813; x_wconf 91' lang='lat' dir='ltr'><strong>ad</strong></span> <span class='ocrx_word' id='word_1_61' title='bbox 1129 756 1494 826; x_wconf 64' lang='lat' dir='ltr'><strong>paenitentiam</strong></span> <span class='ocrx_word' id='word_1_62' title='bbox 1533 765 1581 806; x_wconf 92' lang='lat' dir='ltr'><strong>te</strong></span> <span class='ocrx_word' id='word_1_63' title='bbox 1609 751 1859 806; x_wconf 87' lang='lat' dir='ltr'><strong>adducit?</strong></span> 
     </span>
    </p>
   </div>
   <div class='ocr_carea' id='block_1_9' title="bbox 333 843 1858 913">
    <p class='ocr_par' dir='ltr' id='par_1_9' title="bbox 333 843 1858 913">
     <span class='ocr_line' id='line_1_10' title="bbox 333 843 1858 913; baseline -0.013 -1"><span class='ocrx_word' id='word_1_64' title='bbox 333 859 633 913; x_wconf 87' lang='lat' dir='ltr'><strong>Secundum</strong></span> <span class='ocrx_word' id='word_1_65' title='bbox 666 855 914 908; x_wconf 81' lang='lat' dir='ltr'><strong>duritiam</strong></span> <span class='ocrx_word' id='word_1_66' title='bbox 939 863 1114 904; x_wconf 89' lang='lat' dir='ltr'><strong>autem</strong></span> <span class='ocrx_word' id='word_1_67' title='bbox 1153 858 1295 900; x_wconf 90' lang='lat' dir='ltr'><strong>tuam</strong></span> <span class='ocrx_word' id='word_1_68' title='bbox 1324 856 1375 900; x_wconf 86' lang='lat' dir='ltr'><strong>et</strong></span> <span class='ocrx_word' id='word_1_69' title='bbox 1404 860 1497 898; x_wconf 89' lang='lat' dir='ltr'><strong>cor</strong></span> <span class='ocrx_word' id='word_1_70' title='bbox 1519 843 1858 910; x_wconf 73' lang='lat' dir='ltr'><strong>impmnitens</strong></span> 
     </span>
    </p>
   </div>
   <div class='ocr_carea' id='block_1_10' title="bbox 334 933 1859 1010">
    <p class='ocr_par' dir='ltr' id='par_1_10' title="bbox 334 933 1859 1010">
     <span class='ocr_line' id='line_1_11' title="bbox 334 933 1859 1010; baseline -0.012 -7"><span class='ocrx_word' id='word_1_71' title='bbox 334 949 662 1003; x_wconf 72' lang='lat' dir='ltr'><strong>tliesauriaas</strong></span> <span class='ocrx_word' id='word_1_72' title='bbox 695 945 787 998; x_wconf 87' lang='lat' dir='ltr'><strong>tibi</strong></span> <span class='ocrx_word' id='word_1_73' title='bbox 830 943 929 1010; x_wconf 89' lang='lat' dir='ltr'><strong>ipsi</strong></span> <span class='ocrx_word' id='word_1_74' title='bbox 966 943 1101 994; x_wconf 90' lang='lat' dir='ltr'><strong>iram</strong></span> <span class='ocrx_word' id='word_1_75' title='bbox 1149 940 1199 992; x_wconf 93' lang='lat' dir='ltr'><strong>in</strong></span> <span class='ocrx_word' id='word_1_76' title='bbox 1248 939 1334 990; x_wconf 90' lang='lat' dir='ltr'><strong>die</strong></span> <span class='ocrx_word' id='word_1_77' title='bbox 1386 937 1496 989; x_wconf 67' lang='lat' dir='ltr'><strong>iraa.</strong></span> <span class='ocrx_word' id='word_1_78' title='bbox 1540 953 1557 986; x_wconf 74' lang='grc' dir='ltr'><strong>ι</strong></span> <span class='ocrx_word' id='word_1_79' title='bbox 1590 933 1702 986; x_wconf 84' lang='grc' dir='ltr'>Νοιι</span> <span class='ocrx_word' id='word_1_80' title='bbox 1735 949 1859 1000; x_wconf 81' lang='lat' dir='ltr'><strong>ergo</strong></span> 
     </span>
    </p>
   </div>
   <div class='ocr_carea' id='block_1_11' title="bbox 335 1024 1861 1110">
    <p class='ocr_par' dir='ltr' id='par_1_11' title="bbox 335 1024 1861 1110">
     <span class='ocr_line' id='line_1_12' title="bbox 335 1024 1861 1110; baseline -0.011 -19"><span class='ocrx_word' id='word_1_81' title='bbox 335 1057 490 1110; x_wconf 89' lang='lat' dir='ltr'><strong>quem</strong></span> <span class='ocrx_word' id='word_1_82' title='bbox 519 1039 633 1090; x_wconf 88' lang='lat' dir='ltr'><strong>vult</strong></span> <span class='ocrx_word' id='word_1_83' title='bbox 665 1037 804 1089; x_wconf 90' lang='lat' dir='ltr'><strong>Deus</strong></span> <span class='ocrx_word' id='word_1_84' title='bbox 837 1036 1066 1094; x_wconf 87' lang='lat' dir='ltr'><strong>iudttrat,</strong></span> <span class='ocrx_word' id='word_1_85' title='bbox 1095 1031 1186 1083; x_wconf 90' lang='lat' dir='ltr'><strong>sed</strong></span> <span class='ocrx_word' id='word_1_86' title='bbox 1214 1030 1301 1098; x_wconf 86' lang='lat' dir='ltr'><strong>qui</strong></span> <span class='ocrx_word' id='word_1_87' title='bbox 1334 1026 1597 1096; x_wconf 76' lang='lat' dir='ltr'><strong>patientia:</strong></span> <span class='ocrx_word' id='word_1_88' title='bbox 1626 1024 1736 1094; x_wconf 86' lang='lat'><strong>(99)</strong></span> <span class='ocrx_word' id='word_1_89' title='bbox 1767 1024 1861 1075; x_wconf 61' lang='lat' dir='ltr'><strong>oba-</strong></span> 
     </span>
    </p>
   </div>
   <div class='ocr_carea' id='block_1_12' title="bbox 336 1116 1861 1196">
    <p class='ocr_par' dir='ltr' id='par_1_12' title="bbox 336 1116 1861 1196">
     <span class='ocr_line' id='line_1_13' title="bbox 336 1116 1861 1196; baseline -0.012 -13"><span class='ocrx_word' id='word_1_90' title='bbox 336 1141 630 1196; x_wconf 88' lang='lat' dir='ltr'><strong>tempcrare</strong></span> <span class='ocrx_word' id='word_1_91' title='bbox 665 1123 911 1185; x_wconf 86' lang='lat' dir='ltr'><strong>noluerit,</strong></span> <span class='ocrx_word' id='word_1_92' title='bbox 940 1122 1235 1173; x_wconf 90' lang='lat' dir='ltr'><strong>induratur.</strong></span> <span class='ocrx_word' id='word_1_93' title='bbox 1269 1116 1604 1184; x_wconf 82' lang='lat' dir='ltr'><strong>Superﬁunni</strong></span> <span class='ocrx_word' id='word_1_94' title='bbox 1627 1127 1751 1182; x_wconf 86' lang='lat' dir='ltr'><strong>ergo</strong></span> <span class='ocrx_word' id='word_1_95' title='bbox 1778 1121 1861 1165; x_wconf 89' lang='lat' dir='ltr'><strong>est</strong></span> 
     </span>
    </p>
   </div>
   <div class='ocr_carea' id='block_1_13' title="bbox 333 1199 1860 1286">
    <p class='ocr_par' dir='ltr' id='par_1_13' title="bbox 333 1199 1860 1286">
     <span class='ocr_line' id='line_1_14' title="bbox 333 1199 1860 1286; baseline -0.014 -16"><span class='ocrx_word' id='word_1_96' title='bbox 333 1218 473 1286; x_wconf 89' lang='lat' dir='ltr'><strong>quod</strong></span> <span class='ocrx_word' id='word_1_97' title='bbox 497 1217 626 1268; x_wconf 88' lang='lat' dir='ltr'><strong>dicis</strong></span> <span class='ocrx_word' id='word_1_98' title='bbox 648 1211 915 1281; x_wconf 83' lang='lat' dir='ltr'><strong>Apostolo,</strong></span> <span class='ocrx_word' id='word_1_99' title='bbox 941 1225 972 1263; x_wconf 90' lang='grc' dir='ltr'>ο</span> <span class='ocrx_word' id='word_1_100' title='bbox 1023 1220 1078 1262; x_wconf 85' lang='grc' dir='ltr'><strong>ιιι</strong></span> <span class='ocrx_word' id='word_1_101' title='bbox 1112 1207 1201 1274; x_wconf 88' lang='lat' dir='ltr'><strong>qui</strong></span> <span class='ocrx_word' id='word_1_102' title='bbox 1235 1202 1656 1270; x_wconf 82' lang='lat' dir='ltr'><strong>adversaris(l):</strong></span> <span class='ocrx_word' id='word_1_103' title='bbox 1687 1219 1705 1250; x_wconf 84' lang='grc' dir='ltr'><strong>ι</strong></span> <span class='ocrx_word' id='word_1_104' title='bbox 1729 1199 1860 1262; x_wconf 84' lang='lat' dir='ltr'><strong>Quid</strong></span> 
     </span>
    </p>
   </div>
   <div class='ocr_carea' id='block_1_14' title="bbox 333 1292 1861 1377">
    <p class='ocr_par' dir='ltr' id='par_1_14' title="bbox 333 1292 1861 1377">
     <span class='ocr_line' id='line_1_15' title="bbox 333 1292 1861 1377; baseline -0.014 -14"><span class='ocrx_word' id='word_1_105' title='bbox 333 1325 457 1377; x_wconf 86' lang='lat' dir='ltr'><strong>ergo</strong></span> <span class='ocrx_word' id='word_1_106' title='bbox 495 1311 663 1360; x_wconf 89' lang='lat' dir='ltr'><strong>adhuc</strong></span> <span class='ocrx_word' id='word_1_107' title='bbox 682 1304 954 1372; x_wconf 88' lang='lat' dir='ltr'><strong>queritur?</strong></span> <span class='ocrx_word' id='word_1_108' title='bbox 995 1298 1256 1353; x_wconf 80' lang='lat' dir='ltr'><strong>Voluntati</strong></span> <span class='ocrx_word' id='word_1_109' title='bbox 1281 1297 1419 1350; x_wconf 86' lang='lat' dir='ltr'><strong>enim</strong></span> <span class='ocrx_word' id='word_1_110' title='bbox 1446 1294 1558 1360; x_wconf 87' lang='lat' dir='ltr'><strong>ejus</strong></span> <span class='ocrx_word' id='word_1_111' title='bbox 1579 1293 1696 1360; x_wconf 89' lang='lat' dir='ltr'><strong>quis</strong></span> <span class='ocrx_word' id='word_1_112' title='bbox 1728 1292 1861 1343; x_wconf 90' lang='lat' dir='ltr'><strong>resi-</strong></span> 
     </span>
    </p>
   </div>
   <div class='ocr_carea' id='block_1_15' title="bbox 332 1377 1863 1458">
    <p class='ocr_par' dir='ltr' id='par_1_15' title="bbox 332 1377 1863 1458">
     <span class='ocr_line' id='line_1_16' title="bbox 332 1377 1863 1458; baseline -0.014 -7"><span class='ocrx_word' id='word_1_113' title='bbox 332 1399 468 1451; x_wconf 87' lang='lat' dir='ltr'><strong>stit?</strong></span> <span class='ocrx_word' id='word_1_114' title='bbox 494 1419 511 1448; x_wconf 77' lang='lat'><strong>)</strong></span> <span class='ocrx_word' id='word_1_115' title='bbox 539 1394 810 1449; x_wconf 79' lang='lat' dir='ltr'><strong>Voluntati</strong></span> <span class='ocrx_word' id='word_1_116' title='bbox 840 1390 1050 1458; x_wconf 84' lang='lat' dir='ltr'><strong>quidem</strong></span> <span class='ocrx_word' id='word_1_117' title='bbox 1077 1387 1166 1440; x_wconf 91' lang='lat' dir='ltr'><strong>Dei</strong></span> <span class='ocrx_word' id='word_1_118' title='bbox 1196 1394 1396 1438; x_wconf 89' lang='lat' dir='ltr'><strong>certum</strong></span> <span class='ocrx_word' id='word_1_119' title='bbox 1427 1392 1508 1436; x_wconf 90' lang='lat' dir='ltr'><strong>est</strong></span> <span class='ocrx_word' id='word_1_120' title='bbox 1532 1381 1671 1449; x_wconf 90' lang='lat' dir='ltr'><strong>quod</strong></span> <span class='ocrx_word' id='word_1_121' title='bbox 1690 1377 1863 1431; x_wconf 88' lang='lat' dir='ltr'><strong>nullus</strong></span> 
     </span>
    </p>
   </div>
   <div class='ocr_carea' id='block_1_16' title="bbox 335 1477 1864 1552">
    <p class='ocr_par' dir='ltr' id='par_1_16' title="bbox 335 1477 1864 1552">
     <span class='ocr_line' id='line_1_17' title="bbox 335 1477 1864 1552; baseline -0.014 -11"><span class='ocrx_word' id='word_1_122' title='bbox 335 1490 591 1552; x_wconf 87' lang='lat' dir='ltr'><strong>obsistat;</strong></span> <span class='ocrx_word' id='word_1_123' title='bbox 648 1485 738 1538; x_wconf 88' lang='lat' dir='ltr'><strong>sed</strong></span> <span class='ocrx_word' id='word_1_124' title='bbox 787 1485 1110 1536; x_wconf 82' lang='lat' dir='ltr'><strong>voluntatem</strong></span> <span class='ocrx_word' id='word_1_125' title='bbox 1160 1478 1272 1544; x_wconf 81' lang='lat' dir='ltr'><strong>ejus</strong></span> <span class='ocrx_word' id='word_1_126' title='bbox 1315 1477 1508 1543; x_wconf 86' lang='lat' dir='ltr'><strong>justam</strong></span> <span class='ocrx_word' id='word_1_127' title='bbox 1561 1481 1864 1534; x_wconf 82' lang='lat' dir='ltr'><strong>rectamqne</strong></span> 
     </span>
    </p>
   </div>
   <div class='ocr_carea' id='block_1_17' title="bbox 336 1555 1863 1636">
    <p class='ocr_par' dir='ltr' id='par_1_17' title="bbox 336 1555 1863 1636">
     <span class='ocr_line' id='line_1_18' title="bbox 336 1555 1863 1636; baseline -0.016 -7"><span class='ocrx_word' id='word_1_128' title='bbox 336 1592 456 1629; x_wconf 84' lang='lat' dir='ltr'><strong>esse</strong></span> <span class='ocrx_word' id='word_1_129' title='bbox 491 1576 631 1628; x_wconf 89' lang='lat' dir='ltr'><strong>scire</strong></span> <span class='ocrx_word' id='word_1_130' title='bbox 668 1589 762 1626; x_wconf 91' lang='lat' dir='ltr'><strong>nos</strong></span> <span class='ocrx_word' id='word_1_131' title='bbox 804 1569 1053 1624; x_wconf 84' lang='lat' dir='ltr'><strong>convenit</strong></span> <span class='ocrx_word' id='word_1_132' title='bbox 1081 1567 1176 1636; x_wconf 71' lang='lat'><strong>(‘2).</strong></span> <span class='ocrx_word' id='word_1_133' title='bbox 1209 1565 1274 1618; x_wconf 88' lang='lat' dir='ltr'><strong>Ut</strong></span> <span class='ocrx_word' id='word_1_134' title='bbox 1307 1563 1427 1616; x_wconf 89' lang='lat' dir='ltr'><strong>boni</strong></span> <span class='ocrx_word' id='word_1_135' title='bbox 1457 1561 1596 1613; x_wconf 91' lang='lat' dir='ltr'><strong>enim</strong></span> <span class='ocrx_word' id='word_1_136' title='bbox 1630 1567 1719 1609; x_wconf 92' lang='lat' dir='ltr'><strong>aut</strong></span> <span class='ocrx_word' id='word_1_137' title='bbox 1743 1555 1863 1608; x_wconf 90' lang='lat' dir='ltr'><strong>mali</strong></span> 
     </span>
    </p>
   </div>
   <div class='ocr_carea' id='block_1_18' title="bbox 335 1647 1861 1718">
    <p class='ocr_par' dir='ltr' id='par_1_18' title="bbox 335 1647 1861 1718">
     <span class='ocr_line' id='line_1_19' title="bbox 335 1647 1861 1718; baseline -0.014 0"><span class='ocrx_word' id='word_1_138' title='bbox 335 1668 504 1718; x_wconf 83' lang='lat' dir='ltr'><strong>simus</strong></span> <span class='ocrx_word' id='word_1_139' title='bbox 533 1671 724 1715; x_wconf 58' lang='lat' dir='ltr'><strong>nostra!</strong></span> <span class='ocrx_word' id='word_1_140' title='bbox 747 1659 1032 1714; x_wconf 81' lang='lat' dir='ltr'><strong>voluntatis</strong></span> <span class='ocrx_word' id='word_1_141' title='bbox 1052 1667 1132 1709; x_wconf 83' lang='lat' dir='ltr'><strong>est</strong></span> <span class='ocrx_word' id='word_1_142' title='bbox 1163 1674 1176 1708; x_wconf 89' lang='lat'><strong>:</strong></span> <span class='ocrx_word' id='word_1_143' title='bbox 1207 1654 1378 1707; x_wconf 88' lang='lat' dir='ltr'><strong>malus</strong></span> <span class='ocrx_word' id='word_1_144' title='bbox 1408 1662 1580 1705; x_wconf 90' lang='lat' dir='ltr'><strong>autem</strong></span> <span class='ocrx_word' id='word_1_145' title='bbox 1605 1649 1667 1701; x_wconf 86' lang='lat' dir='ltr'><strong>ad</strong></span> <span class='ocrx_word' id='word_1_146' title='bbox 1685 1647 1861 1715; x_wconf 87' lang='lat' dir='ltr'><strong>cujus-</strong></span> 
     </span>
    </p>
   </div>
   <div class='ocr_carea' id='block_1_19' title="bbox 339 1737 1866 1814">
    <p class='ocr_par' dir='ltr' id='par_1_19' title="bbox 339 1737 1866 1814">
     <span class='ocr_line' id='line_1_20' title="bbox 339 1737 1866 1814; baseline -0.011 -9"><span class='ocrx_word' id='word_1_147' title='bbox 339 1753 478 1807; x_wconf 88' lang='lat' dir='ltr'><strong>modi</strong></span> <span class='ocrx_word' id='word_1_148' title='bbox 510 1752 751 1810; x_wconf 87' lang='lat' dir='ltr'><strong>verbera,</strong></span> <span class='ocrx_word' id='word_1_149' title='bbox 782 1759 836 1802; x_wconf 95' lang='lat' dir='ltr'><strong>et</strong></span> <span class='ocrx_word' id='word_1_150' title='bbox 873 1750 1040 1802; x_wconf 89' lang='lat' dir='ltr'><strong>bonus</strong></span> <span class='ocrx_word' id='word_1_151' title='bbox 1062 1747 1126 1799; x_wconf 90' lang='lat' dir='ltr'><strong>ad</strong></span> <span class='ocrx_word' id='word_1_152' title='bbox 1149 1743 1442 1814; x_wconf 87' lang='lat' dir='ltr'><strong>eujusmodi</strong></span> <span class='ocrx_word' id='word_1_153' title='bbox 1463 1739 1682 1810; x_wconf 82' lang='lat' dir='ltr'><strong>gloriam</strong></span> <span class='ocrx_word' id='word_1_154' title='bbox 1707 1737 1866 1791; x_wconf 89' lang='lat' dir='ltr'><strong>desti-</strong></span> 
     </span>
    </p>
   </div>
   <div class='ocr_carea' id='block_1_20' title="bbox 338 1838 1073 1906">
    <p class='ocr_par' dir='ltr' id='par_1_20' title="bbox 338 1838 1073 1906">
     <span class='ocr_line' id='line_1_21' title="bbox 338 1838 1073 1906; baseline -0.01 -9"><span class='ocrx_word' id='word_1_155' title='bbox 338 1855 510 1906; x_wconf 87' lang='lat' dir='ltr'><strong>nclur,</strong></span> <span class='ocrx_word' id='word_1_156' title='bbox 542 1841 830 1894; x_wconf 84' lang='lat' dir='ltr'><strong>voluntatis</strong></span> <span class='ocrx_word' id='word_1_157' title='bbox 857 1849 936 1892; x_wconf 89' lang='lat' dir='ltr'><strong>est</strong></span> <span class='ocrx_word' id='word_1_158' title='bbox 959 1838 1073 1891; x_wconf 87' lang='lat' dir='ltr'><strong>Dei.</strong></span> 
     </span>
    </p>
   </div>
   <div class='ocr_carea' id='block_1_21' title="bbox 412 1919 1867 1994">
    <p class='ocr_par' dir='ltr' id='par_1_21' title="bbox 412 1919 1867 1994">
     <span class='ocr_line' id='line_1_22' title="bbox 412 1919 1867 1994; baseline -0.01 -10"><span class='ocrx_word' id='word_1_159' title='bbox 412 1933 494 1984; x_wconf 83' lang='lat' dir='ltr'><strong>l7.</strong></span> <span class='ocrx_word' id='word_1_160' title='bbox 538 1950 555 1980; x_wconf 79' lang='grc' dir='ltr'><strong>ι</strong></span> <span class='ocrx_word' id='word_1_161' title='bbox 587 1932 628 1983; x_wconf 93' lang='grc' dir='ltr'><strong>Ο</strong></span> <span class='ocrx_word' id='word_1_162' title='bbox 659 1931 846 1994; x_wconf 85' lang='grc' dir='ltr'>Ιιοιιιο,</span> <span class='ocrx_word' id='word_1_163' title='bbox 882 1938 935 1980; x_wconf 89' lang='grc' dir='ltr'><strong>ιιι</strong></span> <span class='ocrx_word' id='word_1_164' title='bbox 979 1929 1097 1994; x_wconf 91' lang='lat' dir='ltr'><strong>quis</strong></span> <span class='ocrx_word' id='word_1_165' title='bbox 1123 1942 1179 1979; x_wconf 91' lang='lat' dir='ltr'><strong>es</strong></span> <span class='ocrx_word' id='word_1_166' title='bbox 1208 1925 1294 1992; x_wconf 93' lang='lat' dir='ltr'><strong>qui</strong></span> <span class='ocrx_word' id='word_1_167' title='bbox 1323 1933 1505 1977; x_wconf 92' lang='lat' dir='ltr'><strong>contra</strong></span> <span class='ocrx_word' id='word_1_168' title='bbox 1539 1919 1614 1989; x_wconf 80' lang='grc'><strong>(5)</strong></span> <span class='ocrx_word' id='word_1_169' title='bbox 1655 1933 1867 1987; x_wconf 86' lang='lat' dir='ltr'><strong>respon-</strong></span> 
     </span>
    </p>
   </div>
   <div class='ocr_carea' id='block_1_22' title="bbox 340 2010 1865 2086">
    <p class='ocr_par' dir='ltr' id='par_1_22' title="bbox 340 2010 1865 2086">
     <span class='ocr_line' id='line_1_23' title="bbox 340 2010 1865 2086; baseline -0.009 -13"><span class='ocrx_word' id='word_1_170' title='bbox 340 2024 468 2074; x_wconf 82' lang='lat' dir='ltr'><strong>deas</strong></span> <span class='ocrx_word' id='word_1_171' title='bbox 495 2020 636 2074; x_wconf 86' lang='lat' dir='ltr'><strong>Deo?</strong></span> <span class='ocrx_word' id='word_1_172' title='bbox 664 2021 904 2086; x_wconf 74' lang='lat' dir='ltr'><strong>Nunquid</strong></span> <span class='ocrx_word' id='word_1_173' title='bbox 929 2020 1056 2071; x_wconf 87' lang='lat' dir='ltr'><strong>dicit</strong></span> <span class='ocrx_word' id='word_1_174' title='bbox 1082 2017 1387 2085; x_wconf 87' lang='lat' dir='ltr'><strong>ﬁgmentum</strong></span> <span class='ocrx_word' id='word_1_175' title='bbox 1415 2014 1460 2066; x_wconf 86' lang='lat' dir='ltr'><strong>ei</strong></span> <span class='ocrx_word' id='word_1_176' title='bbox 1485 2012 1652 2081; x_wconf 92' lang='lat' dir='ltr'><strong>quise</strong></span> <span class='ocrx_word' id='word_1_177' title='bbox 1679 2010 1865 2062; x_wconf 80' lang='lat' dir='ltr'><strong>ﬁnxit:</strong></span> 
     </span>
    </p>
   </div>
   <div class='ocr_carea' id='block_1_23' title="bbox 343 2101 1872 2176">
    <p class='ocr_par' dir='ltr' id='par_1_23' title="bbox 343 2101 1872 2176">
     <span class='ocr_line' id='line_1_24' title="bbox 343 2101 1872 2176; baseline -0.009 -12"><span class='ocrx_word' id='word_1_178' title='bbox 343 2113 480 2176; x_wconf 85' lang='lat' dir='ltr'><strong>Quid</strong></span> <span class='ocrx_word' id='word_1_179' title='bbox 513 2126 594 2163; x_wconf 89' lang='lat' dir='ltr'><strong>ine</strong></span> <span class='ocrx_word' id='word_1_180' title='bbox 619 2110 788 2162; x_wconf 76' lang='lat' dir='ltr'><strong>fecisti</strong></span> <span class='ocrx_word' id='word_1_181' title='bbox 819 2108 932 2161; x_wconf 84' lang='lat' dir='ltr'><strong>sic?</strong></span> <span class='ocrx_word' id='word_1_182' title='bbox 975 2105 1161 2158; x_wconf 82' lang='lat' dir='ltr'><strong>Annon</strong></span> <span class='ocrx_word' id='word_1_183' title='bbox 1197 2106 1359 2159; x_wconf 87' lang='lat' dir='ltr'><strong>habet</strong></span> <span class='ocrx_word' id='word_1_184' title='bbox 1391 2110 1706 2170; x_wconf 86' lang='lat' dir='ltr'><strong>potestatem</strong></span> <span class='ocrx_word' id='word_1_185' title='bbox 1741 2101 1872 2167; x_wconf 80' lang='lat' dir='ltr'><strong>ﬁgu-</strong></span> 
     </span>
    </p>
   </div>
   <div class='ocr_carea' id='block_1_24' title="bbox 341 2189 1870 2258">
    <p class='ocr_par' dir='ltr' id='par_1_24' title="bbox 341 2189 1870 2258">
     <span class='ocr_line' id='line_1_25' title="bbox 341 2189 1870 2258; baseline -0.009 -6"><span class='ocrx_word' id='word_1_186' title='bbox 341 2201 424 2253; x_wconf 91' lang='lat' dir='ltr'><strong>lus</strong></span> <span class='ocrx_word' id='word_1_187' title='bbox 454 2199 545 2251; x_wconf 88' lang='lat' dir='ltr'><strong>ltiti</strong></span> <span class='ocrx_word' id='word_1_188' title='bbox 577 2214 639 2251; x_wconf 74' lang='lat' dir='ltr'><strong>ex</strong></span> <span class='ocrx_word' id='word_1_189' title='bbox 664 2198 848 2250; x_wconf 86' lang='lat' dir='ltr'><strong>eadem</strong></span> <span class='ocrx_word' id='word_1_190' title='bbox 877 2211 1048 2249; x_wconf 85' lang='lat' dir='ltr'><strong>massa</strong></span> <span class='ocrx_word' id='word_1_191' title='bbox 1080 2194 1256 2247; x_wconf 87' lang='lat' dir='ltr'><strong>facere</strong></span> <span class='ocrx_word' id='word_1_192' title='bbox 1291 2193 1431 2244; x_wconf 89' lang='lat' dir='ltr'><strong>aliud</strong></span> <span class='ocrx_word' id='word_1_193' title='bbox 1469 2191 1680 2258; x_wconf 88' lang='lat' dir='ltr'><strong>quidem</strong></span> <span class='ocrx_word' id='word_1_194' title='bbox 1710 2189 1870 2240; x_wconf 86' lang='lat' dir='ltr'><strong>vasin</strong></span> 
     </span>
    </p>
   </div>
   <div class='ocr_carea' id='block_1_25' title="bbox 347 2280 1872 2351">
    <p class='ocr_par' dir='ltr' id='par_1_25' title="bbox 347 2280 1872 2351">
     <span class='ocr_line' id='line_1_26' title="bbox 347 2280 1872 2351; baseline -0.008 -8"><span class='ocrx_word' id='word_1_195' title='bbox 347 2293 618 2351; x_wconf 85' lang='lat' dir='ltr'><strong>honorem,</strong></span> <span class='ocrx_word' id='word_1_196' title='bbox 664 2288 802 2339; x_wconf 86' lang='lat' dir='ltr'><strong>aliud</strong></span> <span class='ocrx_word' id='word_1_197' title='bbox 835 2301 959 2339; x_wconf 90' lang='lat' dir='ltr'><strong>vero</strong></span> <span class='ocrx_word' id='word_1_198' title='bbox 988 2286 1038 2338; x_wconf 94' lang='lat' dir='ltr'><strong>in</strong></span> <span class='ocrx_word' id='word_1_199' title='bbox 1061 2283 1436 2338; x_wconf 89' lang='lat' dir='ltr'><strong>contumeliam</strong></span> <span class='ocrx_word' id='word_1_200' title='bbox 1467 2283 1510 2312; x_wconf 77' lang='grc'><strong>³³</strong></span> <span class='ocrx_word' id='word_1_201' title='bbox 1533 2282 1554 2333; x_wconf 83' lang='lat'><strong>?</strong></span> <span class='ocrx_word' id='word_1_202' title='bbox 1576 2300 1594 2330; x_wconf 71' lang='grc' dir='ltr'><strong>ι</strong></span> <span class='ocrx_word' id='word_1_203' title='bbox 1626 2280 1872 2348; x_wconf 80' lang='lat' dir='ltr'><strong>Legimus</strong></span> 
     </span>
    </p>
   </div>
   <div class='ocr_carea' id='block_1_26' title="bbox 339 2367 1870 2447">
    <p class='ocr_par' dir='ltr' id='par_1_26' title="bbox 339 2367 1870 2447">
     <span class='ocr_line' id='line_1_27' title="bbox 339 2367 1870 2447; baseline -0.008 -17"><span class='ocrx_word' id='word_1_204' title='bbox 339 2391 396 2432; x_wconf 86' lang='lat' dir='ltr'><strong>et</strong></span> <span class='ocrx_word' id='word_1_205' title='bbox 428 2380 478 2432; x_wconf 93' lang='lat' dir='ltr'><strong>in</strong></span> <span class='ocrx_word' id='word_1_206' title='bbox 521 2379 823 2447; x_wconf 85' lang='lat' dir='ltr'><strong>Evangeliis</strong></span> <span class='ocrx_word' id='word_1_207' title='bbox 848 2377 914 2439; x_wconf 74' lang='lat'><strong>“,</strong></span> <span class='ocrx_word' id='word_1_208' title='bbox 941 2391 1032 2429; x_wconf 93' lang='lat' dir='ltr'><strong>eos</strong></span> <span class='ocrx_word' id='word_1_209' title='bbox 1062 2373 1136 2443; x_wconf 69' lang='grc'><strong>(4)</strong></span> <span class='ocrx_word' id='word_1_210' title='bbox 1164 2375 1249 2442; x_wconf 90' lang='lat' dir='ltr'><strong>qui</strong></span> <span class='ocrx_word' id='word_1_211' title='bbox 1285 2383 1528 2441; x_wconf 85' lang='lat' dir='ltr'><strong>proterve</strong></span> <span class='ocrx_word' id='word_1_212' title='bbox 1559 2379 1611 2423; x_wconf 91' lang='lat' dir='ltr'><strong>et</strong></span> <span class='ocrx_word' id='word_1_213' title='bbox 1642 2367 1870 2422; x_wconf 82' lang='lat' dir='ltr'><strong>infideli—</strong></span> 
     </span>
    </p>
   </div>
   <div class='ocr_carea' id='block_1_27' title="bbox 346 2457 1873 2536">
    <p class='ocr_par' dir='ltr' id='par_1_27' title="bbox 346 2457 1873 2536">
     <span class='ocr_line' id='line_1_28' title="bbox 346 2457 1873 2536; baseline -0.009 -15"><span class='ocrx_word' id='word_1_214' title='bbox 346 2483 427 2522; x_wconf 88' lang='lat' dir='ltr'><strong>ter</strong></span> <span class='ocrx_word' id='word_1_215' title='bbox 457 2468 798 2536; x_wconf 87' lang='lat' dir='ltr'><strong>inquirebant</strong></span> <span class='ocrx_word' id='word_1_216' title='bbox 825 2481 853 2517; x_wconf 91' lang='lat' dir='ltr'><strong>a</strong></span> <span class='ocrx_word' id='word_1_217' title='bbox 892 2465 1114 2528; x_wconf 82' lang='lat' dir='ltr'><strong>Domino</strong></span> <span class='ocrx_word' id='word_1_218' title='bbox 1146 2465 1196 2516; x_wconf 93' lang='lat' dir='ltr'><strong>in</strong></span> <span class='ocrx_word' id='word_1_219' title='bbox 1229 2477 1331 2530; x_wconf 90' lang='lat' dir='ltr'><strong>qua</strong></span> <span class='ocrx_word' id='word_1_220' title='bbox 1366 2470 1624 2527; x_wconf 86' lang='lat' dir='ltr'><strong>potestate</strong></span> <span class='ocrx_word' id='word_1_221' title='bbox 1661 2459 1770 2511; x_wconf 68' lang='lat' dir='ltr'><strong>hinc</strong></span> <span class='ocrx_word' id='word_1_222' title='bbox 1795 2457 1873 2509; x_wconf 87' lang='lat' dir='ltr'><strong>fa-</strong></span> 
     </span>
    </p>
   </div>
   <div class='ocr_carea' id='block_1_28' title="bbox 344 2551 1871 2625">
    <p class='ocr_par' dir='ltr' id='par_1_28' title="bbox 344 2551 1871 2625">
     <span class='ocr_line' id='line_1_29' title="bbox 344 2551 1871 2625; baseline -0.009 -13"><span class='ocrx_word' id='word_1_223' title='bbox 344 2569 488 2612; x_wconf 87' lang='lat' dir='ltr'><strong>ceret</strong></span> <span class='ocrx_word' id='word_1_224' title='bbox 527 2573 644 2625; x_wconf 77' lang='lat' dir='ltr'><strong>quae</strong></span> <span class='ocrx_word' id='word_1_225' title='bbox 677 2556 932 2619; x_wconf 87' lang='lat' dir='ltr'><strong>faciebat,</strong></span> <span class='ocrx_word' id='word_1_226' title='bbox 984 2564 1037 2607; x_wconf 91' lang='lat' dir='ltr'><strong>et</strong></span> <span class='ocrx_word' id='word_1_227' title='bbox 1069 2554 1185 2622; x_wconf 92' lang='lat' dir='ltr'><strong>quis</strong></span> <span class='ocrx_word' id='word_1_228' title='bbox 1220 2554 1266 2604; x_wconf 92' lang='lat' dir='ltr'><strong>ei</strong></span> <span class='ocrx_word' id='word_1_229' title='bbox 1305 2551 1532 2604; x_wconf 87' lang='lat' dir='ltr'><strong>dedisset</strong></span> <span class='ocrx_word' id='word_1_230' title='bbox 1562 2557 1871 2617; x_wconf 87' lang='lat' dir='ltr'><strong>potestatem</strong></span> 
     </span>
    </p>
   </div>
   <div class='ocr_carea' id='block_1_29' title="bbox 347 2637 1877 2715">
    <p class='ocr_par' dir='ltr' id='par_1_29' title="bbox 347 2637 1877 2715">
     <span class='ocr_line' id='line_1_30' title="bbox 347 2637 1877 2715; baseline -0.009 -13"><span class='ocrx_word' id='word_1_231' title='bbox 347 2653 503 2713; x_wconf 89' lang='lat' dir='ltr'><strong>lianc,</strong></span> <span class='ocrx_word' id='word_1_232' title='bbox 540 2665 606 2702; x_wconf 91' lang='lat' dir='ltr'><strong>ne</strong></span> <span class='ocrx_word' id='word_1_233' title='bbox 638 2649 982 2715; x_wconf 89' lang='lat' dir='ltr'><strong>responsione</strong></span> <span class='ocrx_word' id='word_1_234' title='bbox 1007 2644 1218 2712; x_wconf 88' lang='lat' dir='ltr'><strong>quidem</strong></span> <span class='ocrx_word' id='word_1_235' title='bbox 1252 2643 1438 2707; x_wconf 88' lang='lat' dir='ltr'><strong>dignos</strong></span> <span class='ocrx_word' id='word_1_236' title='bbox 1471 2641 1698 2693; x_wconf 88' lang='lat' dir='ltr'><strong>habitos.</strong></span> <span class='ocrx_word' id='word_1_237' title='bbox 1724 2637 1877 2690; x_wconf 91' lang='lat' dir='ltr'><strong>Simi-</strong></span> 
     </span>
    </p>
   </div>
   <div class='ocr_carea' id='block_1_30' title="bbox 348 2728 1874 2807">
    <p class='ocr_par' dir='ltr' id='par_1_30' title="bbox 348 2728 1874 2807">
     <span class='ocr_line' id='line_1_31' title="bbox 348 2728 1874 2807; baseline -0.008 -17"><span class='ocrx_word' id='word_1_238' title='bbox 348 2742 465 2792; x_wconf 89' lang='lat' dir='ltr'><strong>liter</strong></span> <span class='ocrx_word' id='word_1_239' title='bbox 485 2753 694 2807; x_wconf 89' lang='lat' dir='ltr'><strong>quoque</strong></span> <span class='ocrx_word' id='word_1_240' title='bbox 718 2745 770 2789; x_wconf 89' lang='lat' dir='ltr'><strong>et</strong></span> <span class='ocrx_word' id='word_1_241' title='bbox 799 2737 848 2788; x_wconf 94' lang='lat' dir='ltr'><strong>in</strong></span> <span class='ocrx_word' id='word_1_242' title='bbox 879 2734 1124 2803; x_wconf 76' lang='lat' dir='ltr'><strong>przesenti</strong></span> <span class='ocrx_word' id='word_1_243' title='bbox 1165 2733 1281 2785; x_wconf 88' lang='lat' dir='ltr'><strong>loco</strong></span> <span class='ocrx_word' id='word_1_244' title='bbox 1314 2741 1511 2782; x_wconf 88' lang='lat' dir='ltr'><strong>motum</strong></span> <span class='ocrx_word' id='word_1_245' title='bbox 1554 2729 1764 2795; x_wconf 91' lang='lat' dir='ltr'><strong>quidem</strong></span> <span class='ocrx_word' id='word_1_246' title='bbox 1797 2728 1874 2795; x_wconf 77' lang='lat'><strong>(5)</strong></span> 
     </span>
    </p>
   </div>
   <div class='ocr_carea' id='block_1_31' title="bbox 348 2819 1878 2893">
    <p class='ocr_par' dir='ltr' id='par_1_31' title="bbox 348 2819 1878 2893">
     <span class='ocr_line' id='line_1_32' title="bbox 348 2819 1878 2893; baseline -0.003 -16"><span class='ocrx_word' id='word_1_247' title='bbox 348 2829 588 2880; x_wconf 68' lang='lat' dir='ltr'><strong>ridemus</strong></span> <span class='ocrx_word' id='word_1_248' title='bbox 616 2824 923 2893; x_wconf 88' lang='lat' dir='ltr'><strong>Apostolum</strong></span> <span class='ocrx_word' id='word_1_249' title='bbox 952 2835 1004 2875; x_wconf 93' lang='lat' dir='ltr'><strong>et</strong></span> <span class='ocrx_word' id='word_1_250' title='bbox 1028 2823 1305 2874; x_wconf 88' lang='lat' dir='ltr'><strong>adversum</strong></span> <span class='ocrx_word' id='word_1_251' title='bbox 1323 2819 1613 2872; x_wconf 90' lang='lat' dir='ltr'><strong>insolentes</strong></span> <span class='ocrx_word' id='word_1_252' title='bbox 1629 2819 1878 2886; x_wconf 68' lang='lat' dir='ltr'><strong>qumStio-</strong></span> 
     </span>
    </p>
   </div>
   <div class='ocr_carea' id='block_1_32' title="bbox 349 2907 1874 2980">
    <p class='ocr_par' dir='ltr' id='par_1_32' title="bbox 349 2907 1874 2980">
     <span class='ocr_line' id='line_1_33' title="bbox 349 2907 1874 2980; baseline -0.009 -12"><span class='ocrx_word' id='word_1_253' title='bbox 349 2929 462 2974; x_wconf 84' lang='lat' dir='ltr'><strong>nes,</strong></span> <span class='ocrx_word' id='word_1_254' title='bbox 497 2929 559 2965; x_wconf 91' lang='lat' dir='ltr'><strong>ac</strong></span> <span class='ocrx_word' id='word_1_255' title='bbox 597 2927 691 2980; x_wconf 89' lang='lat' dir='ltr'><strong>per</strong></span> <span class='ocrx_word' id='word_1_256' title='bbox 718 2927 778 2964; x_wconf 89' lang='lat' dir='ltr'><strong>ea</strong></span> <span class='ocrx_word' id='word_1_257' title='bbox 807 2925 924 2978; x_wconf 64' lang='lat' dir='ltr'><strong>quae</strong></span> <span class='ocrx_word' id='word_1_258' title='bbox 949 2909 1221 2978; x_wconf 89' lang='lat' dir='ltr'><strong>respondit</strong></span> <span class='ocrx_word' id='word_1_259' title='bbox 1251 2909 1347 2976; x_wconf 80' lang='lat'><strong>(6),</strong></span> <span class='ocrx_word' id='word_1_260' title='bbox 1382 2907 1721 2973; x_wconf 89' lang='lat' dir='ltr'><strong>proponentis</strong></span> <span class='ocrx_word' id='word_1_261' title='bbox 1744 2921 1874 2958; x_wconf 93' lang='lat' dir='ltr'><strong>con-</strong></span> 
     </span>
    </p>
   </div>
   <div class='ocr_carea' id='block_1_33' title="bbox 1954 441 3655 532">
    <p class='ocr_par' dir='ltr' id='par_1_33' title="bbox 1954 441 3655 532">
     <span class='ocr_line' id='line_1_34' title="bbox 1954 441 3655 532; baseline -0.02 -6"><span class='ocrx_word' id='word_1_262' title='bbox 1954 482 2098 526; x_wconf 91' lang='lat' dir='ltr'><strong>ceret</strong></span> <span class='ocrx_word' id='word_1_263' title='bbox 2122 472 2186 522; x_wconf 82' lang='grc'><strong>²⁶.</strong></span> <span class='ocrx_word' id='word_1_264' title='bbox 2217 470 2281 522; x_wconf 86' lang='lat' dir='ltr'><strong>Et</strong></span> <span class='ocrx_word' id='word_1_265' title='bbox 2307 482 2402 520; x_wconf 90' lang='lat' dir='ltr'><strong>nos</strong></span> <span class='ocrx_word' id='word_1_266' title='bbox 2441 441 2576 532; x_wconf 78' lang='lat' dir='ltr'><strong>ergo</strong></span> <span class='ocrx_word' id='word_1_267' title='bbox 2598 462 2645 515; x_wconf 91' lang='lat' dir='ltr'><strong>si</strong></span> <span class='ocrx_word' id='word_1_268' title='bbox 2679 455 2910 526; x_wconf 89' lang='lat' dir='ltr'><strong>aliquid</strong></span> <span class='ocrx_word' id='word_1_269' title='bbox 2937 455 3012 506; x_wconf 93' lang='lat' dir='ltr'><strong>de</strong></span> <span class='ocrx_word' id='word_1_270' title='bbox 3041 446 3314 504; x_wconf 83' lang='lat' dir='ltr'><strong>secretis</strong></span> <span class='ocrx_word' id='word_1_271' title='bbox 3329 441 3442 496; x_wconf 88' lang='lat' dir='ltr'><strong>Dei</strong></span> <span class='ocrx_word' id='word_1_272' title='bbox 3477 451 3539 493; x_wconf 92' lang='lat' dir='ltr'><strong>et</strong></span> <span class='ocrx_word' id='word_1_273' title='bbox 3570 455 3655 493; x_wconf 87' lang='lat' dir='ltr'><strong>re-</strong></span> 
     </span>
    </p>
   </div>
   <div class='ocr_carea' id='block_1_34' title="bbox 1954 531 3657 626">
    <p class='ocr_par' dir='ltr' id='par_1_34' title="bbox 1954 531 3657 626">
     <span class='ocr_line' id='line_1_35' title="bbox 1954 531 3657 626; baseline -0.022 -12"><span class='ocrx_word' id='word_1_274' title='bbox 1954 561 2182 614; x_wconf 90' lang='lat' dir='ltr'><strong>conditis</strong></span> <span class='ocrx_word' id='word_1_275' title='bbox 2219 558 2329 626; x_wconf 76' lang='lat'><strong>(10)</strong></span> <span class='ocrx_word' id='word_1_276' title='bbox 2368 531 2762 607; x_wconf 86' lang='lat' dir='ltr'><strong>desideramus</strong></span> <span class='ocrx_word' id='word_1_277' title='bbox 2798 551 3185 613; x_wconf 82' lang='lat' dir='ltr'><strong>agnoscere.</strong></span> <span class='ocrx_word' id='word_1_278' title='bbox 3226 534 3280 587; x_wconf 89' lang='lat' dir='ltr'><strong>si</strong></span> <span class='ocrx_word' id='word_1_279' title='bbox 3332 531 3657 584; x_wconf 82' lang='lat' dir='ltr'><strong>desiderio-</strong></span> 
     </span>
    </p>
   </div>
   <div class='ocr_carea' id='block_1_35' title="bbox 1957 621 3657 707">
    <p class='ocr_par' dir='ltr' id='par_1_35' title="bbox 1957 621 3657 707">
     <span class='ocr_line' id='line_1_36' title="bbox 1957 621 3657 707; baseline -0.02 -2"><span class='ocrx_word' id='word_1_280' title='bbox 1957 668 2072 704; x_wconf 89' lang='lat' dir='ltr'><strong>rum</strong></span> <span class='ocrx_word' id='word_1_281' title='bbox 2098 660 2152 703; x_wconf 89' lang='lat' dir='ltr'><strong>et</strong></span> <span class='ocrx_word' id='word_1_282' title='bbox 2181 663 2284 701; x_wconf 92' lang='lat' dir='ltr'><strong>non</strong></span> <span class='ocrx_word' id='word_1_283' title='bbox 2315 643 2742 700; x_wconf 91' lang='lat' dir='ltr'><strong>contentionum</strong></span> <span class='ocrx_word' id='word_1_284' title='bbox 2774 636 2902 707; x_wconf 85' lang='grc'>(11)</span> <span class='ocrx_word' id='word_1_285' title='bbox 2927 633 3044 683; x_wconf 90' lang='lat' dir='ltr'><strong>viri</strong></span> <span class='ocrx_word' id='word_1_286' title='bbox 3078 639 3337 684; x_wconf 85' lang='lat' dir='ltr'><strong>sumus,</strong></span> <span class='ocrx_word' id='word_1_287' title='bbox 3365 621 3657 675; x_wconf 76' lang='lat' dir='ltr'><strong>occultius</strong></span> 
     </span>
    </p>
   </div>
   <div class='ocr_carea' id='block_1_36' title="bbox 1958 710 3660 793">
    <p class='ocr_par' dir='ltr' id='par_1_36' title="bbox 1958 710 3660 793">
     <span class='ocr_line' id='line_1_37' title="bbox 1958 710 3660 793; baseline -0.021 0"><span class='ocrx_word' id='word_1_288' title='bbox 1958 743 2008 793; x_wconf 90' lang='lat' dir='ltr'><strong>in</strong></span> <span class='ocrx_word' id='word_1_289' title='bbox 2037 719 2229 792; x_wconf 85' lang='lat' dir='ltr'><strong>divinis</strong></span> <span class='ocrx_word' id='word_1_290' title='bbox 2260 733 2694 788; x_wconf 86' lang='lat' dir='ltr'><strong>litterisinserta</strong></span> <span class='ocrx_word' id='word_1_291' title='bbox 2735 726 2837 779; x_wconf 88' lang='lat' dir='ltr'><strong>Dei</strong></span> <span class='ocrx_word' id='word_1_292' title='bbox 2869 720 3105 792; x_wconf 89' lang='lat' dir='ltr'><strong>judicia</strong></span> <span class='ocrx_word' id='word_1_293' title='bbox 3150 714 3429 768; x_wconf 82' lang='lat' dir='ltr'><strong>ﬁdeliter</strong></span> <span class='ocrx_word' id='word_1_294' title='bbox 3467 721 3528 763; x_wconf 78' lang='lat' dir='ltr'><strong>et</strong></span> <span class='ocrx_word' id='word_1_295' title='bbox 3560 710 3660 761; x_wconf 79' lang='lat' dir='ltr'><strong>hu-</strong></span> 
     </span>
    </p>
   </div>
   <div class='ocr_carea' id='block_1_37' title="bbox 1960 802 3661 892">
    <p class='ocr_par' dir='ltr' id='par_1_37' title="bbox 1960 802 3661 892">
     <span class='ocr_line' id='line_1_38' title="bbox 1960 802 3661 892; baseline -0.019 -10"><span class='ocrx_word' id='word_1_296' title='bbox 1960 829 2153 882; x_wconf 90' lang='lat' dir='ltr'><strong>militer</strong></span> <span class='ocrx_word' id='word_1_297' title='bbox 2178 827 2540 892; x_wconf 89' lang='lat' dir='ltr'><strong>requiramus.</strong></span> <span class='ocrx_word' id='word_1_298' title='bbox 2593 818 2913 885; x_wconf 85' lang='lat' dir='ltr'><strong>Propterea</strong></span> <span class='ocrx_word' id='word_1_299' title='bbox 2951 820 3235 876; x_wconf 85' lang='lat' dir='ltr'><strong>namque</strong></span> <span class='ocrx_word' id='word_1_300' title='bbox 3270 811 3338 856; x_wconf 87' lang='lat' dir='ltr'><strong>et</strong></span> <span class='ocrx_word' id='word_1_301' title='bbox 3383 802 3661 855; x_wconf 85' lang='lat' dir='ltr'><strong>Dominus</strong></span> 
     </span>
    </p>
   </div>
   <div class='ocr_carea' id='block_1_38' title="bbox 1958 893 3661 973">
    <p class='ocr_par' dir='ltr' id='par_1_38' title="bbox 1958 893 3661 973">
     <span class='ocr_line' id='line_1_39' title="bbox 1958 893 3661 973; baseline -0.018 -2"><span class='ocrx_word' id='word_1_302' title='bbox 1958 921 2194 973; x_wconf 89' lang='lat' dir='ltr'><strong>dicebat:</strong></span> <span class='ocrx_word' id='word_1_303' title='bbox 2219 935 2237 967; x_wconf 84' lang='grc' dir='ltr'><strong>ι</strong></span> <span class='ocrx_word' id='word_1_304' title='bbox 2263 910 2600 968; x_wconf 91' lang='lat' dir='ltr'><strong>Scrutamini</strong></span> <span class='ocrx_word' id='word_1_305' title='bbox 2631 907 2977 973; x_wconf 84' lang='lat' dir='ltr'><strong>Scripturas</strong></span> <span class='ocrx_word' id='word_1_306' title='bbox 3001 901 3080 962; x_wconf 77' lang='grc'><strong>’⁷,</strong></span> <span class='ocrx_word' id='word_1_307' title='bbox 3116 918 3140 948; x_wconf 75' lang='grc' dir='ltr'><strong>ι</strong></span> <span class='ocrx_word' id='word_1_308' title='bbox 3165 895 3385 949; x_wconf 89' lang='lat' dir='ltr'><strong>sciens</strong></span> <span class='ocrx_word' id='word_1_309' title='bbox 3415 893 3661 945; x_wconf 72' lang='lat' dir='ltr'><strong>[necnon</strong></span> 
     </span>
    </p>
   </div>
   <div class='ocr_carea' id='block_1_39' title="bbox 1959 982 3664 1076">
    <p class='ocr_par' dir='ltr' id='par_1_39' title="bbox 1959 982 3664 1076">
     <span class='ocr_line' id='line_1_40' title="bbox 1959 982 3664 1076; baseline -0.016 -15"><span class='ocrx_word' id='word_1_310' title='bbox 1959 1011 2024 1062; x_wconf 89' lang='lat' dir='ltr'><strong>ab</strong></span> <span class='ocrx_word' id='word_1_311' title='bbox 2058 1009 2141 1061; x_wconf 91' lang='lat' dir='ltr'><strong>his</strong></span> <span class='ocrx_word' id='word_1_312' title='bbox 2175 1008 2264 1076; x_wconf 89' lang='lat' dir='ltr'><strong>qui</strong></span> <span class='ocrx_word' id='word_1_313' title='bbox 2307 1006 2357 1058; x_wconf 91' lang='lat' dir='ltr'><strong>in</strong></span> <span class='ocrx_word' id='word_1_314' title='bbox 2397 1003 2520 1056; x_wconf 88' lang='lat' dir='ltr'><strong>aliis</strong></span> <span class='ocrx_word' id='word_1_315' title='bbox 2553 998 2796 1067; x_wconf 87' lang='lat' dir='ltr'><strong>negotiis</strong></span> <span class='ocrx_word' id='word_1_316' title='bbox 2827 991 3120 1060; x_wconf 87' lang='lat' dir='ltr'><strong>occupati</strong></span> <span class='ocrx_word' id='word_1_317' title='bbox 3177 982 3542 1040; x_wconf 84' lang='lat' dir='ltr'><strong>transitorie</strong></span> <span class='ocrx_word' id='word_1_318' title='bbox 3578 982 3664 1034; x_wconf 75' lang='lat' dir='ltr'><strong>vel</strong></span> 
     </span>
    </p>
   </div>
   <div class='ocr_carea' id='block_1_40' title="bbox 1959 1071 3662 1160">
    <p class='ocr_par' dir='ltr' id='par_1_40' title="bbox 1959 1071 3662 1160">
     <span class='ocr_line' id='line_1_41' title="bbox 1959 1071 3662 1160; baseline -0.017 -11"><span class='ocrx_word' id='word_1_319' title='bbox 1959 1071 2299 1150; x_wconf 35' lang='lat' dir='ltr'><strong>audiunt&#39;vel</strong></span> <span class='ocrx_word' id='word_1_320' title='bbox 2332 1093 2542 1160; x_wconf 87' lang='lat' dir='ltr'><strong>legunt,</strong></span> <span class='ocrx_word' id='word_1_321' title='bbox 2597 1089 2697 1141; x_wconf 89' lang='lat' dir='ltr'><strong>sed</strong></span> <span class='ocrx_word' id='word_1_322' title='bbox 2753 1086 2848 1138; x_wconf 91' lang='lat' dir='ltr'><strong>his</strong></span> <span class='ocrx_word' id='word_1_323' title='bbox 2899 1081 3002 1149; x_wconf 88' lang='lat' dir='ltr'><strong>qui</strong></span> <span class='ocrx_word' id='word_1_324' title='bbox 3072 1089 3261 1130; x_wconf 80' lang='lat' dir='ltr'><strong>reeto</strong></span> <span class='ocrx_word' id='word_1_325' title='bbox 3312 1085 3375 1126; x_wconf 85' lang='lat' dir='ltr'><strong>et</strong></span> <span class='ocrx_word' id='word_1_326' title='bbox 3420 1071 3662 1138; x_wconf 75' lang='lat' dir='ltr'><strong>simplici</strong></span> 
     </span>
    </p>
   </div>
   <div class='ocr_carea' id='block_1_41' title="bbox 1960 1161 3664 1251">
    <p class='ocr_par' dir='ltr' id='par_1_41' title="bbox 1960 1161 3664 1251">
     <span class='ocr_line' id='line_1_42' title="bbox 1960 1161 3664 1251; baseline -0.015 -13"><span class='ocrx_word' id='word_1_327' title='bbox 1960 1187 2139 1248; x_wconf 81' lang='lat' dir='ltr'><strong>t-orde,</strong></span> <span class='ocrx_word' id='word_1_328' title='bbox 2165 1184 2278 1251; x_wconf 83' lang='lat' dir='ltr'><strong>jugi</strong></span> <span class='ocrx_word' id='word_1_329' title='bbox 2306 1181 2514 1242; x_wconf 88' lang='lat' dir='ltr'><strong>labore,</strong></span> <span class='ocrx_word' id='word_1_330' title='bbox 2547 1175 2972 1239; x_wconf 85' lang='lat' dir='ltr'><strong>continuisque</strong></span> <span class='ocrx_word' id='word_1_331' title='bbox 3008 1165 3262 1234; x_wconf 82' lang='lat' dir='ltr'><strong>vigiliis</strong></span> <span class='ocrx_word' id='word_1_332' title='bbox 3297 1162 3483 1215; x_wconf 85' lang='lat' dir='ltr'><strong>altius</strong></span> <span class='ocrx_word' id='word_1_333' title='bbox 3512 1161 3664 1214; x_wconf 90' lang='lat' dir='ltr'><strong>Scri-</strong></span> 
     </span>
    </p>
   </div>
   <div class='ocr_carea' id='block_1_42' title="bbox 1963 1254 3666 1343">
    <p class='ocr_par' dir='ltr' id='par_1_42' title="bbox 1963 1254 3666 1343">
     <span class='ocr_line' id='line_1_43' title="bbox 1963 1254 3666 1343; baseline -0.013 -17"><span class='ocrx_word' id='word_1_334' title='bbox 1963 1285 2142 1343; x_wconf 87' lang='lat' dir='ltr'><strong>pturas</strong></span> <span class='ocrx_word' id='word_1_335' title='bbox 2176 1273 2387 1327; x_wconf 88' lang='lat' dir='ltr'><strong>divinas</strong></span> <span class='ocrx_word' id='word_1_336' title='bbox 2415 1276 2783 1329; x_wconf 85' lang='lat' dir='ltr'><strong>scrutantur,</strong></span> <span class='ocrx_word' id='word_1_337' title='bbox 2823 1260 3057 1331; x_wconf 84' lang='lat' dir='ltr'><strong>aperiri</strong></span> <span class='ocrx_word' id='word_1_338' title='bbox 3100 1276 3118 1310; x_wconf 87' lang='lat'><strong>:</strong></span> <span class='ocrx_word' id='word_1_339' title='bbox 3186 1272 3269 1310; x_wconf 82' lang='lat' dir='ltr'><strong>ex</strong></span> <span class='ocrx_word' id='word_1_340' title='bbox 3315 1254 3538 1322; x_wconf 86' lang='lat' dir='ltr'><strong>quibus</strong></span> <span class='ocrx_word' id='word_1_341' title='bbox 3580 1267 3666 1304; x_wconf 90' lang='lat' dir='ltr'><strong>me</strong></span> 
     </span>
    </p>
   </div>
   <div class='ocr_carea' id='block_1_43' title="bbox 1963 1343 3664 1432">
    <p class='ocr_par' dir='ltr' id='par_1_43' title="bbox 1963 1343 3664 1432">
     <span class='ocr_line' id='line_1_44' title="bbox 1963 1343 3664 1432; baseline -0.011 -19"><span class='ocrx_word' id='word_1_342' title='bbox 1963 1379 2064 1416; x_wconf 90' lang='lat' dir='ltr'><strong>non</strong></span> <span class='ocrx_word' id='word_1_343' title='bbox 2091 1377 2209 1416; x_wconf 85' lang='lat' dir='ltr'><strong>esse</strong></span> <span class='ocrx_word' id='word_1_344' title='bbox 2235 1376 2335 1432; x_wconf 83' lang='lat' dir='ltr'><strong>ego</strong></span> <span class='ocrx_word' id='word_1_345' title='bbox 2367 1363 2508 1414; x_wconf 89' lang='lat' dir='ltr'><strong>bene</strong></span> <span class='ocrx_word' id='word_1_346' title='bbox 2558 1357 2712 1408; x_wconf 88' lang='lat' dir='ltr'><strong>novi.</strong></span> <span class='ocrx_word' id='word_1_347' title='bbox 2763 1355 2827 1407; x_wconf 90' lang='lat' dir='ltr'><strong>Si</strong></span> <span class='ocrx_word' id='word_1_348' title='bbox 2882 1353 3028 1420; x_wconf 89' lang='lat' dir='ltr'><strong>quis</strong></span> <span class='ocrx_word' id='word_1_349' title='bbox 3069 1360 3299 1401; x_wconf 88' lang='lat' dir='ltr'><strong>tamen</strong></span> <span class='ocrx_word' id='word_1_350' title='bbox 3341 1346 3421 1398; x_wconf 85' lang='lat' dir='ltr'><strong>sit</strong></span> <span class='ocrx_word' id='word_1_351' title='bbox 3453 1344 3549 1413; x_wconf 89' lang='lat' dir='ltr'><strong>qui</strong></span> <span class='ocrx_word' id='word_1_352' title='bbox 3593 1343 3664 1395; x_wconf 84' lang='lat' dir='ltr'><strong>ita</strong></span> 
     </span>
    </p>
   </div>
   <div class='ocr_carea' id='block_1_44' title="bbox 1963 1435 3664 1520">
    <p class='ocr_par' dir='ltr' id='par_1_44' title="bbox 1963 1435 3664 1520">
     <span class='ocr_line' id='line_1_45' title="bbox 1963 1435 3664 1520; baseline -0.011 -16"><span class='ocrx_word' id='word_1_353' title='bbox 1963 1463 2186 1520; x_wconf 75' lang='lat' dir='ltr'><strong>quierat,</strong></span> <span class='ocrx_word' id='word_1_354' title='bbox 2215 1452 2470 1504; x_wconf 88' lang='lat' dir='ltr'><strong>inveniet.</strong></span> <span class='ocrx_word' id='word_1_355' title='bbox 2516 1449 2722 1501; x_wconf 86' lang='lat' dir='ltr'><strong>Verum</strong></span> <span class='ocrx_word' id='word_1_356' title='bbox 2783 1455 2843 1497; x_wconf 92' lang='lat' dir='ltr'><strong>et</strong></span> <span class='ocrx_word' id='word_1_357' title='bbox 2887 1459 3002 1495; x_wconf 88' lang='lat' dir='ltr'><strong>nos</strong></span> <span class='ocrx_word' id='word_1_358' title='bbox 3046 1456 3173 1507; x_wconf 87' lang='lat' dir='ltr'><strong>pro</strong></span> <span class='ocrx_word' id='word_1_359' title='bbox 3222 1437 3470 1490; x_wconf 88' lang='lat' dir='ltr'><strong>viribus</strong></span> <span class='ocrx_word' id='word_1_360' title='bbox 3499 1435 3570 1487; x_wconf 87' lang='lat' dir='ltr'><strong>ad</strong></span> <span class='ocrx_word' id='word_1_361' title='bbox 3603 1450 3664 1486; x_wconf 71' lang='lat' dir='ltr'><strong>ea</strong></span> 
     </span>
    </p>
   </div>
   <div class='ocr_carea' id='block_1_45' title="bbox 1963 1526 3666 1610">
    <p class='ocr_par' dir='ltr' id='par_1_45' title="bbox 1963 1526 3666 1610">
     <span class='ocr_line' id='line_1_46' title="bbox 1963 1526 3666 1610; baseline -0.009 -15"><span class='ocrx_word' id='word_1_362' title='bbox 1963 1560 2079 1610; x_wconf 69' lang='lat' dir='ltr'><strong>quae</strong></span> <span class='ocrx_word' id='word_1_363' title='bbox 2104 1544 2374 1595; x_wconf 89' lang='lat' dir='ltr'><strong>habentur</strong></span> <span class='ocrx_word' id='word_1_364' title='bbox 2399 1543 2451 1594; x_wconf 89' lang='lat' dir='ltr'><strong>in</strong></span> <span class='ocrx_word' id='word_1_365' title='bbox 2483 1541 2750 1592; x_wconf 88' lang='lat' dir='ltr'><strong>manibus</strong></span> <span class='ocrx_word' id='word_1_366' title='bbox 2785 1543 3282 1589; x_wconf 85' lang='lat' dir='ltr'><strong>convertamur.</strong></span> <span class='ocrx_word' id='word_1_367' title='bbox 3335 1546 3358 1578; x_wconf 83' lang='grc'><strong>‹</strong></span> <span class='ocrx_word' id='word_1_368' title='bbox 3407 1526 3666 1595; x_wconf 82' lang='lat' dir='ltr'><strong>Nunquid</strong></span> 
     </span>
    </p>
   </div>
   <div class='ocr_carea' id='block_1_46' title="bbox 1963 1619 3664 1701">
    <p class='ocr_par' dir='ltr' id='par_1_46' title="bbox 1963 1619 3664 1701">
     <span class='ocr_line' id='line_1_47' title="bbox 1963 1619 3664 1701; baseline -0.007 -16"><span class='ocrx_word' id='word_1_369' title='bbox 1963 1635 2089 1688; x_wconf 85' lang='lat' dir='ltr'><strong>dicit</strong></span> <span class='ocrx_word' id='word_1_370' title='bbox 2143 1634 2477 1701; x_wconf 88' lang='lat' dir='ltr'><strong>ﬁgmentum,</strong></span> <span class='ocrx_word' id='word_1_371' title='bbox 2541 1629 2744 1697; x_wconf 91' lang='lat' dir='ltr'><strong>inquit,</strong></span> <span class='ocrx_word' id='word_1_372' title='bbox 2812 1629 2868 1680; x_wconf 89' lang='lat' dir='ltr'><strong>ei</strong></span> <span class='ocrx_word' id='word_1_373' title='bbox 2945 1626 3056 1693; x_wconf 91' lang='lat' dir='ltr'><strong>qui</strong></span> <span class='ocrx_word' id='word_1_374' title='bbox 3113 1623 3260 1694; x_wconf 68' lang='grc'>(12)</span> <span class='ocrx_word' id='word_1_375' title='bbox 3304 1637 3376 1674; x_wconf 89' lang='lat' dir='ltr'><strong>se</strong></span> <span class='ocrx_word' id='word_1_376' title='bbox 3434 1619 3598 1672; x_wconf 76' lang='lat' dir='ltr'><strong>ﬁnxit</strong></span> <span class='ocrx_word' id='word_1_377' title='bbox 3649 1636 3664 1673; x_wconf 87' lang='lat'><strong>:</strong></span> 
     </span>
    </p>
   </div>
   <div class='ocr_carea' id='block_1_47' title="bbox 1897 1709 3667 1788">
    <p class='ocr_par' dir='ltr' id='par_1_47' title="bbox 1897 1709 3667 1788">
     <span class='ocr_line' id='line_1_48' title="bbox 1897 1709 3667 1788; baseline -0.01 -12"><span class='ocrx_word' id='word_1_378' title='bbox 1897 1715 1937 1767; x_wconf 82' lang='grc' dir='ltr'>Β</span> <span class='ocrx_word' id='word_1_379' title='bbox 1965 1725 2098 1788; x_wconf 85' lang='lat' dir='ltr'><strong>Quid</strong></span> <span class='ocrx_word' id='word_1_380' title='bbox 2128 1739 2211 1777; x_wconf 91' lang='lat' dir='ltr'><strong>me</strong></span> <span class='ocrx_word' id='word_1_381' title='bbox 2239 1724 2316 1776; x_wconf 91' lang='lat' dir='ltr'><strong>sic</strong></span> <span class='ocrx_word' id='word_1_382' title='bbox 2338 1720 2566 1775; x_wconf 81' lang='lat' dir='ltr'><strong>fecisti?</strong></span> <span class='ocrx_word' id='word_1_383' title='bbox 2610 1719 2818 1772; x_wconf 83' lang='lat' dir='ltr'><strong>Annon</strong></span> <span class='ocrx_word' id='word_1_384' title='bbox 2856 1716 3056 1769; x_wconf 84' lang='lat' dir='ltr'><strong>habet</strong></span> <span class='ocrx_word' id='word_1_385' title='bbox 3093 1719 3488 1781; x_wconf 80' lang='lat' dir='ltr'><strong>potestatein</strong></span> <span class='ocrx_word' id='word_1_386' title='bbox 3531 1709 3667 1776; x_wconf 81' lang='lat' dir='ltr'><strong>lign-</strong></span> 
     </span>
    </p>
   </div>
   <div class='ocr_carea' id='block_1_48' title="bbox 1966 1799 3665 1871">
    <p class='ocr_par' dir='ltr' id='par_1_48' title="bbox 1966 1799 3665 1871">
     <span class='ocr_line' id='line_1_49' title="bbox 1966 1799 3665 1871; baseline -0.009 -7"><span class='ocrx_word' id='word_1_387' title='bbox 1966 1815 2046 1866; x_wconf 91' lang='lat' dir='ltr'><strong>lus</strong></span> <span class='ocrx_word' id='word_1_388' title='bbox 2079 1815 2173 1865; x_wconf 90' lang='lat' dir='ltr'><strong>ltiti</strong></span> <span class='ocrx_word' id='word_1_389' title='bbox 2200 1829 2263 1866; x_wconf 86' lang='lat' dir='ltr'><strong>ex</strong></span> <span class='ocrx_word' id='word_1_390' title='bbox 2297 1812 2488 1864; x_wconf 89' lang='lat' dir='ltr'><strong>eadem</strong></span> <span class='ocrx_word' id='word_1_391' title='bbox 2521 1823 2704 1862; x_wconf 90' lang='lat' dir='ltr'><strong>massa</strong></span> <span class='ocrx_word' id='word_1_392' title='bbox 2742 1808 2949 1860; x_wconf 88' lang='lat' dir='ltr'><strong>facere</strong></span> <span class='ocrx_word' id='word_1_393' title='bbox 2975 1803 3154 1856; x_wconf 87' lang='lat' dir='ltr'><strong>aliud</strong></span> <span class='ocrx_word' id='word_1_394' title='bbox 3186 1799 3453 1871; x_wconf 88' lang='lat' dir='ltr'><strong>quidem</strong></span> <span class='ocrx_word' id='word_1_395' title='bbox 3480 1813 3578 1850; x_wconf 73' lang='lat' dir='ltr'><strong>vas</strong></span> <span class='ocrx_word' id='word_1_396' title='bbox 3602 1799 3665 1850; x_wconf 87' lang='lat' dir='ltr'><strong>ad</strong></span> 
     </span>
    </p>
   </div>
   <div class='ocr_carea' id='block_1_49' title="bbox 1967 1889 3666 1964">
    <p class='ocr_par' dir='ltr' id='par_1_49' title="bbox 1967 1889 3666 1964">
     <span class='ocr_line' id='line_1_50' title="bbox 1967 1889 3666 1964; baseline -0.009 -9"><span class='ocrx_word' id='word_1_397' title='bbox 1967 1903 2262 1964; x_wconf 83' lang='lat' dir='ltr'><strong>honorem,</strong></span> <span class='ocrx_word' id='word_1_398' title='bbox 2298 1901 2443 1953; x_wconf 90' lang='lat' dir='ltr'><strong>aliud</strong></span> <span class='ocrx_word' id='word_1_399' title='bbox 2488 1915 2625 1953; x_wconf 91' lang='lat' dir='ltr'><strong>vero</strong></span> <span class='ocrx_word' id='word_1_400' title='bbox 2673 1899 2741 1950; x_wconf 89' lang='lat' dir='ltr'><strong>ad</strong></span> <span class='ocrx_word' id='word_1_401' title='bbox 2793 1894 3264 1950; x_wconf 83' lang='lat' dir='ltr'><strong>contumeliam</strong></span> <span class='ocrx_word' id='word_1_402' title='bbox 3292 1892 3320 1944; x_wconf 90' lang='lat'><strong>?</strong></span> <span class='ocrx_word' id='word_1_403' title='bbox 3359 1909 3382 1941; x_wconf 81' lang='grc'><strong>›</strong></span> <span class='ocrx_word' id='word_1_404' title='bbox 3421 1890 3493 1943; x_wconf 82' lang='lat' dir='ltr'><strong>Et</strong></span> <span class='ocrx_word' id='word_1_405' title='bbox 3530 1889 3666 1957; x_wconf 87' lang='lat' dir='ltr'><strong>apud</strong></span> 
     </span>
    </p>
   </div>
   <div class='ocr_carea' id='block_1_50' title="bbox 1965 1982 3669 2059">
    <p class='ocr_par' dir='ltr' id='par_1_50' title="bbox 1965 1982 3669 2059">
     <span class='ocr_line' id='line_1_51' title="bbox 1965 1982 3669 2059; baseline -0.009 -11"><span class='ocrx_word' id='word_1_406' title='bbox 1965 1994 2246 2048; x_wconf 80' lang='lat' dir='ltr'><strong>Jeremiam</strong></span> <span class='ocrx_word' id='word_1_407' title='bbox 2281 1991 2602 2059; x_wconf 87' lang='lat' dir='ltr'><strong>prophetam</strong></span> <span class='ocrx_word' id='word_1_408' title='bbox 2641 1990 2752 2041; x_wconf 84' lang='lat' dir='ltr'><strong>tale</strong></span> <span class='ocrx_word' id='word_1_409' title='bbox 2777 1987 3024 2055; x_wconf 85' lang='lat' dir='ltr'><strong>aliquid</strong></span> <span class='ocrx_word' id='word_1_410' title='bbox 3060 1985 3364 2049; x_wconf 72' lang='lat' dir='ltr'><strong>legimus,</strong></span> <span class='ocrx_word' id='word_1_411' title='bbox 3390 1982 3491 2034; x_wconf 88' lang='lat' dir='ltr'><strong>ubi</strong></span> <span class='ocrx_word' id='word_1_412' title='bbox 3518 1982 3669 2048; x_wconf 86' lang='lat' dir='ltr'><strong>jube-</strong></span> 
     </span>
    </p>
   </div>
   <div class='ocr_carea' id='block_1_51' title="bbox 1970 2074 3664 2146">
    <p class='ocr_par' dir='ltr' id='par_1_51' title="bbox 1970 2074 3664 2146">
     <span class='ocr_line' id='line_1_52' title="bbox 1970 2074 3664 2146; baseline -0.008 -8"><span class='ocrx_word' id='word_1_413' title='bbox 1970 2094 2053 2138; x_wconf 90' lang='lat' dir='ltr'><strong>tur</strong></span> <span class='ocrx_word' id='word_1_414' title='bbox 2091 2098 2120 2135; x_wconf 91' lang='lat' dir='ltr'><strong>a</strong></span> <span class='ocrx_word' id='word_1_415' title='bbox 2164 2083 2269 2135; x_wconf 89' lang='lat' dir='ltr'><strong>Deo</strong></span> <span class='ocrx_word' id='word_1_416' title='bbox 2299 2081 2527 2133; x_wconf 91' lang='lat' dir='ltr'><strong>introire</strong></span> <span class='ocrx_word' id='word_1_417' title='bbox 2559 2081 2612 2132; x_wconf 93' lang='lat' dir='ltr'><strong>in</strong></span> <span class='ocrx_word' id='word_1_418' title='bbox 2648 2080 2888 2131; x_wconf 90' lang='lat' dir='ltr'><strong>domum</strong></span> <span class='ocrx_word' id='word_1_419' title='bbox 2937 2075 3160 2146; x_wconf 83' lang='lat' dir='ltr'><strong>ﬁguli,</strong></span> <span class='ocrx_word' id='word_1_420' title='bbox 3198 2084 3265 2128; x_wconf 90' lang='lat' dir='ltr'><strong>et</strong></span> <span class='ocrx_word' id='word_1_421' title='bbox 3307 2074 3520 2126; x_wconf 83' lang='lat' dir='ltr'><strong>videre</strong></span> <span class='ocrx_word' id='word_1_422' title='bbox 3549 2087 3664 2127; x_wconf 85' lang='lat' dir='ltr'><strong>eum</strong></span> 
     </span>
    </p>
   </div>
   <div class='ocr_carea' id='block_1_52' title="bbox 1971 2163 3667 2239">
    <p class='ocr_par' dir='ltr' id='par_1_52' title="bbox 1971 2163 3667 2239">
     <span class='ocr_line' id='line_1_53' title="bbox 1971 2163 3667 2239; baseline -0.004 -17"><span class='ocrx_word' id='word_1_423' title='bbox 1971 2173 2252 2239; x_wconf 87' lang='lat' dir='ltr'><strong>ﬁngentem</strong></span> <span class='ocrx_word' id='word_1_424' title='bbox 2288 2188 2302 2224; x_wconf 89' lang='lat'><strong>:</strong></span> <span class='ocrx_word' id='word_1_425' title='bbox 2341 2173 2530 2237; x_wconf 90' lang='lat' dir='ltr'><strong>utique</strong></span> <span class='ocrx_word' id='word_1_426' title='bbox 2577 2183 2674 2220; x_wconf 90' lang='lat' dir='ltr'><strong>vas</strong></span> <span class='ocrx_word' id='word_1_427' title='bbox 2707 2166 3052 2232; x_wconf 88' lang='lat' dir='ltr'><strong>collapsum</strong></span> <span class='ocrx_word' id='word_1_428' title='bbox 3114 2165 3196 2218; x_wconf 85' lang='lat' dir='ltr'><strong>de</strong></span> <span class='ocrx_word' id='word_1_429' title='bbox 3248 2164 3532 2216; x_wconf 89' lang='lat' dir='ltr'><strong>manibus</strong></span> <span class='ocrx_word' id='word_1_430' title='bbox 3562 2163 3667 2215; x_wconf 83' lang='lat' dir='ltr'><strong>suis</strong></span> 
     </span>
    </p>
   </div>
   <div class='ocr_carea' id='block_1_53' title="bbox 1971 2251 3666 2331">
    <p class='ocr_par' dir='ltr' id='par_1_53' title="bbox 1971 2251 3666 2331">
     <span class='ocr_line' id='line_1_54' title="bbox 1971 2251 3666 2331; baseline -0.011 -14"><span class='ocrx_word' id='word_1_431' title='bbox 1971 2263 2285 2331; x_wconf 76' lang='lat' dir='ltr'><strong>recolligens</strong></span> <span class='ocrx_word' id='word_1_432' title='bbox 2314 2276 2530 2314; x_wconf 91' lang='lat' dir='ltr'><strong>rursum</strong></span> <span class='ocrx_word' id='word_1_433' title='bbox 2578 2259 2745 2309; x_wconf 82' lang='lat' dir='ltr'><strong>ﬁnxit</strong></span> <span class='ocrx_word' id='word_1_434' title='bbox 2781 2255 2935 2308; x_wconf 88' lang='lat' dir='ltr'><strong>illud</strong></span> <span class='ocrx_word' id='word_1_435' title='bbox 2991 2253 3358 2309; x_wconf 81' lang='lat' dir='ltr'><strong>secundum</strong></span> <span class='ocrx_word' id='word_1_436' title='bbox 3412 2251 3666 2303; x_wconf 85' lang='lat' dir='ltr'><strong>volunta-</strong></span> 
     </span>
    </p>
   </div>
   <div class='ocr_carea' id='block_1_54' title="bbox 1969 2343 3666 2414">
    <p class='ocr_par' dir='ltr' id='par_1_54' title="bbox 1969 2343 3666 2414">
     <span class='ocr_line' id='line_1_55' title="bbox 1969 2343 3666 2414; baseline -0.009 -5"><span class='ocrx_word' id='word_1_437' title='bbox 1969 2364 2074 2408; x_wconf 89' lang='lat' dir='ltr'><strong>tem</strong></span> <span class='ocrx_word' id='word_1_438' title='bbox 2101 2369 2270 2406; x_wconf 88' lang='lat' dir='ltr'><strong>suam.</strong></span> <span class='ocrx_word' id='word_1_439' title='bbox 2309 2371 2328 2402; x_wconf 76' lang='grc' dir='ltr'><strong>ι</strong></span> <span class='ocrx_word' id='word_1_440' title='bbox 2364 2352 2431 2404; x_wconf 80' lang='lat' dir='ltr'><strong>Et</strong></span> <span class='ocrx_word' id='word_1_441' title='bbox 2493 2351 2681 2402; x_wconf 83' lang='lat' dir='ltr'><strong>factus</strong></span> <span class='ocrx_word' id='word_1_442' title='bbox 2725 2358 2840 2411; x_wconf 90' lang='lat' dir='ltr'><strong>est,</strong></span> <span class='ocrx_word' id='word_1_443' title='bbox 2893 2349 3135 2414; x_wconf 85' lang='lat' dir='ltr'><strong>inquit,</strong></span> <span class='ocrx_word' id='word_1_444' title='bbox 3199 2359 3412 2399; x_wconf 87' lang='lat' dir='ltr'><strong>sermo</strong></span> <span class='ocrx_word' id='word_1_445' title='bbox 3459 2343 3666 2396; x_wconf 85' lang='lat' dir='ltr'><strong>Domini</strong></span> 
     </span>
    </p>
   </div>
   <div class='ocr_carea' id='block_1_55' title="bbox 1970 2433 3668 2507">
    <p class='ocr_par' dir='ltr' id='par_1_55' title="bbox 1970 2433 3668 2507">
     <span class='ocr_line' id='line_1_56' title="bbox 1970 2433 3668 2507; baseline -0.006 -12"><span class='ocrx_word' id='word_1_446' title='bbox 1970 2445 2034 2495; x_wconf 91' lang='lat' dir='ltr'><strong>ad</strong></span> <span class='ocrx_word' id='word_1_447' title='bbox 2077 2458 2195 2495; x_wconf 91' lang='lat' dir='ltr'><strong>eum</strong></span> <span class='ocrx_word' id='word_1_448' title='bbox 2242 2442 2429 2494; x_wconf 91' lang='lat' dir='ltr'><strong>dicens</strong></span> <span class='ocrx_word' id='word_1_449' title='bbox 2461 2461 2477 2495; x_wconf 93' lang='lat'>:</span> <span class='ocrx_word' id='word_1_450' title='bbox 2509 2439 2776 2507; x_wconf 89' lang='lat' dir='ltr'><strong>Nunquid</strong></span> <span class='ocrx_word' id='word_1_451' title='bbox 2827 2453 2948 2506; x_wconf 77' lang='lat' dir='ltr'><strong>ego</strong></span> <span class='ocrx_word' id='word_1_452' title='bbox 3008 2453 3138 2490; x_wconf 90' lang='lat' dir='ltr'><strong>non</strong></span> <span class='ocrx_word' id='word_1_453' title='bbox 3182 2452 3444 2505; x_wconf 90' lang='lat' dir='ltr'><strong>possum</strong></span> <span class='ocrx_word' id='word_1_454' title='bbox 3493 2433 3668 2488; x_wconf 80' lang='lat' dir='ltr'><strong>facere</strong></span> 
     </span>
    </p>
   </div>
   <div class='ocr_carea' id='block_1_56' title="bbox 1971 2526 3665 2601">
    <p class='ocr_par' dir='ltr' id='par_1_56' title="bbox 1971 2526 3665 2601">
     <span class='ocr_line' id='line_1_57' title="bbox 1971 2526 3665 2601; baseline -0.005 -14"><span class='ocrx_word' id='word_1_455' title='bbox 1971 2537 2182 2589; x_wconf 88' lang='lat' dir='ltr'><strong>domum</strong></span> <span class='ocrx_word' id='word_1_456' title='bbox 2222 2534 2381 2588; x_wconf 76' lang='lat' dir='ltr'><strong>Israel</strong></span> <span class='ocrx_word' id='word_1_457' title='bbox 2407 2535 2550 2588; x_wconf 90' lang='lat' dir='ltr'><strong>sicut</strong></span> <span class='ocrx_word' id='word_1_458' title='bbox 2590 2533 2800 2601; x_wconf 87' lang='lat' dir='ltr'><strong>ﬁgulus</strong></span> <span class='ocrx_word' id='word_1_459' title='bbox 2843 2533 2964 2586; x_wconf 88' lang='lat' dir='ltr'><strong>iste</strong></span> <span class='ocrx_word' id='word_1_460' title='bbox 3020 2531 3125 2584; x_wconf 69' lang='grc' dir='ltr'><strong>ἐἳ</strong></span> <span class='ocrx_word' id='word_1_461' title='bbox 3180 2551 3204 2581; x_wconf 72' lang='grc' dir='ltr'><strong>ι</strong></span> <span class='ocrx_word' id='word_1_462' title='bbox 3255 2529 3335 2583; x_wconf 84' lang='grc' dir='ltr'>Ει</span> <span class='ocrx_word' id='word_1_463' title='bbox 3382 2526 3665 2596; x_wconf 83' lang='lat' dir='ltr'><strong>Sapientia</strong></span> 
     </span>
    </p>
   </div>
   <div class='ocr_carea' id='block_1_57' title="bbox 1971 2621 3668 2691">
    <p class='ocr_par' dir='ltr' id='par_1_57' title="bbox 1971 2621 3668 2691">
     <span class='ocr_line' id='line_1_58' title="bbox 1971 2621 3668 2691; baseline -0.004 -13"><span class='ocrx_word' id='word_1_464' title='bbox 1971 2627 2098 2678; x_wconf 91' lang='lat' dir='ltr'><strong>dicit</strong></span> <span class='ocrx_word' id='word_1_465' title='bbox 2124 2627 2166 2657; x_wconf 75' lang='grc'><strong>’⁸</strong></span> <span class='ocrx_word' id='word_1_466' title='bbox 2212 2646 2222 2679; x_wconf 92' lang='lat'>:</span> <span class='ocrx_word' id='word_1_467' title='bbox 2264 2643 2282 2674; x_wconf 75' lang='grc' dir='ltr'><strong>ι</strong></span> <span class='ocrx_word' id='word_1_468' title='bbox 2322 2625 2459 2677; x_wconf 82' lang='lat' dir='ltr'><strong>Vasa</strong></span> <span class='ocrx_word' id='word_1_469' title='bbox 2506 2623 2652 2686; x_wconf 83' lang='lat' dir='ltr'><strong>ﬁguli</strong></span> <span class='ocrx_word' id='word_1_470' title='bbox 2703 2624 2925 2691; x_wconf 88' lang='lat' dir='ltr'><strong>probat</strong></span> <span class='ocrx_word' id='word_1_471' title='bbox 2974 2621 3256 2687; x_wconf 80' lang='lat' dir='ltr'><strong>fornax,</strong></span> <span class='ocrx_word' id='word_1_472' title='bbox 3307 2633 3369 2676; x_wconf 90' lang='lat' dir='ltr'><strong>et</strong></span> <span class='ocrx_word' id='word_1_473' title='bbox 3415 2624 3668 2675; x_wconf 61' lang='lat' dir='ltr'><strong>homines</strong></span> 
     </span>
    </p>
   </div>
   <div class='ocr_carea' id='block_1_58' title="bbox 1967 2711 3668 2782">
    <p class='ocr_par' dir='ltr' id='par_1_58' title="bbox 1967 2711 3668 2782">
     <span class='ocr_line' id='line_1_59' title="bbox 1967 2711 3668 2782; baseline -0.004 -16"><span class='ocrx_word' id='word_1_474' title='bbox 1967 2716 2138 2782; x_wconf 86' lang='lat' dir='ltr'><strong>justos</strong></span> <span class='ocrx_word' id='word_1_475' title='bbox 2204 2714 2449 2765; x_wconf 88' lang='lat' dir='ltr'><strong>lentatio.</strong></span> <span class='ocrx_word' id='word_1_476' title='bbox 2495 2731 2512 2762; x_wconf 73' lang='grc' dir='ltr'><strong>ι</strong></span> <span class='ocrx_word' id='word_1_477' title='bbox 2548 2711 2729 2764; x_wconf 83' lang='lat' dir='ltr'><strong>liabet</strong></span> <span class='ocrx_word' id='word_1_478' title='bbox 2767 2727 2915 2780; x_wconf 81' lang='lat' dir='ltr'><strong>ergo</strong></span> <span class='ocrx_word' id='word_1_479' title='bbox 2963 2714 3176 2766; x_wconf 84' lang='lat' dir='ltr'><strong>nostri</strong></span> <span class='ocrx_word' id='word_1_480' title='bbox 3232 2714 3400 2767; x_wconf 86' lang='lat' dir='ltr'><strong>Deus</strong></span> <span class='ocrx_word' id='word_1_481' title='bbox 3433 2725 3668 2782; x_wconf 67' lang='lat' dir='ltr'><strong>potesta-</strong></span> 
     </span>
    </p>
   </div>
   <div class='ocr_carea' id='block_1_59' title="bbox 1976 2801 3663 2867">
    <p class='ocr_par' dir='ltr' id='par_1_59' title="bbox 1976 2801 3663 2867">
     <span class='ocr_line' id='line_1_60' title="bbox 1976 2801 3663 2867; baseline -0.005 -6"><span class='ocrx_word' id='word_1_482' title='bbox 1976 2818 2077 2860; x_wconf 90' lang='lat' dir='ltr'><strong>tem</strong></span> <span class='ocrx_word' id='word_1_483' title='bbox 2106 2806 2244 2859; x_wconf 88' lang='lat' dir='ltr'><strong>sicut</strong></span> <span class='ocrx_word' id='word_1_484' title='bbox 2269 2814 2322 2857; x_wconf 90' lang='lat' dir='ltr'><strong>et</strong></span> <span class='ocrx_word' id='word_1_485' title='bbox 2364 2803 2564 2867; x_wconf 76' lang='lat' dir='ltr'><strong>ﬁgulus</strong></span> <span class='ocrx_word' id='word_1_486' title='bbox 2599 2802 2733 2864; x_wconf 91' lang='lat' dir='ltr'><strong>luti,</strong></span> <span class='ocrx_word' id='word_1_487' title='bbox 2767 2812 2830 2854; x_wconf 90' lang='lat' dir='ltr'><strong>ut</strong></span> <span class='ocrx_word' id='word_1_488' title='bbox 2865 2801 3067 2857; x_wconf 79' lang='lat' dir='ltr'><strong>faciat</strong></span> <span class='ocrx_word' id='word_1_489' title='bbox 3110 2819 3193 2858; x_wconf 78' lang='lat' dir='ltr'><strong>ex</strong></span> <span class='ocrx_word' id='word_1_490' title='bbox 3236 2820 3439 2858; x_wconf 87' lang='lat' dir='ltr'><strong>massa</strong></span> <span class='ocrx_word' id='word_1_491' title='bbox 3483 2805 3663 2856; x_wconf 87' lang='lat' dir='ltr'><strong>eadem</strong></span> 
     </span>
    </p>
   </div>
   <div class='ocr_carea' id='block_1_60' title="bbox 1973 2893 3666 2955">
    <p class='ocr_par' dir='ltr' id='par_1_60' title="bbox 1973 2893 3666 2955">
     <span class='ocr_line' id='line_1_61' title="bbox 1973 2893 3666 2955; baseline -0.001 -6"><span class='ocrx_word' id='word_1_492' title='bbox 1973 2912 2096 2949; x_wconf 76' lang='lat' dir='ltr'><strong>vasa</strong></span> <span class='ocrx_word' id='word_1_493' title='bbox 2145 2896 2209 2948; x_wconf 89' lang='lat' dir='ltr'><strong>ad</strong></span> <span class='ocrx_word' id='word_1_494' title='bbox 2251 2895 2553 2955; x_wconf 90' lang='lat' dir='ltr'><strong>honorem,</strong></span> <span class='ocrx_word' id='word_1_495' title='bbox 2589 2900 2646 2944; x_wconf 91' lang='lat' dir='ltr'><strong>et</strong></span> <span class='ocrx_word' id='word_1_496' title='bbox 2691 2905 2831 2946; x_wconf 88' lang='lat' dir='ltr'><strong>vasa</strong></span> <span class='ocrx_word' id='word_1_497' title='bbox 2889 2895 2974 2946; x_wconf 83' lang='lat' dir='ltr'><strong>ad</strong></span> <span class='ocrx_word' id='word_1_498' title='bbox 3035 2895 3517 2949; x_wconf 85' lang='lat' dir='ltr'><strong>contumeliam.</strong></span> <span class='ocrx_word' id='word_1_499' title='bbox 3554 2893 3666 2948; x_wconf 80' lang='lat' dir='ltr'><strong>&#39;l‘ilii</strong></span> 
     </span>
    </p>
   </div>
   <div class='ocr_carea' id='block_1_61' title="bbox 350 2982 1874 3084">
    <p class='ocr_par' dir='ltr' id='par_1_61' title="bbox 350 2995 1874 3062">
     <span class='ocr_line' id='line_1_62' title="bbox 350 2995 1874 3062; baseline -0.004 -7"><span class='ocrx_word' id='word_1_500' title='bbox 350 3004 633 3056; x_wconf 88' lang='lat' dir='ltr'><strong>tumaciam</strong></span> <span class='ocrx_word' id='word_1_501' title='bbox 667 3002 988 3055; x_wconf 84' lang='lat' dir='ltr'><strong>confudisse.</strong></span> <span class='ocrx_word' id='word_1_502' title='bbox 1024 3000 1112 3051; x_wconf 78' lang='lat' dir='ltr'><strong>Ait</strong></span> <span class='ocrx_word' id='word_1_503' title='bbox 1135 2997 1274 3050; x_wconf 91' lang='lat' dir='ltr'><strong>enim</strong></span> <span class='ocrx_word' id='word_1_504' title='bbox 1305 3013 1318 3048; x_wconf 92' lang='lat'><strong>:</strong></span> <span class='ocrx_word' id='word_1_505' title='bbox 1359 3014 1376 3045; x_wconf 83' lang='lat' dir='ltr'><strong>t</strong></span> <span class='ocrx_word' id='word_1_506' title='bbox 1405 2995 1448 3049; x_wconf 92' lang='grc' dir='ltr'>Ο</span> <span class='ocrx_word' id='word_1_507' title='bbox 1482 2996 1659 3059; x_wconf 87' lang='lat' dir='ltr'><strong>homo,</strong></span> <span class='ocrx_word' id='word_1_508' title='bbox 1693 2998 1874 3062; x_wconf 87' lang='lat' dir='ltr'><strong>tuquis</strong></span> 
     </span>
    </p>
   </div>
   <div class='ocr_carea' id='block_1_62' title="bbox 2076 2982 3673 3084">
    <p class='ocr_par' dir='ltr' id='par_1_62' title="bbox 2076 2982 3673 3050">
     <span class='ocr_line' id='line_1_63' title="bbox 2076 2982 3673 3050; baseline -0.001 -13"><span class='ocrx_word' id='word_1_509' title='bbox 2076 2999 2104 3037; x_wconf 90' lang='grc' dir='ltr'>ο</span> <span class='ocrx_word' id='word_1_510' title='bbox 2127 2985 2217 3050; x_wconf 92' lang='lat' dir='ltr'><strong>qui</strong></span> <span class='ocrx_word' id='word_1_511' title='bbox 2245 2983 2545 3034; x_wconf 85' lang='lat' dir='ltr'><strong>insolenter</strong></span> <span class='ocrx_word' id='word_1_512' title='bbox 2573 2982 2898 3048; x_wconf 89' lang='lat' dir='ltr'><strong>respondes</strong></span> <span class='ocrx_word' id='word_1_513' title='bbox 2921 2983 3085 3046; x_wconf 86' lang='lat' dir='ltr'><strong>Deo,</strong></span> <span class='ocrx_word' id='word_1_514' title='bbox 3106 2986 3248 3041; x_wconf 62' lang='lat' dir='ltr'><strong>haec</strong></span> <span class='ocrx_word' id='word_1_515' title='bbox 3274 2987 3519 3041; x_wconf 82' lang='lat' dir='ltr'><strong>audisse</strong></span> <span class='ocrx_word' id='word_1_516' title='bbox 3543 2985 3673 3038; x_wconf 80' lang='lat' dir='ltr'><strong>sulti-</strong></span> 
     </span>
    </p>
   </div>
   <div class='ocr_carea' id='block_1_63' title="bbox 348 3085 1879 3157">
    <p class='ocr_par' dir='ltr' id='par_1_63' title="bbox 348 3085 1879 3157">
     <span class='ocr_line' id='line_1_64' title="bbox 348 3085 1879 3157; baseline -0.005 -14"><span class='ocrx_word' id='word_1_517' title='bbox 348 3107 409 3144; x_wconf 86' lang='lat' dir='ltr'><strong>es</strong></span> <span class='ocrx_word' id='word_1_518' title='bbox 434 3091 522 3157; x_wconf 91' lang='lat' dir='ltr'><strong>qui</strong></span> <span class='ocrx_word' id='word_1_519' title='bbox 548 3099 730 3143; x_wconf 88' lang='lat' dir='ltr'><strong>contra</strong></span> <span class='ocrx_word' id='word_1_520' title='bbox 760 3089 1080 3157; x_wconf 85' lang='lat' dir='ltr'><strong>respondeas</strong></span> <span class='ocrx_word' id='word_1_521' title='bbox 1108 3086 1254 3140; x_wconf 86' lang='lat' dir='ltr'><strong>Deo?</strong></span> <span class='ocrx_word' id='word_1_522' title='bbox 1281 3103 1298 3134; x_wconf 75' lang='grc' dir='ltr'><strong>ι</strong></span> <span class='ocrx_word' id='word_1_523' title='bbox 1335 3085 1442 3137; x_wconf 91' lang='lat' dir='ltr'><strong>Hoc</strong></span> <span class='ocrx_word' id='word_1_524' title='bbox 1461 3092 1542 3138; x_wconf 90' lang='lat' dir='ltr'><strong>est</strong></span> <span class='ocrx_word' id='word_1_525' title='bbox 1567 3085 1707 3138; x_wconf 88' lang='lat' dir='ltr'><strong>enim</strong></span> <span class='ocrx_word' id='word_1_526' title='bbox 1722 3085 1879 3136; x_wconf 90' lang='lat' dir='ltr'><strong>homo</strong></span> 
     </span>
    </p>
   </div>
   <div class='ocr_carea' id='block_1_64' title="bbox 351 3175 1883 3248">
    <p class='ocr_par' dir='ltr' id='par_1_64' title="bbox 351 3175 1883 3248">
     <span class='ocr_line' id='line_1_65' title="bbox 351 3175 1883 3248; baseline -0.007 -13"><span class='ocrx_word' id='word_1_527' title='bbox 351 3183 490 3248; x_wconf 66' lang='lat' dir='ltr'><strong>apud</strong></span> <span class='ocrx_word' id='word_1_528' title='bbox 520 3182 703 3244; x_wconf 90' lang='lat' dir='ltr'><strong>Deum,</strong></span> <span class='ocrx_word' id='word_1_529' title='bbox 732 3182 872 3248; x_wconf 90' lang='lat' dir='ltr'><strong>quod</strong></span> <span class='ocrx_word' id='word_1_530' title='bbox 895 3181 1031 3246; x_wconf 92' lang='lat' dir='ltr'><strong>apud</strong></span> <span class='ocrx_word' id='word_1_531' title='bbox 1059 3178 1272 3246; x_wconf 88' lang='lat' dir='ltr'><strong>ﬁgulum</strong></span> <span class='ocrx_word' id='word_1_532' title='bbox 1309 3177 1491 3229; x_wconf 92' lang='lat' dir='ltr'><strong>lutum.</strong></span> <span class='ocrx_word' id='word_1_533' title='bbox 1524 3175 1585 3228; x_wconf 89' lang='lat' dir='ltr'><strong>Et</strong></span> <span class='ocrx_word' id='word_1_534' title='bbox 1611 3175 1748 3228; x_wconf 86' lang='lat' dir='ltr'><strong>sicut</strong></span> <span class='ocrx_word' id='word_1_535' title='bbox 1773 3190 1883 3226; x_wconf 79' lang='lat' dir='ltr'><strong>ser-</strong></span> 
     </span>
    </p>
   </div>
   <div class='ocr_carea' id='block_1_65' title="bbox 349 3262 1881 3336">
    <p class='ocr_par' dir='ltr' id='par_1_65' title="bbox 349 3262 1881 3336">
     <span class='ocr_line' id='line_1_66' title="bbox 349 3262 1881 3336; baseline -0.006 -13"><span class='ocrx_word' id='word_1_536' title='bbox 349 3287 448 3324; x_wconf 80' lang='lat' dir='ltr'><strong>vus</strong></span> <span class='ocrx_word' id='word_1_537' title='bbox 480 3284 725 3336; x_wconf 86' lang='lat' dir='ltr'><strong>nequam,</strong></span> <span class='ocrx_word' id='word_1_538' title='bbox 756 3269 797 3321; x_wconf 92' lang='lat' dir='ltr'><strong>si</strong></span> <span class='ocrx_word' id='word_1_539' title='bbox 832 3267 966 3320; x_wconf 88' lang='lat' dir='ltr'><strong>forte</strong></span> <span class='ocrx_word' id='word_1_540' title='bbox 998 3266 1260 3319; x_wconf 91' lang='lat' dir='ltr'><strong>videbitur</strong></span> <span class='ocrx_word' id='word_1_541' title='bbox 1283 3265 1496 3317; x_wconf 91' lang='lat' dir='ltr'><strong>domino</strong></span> <span class='ocrx_word' id='word_1_542' title='bbox 1535 3263 1646 3314; x_wconf 91' lang='lat' dir='ltr'><strong>ﬁeri</strong></span> <span class='ocrx_word' id='word_1_543' title='bbox 1687 3262 1881 3314; x_wconf 89' lang='lat' dir='ltr'><strong>debere</strong></span> 
     </span>
    </p>
   </div>
   <div class='ocr_carea' id='block_1_66' title="bbox 353 3353 1880 3428">
    <p class='ocr_par' dir='ltr' id='par_1_66' title="bbox 353 3353 1880 3428">
     <span class='ocr_line' id='line_1_67' title="bbox 353 3353 1880 3428; baseline -0.007 -16"><span class='ocrx_word' id='word_1_544' title='bbox 353 3361 565 3428; x_wconf 86' lang='lat' dir='ltr'><strong>aliquod</strong></span> <span class='ocrx_word' id='word_1_545' title='bbox 609 3374 741 3427; x_wconf 89' lang='lat' dir='ltr'><strong>opus</strong></span> <span class='ocrx_word' id='word_1_546' title='bbox 781 3359 920 3426; x_wconf 90' lang='lat' dir='ltr'><strong>quod</strong></span> <span class='ocrx_word' id='word_1_547' title='bbox 963 3365 1017 3410; x_wconf 92' lang='lat' dir='ltr'><strong>et</strong></span> <span class='ocrx_word' id='word_1_548' title='bbox 1040 3355 1264 3408; x_wconf 90' lang='lat' dir='ltr'><strong>rationis</strong></span> <span class='ocrx_word' id='word_1_549' title='bbox 1303 3364 1360 3408; x_wconf 88' lang='lat' dir='ltr'><strong>et</strong></span> <span class='ocrx_word' id='word_1_550' title='bbox 1393 3353 1637 3405; x_wconf 86' lang='lat' dir='ltr'><strong>utilitatis</strong></span> <span class='ocrx_word' id='word_1_551' title='bbox 1671 3353 1880 3421; x_wconf 87' lang='lat' dir='ltr'><strong>plenum</strong></span> 
     </span>
    </p>
   </div>
   <div class='ocr_carea' id='block_1_67' title="bbox 353 3442 1882 3517">
    <p class='ocr_par' dir='ltr' id='par_1_67' title="bbox 353 3442 1882 3517">
     <span class='ocr_line' id='line_1_68' title="bbox 353 3442 1882 3517; baseline -0.007 -14"><span class='ocrx_word' id='word_1_552' title='bbox 353 3454 444 3517; x_wconf 79' lang='lat' dir='ltr'><strong>sit,</strong></span> <span class='ocrx_word' id='word_1_553' title='bbox 478 3451 563 3502; x_wconf 92' lang='lat' dir='ltr'><strong>ille</strong></span> <span class='ocrx_word' id='word_1_554' title='bbox 595 3459 768 3501; x_wconf 89' lang='lat' dir='ltr'><strong>autem</strong></span> <span class='ocrx_word' id='word_1_555' title='bbox 800 3447 1006 3514; x_wconf 89' lang='lat' dir='ltr'><strong>operari</strong></span> <span class='ocrx_word' id='word_1_556' title='bbox 1049 3446 1251 3509; x_wconf 89' lang='lat' dir='ltr'><strong>nolens,</strong></span> <span class='ocrx_word' id='word_1_557' title='bbox 1289 3458 1350 3498; x_wconf 88' lang='lat' dir='ltr'><strong>ea</strong></span> <span class='ocrx_word' id='word_1_558' title='bbox 1394 3459 1511 3510; x_wconf 70' lang='lat' dir='ltr'><strong>qua:</strong></span> <span class='ocrx_word' id='word_1_559' title='bbox 1539 3442 1882 3509; x_wconf 83' lang='lat' dir='ltr'><strong>dominnsju-</strong></span> 
     </span>
    </p>
   </div>
   <div class='ocr_carea' id='block_1_68' title="bbox 355 3531 1880 3603">
    <p class='ocr_par' dir='ltr' id='par_1_68' title="bbox 355 3531 1880 3603">
     <span class='ocr_line' id='line_1_69' title="bbox 355 3531 1880 3603; baseline -0.006 -13"><span class='ocrx_word' id='word_1_560' title='bbox 355 3542 444 3592; x_wconf 82' lang='lat' dir='ltr'><strong>bet</strong></span> <span class='ocrx_word' id='word_1_561' title='bbox 501 3540 762 3591; x_wconf 84' lang='lat' dir='ltr'><strong>discutere</strong></span> <span class='ocrx_word' id='word_1_562' title='bbox 810 3537 1061 3603; x_wconf 87' lang='lat' dir='ltr'><strong>incipiat,</strong></span> <span class='ocrx_word' id='word_1_563' title='bbox 1124 3543 1176 3587; x_wconf 88' lang='lat' dir='ltr'><strong>et</strong></span> <span class='ocrx_word' id='word_1_564' title='bbox 1237 3534 1504 3600; x_wconf 89' lang='lat' dir='ltr'><strong>requirere</strong></span> <span class='ocrx_word' id='word_1_565' title='bbox 1551 3546 1580 3583; x_wconf 90' lang='lat' dir='ltr'><strong>a</strong></span> <span class='ocrx_word' id='word_1_566' title='bbox 1641 3531 1880 3584; x_wconf 89' lang='lat' dir='ltr'><strong>domino:</strong></span> 
     </span>
    </p>
   </div>
   <div class='ocr_carea' id='block_1_69' title="bbox 363 3622 1885 3699">
    <p class='ocr_par' dir='ltr' id='par_1_69' title="bbox 363 3622 1885 3699">
     <span class='ocr_line' id='line_1_70' title="bbox 363 3622 1885 3699; baseline -0.007 -15"><span class='ocrx_word' id='word_1_567' title='bbox 363 3631 558 3699; x_wconf 85' lang='lat' dir='ltr'><strong>thttid</strong></span> <span class='ocrx_word' id='word_1_568' title='bbox 589 3630 688 3682; x_wconf 90' lang='lat' dir='ltr'><strong>hoc</strong></span> <span class='ocrx_word' id='word_1_569' title='bbox 715 3643 849 3694; x_wconf 91' lang='lat' dir='ltr'><strong>opus</strong></span> <span class='ocrx_word' id='word_1_570' title='bbox 878 3625 991 3680; x_wconf 90' lang='lat' dir='ltr'><strong>ﬁeri</strong></span> <span class='ocrx_word' id='word_1_571' title='bbox 1019 3625 1211 3694; x_wconf 88' lang='lat' dir='ltr'><strong>jubes?</strong></span> <span class='ocrx_word' id='word_1_572' title='bbox 1230 3623 1326 3677; x_wconf 89' lang='lat' dir='ltr'><strong>Cui</strong></span> <span class='ocrx_word' id='word_1_573' title='bbox 1375 3623 1625 3692; x_wconf 90' lang='lat' dir='ltr'><strong>prodest?</strong></span> <span class='ocrx_word' id='word_1_574' title='bbox 1651 3622 1744 3675; x_wconf 90' lang='lat' dir='ltr'><strong>Cui</strong></span> <span class='ocrx_word' id='word_1_575' title='bbox 1789 3638 1885 3674; x_wconf 90' lang='lat' dir='ltr'><strong>ne-</strong></span> 
     </span>
    </p>
   </div>
   <div class='ocr_carea' id='block_1_70' title="bbox 358 3711 1884 3783">
    <p class='ocr_par' dir='ltr' id='par_1_70' title="bbox 358 3711 1884 3783">
     <span class='ocr_line' id='line_1_71' title="bbox 358 3711 1884 3783; baseline -0.007 -10"><span class='ocrx_word' id='word_1_576' title='bbox 358 3722 653 3775; x_wconf 68' lang='lat' dir='ltr'><strong>cessarium</strong></span> <span class='ocrx_word' id='word_1_577' title='bbox 700 3717 1123 3772; x_wconf 88' lang='lat' dir='ltr'><strong>est?contumaci</strong></span> <span class='ocrx_word' id='word_1_578' title='bbox 1165 3729 1320 3769; x_wconf 87' lang='lat' dir='ltr'><strong>servo</strong></span> <span class='ocrx_word' id='word_1_579' title='bbox 1363 3729 1479 3782; x_wconf 77' lang='lat' dir='ltr'><strong>qua:</strong></span> <span class='ocrx_word' id='word_1_580' title='bbox 1523 3713 1623 3766; x_wconf 93' lang='lat' dir='ltr'><strong>erit</strong></span> <span class='ocrx_word' id='word_1_581' title='bbox 1658 3711 1732 3783; x_wconf 89' lang='lat'><strong>(7)</strong></span> <span class='ocrx_word' id='word_1_582' title='bbox 1781 3722 1884 3763; x_wconf 89' lang='lat' dir='ltr'><strong>tam</strong></span> 
     </span>
    </p>
   </div>
   <div class='ocr_carea' id='block_1_71' title="bbox 361 3803 1884 3882">
    <p class='ocr_par' dir='ltr' id='par_1_71' title="bbox 361 3803 1884 3882">
     <span class='ocr_line' id='line_1_72' title="bbox 361 3803 1884 3882; baseline -0.007 -17"><span class='ocrx_word' id='word_1_583' title='bbox 361 3815 518 3882; x_wconf 83' lang='lat' dir='ltr'><strong>digna</strong></span> <span class='ocrx_word' id='word_1_584' title='bbox 559 3810 832 3880; x_wconf 88' lang='lat' dir='ltr'><strong>responsio</strong></span> <span class='ocrx_word' id='word_1_585' title='bbox 855 3852 869 3874; x_wconf 97' lang='lat'><strong>,</strong></span> <span class='ocrx_word' id='word_1_586' title='bbox 900 3810 1002 3862; x_wconf 89' lang='lat' dir='ltr'><strong>nisi</strong></span> <span class='ocrx_word' id='word_1_587' title='bbox 1041 3817 1098 3860; x_wconf 94' lang='lat' dir='ltr'><strong>ut</strong></span> <span class='ocrx_word' id='word_1_588' title='bbox 1129 3808 1334 3862; x_wconf 88' lang='lat' dir='ltr'><strong>dicatur</strong></span> <span class='ocrx_word' id='word_1_589' title='bbox 1359 3807 1406 3858; x_wconf 88' lang='lat' dir='ltr'><strong>ei</strong></span> <span class='ocrx_word' id='word_1_590' title='bbox 1441 3821 1455 3858; x_wconf 88' lang='lat'><strong>:</strong></span> <span class='ocrx_word' id='word_1_591' title='bbox 1491 3822 1509 3854; x_wconf 82' lang='lat' dir='ltr'><strong>t</strong></span> <span class='ocrx_word' id='word_1_592' title='bbox 1548 3803 1624 3856; x_wconf 93' lang='lat' dir='ltr'><strong>Tu</strong></span> <span class='ocrx_word' id='word_1_593' title='bbox 1651 3805 1771 3871; x_wconf 89' lang='lat' dir='ltr'><strong>quis</strong></span> <span class='ocrx_word' id='word_1_594' title='bbox 1795 3818 1851 3855; x_wconf 91' lang='lat' dir='ltr'><strong>es</strong></span> <span class='ocrx_word' id='word_1_595' title='bbox 1871 3840 1884 3864; x_wconf 97' lang='lat'><strong>,</strong></span> 
     </span>
    </p>
   </div>
   <div class='ocr_carea' id='block_1_72' title="bbox 361 3895 1890 3974">
    <p class='ocr_par' dir='ltr' id='par_1_72' title="bbox 361 3895 1890 3974">
     <span class='ocr_line' id='line_1_73' title="bbox 361 3895 1890 3974; baseline -0.008 -18"><span class='ocrx_word' id='word_1_596' title='bbox 361 3905 452 3974; x_wconf 85' lang='lat' dir='ltr'><strong>qui</strong></span> <span class='ocrx_word' id='word_1_597' title='bbox 486 3912 669 3956; x_wconf 89' lang='lat' dir='ltr'><strong>contra</strong></span> <span class='ocrx_word' id='word_1_598' title='bbox 691 3902 1013 3968; x_wconf 87' lang='lat' dir='ltr'><strong>respondeas</strong></span> <span class='ocrx_word' id='word_1_599' title='bbox 1044 3917 1062 3949; x_wconf 75' lang='grc' dir='ltr'><strong>ι</strong></span> <span class='ocrx_word' id='word_1_600' title='bbox 1094 3896 1346 3951; x_wconf 85' lang='lat' dir='ltr'><strong>domino?</strong></span> <span class='ocrx_word' id='word_1_601' title='bbox 1367 3897 1436 3948; x_wconf 88' lang='lat' dir='ltr'><strong>ita</strong></span> <span class='ocrx_word' id='word_1_602' title='bbox 1466 3895 1668 3963; x_wconf 89' lang='lat' dir='ltr'><strong>placet;</strong></span> <span class='ocrx_word' id='word_1_603' title='bbox 1709 3895 1780 3946; x_wconf 89' lang='lat' dir='ltr'><strong>ita</strong></span> <span class='ocrx_word' id='word_1_604' title='bbox 1803 3895 1890 3944; x_wconf 90' lang='lat' dir='ltr'><strong>do-</strong></span> 
     </span>
    </p>
   </div>
   <div class='ocr_carea' id='block_1_73' title="bbox 363 3983 1890 4056">
    <p class='ocr_par' dir='ltr' id='par_1_73' title="bbox 363 3983 1890 4056">
     <span class='ocr_line' id='line_1_74' title="bbox 363 3983 1890 4056; baseline -0.009 -11"><span class='ocrx_word' id='word_1_605' title='bbox 363 3993 506 4046; x_wconf 87' lang='lat' dir='ltr'><strong>mino</strong></span> <span class='ocrx_word' id='word_1_606' title='bbox 531 3992 757 4044; x_wconf 87' lang='lat' dir='ltr'><strong>videtur.</strong></span> <span class='ocrx_word' id='word_1_607' title='bbox 781 3990 892 4043; x_wconf 82' lang='lat' dir='ltr'><strong>Non</strong></span> <span class='ocrx_word' id='word_1_608' title='bbox 923 3997 1047 4056; x_wconf 87' lang='lat' dir='ltr'><strong>puto</strong></span> <span class='ocrx_word' id='word_1_609' title='bbox 1076 3997 1252 4039; x_wconf 90' lang='lat' dir='ltr'><strong>autem</strong></span> <span class='ocrx_word' id='word_1_610' title='bbox 1278 3985 1421 4053; x_wconf 90' lang='lat' dir='ltr'><strong>quod</strong></span> <span class='ocrx_word' id='word_1_611' title='bbox 1453 3987 1493 4036; x_wconf 92' lang='lat' dir='ltr'><strong>si</strong></span> <span class='ocrx_word' id='word_1_612' title='bbox 1515 3983 1684 4035; x_wconf 86' lang='lat' dir='ltr'><strong>ﬁdelis</strong></span> <span class='ocrx_word' id='word_1_613' title='bbox 1701 3995 1890 4033; x_wconf 87' lang='lat' dir='ltr'><strong>servus</strong></span> 
     </span>
    </p>
   </div>
   <div class='ocr_carea' id='block_1_74' title="bbox 361 4066 1888 4150">
    <p class='ocr_par' dir='ltr' id='par_1_74' title="bbox 361 4066 1888 4150">
     <span class='ocr_line' id='line_1_75' title="bbox 361 4066 1888 4150; baseline -0.01 -17"><span class='ocrx_word' id='word_1_614' title='bbox 361 4066 416 4133; x_wconf 80' lang='lat' dir='ltr'><strong>et</strong></span> <span class='ocrx_word' id='word_1_615' title='bbox 444 4082 676 4150; x_wconf 82' lang='lat' dir='ltr'><strong>prudens</strong></span> <span class='ocrx_word' id='word_1_616' title='bbox 699 4081 1020 4146; x_wconf 84' lang='lat' dir='ltr'><strong>interroget,</strong></span> <span class='ocrx_word' id='word_1_617' title='bbox 1063 4075 1242 4128; x_wconf 86' lang='lat' dir='ltr'><strong>volens</strong></span> <span class='ocrx_word' id='word_1_618' title='bbox 1283 4071 1578 4140; x_wconf 90' lang='lat' dir='ltr'><strong>intelligere</strong></span> <span class='ocrx_word' id='word_1_619' title='bbox 1625 4079 1677 4122; x_wconf 91' lang='lat' dir='ltr'><strong>et</strong></span> <span class='ocrx_word' id='word_1_620' title='bbox 1709 4068 1888 4120; x_wconf 92' lang='lat' dir='ltr'><strong>mirari</strong></span> 
     </span>
    </p>
   </div>
   <div class='ocr_carea' id='block_1_75' title="bbox 363 4157 1890 4238">
    <p class='ocr_par' dir='ltr' id='par_1_75' title="bbox 363 4157 1890 4238">
     <span class='ocr_line' id='line_1_76' title="bbox 363 4157 1890 4238; baseline -0.009 -14"><span class='ocrx_word' id='word_1_621' title='bbox 363 4173 675 4238; x_wconf 84' lang='lat' dir='ltr'><strong>sapientiam</strong></span> <span class='ocrx_word' id='word_1_622' title='bbox 703 4169 901 4222; x_wconf 90' lang='lat' dir='ltr'><strong>domini</strong></span> <span class='ocrx_word' id='word_1_623' title='bbox 941 4167 1036 4236; x_wconf 89' lang='lat'><strong>(8),</strong></span> <span class='ocrx_word' id='word_1_624' title='bbox 1068 4165 1208 4233; x_wconf 90' lang='lat' dir='ltr'><strong>quod</strong></span> <span class='ocrx_word' id='word_1_625' title='bbox 1234 4164 1444 4216; x_wconf 86' lang='lat' dir='ltr'><strong>dicatur</strong></span> <span class='ocrx_word' id='word_1_626' title='bbox 1466 4161 1514 4213; x_wconf 89' lang='lat' dir='ltr'><strong>ei</strong></span> <span class='ocrx_word' id='word_1_627' title='bbox 1553 4177 1566 4211; x_wconf 93' lang='lat'><strong>:</strong></span> <span class='ocrx_word' id='word_1_628' title='bbox 1613 4176 1630 4207; x_wconf 84' lang='grc'>‹</span> <span class='ocrx_word' id='word_1_629' title='bbox 1662 4157 1740 4210; x_wconf 91' lang='lat' dir='ltr'><strong>Tu</strong></span> <span class='ocrx_word' id='word_1_630' title='bbox 1773 4157 1890 4224; x_wconf 86' lang='lat' dir='ltr'><strong>quis</strong></span> 
     </span>
    </p>
   </div>
   <div class='ocr_carea' id='block_1_76' title="bbox 361 4248 1891 4328">
    <p class='ocr_par' dir='ltr' id='par_1_76' title="bbox 361 4248 1891 4328">
     <span class='ocr_line' id='line_1_77' title="bbox 361 4248 1891 4328; baseline -0.011 -13"><span class='ocrx_word' id='word_1_631' title='bbox 361 4265 461 4316; x_wconf 82' lang='lat' dir='ltr'><strong>es?</strong></span> <span class='ocrx_word' id='word_1_632' title='bbox 496 4282 514 4314; x_wconf 76' lang='grc' dir='ltr'><strong>ι</strong></span> <span class='ocrx_word' id='word_1_633' title='bbox 579 4263 812 4328; x_wconf 88' lang='lat' dir='ltr'><strong>Denique</strong></span> <span class='ocrx_word' id='word_1_634' title='bbox 860 4275 977 4312; x_wconf 92' lang='lat' dir='ltr'><strong>cum</strong></span> <span class='ocrx_word' id='word_1_635' title='bbox 1033 4255 1221 4308; x_wconf 87' lang='lat' dir='ltr'><strong>Daniel</strong></span> <span class='ocrx_word' id='word_1_636' title='bbox 1269 4255 1520 4320; x_wconf 63' lang='lat' dir='ltr'><strong>protiheta</strong></span> <span class='ocrx_word' id='word_1_637' title='bbox 1573 4248 1891 4301; x_wconf 83' lang='lat' dir='ltr'><strong>voluntatem</strong></span> 
     </span>
    </p>
   </div>
   <div class='ocr_carea' id='block_1_77' title="bbox 1980 3073 3670 3147">
    <p class='ocr_par' dir='ltr' id='par_1_77' title="bbox 1980 3073 3670 3147">
     <span class='ocr_line' id='line_1_78' title="bbox 1980 3073 3670 3147; baseline -0.001 -16"><span class='ocrx_word' id='word_1_638' title='bbox 1980 3079 2106 3131; x_wconf 88' lang='lat' dir='ltr'><strong>ciat.</strong></span> <span class='ocrx_word' id='word_1_639' title='bbox 2141 3075 2242 3139; x_wconf 85' lang='lat' dir='ltr'><strong>Qui</strong></span> <span class='ocrx_word' id='word_1_640' title='bbox 2275 3089 2405 3127; x_wconf 92' lang='lat' dir='ltr'><strong>vero</strong></span> <span class='ocrx_word' id='word_1_641' title='bbox 2427 3089 2591 3140; x_wconf 86' lang='lat' dir='ltr'><strong>opera</strong></span> <span class='ocrx_word' id='word_1_642' title='bbox 2622 3073 2934 3141; x_wconf 74' lang='lat' dir='ltr'><strong>sapientia:</strong></span> <span class='ocrx_word' id='word_1_643' title='bbox 2961 3075 3084 3131; x_wconf 87' lang='lat' dir='ltr'><strong>Dei</strong></span> <span class='ocrx_word' id='word_1_644' title='bbox 3122 3078 3186 3130; x_wconf 93' lang='lat' dir='ltr'><strong>in</strong></span> <span class='ocrx_word' id='word_1_645' title='bbox 3217 3078 3670 3147; x_wconf 80' lang='lat' dir='ltr'><strong>dispensationi-</strong></span> 
     </span>
    </p>
   </div>
   <div class='ocr_carea' id='block_1_78' title="bbox 1981 3163 3671 3234">
    <p class='ocr_par' dir='ltr' id='par_1_78' title="bbox 1981 3163 3671 3234">
     <span class='ocr_line' id='line_1_79' title="bbox 1981 3163 3671 3234; baseline 0 -16"><span class='ocrx_word' id='word_1_646' title='bbox 1981 3168 2076 3219; x_wconf 87' lang='lat' dir='ltr'><strong>bus</strong></span> <span class='ocrx_word' id='word_1_647' title='bbox 2101 3165 2210 3234; x_wconf 76' lang='lat' dir='ltr'><strong>(l5)</strong></span> <span class='ocrx_word' id='word_1_648' title='bbox 2239 3164 2351 3230; x_wconf 88' lang='lat' dir='ltr'><strong>ejus</strong></span> <span class='ocrx_word' id='word_1_649' title='bbox 2377 3163 2656 3215; x_wconf 89' lang='lat' dir='ltr'><strong>desiderat</strong></span> <span class='ocrx_word' id='word_1_650' title='bbox 2679 3167 2996 3229; x_wconf 88' lang='lat' dir='ltr'><strong>contueri,</strong></span> <span class='ocrx_word' id='word_1_651' title='bbox 3031 3170 3263 3223; x_wconf 87' lang='lat' dir='ltr'><strong>audiat</strong></span> <span class='ocrx_word' id='word_1_652' title='bbox 3301 3170 3365 3223; x_wconf 91' lang='lat' dir='ltr'><strong>in</strong></span> <span class='ocrx_word' id='word_1_653' title='bbox 3417 3171 3535 3223; x_wconf 88' lang='lat' dir='ltr'><strong>alio</strong></span> <span class='ocrx_word' id='word_1_654' title='bbox 3563 3169 3671 3220; x_wconf 92' lang='lat' dir='ltr'><strong>loco</strong></span> 
     </span>
    </p>
   </div>
   <div class='ocr_carea' id='block_1_79' title="bbox 1981 3250 3673 3321">
    <p class='ocr_par' dir='ltr' id='par_1_79' title="bbox 1981 3250 3673 3321">
     <span class='ocr_line' id='line_1_80' title="bbox 1981 3250 3673 3321; baseline 0.002 -15"><span class='ocrx_word' id='word_1_655' title='bbox 1981 3255 2146 3308; x_wconf 89' lang='lat' dir='ltr'><strong>dehis</strong></span> <span class='ocrx_word' id='word_1_656' title='bbox 2178 3254 2307 3321; x_wconf 89' lang='lat' dir='ltr'><strong>ipsis</strong></span> <span class='ocrx_word' id='word_1_657' title='bbox 2339 3250 2560 3303; x_wconf 84' lang='lat' dir='ltr'><strong>Paulum</strong></span> <span class='ocrx_word' id='word_1_658' title='bbox 2590 3251 2925 3305; x_wconf 78' lang='lat' dir='ltr'><strong>divinorum</strong></span> <span class='ocrx_word' id='word_1_659' title='bbox 2954 3267 3364 3312; x_wconf 83' lang='lat' dir='ltr'><strong>secretorum</strong></span> <span class='ocrx_word' id='word_1_660' title='bbox 3393 3259 3673 3313; x_wconf 89' lang='lat' dir='ltr'><strong>conscium</strong></span> 
     </span>
    </p>
   </div>
   <div class='ocr_carea' id='block_1_80' title="bbox 1982 3339 3672 3418">
    <p class='ocr_par' dir='ltr' id='par_1_80' title="bbox 1982 3339 3672 3418">
     <span class='ocr_line' id='line_1_81' title="bbox 1982 3339 3672 3418; baseline 0.002 -22"><span class='ocrx_word' id='word_1_661' title='bbox 1982 3346 2355 3411; x_wconf 88' lang='lat' dir='ltr'><strong>disputantem.</strong></span> <span class='ocrx_word' id='word_1_662' title='bbox 2395 3361 2414 3391; x_wconf 84' lang='grc'><strong>‹</strong></span> <span class='ocrx_word' id='word_1_663' title='bbox 2451 3339 2506 3393; x_wconf 88' lang='lat' dir='ltr'><strong>ln</strong></span> <span class='ocrx_word' id='word_1_664' title='bbox 2543 3341 2711 3395; x_wconf 88' lang='lat' dir='ltr'><strong>domo</strong></span> <span class='ocrx_word' id='word_1_665' title='bbox 2754 3352 2961 3397; x_wconf 88' lang='lat' dir='ltr'><strong>autem</strong></span> <span class='ocrx_word' id='word_1_666' title='bbox 3037 3363 3276 3418; x_wconf 78' lang='lat' dir='ltr'><strong>magna</strong></span> <span class='ocrx_word' id='word_1_667' title='bbox 3351 3365 3471 3403; x_wconf 90' lang='lat' dir='ltr'><strong>non</strong></span> <span class='ocrx_word' id='word_1_668' title='bbox 3534 3359 3672 3411; x_wconf 87' lang='lat' dir='ltr'><strong>sunt,</strong></span> 
     </span>
    </p>
   </div>
   <div class='ocr_carea' id='block_1_81' title="bbox 1983 3433 3673 3508">
    <p class='ocr_par' dir='ltr' id='par_1_81' title="bbox 1983 3433 3673 3508">
     <span class='ocr_line' id='line_1_82' title="bbox 1983 3433 3673 3508; baseline 0.002 -22"><span class='ocrx_word' id='word_1_669' title='bbox 1983 3436 2171 3502; x_wconf 89' lang='lat' dir='ltr'><strong>inquit,</strong></span> <span class='ocrx_word' id='word_1_670' title='bbox 2221 3433 2592 3485; x_wconf 89' lang='lat' dir='ltr'><strong>tantummodo</strong></span> <span class='ocrx_word' id='word_1_671' title='bbox 2667 3448 2800 3486; x_wconf 89' lang='lat' dir='ltr'><strong>vasa</strong></span> <span class='ocrx_word' id='word_1_672' title='bbox 2851 3452 3051 3489; x_wconf 76' lang='lat' dir='ltr'><strong>aurea</strong></span> <span class='ocrx_word' id='word_1_673' title='bbox 3095 3449 3162 3491; x_wconf 88' lang='lat' dir='ltr'><strong>et</strong></span> <span class='ocrx_word' id='word_1_674' title='bbox 3225 3451 3554 3508; x_wconf 82' lang='lat' dir='ltr'><strong>argentea,</strong></span> <span class='ocrx_word' id='word_1_675' title='bbox 3587 3440 3673 3491; x_wconf 82' lang='lat' dir='ltr'><strong>sed</strong></span> 
     </span>
    </p>
   </div>
   <div class='ocr_carea' id='block_1_82' title="bbox 1980 3519 3677 3590">
    <p class='ocr_par' dir='ltr' id='par_1_82' title="bbox 1980 3519 3677 3590">
     <span class='ocr_line' id='line_1_83' title="bbox 1980 3519 3677 3590; baseline 0.006 -19"><span class='ocrx_word' id='word_1_676' title='bbox 1980 3533 2032 3576; x_wconf 89' lang='lat' dir='ltr'><strong>et</strong></span> <span class='ocrx_word' id='word_1_677' title='bbox 2063 3522 2230 3589; x_wconf 88' lang='lat' dir='ltr'><strong>lignea</strong></span> <span class='ocrx_word' id='word_1_678' title='bbox 2280 3529 2334 3572; x_wconf 88' lang='lat' dir='ltr'><strong>et</strong></span> <span class='ocrx_word' id='word_1_679' title='bbox 2380 3519 2610 3583; x_wconf 88' lang='lat' dir='ltr'><strong>ﬁctilia,</strong></span> <span class='ocrx_word' id='word_1_680' title='bbox 2645 3531 2702 3573; x_wconf 91' lang='lat' dir='ltr'><strong>et</strong></span> <span class='ocrx_word' id='word_1_681' title='bbox 2753 3521 2870 3574; x_wconf 89' lang='lat' dir='ltr'><strong>alia</strong></span> <span class='ocrx_word' id='word_1_682' title='bbox 2909 3525 3179 3590; x_wconf 87' lang='lat' dir='ltr'><strong>quidem</strong></span> <span class='ocrx_word' id='word_1_683' title='bbox 3232 3529 3314 3580; x_wconf 87' lang='lat' dir='ltr'><strong>ad</strong></span> <span class='ocrx_word' id='word_1_684' title='bbox 3370 3531 3677 3586; x_wconf 81' lang='lat' dir='ltr'><strong>honorem.</strong></span> 
     </span>
    </p>
   </div>
   <div class='ocr_carea' id='block_1_83' title="bbox 1985 3611 3674 3686">
    <p class='ocr_par' dir='ltr' id='par_1_83' title="bbox 1985 3611 3674 3686">
     <span class='ocr_line' id='line_1_84' title="bbox 1985 3611 3674 3686; baseline 0.003 -23"><span class='ocrx_word' id='word_1_685' title='bbox 1985 3614 2089 3666; x_wconf 87' lang='lat' dir='ltr'><strong>alia</strong></span> <span class='ocrx_word' id='word_1_686' title='bbox 2119 3621 2296 3665; x_wconf 89' lang='lat' dir='ltr'><strong>autem</strong></span> <span class='ocrx_word' id='word_1_687' title='bbox 2337 3611 2402 3663; x_wconf 90' lang='lat' dir='ltr'><strong>ad</strong></span> <span class='ocrx_word' id='word_1_688' title='bbox 2432 3611 2872 3666; x_wconf 90' lang='lat' dir='ltr'><strong>contumeliam.</strong></span> <span class='ocrx_word' id='word_1_689' title='bbox 2910 3614 2979 3666; x_wconf 88' lang='lat' dir='ltr'><strong>Si</strong></span> <span class='ocrx_word' id='word_1_690' title='bbox 3032 3631 3194 3684; x_wconf 80' lang='lat' dir='ltr'><strong>ergo</strong></span> <span class='ocrx_word' id='word_1_691' title='bbox 3224 3620 3370 3686; x_wconf 88' lang='lat' dir='ltr'><strong>quis</strong></span> <span class='ocrx_word' id='word_1_692' title='bbox 3406 3617 3674 3673; x_wconf 88' lang='lat' dir='ltr'><strong>emunda-</strong></span> 
     </span>
    </p>
   </div>
   <div class='ocr_carea' id='block_1_84' title="bbox 1984 3701 3675 3769">
    <p class='ocr_par' dir='ltr' id='par_1_84' title="bbox 1984 3701 3675 3769">
     <span class='ocr_line' id='line_1_85' title="bbox 1984 3701 3675 3769; baseline 0.001 -12"><span class='ocrx_word' id='word_1_693' title='bbox 1984 3704 2121 3757; x_wconf 86' lang='lat' dir='ltr'><strong>verit</strong></span> <span class='ocrx_word' id='word_1_694' title='bbox 2150 3701 2497 3769; x_wconf 87' lang='lat' dir='ltr'><strong>semetipsum</strong></span> <span class='ocrx_word' id='word_1_695' title='bbox 2526 3701 2598 3753; x_wconf 88' lang='lat' dir='ltr'><strong>ab</strong></span> <span class='ocrx_word' id='word_1_696' title='bbox 2627 3702 2737 3764; x_wconf 89' lang='lat' dir='ltr'><strong>his,</strong></span> <span class='ocrx_word' id='word_1_697' title='bbox 2765 3704 2883 3756; x_wconf 87' lang='lat' dir='ltr'><strong>erit</strong></span> <span class='ocrx_word' id='word_1_698' title='bbox 2920 3720 3036 3758; x_wconf 85' lang='lat' dir='ltr'><strong>vas</strong></span> <span class='ocrx_word' id='word_1_699' title='bbox 3075 3710 3157 3759; x_wconf 86' lang='lat' dir='ltr'><strong>ad</strong></span> <span class='ocrx_word' id='word_1_700' title='bbox 3206 3710 3507 3763; x_wconf 88' lang='lat' dir='ltr'><strong>honorem</strong></span> <span class='ocrx_word' id='word_1_701' title='bbox 3552 3724 3675 3761; x_wconf 84' lang='lat' dir='ltr'><strong>sau-</strong></span> 
     </span>
    </p>
   </div>
   <div class='ocr_carea' id='block_1_85' title="bbox 1985 3790 3676 3866">
    <p class='ocr_par' dir='ltr' id='par_1_85' title="bbox 1985 3790 3676 3866">
     <span class='ocr_line' id='line_1_86' title="bbox 1985 3790 3676 3866; baseline 0.002 -21"><span class='ocrx_word' id='word_1_702' title='bbox 1985 3793 2296 3853; x_wconf 89' lang='lat' dir='ltr'><strong>ctiﬁcatum,</strong></span> <span class='ocrx_word' id='word_1_703' title='bbox 2346 3799 2400 3844; x_wconf 91' lang='lat' dir='ltr'><strong>et</strong></span> <span class='ocrx_word' id='word_1_704' title='bbox 2441 3790 2576 3844; x_wconf 93' lang='lat' dir='ltr'><strong>utile</strong></span> <span class='ocrx_word' id='word_1_705' title='bbox 2611 3791 2884 3855; x_wconf 91' lang='lat' dir='ltr'><strong>Domino,</strong></span> <span class='ocrx_word' id='word_1_706' title='bbox 2919 3795 3001 3847; x_wconf 85' lang='lat' dir='ltr'><strong>ad</strong></span> <span class='ocrx_word' id='word_1_707' title='bbox 3045 3812 3244 3852; x_wconf 87' lang='lat' dir='ltr'><strong>omne</strong></span> <span class='ocrx_word' id='word_1_708' title='bbox 3284 3815 3442 3866; x_wconf 87' lang='lat' dir='ltr'><strong>opus</strong></span> <span class='ocrx_word' id='word_1_709' title='bbox 3478 3799 3676 3852; x_wconf 79' lang='lat' dir='ltr'><strong>bonum</strong></span> 
     </span>
    </p>
   </div>
   <div class='ocr_carea' id='block_1_86' title="bbox 1987 3881 3677 3960">
    <p class='ocr_par' dir='ltr' id='par_1_86' title="bbox 1987 3881 3677 3960">
     <span class='ocr_line' id='line_1_87' title="bbox 1987 3881 3677 3960; baseline 0.002 -25"><span class='ocrx_word' id='word_1_710' title='bbox 1987 3892 2226 3951; x_wconf 78' lang='lat' dir='ltr'><strong>paratum</strong></span> <span class='ocrx_word' id='word_1_711' title='bbox 2259 3882 2324 3934; x_wconf 83' lang='grc'><strong>³⁰.</strong></span> <span class='ocrx_word' id='word_1_712' title='bbox 2371 3900 2390 3932; x_wconf 72' lang='grc' dir='ltr'><strong>ι</strong></span> <span class='ocrx_word' id='word_1_713' title='bbox 2437 3881 2608 3934; x_wconf 88' lang='lat' dir='ltr'><strong>Audis</strong></span> <span class='ocrx_word' id='word_1_714' title='bbox 2642 3882 2858 3936; x_wconf 88' lang='lat' dir='ltr'><strong>Paulus</strong></span> <span class='ocrx_word' id='word_1_715' title='bbox 2912 3889 2974 3938; x_wconf 92' lang='lat' dir='ltr'><strong>in</strong></span> <span class='ocrx_word' id='word_1_716' title='bbox 3035 3887 3139 3942; x_wconf 80' lang='lat' dir='ltr'><strong>his</strong></span> <span class='ocrx_word' id='word_1_717' title='bbox 3199 3891 3262 3942; x_wconf 92' lang='lat' dir='ltr'><strong>in</strong></span> <span class='ocrx_word' id='word_1_718' title='bbox 3319 3891 3541 3960; x_wconf 79' lang='lat' dir='ltr'><strong>quibus</strong></span> <span class='ocrx_word' id='word_1_719' title='bbox 3578 3905 3677 3941; x_wconf 92' lang='lat' dir='ltr'><strong>non</strong></span> 
     </span>
    </p>
   </div>
   <div class='ocr_carea' id='block_1_87' title="bbox 1989 3972 3681 4048">
    <p class='ocr_par' dir='ltr' id='par_1_87' title="bbox 1989 3972 3681 4048">
     <span class='ocr_line' id='line_1_88' title="bbox 1989 3972 3681 4048; baseline -0.005 -22"><span class='ocrx_word' id='word_1_720' title='bbox 1989 3974 2172 4026; x_wconf 88' lang='lat' dir='ltr'><strong>habuit</strong></span> <span class='ocrx_word' id='word_1_721' title='bbox 2203 3981 2514 4038; x_wconf 87' lang='lat' dir='ltr'><strong>protervum</strong></span> <span class='ocrx_word' id='word_1_722' title='bbox 2547 3972 3063 4030; x_wconf 86' lang='lat' dir='ltr'><strong>contradictorem</strong></span> <span class='ocrx_word' id='word_1_723' title='bbox 3099 4017 3118 4040; x_wconf 91' lang='lat'><strong>,</strong></span> <span class='ocrx_word' id='word_1_724' title='bbox 3169 3982 3488 4048; x_wconf 69' lang='lat' dir='ltr'><strong>quomodo</strong></span> <span class='ocrx_word' id='word_1_725' title='bbox 3527 3995 3681 4033; x_wconf 62' lang='lat' dir='ltr'><strong>vaso-</strong></span> 
     </span>
    </p>
   </div>
   <div class='ocr_carea' id='block_1_88' title="bbox 1990 4061 3680 4126">
    <p class='ocr_par' dir='ltr' id='par_1_88' title="bbox 1990 4061 3680 4126">
     <span class='ocr_line' id='line_1_89' title="bbox 1990 4061 3680 4126; baseline 0.003 -11"><span class='ocrx_word' id='word_1_726' title='bbox 1990 4077 2103 4115; x_wconf 88' lang='lat' dir='ltr'><strong>rum</strong></span> <span class='ocrx_word' id='word_1_727' title='bbox 2130 4061 2470 4113; x_wconf 87' lang='lat' dir='ltr'><strong>diversitates</strong></span> <span class='ocrx_word' id='word_1_728' title='bbox 2503 4061 2771 4126; x_wconf 85' lang='lat' dir='ltr'><strong>aperuit?</strong></span> <span class='ocrx_word' id='word_1_729' title='bbox 2803 4062 2958 4117; x_wconf 84' lang='lat' dir='ltr'><strong>Nam</strong></span> <span class='ocrx_word' id='word_1_730' title='bbox 3011 4067 3101 4121; x_wconf 89' lang='lat' dir='ltr'><strong>ibi</strong></span> <span class='ocrx_word' id='word_1_731' title='bbox 3148 4072 3254 4123; x_wconf 86' lang='lat' dir='ltr'><strong>tibi</strong></span> <span class='ocrx_word' id='word_1_732' title='bbox 3302 4075 3546 4125; x_wconf 85' lang='lat' dir='ltr'><strong>auditor</strong></span> <span class='ocrx_word' id='word_1_733' title='bbox 3582 4087 3680 4123; x_wconf 88' lang='lat' dir='ltr'><strong>non</strong></span> 
     </span>
    </p>
   </div>
   <div class='ocr_carea' id='block_1_89' title="bbox 1989 4149 3682 4220">
    <p class='ocr_par' dir='ltr' id='par_1_89' title="bbox 1989 4149 3682 4220">
     <span class='ocr_line' id='line_1_90' title="bbox 1989 4149 3682 4220; baseline 0.004 -18"><span class='ocrx_word' id='word_1_734' title='bbox 1989 4159 2109 4203; x_wconf 80' lang='lat' dir='ltr'><strong>erat</strong></span> <span class='ocrx_word' id='word_1_735' title='bbox 2165 4149 2380 4216; x_wconf 89' lang='lat' dir='ltr'><strong>dignus,</strong></span> <span class='ocrx_word' id='word_1_736' title='bbox 2428 4149 2522 4201; x_wconf 87' lang='lat' dir='ltr'><strong>sed</strong></span> <span class='ocrx_word' id='word_1_737' title='bbox 2570 4151 2987 4205; x_wconf 88' lang='lat' dir='ltr'><strong>contradictor</strong></span> <span class='ocrx_word' id='word_1_738' title='bbox 3052 4168 3246 4220; x_wconf 88' lang='lat' dir='ltr'><strong>erat,</strong></span> <span class='ocrx_word' id='word_1_739' title='bbox 3309 4164 3442 4212; x_wconf 78' lang='lat' dir='ltr'><strong>sola</strong></span> <span class='ocrx_word' id='word_1_740' title='bbox 3501 4156 3682 4211; x_wconf 84' lang='lat' dir='ltr'><strong>ﬁctilia</strong></span> 
     </span>
    </p>
   </div>
   <div class='ocr_carea' id='block_1_90' title="bbox 1991 4240 3684 4309">
    <p class='ocr_par' dir='ltr' id='par_1_90' title="bbox 1991 4240 3684 4309">
     <span class='ocr_line' id='line_1_91' title="bbox 1991 4240 3684 4309; baseline 0.005 -17"><span class='ocrx_word' id='word_1_741' title='bbox 1991 4255 2116 4294; x_wconf 85' lang='lat' dir='ltr'><strong>vasa</strong></span> <span class='ocrx_word' id='word_1_742' title='bbox 2146 4247 2570 4303; x_wconf 87' lang='lat' dir='ltr'><strong>commemorat;</strong></span> <span class='ocrx_word' id='word_1_743' title='bbox 2607 4240 2703 4293; x_wconf 90' lang='lat' dir='ltr'><strong>hic</strong></span> <span class='ocrx_word' id='word_1_744' title='bbox 2747 4252 2952 4296; x_wconf 88' lang='lat' dir='ltr'><strong>autem</strong></span> <span class='ocrx_word' id='word_1_745' title='bbox 3008 4258 3076 4299; x_wconf 91' lang='lat' dir='ltr'><strong>et</strong></span> <span class='ocrx_word' id='word_1_746' title='bbox 3111 4264 3314 4303; x_wconf 84' lang='lat' dir='ltr'><strong>aurea</strong></span> <span class='ocrx_word' id='word_1_747' title='bbox 3366 4252 3516 4305; x_wconf 86' lang='lat' dir='ltr'><strong>dicit</strong></span> <span class='ocrx_word' id='word_1_748' title='bbox 3547 4266 3684 4309; x_wconf 78' lang='lat' dir='ltr'><strong>eSsc,</strong></span> 
     </span>
    </p>
   </div>
   <div class='ocr_carea' id='block_1_91' title="bbox 369 4330 3686 4412">
    <p class='ocr_par' dir='ltr' id='par_1_91' title="bbox 369 4330 3686 4412">
     <span class='ocr_line' id='line_1_92' title="bbox 369 4330 3686 4412; baseline -0.004 -7"><span class='ocrx_word' id='word_1_749' title='bbox 369 4353 574 4405; x_wconf 87' lang='lat' dir='ltr'><strong>Domini</strong></span> <span class='ocrx_word' id='word_1_750' title='bbox 599 4351 1279 4412; x_wconf 85' lang='lat' dir='ltr'><strong>desiderassctagnoscere,</strong></span> <span class='ocrx_word' id='word_1_751' title='bbox 1307 4340 1443 4391; x_wconf 89' lang='lat' dir='ltr'><strong>unde</strong></span> <span class='ocrx_word' id='word_1_752' title='bbox 1464 4347 1518 4390; x_wconf 87' lang='lat' dir='ltr'><strong>et</strong></span> <span class='ocrx_word' id='word_1_753' title='bbox 1548 4355 1566 4386; x_wconf 81' lang='grc' dir='ltr'><strong>ι</strong></span> <span class='ocrx_word' id='word_1_754' title='bbox 1594 4334 1891 4388; x_wconf 83' lang='lat' dir='ltr'><strong>virdeside—</strong></span> <span class='ocrx_word' id='word_1_755' title='bbox 1923 4345 1964 4397; x_wconf 77' lang='grc' dir='ltr'>ι)</span> <span class='ocrx_word' id='word_1_756' title='bbox 1993 4342 2044 4386; x_wconf 90' lang='lat' dir='ltr'><strong>et</strong></span> <span class='ocrx_word' id='word_1_757' title='bbox 2085 4343 2371 4399; x_wconf 85' lang='lat' dir='ltr'><strong>argentea,</strong></span> <span class='ocrx_word' id='word_1_758' title='bbox 2408 4340 2463 4385; x_wconf 88' lang='lat' dir='ltr'><strong>et</strong></span> <span class='ocrx_word' id='word_1_759' title='bbox 2495 4330 2702 4400; x_wconf 87' lang='lat' dir='ltr'><strong>lignea,</strong></span> <span class='ocrx_word' id='word_1_760' title='bbox 2751 4341 2809 4386; x_wconf 86' lang='lat' dir='ltr'><strong>et</strong></span> <span class='ocrx_word' id='word_1_761' title='bbox 2860 4335 3084 4391; x_wconf 80' lang='lat' dir='ltr'><strong>fictilia</strong></span> <span class='ocrx_word' id='word_1_762' title='bbox 3119 4357 3136 4393; x_wconf 89' lang='lat'><strong>:</strong></span> <span class='ocrx_word' id='word_1_763' title='bbox 3176 4351 3243 4395; x_wconf 90' lang='lat' dir='ltr'><strong>et</strong></span> <span class='ocrx_word' id='word_1_764' title='bbox 3299 4342 3423 4396; x_wconf 89' lang='lat' dir='ltr'><strong>alia</strong></span> <span class='ocrx_word' id='word_1_765' title='bbox 3470 4344 3686 4412; x_wconf 87' lang='lat' dir='ltr'><strong>quidem</strong></span> 
     </span>
    </p>
   </div>
   <div class='ocr_carea' id='block_1_92' title="bbox 371 4425 1890 4504">
    <p class='ocr_par' dir='ltr' id='par_1_92' title="bbox 371 4425 1890 4504">
     <span class='ocr_line' id='line_1_93' title="bbox 371 4425 1890 4504; baseline -0.011 -11"><span class='ocrx_word' id='word_1_766' title='bbox 371 4443 572 4494; x_wconf 90' lang='lat' dir='ltr'><strong>riorum</strong></span> <span class='ocrx_word' id='word_1_767' title='bbox 593 4439 636 4468; x_wconf 80' lang='lat'><strong>&quot;</strong></span> <span class='ocrx_word' id='word_1_768' title='bbox 675 4457 694 4489; x_wconf 74' lang='grc' dir='ltr'><strong>ι</strong></span> <span class='ocrx_word' id='word_1_769' title='bbox 733 4436 1029 4504; x_wconf 88' lang='lat' dir='ltr'><strong>appellatus</strong></span> <span class='ocrx_word' id='word_1_770' title='bbox 1065 4443 1176 4495; x_wconf 89' lang='lat' dir='ltr'><strong>est,</strong></span> <span class='ocrx_word' id='word_1_771' title='bbox 1213 4445 1312 4482; x_wconf 90' lang='lat' dir='ltr'><strong>non</strong></span> <span class='ocrx_word' id='word_1_772' title='bbox 1342 4438 1423 4481; x_wconf 88' lang='lat' dir='ltr'><strong>est</strong></span> <span class='ocrx_word' id='word_1_773' title='bbox 1455 4425 1528 4496; x_wconf 83' lang='lat'><strong>(9)</strong></span> <span class='ocrx_word' id='word_1_774' title='bbox 1563 4426 1608 4478; x_wconf 91' lang='lat' dir='ltr'><strong>ei</strong></span> <span class='ocrx_word' id='word_1_775' title='bbox 1642 4426 1838 4477; x_wconf 91' lang='lat' dir='ltr'><strong>dictum</strong></span> <span class='ocrx_word' id='word_1_776' title='bbox 1876 4441 1890 4476; x_wconf 90' lang='lat'><strong>:</strong></span> 
     </span>
    </p>
   </div>
   <div class='ocr_carea' id='block_1_93' title="bbox 374 4514 1897 4597">
    <p class='ocr_par' dir='ltr' id='par_1_93' title="bbox 374 4514 1897 4597">
     <span class='ocr_line' id='line_1_94' title="bbox 374 4514 1897 4597; baseline -0.01 -14"><span class='ocrx_word' id='word_1_777' title='bbox 374 4551 392 4583; x_wconf 79' lang='grc' dir='ltr'><strong>ι</strong></span> <span class='ocrx_word' id='word_1_778' title='bbox 425 4531 466 4584; x_wconf 83' lang='grc' dir='ltr'>Τ</span> <span class='ocrx_word' id='word_1_779' title='bbox 473 4546 503 4583; x_wconf 89' lang='grc' dir='ltr'><strong>ιι</strong></span> <span class='ocrx_word' id='word_1_780' title='bbox 533 4530 651 4597; x_wconf 89' lang='lat' dir='ltr'><strong>quis</strong></span> <span class='ocrx_word' id='word_1_781' title='bbox 679 4528 778 4581; x_wconf 87' lang='lat' dir='ltr'><strong>es?</strong></span> <span class='ocrx_word' id='word_1_782' title='bbox 805 4546 823 4577; x_wconf 77' lang='grc' dir='ltr'><strong>ι</strong></span> <span class='ocrx_word' id='word_1_783' title='bbox 860 4525 955 4579; x_wconf 85' lang='lat' dir='ltr'><strong>sed</strong></span> <span class='ocrx_word' id='word_1_784' title='bbox 986 4525 1175 4576; x_wconf 87' lang='lat' dir='ltr'><strong>missus</strong></span> <span class='ocrx_word' id='word_1_785' title='bbox 1197 4530 1279 4574; x_wconf 90' lang='lat' dir='ltr'><strong>est</strong></span> <span class='ocrx_word' id='word_1_786' title='bbox 1300 4518 1534 4585; x_wconf 79' lang='lat' dir='ltr'><strong>angelus,</strong></span> <span class='ocrx_word' id='word_1_787' title='bbox 1565 4516 1653 4583; x_wconf 92' lang='lat' dir='ltr'><strong>qui</strong></span> <span class='ocrx_word' id='word_1_788' title='bbox 1688 4530 1807 4568; x_wconf 89' lang='lat' dir='ltr'><strong>eum</strong></span> <span class='ocrx_word' id='word_1_789' title='bbox 1831 4514 1897 4568; x_wconf 85' lang='lat' dir='ltr'><strong>de</strong></span> 
     </span>
    </p>
   </div>
   <div class='ocr_carea' id='block_1_94' title="bbox 1663 4625 2490 4690">
    <p class='ocr_par' dir='ltr' id='par_1_94' title="bbox 1663 4625 2490 4690">
     <span class='ocr_line' id='line_1_95' title="bbox 1663 4625 2490 4690; baseline -0.005 -8"><span class='ocrx_word' id='word_1_790' title='bbox 1663 4633 1708 4664; x_wconf 67' lang='grc' dir='ltr'>ἰ</span> <span class='ocrx_word' id='word_1_791' title='bbox 1737 4629 1898 4683; x_wconf 80' lang='lat' dir='ltr'><strong>Marc.</strong></span> <span class='ocrx_word' id='word_1_792' title='bbox 1939 4645 2014 4690; x_wconf 70' lang='lat' dir='ltr'><strong>XI,</strong></span> <span class='ocrx_word' id='word_1_793' title='bbox 2042 4627 2130 4689; x_wconf 69' lang='lat'><strong>28;</strong></span> <span class='ocrx_word' id='word_1_794' title='bbox 2160 4627 2285 4678; x_wconf 79' lang='lat' dir='ltr'><strong>an.</strong></span> <span class='ocrx_word' id='word_1_795' title='bbox 2308 4642 2403 4687; x_wconf 74' lang='lat' dir='ltr'><strong>xx,</strong></span> <span class='ocrx_word' id='word_1_796' title='bbox 2435 4625 2490 4678; x_wconf 69' lang='grc' dir='ltr'><strong>Ξ.</strong></span> 
     </span>
    </p>
   </div>
   <div class='ocr_carea' id='block_1_95' title="bbox 437 4633 1569 4704">
    <p class='ocr_par' dir='ltr' id='par_1_95' title="bbox 437 4633 1569 4704">
     <span class='ocr_line' id='line_1_96' title="bbox 437 4633 1569 4704; baseline -0.013 -4"><span class='ocrx_word' id='word_1_797' title='bbox 437 4651 482 4683; x_wconf 72' lang='grc' dir='ltr'><strong>ι’</strong></span> <span class='ocrx_word' id='word_1_798' title='bbox 512 4647 670 4700; x_wconf 78' lang='lat' dir='ltr'><strong>Rom.</strong></span> <span class='ocrx_word' id='word_1_799' title='bbox 701 4661 758 4701; x_wconf 88' lang='lat' dir='ltr'><strong>it.</strong></span> <span class='ocrx_word' id='word_1_800' title='bbox 787 4643 838 4704; x_wconf 77' lang='grc'><strong>4,</strong></span> <span class='ocrx_word' id='word_1_801' title='bbox 875 4642 926 4695; x_wconf 85' lang='grc'><strong>5.</strong></span> <span class='ocrx_word' id='word_1_802' title='bbox 1001 4640 1044 4671; x_wconf 78' lang='grc'><strong>’⁸</strong></span> <span class='ocrx_word' id='word_1_803' title='bbox 1074 4638 1224 4690; x_wconf 77' lang='lat' dir='ltr'><strong>Rom.</strong></span> <span class='ocrx_word' id='word_1_804' title='bbox 1259 4652 1332 4697; x_wconf 80' lang='lat' dir='ltr'><strong>ix,</strong></span> <span class='ocrx_word' id='word_1_805' title='bbox 1360 4635 1450 4696; x_wconf 67' lang='lat'><strong>90,</strong></span> <span class='ocrx_word' id='word_1_806' title='bbox 1479 4633 1569 4704; x_wconf 70' lang='grc'><strong>21.</strong></span> 
     </span>
    </p>
   </div>
   <div class='ocr_carea' id='block_1_96' title="bbox 372 4712 833 4775">
    <p class='ocr_par' dir='ltr' id='par_1_96' title="bbox 372 4712 833 4775">
     <span class='ocr_line' id='line_1_97' title="bbox 372 4712 833 4775; baseline -0.02 -3"><span class='ocrx_word' id='word_1_807' title='bbox 372 4725 417 4762; x_wconf 73' lang='lat'><strong>&#39;1</strong></span> <span class='ocrx_word' id='word_1_808' title='bbox 453 4718 607 4771; x_wconf 66' lang='lat' dir='ltr'><strong>.Ioin.</strong></span> <span class='ocrx_word' id='word_1_809' title='bbox 653 4731 703 4775; x_wconf 82' lang='grc' dir='ltr'><strong><em>ν.</em></strong></span> <span class='ocrx_word' id='word_1_810' title='bbox 745 4712 833 4765; x_wconf 84' lang='grc'><strong>59.</strong></span> 
     </span>
    </p>
   </div>
   <div class='ocr_carea' id='block_1_97' title="bbox 445 4840 1794 4925">
    <p class='ocr_par' dir='ltr' id='par_1_97' title="bbox 445 4840 1794 4925">
     <span class='ocr_line' id='line_1_98' title="bbox 445 4840 1794 4925; baseline -0.021 -13"><span class='ocrx_word' id='word_1_811' title='bbox 445 4859 554 4925; x_wconf 84' lang='grc'>(98)</span> <span class='ocrx_word' id='word_1_812' title='bbox 587 4854 721 4910; x_wconf 87' lang='lat' dir='ltr'><strong>Editi</strong></span> <span class='ocrx_word' id='word_1_813' title='bbox 756 4850 1165 4925; x_wconf 74' lang='lat' dir='ltr'><strong>pra3tern&#39;iitlunt</strong></span> <span class='ocrx_word' id='word_1_814' title='bbox 1187 4863 1205 4894; x_wconf 78' lang='grc' dir='ltr'><strong>ι</strong></span> <span class='ocrx_word' id='word_1_815' title='bbox 1225 4843 1346 4925; x_wconf 61' lang='lat' dir='ltr'><strong>eius</strong></span> <span class='ocrx_word' id='word_1_816' title='bbox 1367 4855 1418 4895; x_wconf 90' lang='lat' dir='ltr'><strong>et</strong></span> <span class='ocrx_word' id='word_1_817' title='bbox 1445 4840 1794 4925; x_wconf 37' lang='lat' dir='ltr'><strong>patientiae.)</strong></span> 
     </span>
    </p>
   </div>
   <div class='ocr_carea' id='block_1_98' title="bbox 441 4906 1896 4996">
    <p class='ocr_par' dir='ltr' id='par_1_98' title="bbox 441 4906 1896 4996">
     <span class='ocr_line' id='line_1_99' title="bbox 441 4906 1896 4996; baseline -0.02 -14"><span class='ocrx_word' id='word_1_818' title='bbox 587 4906 1129 4996; x_wconf 26' lang='lat' dir='ltr'><strong>Editistupatieiiter.</strong></span> <span class='ocrx_word' id='word_1_819' title='bbox 1169 4933 1186 4964; x_wconf 71' lang='grc' dir='ltr'><strong>ι</strong></span> <span class='ocrx_word' id='word_1_820' title='bbox 1224 4906 1320 4966; x_wconf 78' lang='lat' dir='ltr'><strong>Ms.</strong></span> <span class='ocrx_word' id='word_1_821' title='bbox 1363 4906 1499 4996; x_wconf 72' lang='lat' dir='ltr'><strong>unus</strong></span> <span class='ocrx_word' id='word_1_822' title='bbox 1535 4917 1588 4996; x_wconf 67' lang='lat' dir='ltr'><strong>et</strong></span> <span class='ocrx_word' id='word_1_823' title='bbox 1628 4906 1896 4965; x_wconf 77' lang='lat' dir='ltr'><strong>Rabanus,</strong></span> 
     </span>
    </p>
   </div>
   <div class='ocr_carea' id='block_1_99' title="bbox 380 4976 1692 5063">
    <p class='ocr_par' dir='ltr' id='par_1_99' title="bbox 380 4976 1692 5063">
     <span class='ocr_line' id='line_1_100' title="bbox 380 4976 1692 5063; baseline -0.018 -16"><span class='ocrx_word' id='word_1_824' title='bbox 380 5016 397 5047; x_wconf 77' lang='grc' dir='ltr'><strong>ι</strong></span> <span class='ocrx_word' id='word_1_825' title='bbox 435 4976 777 5063; x_wconf 37' lang='lat' dir='ltr'><strong>patientiam.»</strong></span> <span class='ocrx_word' id='word_1_826' title='bbox 814 4976 1195 5063; x_wconf 48' lang='lat' dir='ltr'><strong>Cielerintnss&quot;</strong></span> <span class='ocrx_word' id='word_1_827' title='bbox 1235 5000 1252 5032; x_wconf 72' lang='grc' dir='ltr'><strong>ι</strong></span> <span class='ocrx_word' id='word_1_828' title='bbox 1295 4976 1640 5063; x_wconf 30' lang='grc' dir='ltr'>ρᾳξιᾼιὶιιιιιιίξιξ.</span> <span class='ocrx_word' id='word_1_829' title='bbox 1674 4993 1692 5024; x_wconf 70' lang='grc' dir='ltr'><strong>ι</strong></span> 
     </span>
    </p>
   </div>
   <div class='ocr_carea' id='block_1_100' title="bbox 461 5043 1904 5129">
    <p class='ocr_par' dir='ltr' id='par_1_100' title="bbox 461 5043 1904 5129">
     <span class='ocr_line' id='line_1_101' title="bbox 461 5043 1904 5129; baseline -0.018 -14"><span class='ocrx_word' id='word_1_830' title='bbox 461 5043 730 5129; x_wconf 15' lang='grc' dir='ltr'>(1)-Ειιίιίί,</span> <span class='ocrx_word' id='word_1_831' title='bbox 764 5079 781 5110; x_wconf 77' lang='grc' dir='ltr'><strong>ι</strong></span> <span class='ocrx_word' id='word_1_832' title='bbox 820 5057 958 5126; x_wconf 90' lang='lat' dir='ltr'><strong>quod</strong></span> <span class='ocrx_word' id='word_1_833' title='bbox 986 5055 1146 5129; x_wconf 74' lang='lat' dir='ltr'><strong>dicis,</strong></span> <span class='ocrx_word' id='word_1_834' title='bbox 1177 5062 1229 5129; x_wconf 70' lang='grc' dir='ltr'><strong>ιιι</strong></span> <span class='ocrx_word' id='word_1_835' title='bbox 1255 5043 1342 5129; x_wconf 77' lang='lat' dir='ltr'><strong>qui</strong></span> <span class='ocrx_word' id='word_1_836' title='bbox 1380 5043 1904 5129; x_wconf 62' lang='lat' dir='ltr'><strong>Apostoloadversa-</strong></span> 
     </span>
    </p>
   </div>
   <div class='ocr_carea' id='block_1_101' title="bbox 380 5116 1900 5197">
    <p class='ocr_par' dir='ltr' id='par_1_101' title="bbox 380 5116 1900 5197">
     <span class='ocr_line' id='line_1_102' title="bbox 380 5116 1900 5197; baseline -0.018 -13"><span class='ocrx_word' id='word_1_837' title='bbox 380 5116 478 5184; x_wconf 58' lang='lat' dir='ltr'><strong>ris:</strong></span> <span class='ocrx_word' id='word_1_838' title='bbox 511 5116 533 5181; x_wconf 68' lang='grc' dir='ltr'><strong><em>ί</em></strong></span> <span class='ocrx_word' id='word_1_839' title='bbox 578 5116 892 5197; x_wconf 67' lang='grc' dir='ltr'>ιιιιὶιιιίιιις,ἰ</span> <span class='ocrx_word' id='word_1_840' title='bbox 930 5123 1068 5191; x_wconf 89' lang='lat' dir='ltr'><strong>quod</strong></span> <span class='ocrx_word' id='word_1_841' title='bbox 1098 5122 1228 5197; x_wconf 79' lang='lat' dir='ltr'><strong>dicit</strong></span> <span class='ocrx_word' id='word_1_842' title='bbox 1272 5116 1588 5184; x_wconf 83' lang='lat' dir='ltr'><strong>Apostolus,</strong></span> <span class='ocrx_word' id='word_1_843' title='bbox 1634 5122 1687 5163; x_wconf 88' lang='lat' dir='ltr'><strong>tu</strong></span> <span class='ocrx_word' id='word_1_844' title='bbox 1732 5116 1842 5177; x_wconf 87' lang='lat' dir='ltr'><strong>qui,</strong></span> <span class='ocrx_word' id='word_1_845' title='bbox 1882 5127 1900 5158; x_wconf 78' lang='grc' dir='ltr'><strong>ι</strong></span> 
     </span>
    </p>
   </div>
   <div class='ocr_carea' id='block_1_102' title="bbox 383 5191 1567 5253">
    <p class='ocr_par' dir='ltr' id='par_1_102' title="bbox 383 5191 1567 5253">
     <span class='ocr_line' id='line_1_103' title="bbox 383 5191 1567 5253; baseline -0.015 -2"><span class='ocrx_word' id='word_1_846' title='bbox 383 5210 488 5253; x_wconf 90' lang='lat' dir='ltr'><strong>etc.</strong></span> <span class='ocrx_word' id='word_1_847' title='bbox 518 5200 619 5250; x_wconf 85' lang='lat' dir='ltr'><strong>Sed</strong></span> <span class='ocrx_word' id='word_1_848' title='bbox 655 5194 836 5250; x_wconf 67' lang='lat' dir='ltr'><strong>caeteri</strong></span> <span class='ocrx_word' id='word_1_849' title='bbox 875 5210 1000 5247; x_wconf 85' lang='lat' dir='ltr'><strong>mss.</strong></span> <span class='ocrx_word' id='word_1_850' title='bbox 1036 5205 1093 5244; x_wconf 91' lang='lat' dir='ltr'><strong>ut</strong></span> <span class='ocrx_word' id='word_1_851' title='bbox 1118 5191 1168 5242; x_wconf 90' lang='lat' dir='ltr'><strong>in</strong></span> <span class='ocrx_word' id='word_1_852' title='bbox 1194 5200 1375 5242; x_wconf 88' lang='lat' dir='ltr'><strong>nostro</strong></span> <span class='ocrx_word' id='word_1_853' title='bbox 1400 5195 1567 5239; x_wconf 79' lang='lat' dir='ltr'><strong>textu.</strong></span> 
     </span>
    </p>
   </div>
   <div class='ocr_carea' id='block_1_103' title="bbox 455 5245 1906 5334">
    <p class='ocr_par' dir='ltr' id='par_1_103' title="bbox 455 5245 1906 5334">
     <span class='ocr_line' id='line_1_104' title="bbox 455 5245 1906 5334; baseline -0.016 -17"><span class='ocrx_word' id='word_1_854' title='bbox 863 5245 1155 5334; x_wconf 12' lang='lat' dir='ltr'><strong>tit-Vtinvenit</strong></span> <span class='ocrx_word' id='word_1_855' title='bbox 1192 5277 1210 5308; x_wconf 74' lang='grc' dir='ltr'><strong>ι</strong></span> <span class='ocrx_word' id='word_1_856' title='bbox 1238 5259 1454 5319; x_wconf 88' lang='lat' dir='ltr'><strong>addunt,</strong></span> <span class='ocrx_word' id='word_1_857' title='bbox 1484 5272 1502 5307; x_wconf 76' lang='grc' dir='ltr'><strong>ι</strong></span> <span class='ocrx_word' id='word_1_858' title='bbox 1534 5249 1762 5328; x_wconf 81' lang='lat' dir='ltr'><strong>Attende</strong></span> <span class='ocrx_word' id='word_1_859' title='bbox 1784 5245 1906 5312; x_wconf 82' lang='lat' dir='ltr'><strong>quid</strong></span> 
     </span>
    </p>
   </div>
   <div class='ocr_carea' id='block_1_104' title="bbox 391 5321 1907 5394">
    <p class='ocr_par' dir='ltr' id='par_1_104' title="bbox 391 5321 1907 5394">
     <span class='ocr_line' id='line_1_105' title="bbox 391 5321 1907 5394; baseline -0.015 -9"><span class='ocrx_word' id='word_1_860' title='bbox 391 5321 538 5386; x_wconf 62' lang='lat' dir='ltr'><strong>dicit.</strong></span> <span class='ocrx_word' id='word_1_861' title='bbox 573 5351 592 5383; x_wconf 73' lang='grc' dir='ltr'><strong>ι</strong></span> <span class='ocrx_word' id='word_1_862' title='bbox 632 5321 736 5385; x_wconf 78' lang='lat' dir='ltr'><strong>Sed</strong></span> <span class='ocrx_word' id='word_1_863' title='bbox 771 5335 882 5385; x_wconf 67' lang='lat' dir='ltr'><strong>haec</strong></span> <span class='ocrx_word' id='word_1_864' title='bbox 905 5332 1062 5382; x_wconf 78' lang='lat' dir='ltr'><strong>verba</strong></span> <span class='ocrx_word' id='word_1_865' title='bbox 1089 5343 1344 5394; x_wconf 82' lang='lat' dir='ltr'><strong>nusquam</strong></span> <span class='ocrx_word' id='word_1_866' title='bbox 1367 5330 1671 5392; x_wconf 76' lang='lat' dir='ltr'><strong>comparent</strong></span> <span class='ocrx_word' id='word_1_867' title='bbox 1700 5321 1750 5371; x_wconf 89' lang='lat' dir='ltr'><strong>iu</strong></span> <span class='ocrx_word' id='word_1_868' title='bbox 1783 5330 1907 5366; x_wconf 78' lang='lat' dir='ltr'><strong>mss.</strong></span> 
     </span>
    </p>
   </div>
   <div class='ocr_carea' id='block_1_105' title="bbox 391 5401 962 5466">
    <p class='ocr_par' dir='ltr' id='par_1_105' title="bbox 391 5401 962 5466">
     <span class='ocr_line' id='line_1_106' title="bbox 391 5401 962 5466; baseline -0.002 -14"><span class='ocrx_word' id='word_1_869' title='bbox 391 5415 488 5452; x_wconf 85' lang='lat' dir='ltr'><strong>nec</strong></span> <span class='ocrx_word' id='word_1_870' title='bbox 507 5402 639 5466; x_wconf 91' lang='lat' dir='ltr'><strong>apud</strong></span> <span class='ocrx_word' id='word_1_871' title='bbox 673 5401 962 5454; x_wconf 79' lang='lat' dir='ltr'><strong>Rabanutu.</strong></span> 
     </span>
    </p>
   </div>
   <div class='ocr_carea' id='block_1_106' title="bbox 458 5465 1236 5530">
    <p class='ocr_par' dir='ltr' id='par_1_106' title="bbox 458 5465 1236 5530">
     <span class='ocr_line' id='line_1_107' title="bbox 458 5465 1236 5530; baseline -0.001 -13"><span class='ocrx_word' id='word_1_872' title='bbox 458 5465 769 5530; x_wconf 16' lang='lat' dir='ltr'><strong>(3)7Conlra.</strong></span> <span class='ocrx_word' id='word_1_873' title='bbox 807 5468 961 5518; x_wconf 81' lang='lat' dir='ltr'><strong>Deest</strong></span> <span class='ocrx_word' id='word_1_874' title='bbox 987 5468 1036 5518; x_wconf 81' lang='lat' dir='ltr'><strong>in</strong></span> <span class='ocrx_word' id='word_1_875' title='bbox 1060 5465 1236 5518; x_wconf 86' lang='lat' dir='ltr'><strong>editis.</strong></span> 
     </span>
    </p>
   </div>
   <div class='ocr_carea' id='block_1_107' title="bbox 469 5534 1266 5608">
    <p class='ocr_par' dir='ltr' id='par_1_107' title="bbox 469 5534 1266 5608">
     <span class='ocr_line' id='line_1_108' title="bbox 469 5534 1266 5608; baseline 0.001 -25"><span class='ocrx_word' id='word_1_876' title='bbox 573 5535 702 5608; x_wconf 44' lang='lat' dir='ltr'><strong>lgor.</strong></span> <span class='ocrx_word' id='word_1_877' title='bbox 723 5534 995 5608; x_wconf 69' lang='lat' dir='ltr'><strong>Oniittitur</strong></span> <span class='ocrx_word' id='word_1_878' title='bbox 1019 5538 1069 5585; x_wconf 87' lang='lat' dir='ltr'><strong>in</strong></span> <span class='ocrx_word' id='word_1_879' title='bbox 1091 5535 1266 5608; x_wconf 81' lang='lat' dir='ltr'><strong>editis.</strong></span> 
     </span>
    </p>
   </div>
   <div class='ocr_carea' id='block_1_108' title="bbox 471 5599 1637 5667">
    <p class='ocr_par' dir='ltr' id='par_1_108' title="bbox 471 5599 1637 5667">
     <span class='ocr_line' id='line_1_109' title="bbox 471 5599 1637 5667; baseline -0.001 -17"><span class='ocrx_word' id='word_1_880' title='bbox 471 5601 544 5667; x_wconf 70' lang='lat' dir='ltr'><strong>(is)</strong></span> <span class='ocrx_word' id='word_1_881' title='bbox 571 5603 804 5664; x_wconf 79' lang='lat' dir='ltr'><strong>Quidcm.</strong></span> <span class='ocrx_word' id='word_1_882' title='bbox 838 5603 1167 5656; x_wconf 64' lang='lat' dir='ltr'><strong>Desidet-atm-</strong></span> <span class='ocrx_word' id='word_1_883' title='bbox 1198 5604 1247 5653; x_wconf 92' lang='lat' dir='ltr'><strong>in</strong></span> <span class='ocrx_word' id='word_1_884' title='bbox 1278 5611 1432 5654; x_wconf 84' lang='lat' dir='ltr'><strong>antea</strong></span> <span class='ocrx_word' id='word_1_885' title='bbox 1461 5599 1637 5653; x_wconf 66' lang='lat' dir='ltr'><strong>editis.</strong></span> 
     </span>
    </p>
   </div>
   <div class='ocr_carea' id='block_1_109' title="bbox 911 4699 2102 4767">
    <p class='ocr_par' dir='ltr' id='par_1_109' title="bbox 911 4699 2102 4767">
     <span class='ocr_line' id='line_1_110' title="bbox 911 4699 2102 4767; baseline -0.01 -5"><span class='ocrx_word' id='word_1_886' title='bbox 911 4709 955 4739; x_wconf 78' lang='lat'>“</span> <span class='ocrx_word' id='word_1_887' title='bbox 981 4708 1176 4761; x_wconf 79' lang='lat' dir='ltr'><strong>Jcrem.</strong></span> <span class='ocrx_word' id='word_1_888' title='bbox 1203 4721 1350 4764; x_wconf 78' lang='lat' dir='ltr'><strong>xvni,</strong></span> <span class='ocrx_word' id='word_1_889' title='bbox 1383 4705 1436 4767; x_wconf 83' lang='grc'><strong>5,</strong></span> <span class='ocrx_word' id='word_1_890' title='bbox 1461 4702 1513 4754; x_wconf 83' lang='grc'><strong>6.</strong></span> <span class='ocrx_word' id='word_1_891' title='bbox 1585 4700 1628 4729; x_wconf 71' lang='grc'><strong>’³</strong></span> <span class='ocrx_word' id='word_1_892' title='bbox 1657 4699 1820 4753; x_wconf 84' lang='lat' dir='ltr'><strong>Eccli.</strong></span> <span class='ocrx_word' id='word_1_893' title='bbox 1852 4713 2014 4759; x_wconf 71' lang='lat' dir='ltr'><strong>xxvii,</strong></span> <span class='ocrx_word' id='word_1_894' title='bbox 2049 4705 2102 4750; x_wconf 77' lang='lat' dir='ltr'><strong>ti.</strong></span> 
     </span>
    </p>
   </div>
   <div class='ocr_carea' id='block_1_110' title="bbox 1998 4420 3690 4490">
    <p class='ocr_par' dir='ltr' id='par_1_110' title="bbox 1998 4420 3690 4490">
     <span class='ocr_line' id='line_1_111' title="bbox 1998 4420 3690 4490; baseline 0.001 -16"><span class='ocrx_word' id='word_1_895' title='bbox 1998 4420 2259 4490; x_wconf 66' lang='lat' dir='ltr'><strong>dicit(l4)</strong></span> <span class='ocrx_word' id='word_1_896' title='bbox 2294 4435 2412 4474; x_wconf 90' lang='lat' dir='ltr'><strong>esse</strong></span> <span class='ocrx_word' id='word_1_897' title='bbox 2456 4423 2524 4473; x_wconf 90' lang='lat' dir='ltr'><strong>ad</strong></span> <span class='ocrx_word' id='word_1_898' title='bbox 2563 4422 2861 4487; x_wconf 87' lang='lat' dir='ltr'><strong>honorem,</strong></span> <span class='ocrx_word' id='word_1_899' title='bbox 2911 4427 3036 4479; x_wconf 84' lang='lat' dir='ltr'><strong>alia</strong></span> <span class='ocrx_word' id='word_1_900' title='bbox 3082 4444 3239 4483; x_wconf 87' lang='lat' dir='ltr'><strong>vero</strong></span> <span class='ocrx_word' id='word_1_901' title='bbox 3288 4435 3367 4485; x_wconf 78' lang='lat' dir='ltr'><strong>ad</strong></span> <span class='ocrx_word' id='word_1_902' title='bbox 3402 4442 3690 4485; x_wconf 72' lang='lat' dir='ltr'><strong>contume-</strong></span> 
     </span>
    </p>
   </div>
   <div class='ocr_carea' id='block_1_111' title="bbox 2003 4509 3689 4592">
    <p class='ocr_par' dir='ltr' id='par_1_111' title="bbox 2003 4509 3689 4592">
     <span class='ocr_line' id='line_1_112' title="bbox 2003 4509 3689 4592; baseline 0.005 -29"><span class='ocrx_word' id='word_1_903' title='bbox 2003 4513 2125 4564; x_wconf 88' lang='lat' dir='ltr'><strong>liam</strong></span> <span class='ocrx_word' id='word_1_904' title='bbox 2155 4511 2296 4564; x_wconf 86' lang='lat' dir='ltr'><strong>tieri.</strong></span> <span class='ocrx_word' id='word_1_905' title='bbox 2328 4509 2600 4564; x_wconf 88' lang='lat' dir='ltr'><strong>Similiter</strong></span> <span class='ocrx_word' id='word_1_906' title='bbox 2631 4521 2688 4564; x_wconf 87' lang='lat' dir='ltr'><strong>et</strong></span> <span class='ocrx_word' id='word_1_907' title='bbox 2719 4513 2819 4567; x_wconf 90' lang='lat' dir='ltr'><strong>ubi</strong></span> <span class='ocrx_word' id='word_1_908' title='bbox 2842 4522 3215 4574; x_wconf 74' lang='lat' dir='ltr'><strong>memoravit</strong></span> <span class='ocrx_word' id='word_1_909' title='bbox 3247 4523 3384 4592; x_wconf 80' lang='lat' dir='ltr'><strong>(l5)</strong></span> <span class='ocrx_word' id='word_1_910' title='bbox 3416 4524 3689 4576; x_wconf 81' lang='lat' dir='ltr'><strong>rationein</strong></span> 
     </span>
    </p>
   </div>
   <div class='ocr_carea' id='block_1_112' title="bbox 3164 4640 3690 4708">
    <p class='ocr_par' dir='ltr' id='par_1_112' title="bbox 3164 4640 3690 4708">
     <span class='ocr_line' id='line_1_113' title="bbox 3164 4640 3690 4708; baseline -0.002 -14"><span class='ocrx_word' id='word_1_911' title='bbox 3164 4640 3220 4668; x_wconf 72' lang='grc' dir='ltr'><strong>ιε</strong></span> <span class='ocrx_word' id='word_1_912' title='bbox 3254 4641 3408 4693; x_wconf 85' lang='lat' dir='ltr'><strong>ibid.</strong></span> <span class='ocrx_word' id='word_1_913' title='bbox 3471 4640 3540 4692; x_wconf 72' lang='lat' dir='ltr'><strong>et</strong></span> <span class='ocrx_word' id='word_1_914' title='bbox 3577 4655 3690 4708; x_wconf 78' lang='lat' dir='ltr'><strong>seq.</strong></span> 
     </span>
    </p>
   </div>
   <div class='ocr_carea' id='block_1_113' title="bbox 2568 4625 3056 4696">
    <p class='ocr_par' dir='ltr' id='par_1_113' title="bbox 2568 4625 3056 4696">
     <span class='ocr_line' id='line_1_114' title="bbox 2568 4625 3056 4696; baseline 0 -11"><span class='ocrx_word' id='word_1_915' title='bbox 2568 4627 2616 4656; x_wconf 72' lang='grc'><strong>’³</strong></span> <span class='ocrx_word' id='word_1_916' title='bbox 2651 4625 2788 4678; x_wconf 74' lang='lat' dir='ltr'><strong>Dan.</strong></span> <span class='ocrx_word' id='word_1_917' title='bbox 2838 4646 2922 4696; x_wconf 77' lang='lat' dir='ltr'><strong>ix,</strong></span> <span class='ocrx_word' id='word_1_918' title='bbox 2950 4633 3056 4685; x_wconf 69' lang='lat'><strong>‘25.</strong></span> 
     </span>
    </p>
   </div>
   <div class='ocr_carea' id='block_1_114' title="bbox 2175 4695 2810 4757">
    <p class='ocr_par' dir='ltr' id='par_1_114' title="bbox 2175 4695 2810 4757">
     <span class='ocr_line' id='line_1_115' title="bbox 2175 4695 2810 4757; baseline 0.005 -11"><span class='ocrx_word' id='word_1_919' title='bbox 2175 4697 2218 4726; x_wconf 80' lang='grc' dir='ltr'><strong>⁸ο</strong></span> <span class='ocrx_word' id='word_1_920' title='bbox 2254 4695 2291 4746; x_wconf 85' lang='grc' dir='ltr'><strong>ΙΙ</strong></span> <span class='ocrx_word' id='word_1_921' title='bbox 2322 4695 2464 4750; x_wconf 81' lang='lat' dir='ltr'><strong>Tini.</strong></span> <span class='ocrx_word' id='word_1_922' title='bbox 2504 4711 2560 4753; x_wconf 88' lang='lat' dir='ltr'><strong>tt.</strong></span> <span class='ocrx_word' id='word_1_923' title='bbox 2589 4695 2685 4757; x_wconf 70' lang='lat'><strong>9.0,</strong></span> <span class='ocrx_word' id='word_1_924' title='bbox 2713 4697 2810 4752; x_wconf 73' lang='grc'><strong>21.</strong></span> 
     </span>
    </p>
   </div>
   <div class='ocr_carea' id='block_1_115' title="bbox 2073 4833 3688 4916">
    <p class='ocr_par' dir='ltr' id='par_1_115' title="bbox 2073 4833 3688 4916">
     <span class='ocr_line' id='line_1_116' title="bbox 2073 4833 3688 4916; baseline 0.011 -34"><span class='ocrx_word' id='word_1_925' title='bbox 2073 4835 2149 4900; x_wconf 81' lang='grc'><strong>(6)</strong></span> <span class='ocrx_word' id='word_1_926' title='bbox 2179 4833 2345 4897; x_wconf 81' lang='lat' dir='ltr'><strong>Editi,</strong></span> <span class='ocrx_word' id='word_1_927' title='bbox 2376 4852 2395 4884; x_wconf 78' lang='grc' dir='ltr'><strong>ι</strong></span> <span class='ocrx_word' id='word_1_928' title='bbox 2422 4847 2523 4902; x_wconf 87' lang='lat' dir='ltr'><strong>per</strong></span> <span class='ocrx_word' id='word_1_929' title='bbox 2547 4850 2610 4887; x_wconf 87' lang='lat' dir='ltr'><strong>ea</strong></span> <span class='ocrx_word' id='word_1_930' title='bbox 2636 4852 2762 4916; x_wconf 69' lang='lat' dir='ltr'><strong>qua:</strong></span> <span class='ocrx_word' id='word_1_931' title='bbox 2795 4841 3149 4906; x_wconf 88' lang='lat' dir='ltr'><strong>respondet.</strong></span> <span class='ocrx_word' id='word_1_932' title='bbox 3191 4862 3212 4896; x_wconf 76' lang='grc' dir='ltr'><strong>ι</strong></span> <span class='ocrx_word' id='word_1_933' title='bbox 3257 4845 3408 4903; x_wconf 79' lang='lat' dir='ltr'><strong>Mss.</strong></span> <span class='ocrx_word' id='word_1_934' title='bbox 3438 4848 3688 4915; x_wconf 82' lang='lat' dir='ltr'><strong>quidam,</strong></span> 
     </span>
    </p>
   </div>
   <div class='ocr_carea' id='block_1_116' title="bbox 2009 4917 3114 4974">
    <p class='ocr_par' dir='ltr' id='par_1_116' title="bbox 2009 4917 3114 4974">
     <span class='ocr_line' id='line_1_117' title="bbox 2009 4917 3114 4974; baseline 0.012 -23"><span class='ocrx_word' id='word_1_935' title='bbox 2009 4920 2025 4951; x_wconf 83' lang='grc' dir='ltr'><strong>ι</strong></span> <span class='ocrx_word' id='word_1_936' title='bbox 2066 4918 2156 4974; x_wconf 62' lang='lat' dir='ltr'><strong>per</strong></span> <span class='ocrx_word' id='word_1_937' title='bbox 2184 4917 2280 4974; x_wconf 77' lang='lat' dir='ltr'><strong>eas</strong></span> <span class='ocrx_word' id='word_1_938' title='bbox 2313 4918 2438 4974; x_wconf 69' lang='lat' dir='ltr'><strong>quie</strong></span> <span class='ocrx_word' id='word_1_939' title='bbox 2474 4919 2899 4974; x_wconf 76' lang='lat' dir='ltr'><strong>reSpunsmncs.</strong></span> <span class='ocrx_word' id='word_1_940' title='bbox 2930 4927 2950 4958; x_wconf 75' lang='grc' dir='ltr'><strong>ι</strong></span> <span class='ocrx_word' id='word_1_941' title='bbox 2989 4921 3114 4964; x_wconf 88' lang='lat' dir='ltr'><strong>etc.</strong></span> 
     </span>
    </p>
   </div>
   <div class='ocr_carea' id='block_1_117' title="bbox 2074 4971 3549 5054">
    <p class='ocr_par' dir='ltr' id='par_1_117' title="bbox 2074 4971 3549 5054">
     <span class='ocr_line' id='line_1_118' title="bbox 2074 4971 3549 5054; baseline 0.005 -27"><span class='ocrx_word' id='word_1_942' title='bbox 2178 4971 2347 5054; x_wconf 54' lang='lat' dir='ltr'><strong>Editi,</strong></span> <span class='ocrx_word' id='word_1_943' title='bbox 2381 4990 2398 5020; x_wconf 75' lang='grc' dir='ltr'><strong>ι</strong></span> <span class='ocrx_word' id='word_1_944' title='bbox 2443 4971 2803 5054; x_wconf 75' lang='lat' dir='ltr'><strong>contumacis</strong></span> <span class='ocrx_word' id='word_1_945' title='bbox 2827 4992 2970 5045; x_wconf 84' lang='lat' dir='ltr'><strong>ergo</strong></span> <span class='ocrx_word' id='word_1_946' title='bbox 2996 4995 3135 5047; x_wconf 70' lang='lat' dir='ltr'><strong>qua:</strong></span> <span class='ocrx_word' id='word_1_947' title='bbox 3162 4986 3311 5048; x_wconf 79' lang='lat' dir='ltr'><strong>erit,</strong></span> <span class='ocrx_word' id='word_1_948' title='bbox 3367 5006 3390 5039; x_wconf 72' lang='grc' dir='ltr'><strong>ι</strong></span> <span class='ocrx_word' id='word_1_949' title='bbox 3433 4997 3549 5040; x_wconf 74' lang='grc' dir='ltr'><strong>εις,</strong></span> 
     </span>
    </p>
   </div>
   <div class='ocr_carea' id='block_1_118' title="bbox 2073 5029 3582 5120">
    <p class='ocr_par' dir='ltr' id='par_1_118' title="bbox 2073 5029 3582 5120">
     <span class='ocr_line' id='line_1_119' title="bbox 2073 5029 3582 5120; baseline 0.009 -29"><span class='ocrx_word' id='word_1_950' title='bbox 2073 5041 2150 5120; x_wconf 53' lang='grc' dir='ltr'>(ξ)</span> <span class='ocrx_word' id='word_1_951' title='bbox 2178 5039 2392 5120; x_wconf 45' lang='lat' dir='ltr'><strong>lli‘dithf</strong></span> <span class='ocrx_word' id='word_1_952' title='bbox 2429 5052 2487 5093; x_wconf 90' lang='lat' dir='ltr'><strong>et</strong></span> <span class='ocrx_word' id='word_1_953' title='bbox 2523 5045 2814 5120; x_wconf 82' lang='lat' dir='ltr'><strong>admirans</strong></span> <span class='ocrx_word' id='word_1_954' title='bbox 2842 5029 3222 5120; x_wconf 49' lang='lat' dir='ltr'><strong>sapientiai;</strong></span> <span class='ocrx_word' id='word_1_955' title='bbox 3243 5029 3582 5110; x_wconf 57' lang='grc' dir='ltr'><strong>ἐἰᾈιῖιιῆἶῗ.</strong></span> 
     </span>
    </p>
   </div>
   <div class='ocr_carea' id='block_1_119' title="bbox 2083 5108 3045 5190">
    <p class='ocr_par' dir='ltr' id='par_1_119' title="bbox 2083 5108 3045 5190">
     <span class='ocr_line' id='line_1_120' title="bbox 2083 5108 3045 5190; baseline 0.009 -30"><span class='ocrx_word' id='word_1_956' title='bbox 2083 5108 2532 5190; x_wconf 32' lang='grc' dir='ltr'>(ῼλιοιιιξιιιιιιιςῃι</span> <span class='ocrx_word' id='word_1_957' title='bbox 2567 5125 2654 5190; x_wconf 73' lang='lat' dir='ltr'><strong>est</strong></span> <span class='ocrx_word' id='word_1_958' title='bbox 2696 5134 2714 5166; x_wconf 77' lang='grc' dir='ltr'><strong>ι</strong></span> <span class='ocrx_word' id='word_1_959' title='bbox 2753 5115 2809 5167; x_wconf 87' lang='lat' dir='ltr'><strong>iii</strong></span> <span class='ocrx_word' id='word_1_960' title='bbox 2844 5108 3045 5171; x_wconf 74' lang='lat' dir='ltr'><strong>editis.</strong></span> 
     </span>
    </p>
   </div>
   <div class='ocr_carea' id='block_1_120' title="bbox 2081 5178 3688 5260">
    <p class='ocr_par' dir='ltr' id='par_1_120' title="bbox 2081 5178 3688 5260">
     <span class='ocr_line' id='line_1_121' title="bbox 2081 5178 3688 5260; baseline 0.015 -34"><span class='ocrx_word' id='word_1_961' title='bbox 2411 5197 2430 5228; x_wconf 80' lang='lat' dir='ltr'><strong>t</strong></span> <span class='ocrx_word' id='word_1_962' title='bbox 2455 5181 2516 5234; x_wconf 89' lang='lat' dir='ltr'><strong>Si</strong></span> <span class='ocrx_word' id='word_1_963' title='bbox 2565 5183 2785 5260; x_wconf 82' lang='lat' dir='ltr'><strong>aliquid</strong></span> <span class='ocrx_word' id='word_1_964' title='bbox 2811 5189 3029 5242; x_wconf 89' lang='lat' dir='ltr'><strong>secreti</strong></span> <span class='ocrx_word' id='word_1_965' title='bbox 3072 5189 3176 5243; x_wconf 90' lang='lat' dir='ltr'><strong>Dei</strong></span> <span class='ocrx_word' id='word_1_966' title='bbox 3213 5205 3282 5246; x_wconf 89' lang='lat' dir='ltr'><strong>et</strong></span> <span class='ocrx_word' id='word_1_967' title='bbox 3321 5199 3634 5251; x_wconf 86' lang='lat' dir='ltr'><strong>reconditi.</strong></span> <span class='ocrx_word' id='word_1_968' title='bbox 3666 5212 3688 5249; x_wconf 69' lang='grc' dir='ltr'><strong>ι</strong></span> 
     </span>
    </p>
   </div>
   <div class='ocr_carea' id='block_1_121' title="bbox 2080 5246 3282 5328">
    <p class='ocr_par' dir='ltr' id='par_1_121' title="bbox 2080 5246 3282 5328">
     <span class='ocr_line' id='line_1_122' title="bbox 2080 5246 3282 5328; baseline 0.017 -35"><span class='ocrx_word' id='word_1_969' title='bbox 2425 5269 2442 5300; x_wconf 81' lang='grc' dir='ltr'><strong>ι</strong></span> <span class='ocrx_word' id='word_1_970' title='bbox 2476 5246 2999 5328; x_wconf 45' lang='lat' dir='ltr'><strong>cantet-nptionuni,</strong></span> <span class='ocrx_word' id='word_1_971' title='bbox 3033 5276 3054 5309; x_wconf 71' lang='grc' dir='ltr'><strong>ι</strong></span> <span class='ocrx_word' id='word_1_972' title='bbox 3089 5262 3282 5318; x_wconf 85' lang='lat' dir='ltr'><strong>male.</strong></span> 
     </span>
    </p>
   </div>
   <div class='ocr_carea' id='block_1_122' title="bbox 2079 5315 3388 5399">
    <p class='ocr_par' dir='ltr' id='par_1_122' title="bbox 2079 5315 3388 5399">
     <span class='ocr_line' id='line_1_123' title="bbox 2079 5315 3388 5399; baseline 0.005 -24"><span class='ocrx_word' id='word_1_973' title='bbox 2426 5339 2444 5370; x_wconf 81' lang='grc' dir='ltr'><strong>ι</strong></span> <span class='ocrx_word' id='word_1_974' title='bbox 2487 5321 2692 5385; x_wconf 74' lang='lat' dir='ltr'><strong>ﬁgulus</strong></span> <span class='ocrx_word' id='word_1_975' title='bbox 2800 5315 3146 5399; x_wconf 47' lang='lat' dir='ltr'><strong>inqttit&#39;qui,</strong></span> <span class='ocrx_word' id='word_1_976' title='bbox 3195 5349 3221 5382; x_wconf 70' lang='grc' dir='ltr'><strong>ι</strong></span> <span class='ocrx_word' id='word_1_977' title='bbox 3258 5315 3388 5394; x_wconf 65' lang='lat' dir='ltr'><strong>etc,</strong></span> 
     </span>
    </p>
   </div>
   <div class='ocr_carea' id='block_1_123' title="bbox 2011 5385 3691 5509">
    <p class='ocr_par' dir='ltr' id='par_1_123' title="bbox 2011 5385 3691 5509">
     <span class='ocr_line' id='line_1_124' title="bbox 2011 5385 3691 5509; baseline 0.01 -67"><span class='ocrx_word' id='word_1_978' title='bbox 2011 5387 2189 5509; x_wconf 37' lang='lat' dir='ltr'><strong>&quot;uti?</strong></span> <span class='ocrx_word' id='word_1_979' title='bbox 2435 5407 2455 5440; x_wconf 70' lang='grc' dir='ltr'><strong>ι</strong></span> <span class='ocrx_word' id='word_1_980' title='bbox 2505 5408 2677 5460; x_wconf 86' lang='lat' dir='ltr'><strong>opera</strong></span> <span class='ocrx_word' id='word_1_981' title='bbox 2721 5396 2822 5450; x_wconf 86' lang='lat' dir='ltr'><strong>Dei</strong></span> <span class='ocrx_word' id='word_1_982' title='bbox 2863 5385 3166 5466; x_wconf 41' lang='lat' dir='ltr'><strong>sapiente-1&#39;</strong></span> <span class='ocrx_word' id='word_1_983' title='bbox 3195 5385 3288 5456; x_wconf 35' lang='lat' dir='ltr'><strong>inv</strong></span> <span class='ocrx_word' id='word_1_984' title='bbox 3305 5385 3691 5475; x_wconf 64' lang='lat' dir='ltr'><strong>dispensatio-</strong></span> 
     </span>
    </p>
   </div>
   <div class='ocr_carea' id='block_1_124' title="bbox 2081 5523 2914 5616">
    <p class='ocr_par' dir='ltr' id='par_1_124' title="bbox 2081 5523 2914 5616">
     <span class='ocr_line' id='line_1_125' title="bbox 2081 5523 2914 5616; baseline 0.029 -46"><span class='ocrx_word' id='word_1_985' title='bbox 2425 5530 2600 5616; x_wconf 63' lang='lat' dir='ltr'><strong>Deest</strong></span> <span class='ocrx_word' id='word_1_986' title='bbox 2633 5536 2694 5616; x_wconf 36' lang='lat' dir='ltr'><strong>in.</strong></span> <span class='ocrx_word' id='word_1_987' title='bbox 2723 5539 2914 5594; x_wconf 85' lang='lat' dir='ltr'><strong>editis.</strong></span> 
     </span>
    </p>
   </div>
   <div class='ocr_carea' id='block_1_125' title="bbox 2083 5593 3683 5682">
    <p class='ocr_par' dir='ltr' id='par_1_125' title="bbox 2083 5593 3683 5682">
     <span class='ocr_line' id='line_1_126' title="bbox 2083 5593 3683 5682; baseline 0.016 -38"><span class='ocrx_word' id='word_1_988' title='bbox 2083 5595 2193 5662; x_wconf 63' lang='grc' dir='ltr'>(ιδ)</span> <span class='ocrx_word' id='word_1_989' title='bbox 2228 5593 2398 5664; x_wconf 76' lang='lat' dir='ltr'><strong>Editi,</strong></span> <span class='ocrx_word' id='word_1_990' title='bbox 2441 5621 2460 5650; x_wconf 83' lang='grc' dir='ltr'><strong>ι</strong></span> <span class='ocrx_word' id='word_1_991' title='bbox 2511 5604 2793 5663; x_wconf 77' lang='lat' dir='ltr'><strong>Similiter</strong></span> <span class='ocrx_word' id='word_1_992' title='bbox 2828 5593 3010 5666; x_wconf 12' lang='lat' dir='ltr'><strong>etiliic</strong></span> <span class='ocrx_word' id='word_1_993' title='bbox 3051 5618 3416 5668; x_wconf 72' lang='lat' dir='ltr'><strong>memoravit</strong></span> <span class='ocrx_word' id='word_1_994' title='bbox 3444 5657 3457 5682; x_wconf 90' lang='lat'><strong>,</strong></span> <span class='ocrx_word' id='word_1_995' title='bbox 3523 5636 3540 5668; x_wconf 79' lang='grc' dir='ltr'><strong>ι</strong></span> <span class='ocrx_word' id='word_1_996' title='bbox 3578 5627 3683 5668; x_wconf 76' lang='lat' dir='ltr'><strong>cir-</strong></span> 
     </span>
    </p>
   </div>
  </div>
