3894 6236
409 268 555 323 1149

1338 272 1680 328 COMMENT.
1722 271 1783 323 IN
1819 269 2030 325 EI’IST.
2069 272 2158 324 AD
2197 275 2357 328 ROM.
2401 273 2523 326 LIB.
2566 273 2674 329 νη.

3420 275 3555 326 1150

403 401 585 453 quare
611 387 708 439 alia
741 388 804 441 ad
839 389 1121 453 honorem,
1166 387 1266 440 alia
1308 404 1435 441 vero
1461 392 1525 442 ad
1564 390 1934 442 contumeliam
1968 394 2010 446 Α
2036 389 2193 456 617
2227 393 2310 443 hic
2350 391 2478 442 nihil
2507 393 2608 443 tale
2645 391 2830 454 reddit,
2877 388 2967 442 sed
3007 387 3154 456 quasi
3207 402 3385 455 vagam
3425 403 3553 441 ευ...

406 475 585 526 tiant:
622 477 690 528 ibi
727 477 896 538 siluit,
926 478 1012 530 hic
1038 480 1261 541 spernit.
1295 494 1314 526 ‹
1357 477 1412 529 Si
1447 480 1585 531 enim
1611 479 1726 546 quis
1749 493 1935 530 emun-

400 561 624 614 daverit
677 567 1030 631 semetipsum,
1079 566 1265 632 inquit,
1325 567 1390 618 ab
1443 567 1542 630 his,
1578 585 1597 617 ι
1632 567 1744 618 sine
1783 567 1938 618 dubio

399 652 619 712 peccati
651 655 926 716 sordibus,
959 671 978 704 ι
1017 655 1117 706 erit
1143 656 1209 706 ad
1234 655 1486 708 honorem
1512 671 1606 708 vas
1639 656 1936 708 sanctiﬁca-

399 748 548 802 tum,
578 751 632 792 et
659 743 790 794 utile
830 743 1080 806 Domino,
1124 745 1188 797 ad
1214 759 1367 798 omne
1402 760 1534 812 opus
1559 747 1750 799 bonum
1786 761 1939 813 para-

397 837 524 879 tum
563 828 629 880 ³¹.
669 847 689 879 ι
732 829 913 881 Restat
934 831 1092 898 igitur
1116 842 1174 883 ut
1201 831 1289 895 qui
1321 846 1379 884 se
1411 847 1513 882 non
1545 832 1934 891 emuudaverit,

396 929 508 967 nec
541 932 636 978 per
668 917 1032 983 paniteutiam
1054 919 1258 984 peccati
1299 919 1528 972 maculas
1550 918 1774 971 abluerit
1807 918 1935 988 (l6),

391 1004 473 1055 sit
503 1018 604 1056 vas
641 1005 708 1056 ad
743 1005 1132 1057 contumeliam.
1177 1005 1324 1069 Quod
1361 1015 1413 1058 et
1458 1007 1502 1059 si
1549 1008 1753 1059 auxerit
1783 1008 1938 1060 ntali-

392 1091 564 1153 tiam,
589 1101 641 1144 et
669 1093 902 1146 converti
939 1108 1032 1160 per
1049 1093 1296 1145 duritiam
1328 1095 1520 1146 mentis
1545 1106 1596 1146 et
1625 1110 1718 1148 cor
1755 1096 1938 1163 impa-

390 1179 586 1232 niteus
614 1183 828 1233 omnino
851 1182 1244 1247 contempserit,
1275 1181 1502 1248 eritjam
1529 1197 1628 1236 non
1651 1184 1816 1236 solum
1846 1200 1936 1235 vas

387 1269 769 1330 contumelia,
824 1271 916 1323 sed
962 1280 1016 1322 et
1066 1285 1159 1346 vas
1219 1271 1326 1323 ira.
1391 1270 1464 1322 Ita
1512 1287 1636 1340 ergo
1681 1274 1934 1326 rationem

387 1372 570 1422 quam
594 1358 662 1410 ibi
693 1359 906 1424 imligne
936 1357 1273 1424 poscentibus
1311 1359 1526 1425 claudit,
1561 1363 1646 1415 hic
1669 1363 1822 1430 digne
1845 1363 1937 1414 de-

385 1448 770 1499 siderantibus
810 1447 993 1514 pandit
1035 1465 1048 1500 :
1084 1465 1178 1517 per
1221 1464 1375 1517 quam
1427 1451 1584 1503 etiam
1634 1451 1758 1503 illud
1800 1451 1936 1518 quod

385 1537 566 1600 paulo
589 1546 712 1588 ante
740 1536 978 1591 deJacob
999 1549 1051 1592 et
1083 1541 1219 1593 Esau
1255 1541 1526 1609 proposuit
1553 1541 1684 1610 (t7),
1703 1543 1936 1608 apertius

383 1626 742 1691 exltlauatur.
792 1625 856 1680 Ut
898 1627 1036 1680 enim
1073 1627 1234 1682 Jacob
1273 1639 1415 1682 esset
1446 1644 1538 1681 vas
1584 1631 1646 1680 ad
1683 1630 1933 1681 honorem

2031 480 2354 545 junctionem
2385 483 2535 533 istam
2579 482 2820 547 reliquit;
2848 496 2963 548 qua
2997 480 3156 532 etiam
3192 479 3235 531 si
3272 493 3372 530 non
3403 494 3553 530 assu-

2038 579 2241 630 matur,
2286 570 2509 621 lucidior
2568 573 2765 636 absque
2815 585 2875 622 ea
2939 569 3151 620 dabitur
3203 566 3550 620 intellectus:

2037 657 2177 708 verbi
2203 671 2385 718 causa,
2415 667 2470 709 ut
2504 659 2570 709 ita
2603 659 2836 724 legamus
2867 675 2879 708 :
2921 675 2938 706 ι
2983 656 3174 709 Volens
3205 655 3341 707 Deus
3369 664 3553 708 osten-

2035 743 2161 796 dere
2191 744 2344 804 iratn,
2381 755 2432 796 et
2463 757 2639 796 notam
2673 746 2849 796 facere
2875 745 3156 811 potentiam
3185 759 3356 802 suam,
3389 745 3550 794 susti-

2037 835 2148 886 nuit
2186 834 2234 884 in
2269 833 2426 884 multa
2455 836 2709 901 patientia
2744 851 2865 886 vasa
2911 838 2998 887 ira:
3033 845 3152 900 apta
3193 835 3244 884 in
3295 834 3545 898 perditio-

2036 935 2174 982 nem,
2212 931 2268 972 ut
2308 931 2460 974 notas
2505 923 2702 974 faceret
2730 924 2943 974 divitias
2988 923 3165 988 gloria
3192 937 3300 974 sua
3329 923 3378 973 in
3411 923 3553 972 vasis

2036 1010 2426 1064 misericordia.
2465 1031 2482 1062 ι
2524 1012 2576 1063 ln
2619 1026 2725 1078 quo
2766 1014 2864 1064 hoc
2898 1013 3106 1062 videtur
3149 1011 3392 1078 intelligi,
3432 1012 3552 1076 quia

2035 1096 2156 1148 dum
2203 1096 2423 1150 sustinet
2459 1099 2595 1150 Deus
2642 1107 2696 1150 et
2736 1097 2997 1163 patienter
3040 1096 3142 1150 fert
3185 1097 3480 1149 incredulos
3504 1107 3556 1148 et

2036 1184 2296 1248 infideles,
2342 1195 2520 1238 notam
2566 1187 2696 1240 facit
2738 1187 3036 1240 hominibus
3067 1195 3119 1238 et
3163 1187 3466 1253 patientiam
3503 1197 3556 1237 et

2036 1275 2320 1341 potentiam
2345 1290 2497 1328 suam
2533 1293 2546 1330 :
2579 1276 2915 1342 patientiam,
2953 1275 3076 1327 dum
3116 1276 3204 1327 diu
3240 1277 3480 1336 sustinet,
3511 1275 3554 1325 si

2034 1361 2170 1416 forte
2191 1362 2529 1429 resipiscant,
2555 1374 2609 1416 et
2629 1370 3006 1416 convertantur
3030 1377 3044 1425 ;
3086 1365 3400 1428 potentiam,
3427 1363 3553 1414 dum

2035 1451 2318 1518 aliquando
2346 1452 2517 1518 punit,
2540 1462 2593 1504 et
2621 1453 2816 1519 flagitia
2849 1467 2951 1503 non
2989 1466 3361 1517 usquequaque
3392 1452 3553 1502 inulta

2034 1541 2374 1608 derelinquit.
2412 1543 2474 1594 Et
2505 1557 2714 1593 rursum
2751 1559 2769 1590 ι
2809 1542 2862 1592 in
2914 1539 3052 1591 vasis
3099 1541 3490 1602 misericordia,
3530 1558 3548 1588 ι

2036 1631 2136 1682 boc
2185 1641 2285 1692 est,
2336 1627 2435 1699 qut'
2471 1632 2780 1698 setttetipsos
2828 1631 3246 1684 eutttudaverunt
3290 1630 3356 1680 ab
3406 1630 3553 1679 omni

381 1712 820 1776 stittctiticatum,
855 1724 906 1766 et
938 1715 1062 1766 utile
1103 1715 1322 1768 Domino
1345 1755 1359 1778 ,
1397 1717 1461 1767 ad
1487 1730 1644 1768 omne
1671 1730 1803 1781 opus
1842 1717 1936 1768 bo-
1966 1704 2012 1761 Β
2036 1720 2190 1773 sorde
2221 1720 2446 1787 peccati,
2473 1737 2536 1774 ex
2569 1736 2670 1788 qua
2705 1739 2724 1771 ‹
2763 1723 2986 1775 mundus
3013 1737 3114 1774 non
3144 1731 3225 1772 est
3251 1720 3552 1786 quisquam,

382 1817 527 1852 num
555 1811 817 1868 paratmn,
835 1803 1008 1854 anima
1027 1803 1137 1868 ejus
1153 1805 1537 1857 emundaVerat
1559 1805 1894 1870 semetipsam
1917 1821 1930 1855 :

380 1903 436 1944 et
477 1892 671 1944 videns
700 1892 838 1944 Deus
862 1893 1140 1954 puritatem
1169 1893 1304 1960 ejus,
1323 1904 1375 1948 et
1395 1903 1706 1961 potestatem
1736 1893 1933 1946 habens

382 1996 457 2032 ex
501 1983 695 2033 eadem
729 1996 898 2033 massa
927 1981 1102 2035 facere
1127 1984 1266 2036 aliud
1294 1997 1384 2036 vas
1401 1985 1464 2036 ad
1495 1984 1768 2044 honorem,
1792 1984 1932 2036 aliud

381 2072 457 2121 ad
506 2071 918 2133 contumeliam,
969 2071 1130 2126 Jacob
1175 2073 1385 2140 quidem
1429 2075 1538 2140 qui,
1574 2083 1630 2125 ut
1685 2075 1930 2138 diximus,

379 2161 787 2211 etnnndaverat
813 2161 919 2227 (l8)
935 2161 1295 2228 semetipsum,
1316 2161 1441 2214 fecit
1461 2178 1552 2215 vas
1573 2164 1636 2214 ad
1660 2163 1932 2227 honorem;

384 2247 544 2298 Esau
579 2261 706 2299 vero
733 2249 1125 2312 cujnsanimam
1150 2263 1250 2300 non
1280 2247 1352 2300 ita
1380 2264 1564 2316 puram
1591 2265 1688 2304 nec
1716 2251 1784 2303 ita
1808 2252 1936 2302 sitn-

381 2337 596 2400 plicem
635 2337 800 2398 vidit,
827 2353 891 2389 ex
931 2338 1113 2390 eadem
1151 2352 1325 2391 massa
1359 2340 1486 2392 fecit
1515 2354 1608 2392 vas
1651 2339 1714 2391 ad
1747 2349 1933 2392 contu-

383 2429 642 2482 meliam.
681 2428 746 2482 Ut
768 2438 940 2481 autem
963 2431 1103 2484 scias
1123 2431 1262 2496 quod
1285 2444 1382 2494 pro
1405 2431 1636 2498 puritate
1661 2439 1714 2484 et
1733 2431 1936 2497 simpli-

381 2521 571 2571 citate
613 2521 802 2572 anima
840 2518 1006 2572 Jaeob
1036 2520 1207 2572 factus
1231 2520 1392 2574 fuerit
1430 2537 1521 2574 vas
1551 2522 1615 2573 ad
1661 2523 1933 2580 honorem,

381 2608 526 2660 andi
572 2607 726 2674 quale
763 2609 809 2659 ei
840 2607 1016 2659 divina
1067 2607 1339 2675 Scriptura
1383 2610 1740 2676 simplicitatis
1787 2610 1936 2661 testi-

383 2697 644 2748 monium
703 2696 961 2762 perhibet.
1010 2714 1027 2746 ‹
1057 2696 1120 2748 Et
1168 2707 1302 2761 erat,
1350 2699 1538 2766 inquit,
1589 2699 1749 2753 Jacoh
1778 2702 1935 2754 homo

381 2784 654 2851 simplex,
685 2784 928 2837 habitans
957 2785 1170 2838 domum
1201 2787 1265 2840 ³³.
1309 2805 1328 2837 ι
1366 2787 1484 2840 Ideo
1514 2804 1638 2856 ergo
1658 2791 1936 2856 Apostolus

381 2874 535 2926 dicit
559 2873 624 2925 de
648 2872 746 2935 eis,
783 2873 903 2937 quia
927 2876 1234 2941 priusquam
1269 2887 1614 2928 nascerentur
1645 2878 1840 2928 dicitur
1870 2880 1935 2931 de

381 2975 472 3014 ets
505 2977 520 3012 :
563 2977 582 3010 ‹
618 2957 778 3011 Iacob
801 2961 977 3022 dilexi,
1010 2961 1145 3014 Esau
1175 2971 1348 3014 autem
1376 2964 1496 3015 odio
1529 2966 1682 3016 habui
1707 2965 1824 3020 ⁸²’.ι

462 3049 562 3102 18.
605 3066 623 3098 ι
666 3051 812 3113 Quod
844 3050 885 3099 si
914 3051 1093 3103 volens
1122 3049 1260 3104 Deus
1289 3053 1566 3104 ostendere
1592 3056 1742 3113 iram,
1771 3065 1930 3108 etno-
1959 3037 2000 3092 (ἶ

383 3151 507 3192 tam
535 3138 715 3190 facere
747 3140 1030 3205 potentiam
1062 3155 1237 3201 suam,
1267 3141 1522 3194 sustinuit
1553 3144 1604 3194 in
1642 3147 1798 3195 multa
1840 3160 1931 3212 pa-

383 3231 594 3284 tientia
630 3244 754 3281 vasa
789 3230 880 3281 ira
901 3239 1020 3297 apta
1055 3231 1104 3282 in
1133 3232 1499 3297 perditionem,
1532 3245 1585 3283 ut
1620 3243 1768 3287 notas
1796 3235 1934 3289 face—

385 3331 477 3374 ret
501 3320 720 3371 divitias
747 3319 927 3386 gloria
958 3334 1067 3374 sua
1096 3321 1144 3372 in
1189 3322 1328 3372 vasis
1369 3321 1776 3386 misericordia,
1817 3342 1933 3392 qua

384 3409 729 3478 praeparavit
765 3409 814 3460 in
858 3409 1075 3476 gloriam
1107 3425 1253 3461 suam
1290 3425 1302 3460 :
1340 3424 1471 3475 quos
1511 3420 1566 3462 et
1603 3414 1811 3465 vocavit
1839 3430 1934 3466 nos

383 3514 506 3552 non
538 3497 710 3550 solum
743 3497 851 3564 (t9)
887 3512 949 3550 ex
983 3495 1198 3560 Judais,
1249 3499 1337 3550 sed
1365 3499 1520 3549 etiam
1567 3514 1632 3551 ex
1671 3500 1931 3566 gentibus,

382 3591 547 3642 sicut
561 3588 612 3638 in
631 3585 764 3638 Osee
782 3587 936 3638 dicit:
959 3585 1163 3637 γορεὼο
1183 3603 1286 3638 non
1303 3586 1506 3653 plebem
1524 3602 1714 3648 meam,
1730 3588 1932 3654 plebem

383 3689 610 3737 meatu;
643 3683 697 3726 et
726 3690 827 3727 non
852 3673 1114 3736 dilectam,
1136 3673 1406 3736 dilectam;
1431 3686 1601 3728 etnon
1635 3677 1934 3730 misericor-

379 3767 546 3820 diam
569 3774 926 3825 consecutam,
944 3762 1350 3815 misericordiam
1369 3767 1930 3820 conseculam.Eterit:

381 3858 446 3909 In
487 3854 638 3915 loco,
662 3852 750 3905 ubi
771 3852 966 3904 dictqu
991 3861 1070 3903 est
1097 3853 1175 3904 eis
1203 3869 1214 3903 :
1241 3850 1350 3904 Non
1378 3854 1524 3920 plebs
1549 3869 1666 3908 mea
1697 3869 1790 3908 vos
1816 3872 1830 3908 :
1865 3857 1932 3908 ibi

379 3944 742 3998 Vocabuutur
770 3941 859 3993 lilii
883 3939 970 3992 Dei
1004 3941 1105 3992 vivi
1135 3941 1199 3994 ³³.
1234 3961 1252 3991 ι
1289 3941 1437 4009 Sape
1472 3944 1534 3994 de
1571 3943 1936 4013 incompositis

379 4031 800 4088 elocutionibus
821 4031 1058 4098 Apostoli
1079 4031 1478 4098 defectibusque
1493 4047 1675 4085 earum
1704 4049 1936 4088 commo-

382 4125 646 4179 tzuimns.
675 4122 814 4188 quod
847 4131 901 4173 et
927 4123 976 4173 in
1005 4123 1247 4189 prasenti
1279 4121 1393 4175 loco
1425 4121 1764 4177 nihilominus
1784 4124 1936 4177 inve-

381 4216 568 4268 nitur.
635 4209 746 4260 Non
805 4211 942 4262 enim
997 4212 1233 4264 redditur
1289 4211 1353 4265 ad
1408 4212 1604 4280 aliquid
1663 4215 1764 4267 hoc
1825 4215 1934 4284 (20)

378 4303 545 4371 quod
603 4299 678 4351 ait
721 4299 771 4350 in
819 4300 1076 4368 principio
1120 4301 1335 4368 capituli
1374 4319 1387 4354 :
1426 4321 1442 4352 ‹
1476 4302 1624 4366 Quod
1667 4305 1708 4356 si
1757 4305 1937 4359 volens

384 4397 567 4448 Deus.
617 4410 635 4441 ι
686 4389 838 4442 Verbi
898 4406 1094 4453 causa,
1166 4401 1223 4443 ut
1289 4401 1342 4444 et
1406 4393 1457 4444 in
1514 4393 1632 4446 aliis
1694 4395 1802 4462 ipse
1861 4398 1939 4451 di-

382 4484 480 4537 xu
503 4481 591 4533 at;
626 4498 644 4529 ε
684 4479 833 4543 Quod
856 4480 899 4532 si
932 4479 1175 4546 primitia
1200 4491 1416 4542 sancta,
1433 4490 1486 4532 et
1517 4497 1688 4536 massa
1720 4483 1831 4552 (21)
1861 4502 1872 4536 :
1912 4504 1931 4536 ι

471 4661 519 4692 ³³
557 4659 596 4712 Il
633 4657 770 4710 Tim.
801 4673 858 4714 tt.
906 4653 989 4708 2|.

382 4734 436 4766 ³⁸
468 4731 577 4785 Job
604 4742 712 4789 xiv,
744 4726 798 4789 4,
832 4725 882 4776 5.
983 4722 1027 4752 ³⁸
1057 4721 1194 4774 Psal.
1226 4736 1349 4786 xxx,
1387 4722 1475 4774 20.

469 4861 591 4980 (16)
619 4859 779 4918 Editi,
810 4875 828 4907 ‹
869 4856 1124 4908 maculam
1147 4853 1392 4908 abluerit.
1430 4874 1448 4905 ι

511 4931 596 4980 t7)
631 4927 802 4980 Alias.
834 4945 852 4976 ι
886 4924 1147 4980 proponit.
1179 4941 1197 4972 ι

511 4931 596 4993 t7)
631 4927 802 4988 Alias,
834 4945 852 4976 ι
886 4924 1147 4993 proponit.
1179 4941 1197 4972 ι

473 4997 596 5068 (18)
619 4996 782 5068 Alias,
804 5011 822 5043 ‹
857 4993 1180 5068 etnttndavit.
1225 5009 1244 5041 ι

475 5059 596 5135 (19)
619 5065 841 5135 ΑΕιΙίιίη(
872 5062 1097 5114 sustinet
1133 5062 1181 5112 in
1221 5059 1382 5135 inulta
1409 5060 1674 5135 patiamin-
1697 5074 1818 5135 vasa
1849 5061 1942 5115 ine

383 5127 532 5206 apta
566 5127 633 5186 ad
657 5133 951 5188 interitum,
979 5139 1033 5179 tit
1057 5129 1362 5206 ostenderet
1391 5130 1601 5205 divitias
1627 5127 1807 5195 gloria:
1834 5144 1943 5183 sua

383 5197 448 5260 in
483 5218 710 5254 Vasa...
740 5214 856 5265 qua
879 5197 1189 5264 prmparavil
1215 5197 1262 5248 in
1286 5197 1528 5262 gloriam,
1555 5211 1691 5262 quos
1711 5204 1765 5246 et
1787 5210 1944 5248 voca-

385 5275 478 5328 vit
508 5287 614 5321 non
647 5268 836 5328 solum,
880 5285 898 5316 ι
925 5277 1025 5317 etc.
1912 5314 1916 5316 Ἴ

474 5339 596 5406 (20)
628 5337 718 5406 Sic
759 5349 883 5384 mss.
927 5329 1475 5406 pletjqneuBabanus
1499 5373 1511 5394 ,
1547 5331 1810 5406 etueditin
1841 5331 1941 5406 Ms,

384 5396 540 5462 vero
572 5396 767 5470 Regius
793 5396 1104 5462 ιιυιιιζίϋόυ,
1137 5417 1154 5446 ε
1192 5396 1304 5456 Non
1327 5402 1462 5453 enim
1493 5399 1719 5454 reddidit
1747 5398 1944 5467 aliquid

384 5478 466 5532 ad
499 5475 622 5532 hoc,
656 5489 674 5519 ι
701 5479 803 5521 etc.

473 5541 594 5610 (9.1)
620 5539 782 5600 Alias,
821 5554 840 5585 ‹
875 5545 924 5587 et
949 5549 1150 5586 massa.
1184 5549 1202 5582 ι

2032 1809 2235 1862 etiamsi
2279 1811 2433 1864 unius
2476 1811 2579 1863 diei
2627 1811 2786 1864 fuerit
2829 1813 2929 1866 vita
2962 1811 3076 1876 ejus
3109 1811 3150 1840 ³⁸
3178 1809 3306 1879 (9.2),
3351 1829 3366 1858 ι
3406 1821 3558 1861 notas

2032 1898 2160 1950 facit
2182 1900 2393 1952 divitias
2426 1900 2606 1964 gloria
2630 1916 2736 1953 sua
2762 1915 2777 1952 :
2804 1916 2920 1968 qua:
2961 1917 3083 1952 vasa
3129 1915 3233 1952 non
3275 1899 3557 1950 irrationa-

2032 1983 2122 2034 bili
2155 1983 2348 2050 aliqua,
2376 1995 2466 2036 aut
2495 1985 2710 2039 fortuita
2751 1987 2943 2052 gratia,
2982 1989 3070 2038 sed
3099 1987 3346 2053 quoniam
3385 1987 3495 2052 ipsa
3525 2002 3554 2035 a

2033 2075 2350 2140 supradictis
2381 2075 2492 2140 (25)
2538 2075 2784 2129 sordibus
2834 2089 2890 2128 se
2927 2086 3370 2142 ettpurgaverant,
3423 2090 3555 2142 pra-

2033 2163 2239 2229 paravit
2265 2164 2315 2214 in
2338 2164 2586 2230 gloriam.
2613 2164 2760 2228 Quod
2796 2174 2967 2216 autem
3003 2163 3314 2229 subjungit:
3357 2181 3374 2212 ί
3414 2163 3556 2226 Quos

2033 2261 2087 2303 et
2117 2252 2320 2303 vocavit
2347 2268 2441 2305 nos
2464 2254 2608 2321 ('24);
2651 2273 2668 2304 ι
2703 2269 2796 2320 pro
2831 2269 2894 2304 eo
2923 2264 2978 2305 ut
3018 2253 3060 2304 si
3102 2253 3321 2304 dixisset
3357 2270 3370 2304 :
3407 2253 3556 2304 Sicut

2036 2355 2132 2394 nos
2165 2356 2297 2408 quos
2325 2342 2527 2393 vocavit
2553 2359 2572 2391 ‹
2620 2359 2720 2393 non
2752 2341 2915 2392 solum
2956 2356 3018 2393 ex
3051 2338 3261 2403 Judais,
3283 2342 3372 2392 sed
3395 2341 3554 2393 etiam

2034 2446 2097 2481 ex
2140 2432 2403 2495 gentibus.
2446 2450 2464 2481 ι
2505 2431 2790 2498 Superiora
2821 2433 2962 2482 enim
3001 2431 3150 2497 quasi
3192 2431 3255 2482 de
3280 2429 3556 2481 Pharaone

2034 2517 2121 2585 qui
2149 2516 2246 2568 fuit
2272 2531 2360 2569 vas
2383 2518 2494 2579 ira,
2517 2518 2650 2570 etde
2679 2517 2802 2570 liliis
2838 2506 2993 2570 Israel
3016 2522 3102 2583 qui
3129 2529 3281 2570 erant
3304 2534 3424 2570 vasa
3468 2517 3558 2568 mi-

2035 2607 2356 2669 sericordia,
2414 2615 2725 2674 prosecutus
2795 2609 3022 2661 videtur.
3097 2607 3190 2660 llic
3241 2623 3366 2675 ergo
3415 2608 3555 2674 quod

2033 2693 2321 2762 subjungit,
2353 2712 2371 2743 ι
2408 2693 2550 2758 Quos
2571 2704 2627 2748 et
2658 2696 2866 2746 vocavit
2893 2710 3006 2755 nos,
3035 2712 3136 2746 non
3174 2697 3340 2747 solum
3371 2712 3433 2748 ex
3455 2693 3549 2747 Ju-

2035 2783 2182 2846 dais,
2218 2786 2308 2836 sed
2337 2784 2494 2836 etiam
2536 2799 2603 2836 ex
2648 2786 2910 2854 gentibus,
2940 2786 3372 2838 tsimilitudinem
3408 2788 3556 2837 vide-

2037 2883 2121 2925 tur
2153 2888 2465 2926 assumere:
2501 2873 2602 2926 hoc
2647 2883 2750 2934 est,
2796 2881 2851 2925 ut
2895 2875 2966 2924 ita
3013 2875 3209 2925 dictmn
3267 2875 3554 2927 videatur:

2036 2963 2255 3018 Sicutet
2288 2979 2382 3016 nos
2416 2977 2597 3016 sumus
2642 2977 2767 3014 vasa
2809 2963 3206 3026 misericordiae,
3239 2979 3371 3030 quos
3400 2980 3555 3016 voca-

2037 3053 2110 3104 vit
2143 3067 2242 3104 non
2272 3050 2440 3104 solum
2484 3065 2547 3103 ex
2581 3048 2795 3113 Judais,
2825 3049 2918 3102 sed
2965 3050 3122 3102 etiam
3172 3067 3235 3103 ex
3289 3053 3556 3117 gentibus.

2038 3142 2180 3205 llac,
2218 3151 2468 3208 quantum
2497 3141 2560 3192 ad
2590 3141 2758 3208 ipsius
2785 3139 3056 3208 apostolici
3104 3141 3368 3193 sermonis
3409 3142 3558 3192 erili--

2039 3245 2154 3282 nem
2207 3229 2734 3295 explanatimtemque
2786 3230 3064 3280 verborum
3119 3231 3367 3294 pertinet,
3415 3229 3556 3281 dicta

2038 3321 2161 3372 sint.
2191 3317 2336 3369 Nunc
2367 3320 2595 3370 breviter
2629 3328 2950 3384 repetentes,
2983 3317 3159 3383 aliqua
3195 3317 3354 3369 etiam
3385 3317 3448 3368 de
3480 3318 3562 3369 in-

2043 3407 2252 3460 tellectu
2283 3407 2536 3459 interiore
2579 3407 2922 3473 requiramus.
2961 3406 3235 3468 Quomodo
3263 3419 3388 3471 ergo
3424 3403 3562 3456 Deus

2040 3508 2213 3550 notam
2245 3496 2372 3550 facit
2403 3496 2512 3566 (25)
2549 3497 2676 3547 iram
2706 3495 2895 3548 suam?
2928 3493 3027 3546 Per
3059 3510 3206 3556 vasa,
3251 3495 3438 3562 inquit,
3471 3495 3562 3546 ira

2038 3595 2212 3652 aptata
2260 3586 2310 3638 in
2351 3586 2715 3653 perditionem.
2769 3584 3094 3649 Obstupesco
3139 3599 3236 3650 ego
3288 3585 3422 3650 apud
3455 3597 3564 3636 me-

2040 3679 2317 3744 metipsnm
2349 3676 2456 3744 (26)
2490 3676 2657 3728 sancti
2691 3675 2919 3742 Spiritus
2961 3674 3240 3726 consilium
3276 3675 3326 3725 in
3367 3674 3561 3724 divinis

2040 3767 2392 3821 voluminibus
2429 3775 2705 3836 contuens.
2736 3763 2864 3816 Nam
2895 3765 3026 3816 iram
3058 3763 3269 3830 quidem
3307 3761 3400 3814 Dei
3441 3776 3559 3828 qua
3629 3793 3636 3796 -

2039 3871 2117 3912 est
2144 3875 2171 3910 a
2201 3867 2387 3909 natura
2415 3855 2526 3920 ejus
2551 3864 2830 3914 extranea,
2873 3863 3048 3904 notam
3095 3854 3208 3903 fieri
3255 3852 3560 3904 hominibus

2039 3951 2186 4011 dicit,
2236 3949 2370 4000 sicut
2422 3959 2652 4012 praesens
2705 3944 2792 3995 hic
2839 3942 3078 4008 Apostoli
3128 3943 3328 3993 indicat
3371 3941 3560 3992 locus:

2040 4043 2329 4094 bonitatem
2359 4050 2482 4089 vero
2510 4036 2645 4103 ejus,
2686 4043 2739 4088 et
2775 4034 3132 4093 dulcedinem,
3177 4031 3314 4097 quod
3361 4041 3562 4081 natm-.1:

2039 4133 2154 4196 ejus
2183 4141 2260 4181 est
2289 4127 2578 4194 proprium,
2612 4125 2861 4178 abscondi
2894 4135 3171 4184 memorat,
3197 4133 3249 4174 et
3277 4122 3558 4178 occultari.

2041 4224 2178 4274 sicut
2205 4218 2364 4271 David
2417 4217 2587 4269 dicit:
2624 4233 2641 4264 ι
2681 4217 2845 4282 Quam
2895 4229 3083 4277 magna
3137 4212 3416 4264 multitudo
3444 4210 3559 4261 dul-

2041 4309 2244 4363 cedinis
2293 4317 2411 4368 tua,
2461 4307 2697 4365 Domine,
2735 4320 2892 4372 quam
2941 4303 3259 4356 abscondisti
3321 4303 3557 4354 timenti.

2043 4399 2141 4450 bus
2184 4407 2234 4448 te
2268 4393 2343 4445 “!
2389 4391 2558 4457 tQuid
2611 4407 2733 4458 ergo
2757 4407 2928 4444 causa:
2978 4390 3214 4441 dicemus
3257 4389 3394 4456 quod
3433 4385 3567 4440 Deus

2041 4487 2171 4538 iram
2203 4481 2502 4536 manifestat
2531 4482 2851 4544 ltominibus,
2899 4491 2953 4534 et
2999 4480 3329 4532 dulcedinem
3385 4475 3566 4528 celat?

1104 4651 1299 4730 ".Gen.
1330 4653 1557 4730 “339.7.
1630 4655 1693 4687 ”‘
1725 4657 1936 4718 Malacht

2054 4667 2108 4726 2;
2134 4668 2286 4720 Rom.
2325 4681 2398 4730 ιι,
2445 4667 2529 4719 t5.
2603 4664 2645 4695 ³³
2679 4663 2803 4718 ibid.
2827 4661 2894 4716 22
2925 4675 3036 4728 seq.
3111 4654 3156 4688 “
3176 4655 3325 4708 Rom.
3360 4669 3433 4717 xi,
3481 4653 3563 4707 td.

2115 4857 2222 4925 (‘22)
2250 4857 2391 4908 Εοιιι’
2419 4864 2533 4922 post
2569 4873 2586 4904 ι
2621 4855 2723 4904 vita
2769 4853 2882 4918 ejus
2916 4871 2933 4902 ι
2981 4850 3178 4925 addunt
3211 4866 3230 4899 ε
3271 4864 3430 4917 super
3459 4860 3568 4925 ter-

2047 4919 2177 4984 ram.
2208 4919 2233 4976 ⁷)
2263 4941 2374 4992 qua
2412 4919 2570 4975 verba
2602 4925 2788 4975 desunt
2833 4925 2881 4973 in
2917 4919 3161 4970 omnibus
3211 4933 3340 4972 mss.
3370 4921 3570 4973 nostris

2044 5007 2098 5047 et
2125 4997 2256 5058 apttd
2284 4994 2575 5044 ltabauum.

2112 5053 2224 5131 (2'5)
2255 5060 2391 5131 Editi
2414 5098 2428 5120 ,
2467 5077 2484 5108 ‹
2520 5058 2610 5131 sed
2641 5071 2758 5113 cum
2798 5070 2857 5108 ea
2889 5053 3226 5131 supradictis,
3267 5072 3285 5102 ι
3323 5063 3428 5131 etc:
3464 5054 3562 5131 his.

2044 5121 2253 5191 uu‘ns,'¢
2299 5130 2388 5180 sed
2422 5126 2671 5193 quoniam
2719 5140 2779 5176 se
2828 5123 3162 5188 supradictis,
3194 5140 3223 5193 _i_
3249 5131 3355 5193 etc.
3388 5121 3566 5175 Raba~

2048 5215 2164 5260 nus,
2190 5189 2216 5246 ﬁt
2251 5197 2339 5247 sed
2364 5189 2615 5261 quoniam
2643 5207 2766 5243 ecce
2797 5208 2913 5259 qua
2949 5205 2976 5239 a
3014 5189 3353 5253 supradictis,
3394 5207 3414 5242 ι
3459 5203 3567 5246 etc.

2051 5267 2152 5322 Sed
2187 5281 2311 5316 mss.
2347 5267 2448 5314 duo
2485 5273 2626 5314 recte
2661 5272 2716 5311 ut
2748 5262 2796 5310 iu
2843 5269 3026 5309 nostro
3058 5263 3222 5307 textu.

2119 5332 2226 5399 (ﬁt)
2257 5332 2410 5383 Deest
2441 5347 2458 5378 ε
2498 5345 2593 5382 nos
2632 5348 2648 5380 ι
2685 5331 2737 5399 iu_
2757 5327 2934 5399 editis.

2259 5399 2415 5471 Editi,
2452 5415 2472 5446 ι
2503 5409 2686 5471 notam
2721 5396 2896 5471 faciet.
2931 5409 2949 5440 ι
3025 5470 3030 5471 ν
3101 5470 3109 5471 7
3187 5457 3190 5460 ,

2124 5408 2208 5471 (25
2259 5408 2415 5461 Edtti,
2452 5415 2472 5446 ι
2513 5409 2686 5450 notam
2721 5408 2896 5448 taetet.
2931 5409 2949 5440 ι

2124 5408 2230 5539 (26)
2262 5466 2416 5532 Editi,
2453 5485 2472 5519 ‹
2503 5467 2639 5519 intra
2670 5468 3062 5528 memetipsum.
3099 5470 3119 5505 ι
