3894 6238
305 301 429 354 ΗΜ

1719 283 2032 340 ()RIGENIS

3466 256 3617 308 “5'2.

297 412 409 463 Scit
440 423 552 462 sine
578 405 736 460 dubio
764 400 949 469 fragile
974 413 1092 453 esse
1118 397 1392 451 hominum
1437 411 1621 466 genus,
1666 406 1720 452 et
1747 398 1813 451 ad
1842 411 1886 464 Α
1916 390 2343 449 misericordiam
2387 391 2777 442 consecutam.
2835 377 2918 431 Et
2954 373 3187 469 {erit}-
3211 369 3281 424 In
3342 370 3481 469 loco
3516 373 3615 423 ubi

299 498 497 565 lapsum
527 492 753 560 proclive
788 502 884 556 per
915 485 1311 554 negligentiam,
1353 486 1543 551 quibus
1579 487 1820 553 expediat

302 583 467 650 magis
512 593 630 631 esse
676 575 775 628 sub
822 584 964 626 metu
996 573 1107 636 iraa,
1149 587 1305 639 quam
1339 587 1433 640 spe
1484 574 1821 641 benignitatis

299 672 389 724 Dei
411 676 477 723 'et
509 664 800 719 dulcedinis
845 662 1093 724 relaxari,
1130 662 1270 715 sicut
1318 671 1373 714 et
1415 661 1685 728 Sapientia
1728 664 1819 718 Dei

300 757 432 810 dicit
470 755 512 785 ³⁷
543 771 556 806 :
592 770 610 802 ι
648 752 747 816 Qui
798 750 965 817 parcit
1004 747 1213 811 baculo,
1261 748 1373 801 odit
1418 747 1585 801 filium
1642 764 1817 802 suum.

301 846 356 898 Si
383 843 521 897 enim
571 838 898 909 percusseris
949 823 1068 891 eum
1125 836 1290 903 virga,
1341 852 1446 891 non
1506 838 1816 892 morietur:

300 935 526 987 animam
560 939 732 983 autem
761 928 878 995 ejus
903 926 1105 980 salvam
1144 928 1310 982 facies
1349 944 1379 982 a
1418 938 1610 981 morte.
1651 946 1670 980 ι
1712 926 1819 981 Νο-

302 1034 406 1075 tam
438 1021 565 1074 facit
585 1019 694 1089 (27)
727 1033 855 1086 ergo
889 1018 1178 1087 potentiam
1211 1032 1361 1071 suam
1394 1016 1554 1082 Deus,
1579 1017 1700 1070 dum
1730 1018 1822 1070 im-

297 1113 412 1178 pios
444 1111 668 1177 castigat
705 1119 759 1162 et
798 1111 1036 1175 corripit.
1089 1118 1148 1162 ut
1191 1110 1479 1162 secundum
1531 1108 1821 1176 Scriptura:

298 1202 608 1253 sententiam
650 1217 669 1249 σ
717 1202 839 1252 dum
889 1197 1182 1265 ﬂagellatur
1241 1197 1513 1264 pestilens,
1569 1196 1822 1249 innocens

298 1291 523 1342 astutior
555 1288 647 1342 ﬁat
668 1288 735 1343 ³⁸.
782 1307 802 1340 ι
834 1289 998 1342 Notas
1016 1297 1188 1342 autem
1223 1288 1348 1342 facit
1382 1287 1541 1339 etiam
1564 1304 1582 1335 ι
1614 1287 1822 1340 divitias

297 1376 476 1442 gloriae
507 1390 615 1429 sua:
641 1378 694 1428 in
730 1376 870 1430 vasis
898 1375 1300 1439 misericordiae,
1342 1389 1461 1441 qua
1503 1375 1822 1442 preparavit

299 1467 350 1518 in
376 1465 615 1534 gloriam.
648 1486 667 1518 ›
697 1467 1039 1521 lunatescuut
1061 1467 1259 1521 divitia
1281 1465 1393 1535 (28)
1424 1465 1517 1520 Dei
1539 1479 1660 1519 cum
1694 1479 1820 1532 erga

297 1570 389 1609 eos
415 1557 504 1624 qui
537 1558 671 1610 inter
700 1557 941 1611 homines
971 1568 1313 1626 spernuntur,
1342 1566 1394 1610 et
1422 1555 1648 1609 humiles
1670 1563 1817 1618 sunt,

296 1648 657 1701 misericordia
701 1649 815 1716 ejus
852 1649 1169 1712 ostenditur,
1205 1649 1293 1716 qui
1352 1634 1456 1702 non
1512 1648 1566 1701 in
1619 1647 1821 1701 divitiis

1919 484 2117 537 dictum
2144 486 2231 535 est
2253 478 2334 532 eis
2356 494 2373 532 :
2394 474 2510 529 Non
2540 472 2707 542 plebs
2746 480 2885 520 mea
2916 477 3055 526 vos,
3102 460 3189 515 ibi
3228 457 3616 512 vocabuntur

1921 570 2130 624 filiiDei
2163 567 2268 620 vivi
2299 565 2364 618 “.
2412 582 2432 615 ι
2470 560 2903 615 Testimonium
2958 550 3117 607 sane
3172 550 3300 603 hoc
3353 546 3514 615 quod
3548 549 3617 600 de

1919 662 2053 717 Osee
2081 657 2307 713 assumit
2334 651 2652 723 Apostolus,
2688 656 2989 715 quantum
3022 641 3102 694 ad
3151 639 3370 693 locum
3423 636 3614 705 ipsum

1920 750 2194 819 prophetae
2237 744 2348 815 (55)
2397 741 2658 811 pertinet,
2689 751 2811 789 non
2865 729 3261 819 videturhde
3308 727 3618 819 gentibus,

1918 816 2082 909 618
2105 837 2199 891 sed
2236 836 2303 888 de
2324 835 2441 901 ipso
2475 829 2681 899 populo
2711 822 2895 881 Israel
2932 820 3084 874 dici.
3125 817 3285 879 Sed,
3318 826 3395 909 ut
3425 816 3487 869 in
3523 832 3622 869 sn-

1919 907 2219 996 perioribus
2251 925 2512 985 diximus,
2542 934 2609 973 es
2642 915 2820 972 simili
2871 911 3105 965 Paulus
3152 907 3363 962 sumit
3414 920 3627 989 exemi

1920 1017 2082 1085 plum,
2123 1023 2179 1069 ut
2219 1011 2472 1068 ostendat
2521 1009 2656 1078 quia
2694 1006 2852 1060 sicut
2914 1001 3040 1056 illis
3096 998 3428 1067 quondam
3483 1012 3621 1051 cum

1921 1105 2106 1171 abiecti
2159 1111 2340 1159 essent
2388 1111 2444 1156 et
2501 1097 2810 1167 desperati,
2875 1094 3115 1147 dictum
3182 1099 3292 1145 est
3347 1090 3550 1158 primo
3600 1106 3618 1143 :

1924 1214 1944 1248 ι
1982 1197 2087 1249 Vos
2109 1210 2213 1249 non
2249 1191 2477 1263 populus
2510 1203 2693 1253 meus,
2740 1194 2800 1241 et
2848 1198 2966 1254 ego
3019 1197 3146 1234 non
3215 1195 3362 1234 sum
3425 1188 3623 1235 vester

1923 1285 2058 1336 Deus
2083 1283 2155 1345 “;
2195 1300 2214 1332 ι
2254 1294 2311 1334 et
2333 1281 2551 1334 additur
2600 1286 2731 1343 post
2774 1277 2903 1329 haec
2937 1273 3073 1343 (56)
3107 1289 3126 1328 :
3170 1289 3194 1323 ι
3240 1271 3323 1324 Et
3348 1272 3469 1325 erit
3504 1288 3521 1324 :
3561 1270 3621 1324 In

1920 1373 2035 1428 loco
2070 1374 2121 1424 in
2173 1386 2278 1440 quo
2320 1369 2526 1424 dictum
2561 1375 2650 1422 est
2690 1367 2778 1420 eis
2820 1384 2835 1420 :
2875 1364 3011 1418 Non
3060 1376 3206 1416 mea
3242 1360 3427 1430 plebs
3465 1373 3570 1414 vos
3602 1377 3619 1412 :

1919 1463 2250 1517 vocabuntur
2270 1471 2324 1514 et
2355 1460 2454 1528 ipsi
2483 1459 2578 1512 filii
2610 1457 2707 1511 Dei
2740 1455 2855 1509 vivi
2898 1454 2989 1519 “;
3037 1473 3061 1505 ι
3118 1453 3241 1514 ita,
3295 1450 3522 1519 inquit,
3562 1455 3625 1504 et

1926 1571 1945 1603 ¢
1988 1568 2085 1605 nos
2134 1566 2269 1618 quos
2332 1548 2551 1602 vocavit
2616 1562 2729 1599 non
2779 1544 2981 1599 solum
3041 1558 3124 1597 ex
3192 1541 3467 1603 Judmis.
3523 1541 3622 1595 sed

1919 1643 2079 1696 etiam
2127 1656 2193 1692 ex
2226 1639 2500 1709 gentibus,
2564 1655 2584 1688 ο
2619 1638 2714 1704 qui
2765 1645 2909 1688 ante
2958 1649 3088 1686 non
3144 1647 3419 1687 eramus
3462 1630 3627 1701 plebs

296 1736 427 1801 suis,
456 1753 554 1791 nec
583 1738 633 1790 in
665 1739 896 1806 potentia
939 1754 1056 1802 sua,
1091 1740 1183 1792 sed
1219 1740 1272 1792 iu
1303 1740 1529 1793 Domino
1575 1747 1815 1807 sperant.
1848 1724 1890 1775 Β
1917 1731 2052 1798 eius,
2076 1745 2214 1783 lianc
2244 1728 2454 1797 plebem
2499 1742 2657 1779 suam
2690 1741 2797 1779 nos
2831 1724 2963 1795 (57)
3001 1722 3294 1785 vocavit,
3336 1739 3361 1773 ι
3399 1730 3465 1775 et
3510 1736 3623 1776 non

295 1825 443 1878 Sicut
463 1835 516 1879 et
543 1835 666 1880 tunc
703 1826 1040 1881 llebrmorum
1079 1842 1206 1897 gens
1238 1829 1513 1897 desperata
1551 1828 1690 1880 inter
1719 1827 1814 1879 ho-

295 1917 464 1969 mines
504 1926 556 1969 et
593 1916 820 1984 objecta.
852 1932 880 1969 a
918 1916 1028 1970 Deo
1067 1917 1486 1970 misericordiam
1531 1924 1817 1969 consecuta

294 2016 407 2068 est;
439 2005 509 2058 ita
543 2020 669 2073 ergo
713 2005 822 2075 (99)
873 2015 927 2060 et
974 2022 1118 2062 nunc
1171 2006 1397 2076 papulus
1447 2006 1681 2072 gentium
1729 2003 1819 2070 qui

293 2095 661 2160 spernebatur,
708 2105 762 2146 et
809 2096 1191 2161 desperabatur
1231 2097 1297 2149 ab
1355 2096 1439 2149 his
1483 2094 1571 2162 qui
1618 2094 1671 2146 in
1716 2095 1821 2146 cir-

293 2184 616 2237 cumcisione
658 2184 975 2252 gloriantur,
1020 2185 1441 2239 misericordiam
1484 2194 1804 2237 consecutus

293 2280 395 2324 est.
428 2272 532 2325 Sed
570 2272 698 2326 illud
736 2282 818 2325 est
842 2273 982 2340 quod
1009 2275 1187 2327 acrius
1224 2272 1478 2326 debemus
1518 2271 1818 2329 intendere,

292 2362 418 2422 quia
441 2371 494 2415 et
521 2361 592 2415 illi
628 2364 895 2416 consecuti
932 2373 1056 2416 sunt
1095 2363 1538 2425 misericordiam,
1582 2371 1634 2415 et
1672 2359 1821 2426 plebs

296 2451 385 2502 Dei
417 2451 656 2518 appellati
685 2460 828 2515 sunt,
868 2462 921 2505 et
946 2451 1125 2505 dilecti
1156 2451 1246 2505 Dei
1279 2451 1523 2513 fuerunt;
1559 2449 1650 2502 sed
1685 2464 1821 2516 quo-

299 2540 438 2592 niam
483 2556 695 2595 servare
732 2540 840 2612 (50)
885 2521 1159 2609 acceptam
1207 2542 1434 2610 gratiam
1488 2540 1819 2600 nescierunt,

297 2628 489 2680 dicitur
520 2631 585 2682 ad
629 2643 719 2682 eos
752 2647 764 2681 :
804 2647 823 2678 ι
858 2628 916 2681 ln
951 2631 1142 2696 quibus
1181 2628 1545 2683 intecbabatur
1583 2641 1822 2681 commo-

302 2720 434 2771 ratio
463 2719 621 2772 lsrael
667 2717 799 2788 (5i).
849 2719 1022 2771 dimisi
1064 2733 1203 2783 eam,
1245 2727 1299 2772 et
1336 2718 1451 2771 dedi
1494 2718 1540 2769 ei
1588 2715 1820 2769 libellmn

302 2809 498 2872 repudii
531 2808 580 2859 in
613 2823 799 2860 manus
824 2824 948 2861 suas
980 2808 1058 2873 ³⁹;
1093 2826 1111 2857 ι
1153 2817 1208 2861 et
1241 2808 1365 2860 item
1411 2806 1536 2859 alibi
1568 2823 1580 2857 :
1618 2823 1636 2855 ι
1674 2803 1823 2857 Facti

299 2895 429 2949 estis
473 2896 600 2948 mihi
649 2897 700 2948 in
745 2897 1042 2949 satietatem
1088 2896 1217 2966 (52),
1256 2896 1368 2964 jam
1416 2910 1520 2948 non
1564 2895 1821 2947 dimittam

300 3000 515 3055 peccata
542 3001 733 3045 vestra.
773 3010 791 3042 ν
827 2992 891 3045 Et
921 3007 1016 3060 per
1032 2991 1314 3045 Jeretniam
1350 2990 1602 3044 Dominus
1645 2990 1772 3043 dicit
1803 3005 1816 3040 :

304 3100 323 3131 ι
369 3081 517 3134 Sicut
546 3081 795 3149 spelunca
834 3083 1030 3151 hyaenae
1073 3082 1209 3135 facta
1249 3093 1330 3134 est
1366 3081 1495 3134 mihi
1547 3080 1825 3134 luereditas

301 3185 417 3223 inca
469 3169 534 3224 ⁸⁸.
590 3189 609 3222 ι
662 3169 737 3224 Ne
780 3170 918 3224 forte
965 3173 1122 3225 etiam
1172 3186 1267 3226 nos
1316 3171 1407 3238 qui
1470 3185 1574 3223 non
1626 3169 1826 3222 fuimus

298 3266 444 3334 plebs
478 3266 589 3334 (55)
625 3268 736 3331 Dei,
776 3267 866 3323 sed
908 3283 1001 3336 per
1045 3267 1260 3321 divitias
1301 3267 1477 3336 gloriae
1526 3280 1633 3319 sua:
1669 3280 1828 3319 voca-

298 3356 375 3408 vit
406 3372 499 3408 nos
526 3357 726 3423 plebem
762 3372 933 3416 suam.
965 3366 1018 3410 et
1070 3357 1159 3425 qui
1209 3371 1314 3410 non
1370 3355 1570 3408 fuimus
1618 3355 1823 3418 dilecti,

301 3447 390 3497 sed
436 3448 557 3500 facti
597 3463 780 3501 sumus
832 3448 1028 3512 dilecti,
1074 3457 1126 3501 et
1176 3448 1267 3500 lilii
1314 3448 1404 3501 Dei
1459 3447 1585 3507 vivi,
1633 3446 1675 3499 si
1724 3461 1826 3499 non

303 3544 360 3586 nt
409 3534 498 3586 lilii
549 3534 682 3589 lucis
725 3546 779 3589 et
833 3536 925 3588 filii
992 3535 1081 3589 Dei
1134 3534 1486 3596 ambulemus,
1533 3534 1579 3586 si
1621 3548 1723 3586 non
1772 3544 1828 3585 ut

302 3621 449 3690 plebs
531 3622 621 3675 Dei
699 3623 773 3677 ita
844 3639 1095 3692 agamus,
1151 3642 1169 3673 ι
1218 3633 1275 3674 ut
1334 3622 1571 3676 videntes
1652 3622 1827 3676 homi—

304 3726 399 3766 nes
445 3728 603 3781 opera
650 3725 829 3767 nostra
879 3714 1035 3777 bona,
1085 3713 1421 3782 magnificent
1463 3712 1672 3766 Patrem
1729 3726 1828 3766 no-

300 3811 465 3857 strum
526 3804 614 3870 qui
665 3804 715 3856 in
767 3802 916 3858 cmlis
981 3813 1063 3856 est
1106 3802 1172 3868 δι,
1229 3822 1247 3853 ι
1293 3804 1573 3856 verendum
1622 3812 1703 3856 est
1765 3817 1831 3855 ne

302 3894 446 3951 illum
501 3909 795 3948 sermonem
850 3896 1182 3948 incurramus
1229 3895 1488 3962 Apostoli,
1543 3908 1648 3961 quo
1689 3893 1762 3945 ait
1808 3907 1822 3944 :

306 4001 326 4033 ι
362 3982 416 4035 Si
445 3983 585 4035 enim
634 3981 773 4037 Deus
811 3982 1139 4037 naturalibus
1187 3984 1348 4036 ramis
1408 3997 1511 4035 non
1563 3980 1825 4049 pepercit,

304 4089 399 4128 nec
429 4073 522 4126 tibi
546 4084 724 4141 parcet
749 4074 811 4128 δ’.
850 4073 1000 4127 Sicut
1023 4075 1075 4125 in
1102 4074 1236 4127 Osee
1264 4074 1394 4126 dicit
1420 4072 1531 4137 (54)
1566 4090 1580 4123 :
1615 4070 1825 4125 Vocabo

302 4174 406 4214 non
465 4162 670 4228 plebem
731 4176 922 4225 meam,
965 4162 1169 4229 plebem
1219 4175 1423 4222 meam;
1462 4168 1516 4211 et
1558 4174 1659 4210 non
1698 4158 1828 4211 dile-

304 4259 464 4313 ctam,
486 4250 763 4316 dilectam;
798 4261 852 4304 et
887 4266 989 4304 non
1013 4249 1429 4303 misericordiam
1463 4256 1825 4312 consecutam,

364 4384 408 4416 ³⁷
436 4383 592 4438 Prov.
628 4399 743 4444 xm,
771 4383 871 4442 24;
899 4397 1050 4443 mn,
1085 4381 1172 4444 15,
1206 4382 1291 4434 14.
1365 4381 1409 4412 ⁸³
1445 4380 1604 4435 Prov.
1640 4395 1755 4442 xu,
1789 4379 1822 4432 2

364 4452 391 4504 ἰ.
466 4453 510 4485 ⁸³
541 4452 693 4505 Rom.
723 4467 795 4513 χι,
824 4450 912 4504 2i.
1010 4450 1055 4481 ⁸³
1087 4450 1237 4503 Rom.
1296 4465 1368 4512 Ix,
1416 4449 1505 4504 25.
1600 4449 1647 4480 “
1673 4448 1799 4503 Ose.

2040 4380 2239 4436 Jerem.
2289 4396 2372 4443 Ill,
2405 4383 2460 4440 8.
2539 4383 2588 4415 ’⁵ο
2618 4383 2834 4441 Jerem.
2869 4404 2984 4454 xu,
3021 4390 3084 4447 9.

2068 4450 2113 4481 “
2134 4451 2265 4504 ibid.
2304 4450 2387 4504 10.
2464 4452 2510 4483 “
2542 4452 2692 4508 Psal.
2727 4469 2911 4513 Lxxv.
2942 4458 3007 4513 2.

306 4451 391 4506 16.
466 4453 510 4485 ⁸³
541 4452 693 4505 Rom.
723 4467 795 4514 xi,
824 4450 912 4504 2t.
1010 4450 1055 4481 ⁸³
1087 4450 1237 4503 Rom.
1296 4465 1368 4512 Ix,
1416 4449 1505 4504 25.

304 4521 351 4554 ⁸³
372 4521 525 4577 Rom.
553 4537 629 4586 ix,
657 4520 744 4572 26.
834 4519 880 4550 δ’
916 4517 1104 4587 Philip.
1134 4534 1205 4584 tv,
1233 4518 1287 4571 7.

1917 1821 2200 1882 dilectam,
2236 1818 2521 1879 dilectam;
2574 1826 2631 1869 et
2681 1815 2736 1869 in
2787 1814 2927 1868 loco
2996 1813 3109 1867 ubi
3166 1813 3418 1867 dictum
3468 1821 3560 1866 est
3597 1829 3620 1863 ι

1917 1910 2089 1971 nobis,
2139 1926 2158 1958 ι
2201 1907 2316 1960 Νοη
2351 1905 2502 1975 plebs
2544 1921 2663 1958 mea
2706 1919 2844 1966 vos;
2887 1904 2975 1958 ibi
3008 1922 3033 1955 ι
3074 1901 3463 1958 vocabimur
3493 1901 3622 1956 «ﬁlii

1919 1998 2008 2050 Dei
2070 1995 2194 2049 vivi.
2252 2013 2271 2045 ι
2344 1995 2449 2047 Sed
2495 1993 2760 2046 fortassis
2838 1993 3181 2060 requirant
3240 2005 3277 2043 a
3333 1991 3513 2044 nobis
3567 1991 3623 2044 bi

1916 2085 2004 2153 qui
2055 2100 2123 2136 ex
2176 2083 2591 2136 circumcisione
2633 2091 2792 2143 sunt,
2850 2089 2917 2133 et
2977 2080 3255 2133 dicant:
3291 2078 3412 2133 Ubi
3467 2078 3623 2130 enim

1918 2177 1984 2227 ad
2013 2189 2102 2228 vos
2129 2176 2325 2231 dictum
2356 2182 2463 2233 est,
2494 2173 2626 2240 quia
2657 2187 2769 2224 non
2819 2172 2964 2225 sitis
3000 2171 3187 2239 plebs
3230 2171 3348 2224 Dei
3389 2185 3521 2234 vos,
3565 2179 3626 2223 ut

1921 2267 1989 2319 ibi
2027 2264 2290 2317 vocemini
2338 2263 2434 2315 ﬁlii
2480 2263 2572 2315 Dei
2634 2262 2787 2315 vivi?
2856 2261 3181 2316 Asserent
3244 2262 3418 2315 extim
3473 2262 3624 2331 quod

1920 2355 2058 2408 Deus
2088 2355 2198 2406 haec
2223 2354 2276 2404 in
2301 2350 2487 2405 Judaea
2533 2353 2760 2404 locutus
2792 2360 2886 2404 est
2922 2351 3017 2418 (in
3062 2352 3205 2419 ipsa
3267 2351 3443 2405 enim
3503 2360 3628 2403 tan-

1920 2445 2192 2499 tummodo
2224 2453 2386 2497 notus
2411 2449 2499 2497 est
2525 2443 2671 2496 Deus
2703 2442 2816 2512 “),
2867 2453 2935 2496 et
2989 2443 3163 2497 nihil
3220 2444 3360 2497 haec
3395 2443 3473 2495 ad
3523 2456 3625 2495 nos

1922 2548 2186 2607 spectant,
2221 2539 2345 2606 quia
2374 2556 2392 2589 ι
2428 2538 2515 2591 lex
2550 2538 2617 2589 ad
2657 2551 2757 2590 eos
2792 2537 2901 2605 qui
2952 2537 3021 2590 in
3051 2536 3197 2606 lege
3235 2547 3390 2591 sunt
3422 2537 3614 2605 loqui-

1923 2638 2007 2682 tur
2028 2629 2091 2681 ".
2130 2648 2149 2681 ι
2180 2629 2290 2681 lmn
2312 2643 2412 2695 ego
2437 2628 2730 2681 ostendam
2765 2626 2974 2680 locum
3012 2628 3224 2683 multo
3253 2629 3621 2699 digniorem,

1923 2719 2009 2772 ubi
2048 2719 2212 2771 Deum
2250 2716 2394 2784 loqui
2428 2726 2487 2769 et
2516 2717 2706 2769 decuit
2746 2726 2809 2771 et
2852 2718 3169 2795 possibile
3237 2718 3387 2773 fuit.
3434 2719 3628 2786 Neque

1922 2810 2064 2862 enim
2085 2816 2481 2875 consequenter
2515 2806 2659 2858 Deus
2689 2805 2850 2874 loqui
2906 2806 2973 2859 in
3018 2810 3380 2873 montibus,
3439 2819 3502 2863 et
3534 2825 3624 2861 ru-

1922 2899 2098 2966 pibus,
2125 2906 2177 2950 et
2207 2894 2623 2964 quibuscunque
2655 2896 2914 2950 terrenis
2966 2896 3134 2953 locis
3181 2900 3434 2954 dicetur
3457 2900 3577 2969 (58)
3610 2921 3623 2954 :

1924 2987 2018 3041 sed
2055 2988 2108 3039 in
2131 2994 2310 3039 mente
2351 2983 2588 3037 hominis
2619 2984 2883 3053 loquitur
2939 2986 3147 3051 Deus.
3185 2990 3249 3044 in
3289 3006 3480 3046 sensu
3537 3007 3626 3045 ra-

1927 3074 2188 3139 tionabili,
2225 3086 2280 3127 et
2315 3074 2367 3127 in
2414 3074 2711 3142 principali
2766 3078 3022 3143 cordis,
3094 3090 3163 3135 et
3222 3083 3310 3137 ibi
3374 3085 3630 3137 cumin-

1926 3165 2067 3233 digni
2099 3174 2153 3218 et
2179 3165 2341 3218 alieni
2371 3180 2402 3217 a
2430 3164 2545 3217 Deo
2571 3175 2736 3218 actus
2765 3169 3179 3225 conscientia
3227 3175 3627 3243 redargucnte

1926 3256 2228 3324 culpantur,
2268 3256 2361 3320 ibi,
2403 3255 2659 3323 inquam,
2712 3260 3207 3326 pronuntiatur,
3263 3266 3352 3319 ibi
3415 3267 3630 3321 dicitur

1926 3347 1991 3397 ad
2029 3346 2262 3415 singulos
2286 3360 2557 3416 quosque,
2588 3349 2722 3415 quia
2757 3365 2779 3399 ι
2812 3365 2935 3402 non
2972 3352 3161 3418 plebs
3196 3371 3335 3409 mea
3370 3373 3482 3412 vos
3502 3358 3570 3410 ⁵⁸.
3601 3377 3623 3410 ι

1930 3436 1988 3490 Si
2014 3453 2141 3491 vero
2181 3438 2437 3492 emundet
2495 3452 2559 3490 se
2613 3440 2745 3507 quis
2802 3442 2881 3495 ab
2948 3443 3052 3498 his
3105 3455 3173 3501 et
3236 3450 3629 3516 purificet,et

1935 3544 1954 3576 ι
1984 3540 2084 3593 pax
2114 3525 2230 3586 Dei,
2255 3539 2374 3591 qua:
2394 3536 2698 3593 exsuperat
2735 3542 2985 3585 omnem
3042 3546 3330 3590 mentem
3358 3539 3439 3603 δ’,
3479 3558 3502 3591 ι
3533 3554 3634 3593 cor

1932 3615 2047 3684 ejus
2082 3614 2302 3681 incipiat
2330 3616 2629 3678 custodire,
2674 3616 2775 3683 ibi,
2827 3618 2947 3674 boc
2987 3634 3116 3689 est,
3162 3626 3227 3679 in
3280 3630 3497 3683 cordis
3543 3644 3633 3683 se-

1933 3713 2099 3765 creto,
2168 3702 2426 3770 pacificus
2475 3705 2735 3770 effectus,
2804 3707 2977 3765 ﬁlius
3064 3712 3182 3769 Dei
3244 3720 3626 3773 conscientia

1933 3791 2254 3860 astipulante
2273 3793 2583 3847 vocabitur.
3369 3820 3372 3823 π

1956 3914 1975 3925 ς
2004 3882 2092 3936 l9.
2132 3901 2151 3933 ι
2192 3883 2358 3937 Isaias
2396 3895 2580 3936 autem
2626 3884 2845 3940 clamat
2878 3903 2997 3958 pro
3049 3891 3248 3949 Israel
3278 3914 3297 3951 :
3348 3898 3417 3951 8i
3461 3898 3633 3951 fuerit

1929 3986 2189 4025 numerus
2219 3971 2451 4024 filiorqu
2494 3971 2665 4025 Israel
2699 3981 2994 4044 tanquam
3039 3996 3241 4039 arena
3295 3993 3518 4051 maris,
3548 4002 3633 4042 re-

1933 4064 2111 4132 liquiae
2133 4063 2295 4117 salva:
2337 4063 2489 4116 fient.
2539 4063 2787 4119 Verbum
2836 4070 3008 4124 enim
3077 4088 3541 4135 consummatis
3572 4091 3630 4134 et

1930 4154 2178 4208 breviatis
2216 4154 2269 4206 in
2299 4154 2606 4222 aequitate:
2646 4158 2778 4225 quia
2817 4162 3079 4217 verbum
3145 4167 3509 4224 breviatum
3551 4172 3633 4224 fa-

1932 4244 2038 4299 ciet
2089 4244 2348 4298 Dominus
2406 4258 2577 4314 super
2633 4258 2851 4303 terrain
2906 4269 2923 4306 :
2978 4262 3042 4307 et
3098 4258 3270 4313 sicut
3354 4264 3633 4330 pra-dixit

3209 4396 3261 4470 ξ’
3326 4398 3548 4455 Matth.
3578 4416 3635 4470 γ,

2068 4450 2265 4504 "ibid.
2304 4450 2387 4504 ιο.
2464 4452 2510 4483 ιο
2542 4452 2692 4508 Psal.
2727 4469 2911 4520 Lxxv,
2942 4450 3007 4513 2'.
3094 4462 3151 4495 ιτ
3180 4450 3635 4536 nominas:

385 4636 498 4717 (‘27)
532 4634 621 4689 Sic
660 4650 760 4689 ms.
789 4644 1014 4717 unushet
1040 4632 1326 4717 Ra’banus.’
1345 4632 1480 4717 Editi
1515 4647 1640 4686 vero
1668 4640 1722 4686 et
1745 4646 1848 4686 οω-
1877 4633 1921 4687 D
1953 4643 2123 4717 affigi}
2281 4647 2330 4717 εξ
2363 4628 2842 4717 Ψηνξεξιξξςιξιιυτ
2880 4636 2987 4692 “lii
3036 4638 3141 4694 θεῖ
3185 4644 3344 4708 νῖνίσ
3381 4666 3406 4699 ⁸
3440 4665 3552 4705 "ec
3579 4650 3636 4705 Ῐη

304 4700 407 4759 teri
436 4700 565 4758 mss.
601 4723 619 4752 σ
650 4703 1060 4770 percnsserit....
1086 4700 1272 4755 Notam
1302 4703 1485 4760 faciet.
1526 4720 1545 4751 ι

374 4774 485 4843 (‘28)
516 4771 609 4828 Ms.
647 4769 841 4841 Regius
872 4787 1019 4824 nunt.
1054 4770 1210 4835 H539,
1259 4790 1276 4821 ι
1311 4781 1368 4823 ut
1394 4771 1725 4825 innotescanl
1750 4769 1833 4822 di-

305 4858 331 4894 v
344 4843 470 4905 itize,
502 4861 521 4894 ι
556 4852 659 4896 etc.

377 4911 484 4979 (29)
519 4908 1073 4979 Ergo._Desideratur
1134 4906 1387 4979 inglibris
1412 4978 1417 4979 γ
1443 4916 1596 4979 antea
1622 4905 1830 4979 _editis.

308 4974 506 5033 Deinde
550 4974 647 5033 nis.
692 4977 887 5046 Regius
935 4993 1080 5034 lllltll.
1126 4976 1277 5041 1659,
1324 4995 1342 5028 ι
1389 4974 1778 5045 despiciebatur
1808 4992 1827 5025 ι

307 5062 402 5114 ι.το
434 5065 453 5097 ι
481 5049 875 5114 desperabatur.
923 5067 941 5097 ι

378 5114 486 5185 (50)
523 5115 678 5180 Editi,
717 5133 735 5166 σ
765 5115 1124 5179 observare.)

332 5250 343 5296 Ι
378 5180 673 5299 (51ᾘὲάίιῇ
719 5202 738 5234 ι
775 5184 1208 5238 cotnmemcratio
1248 5182 1432 5249 Israel,
1477 5180 1652 5236 dimisi
1688 5193 1828 5243 eam,

349 5266 391 5299 et
415 5267 427 5299 1
458 5267 527 5299 8|.
566 5271 584 5299 ι
610 5263 715 5299 etc.

312 5263 427 5301 dedi
458 5267 527 5312 et,
566 5271 584 5300 ι
610 5263 715 5305 etc.

271 5337 283 5359 ιτ
322 5381 347 5384 _
382 5317 492 5384 (32)
534 5317 684 5371 Facti
733 5322 852 5372 estis
900 5321 1027 5373 mihi
1065 5322 1117 5372 in
1162 5322 1487 5381 satietatem,
1538 5328 1640 5371 etc.
1683 5315 1832 5369 llnnc

316 5381 799 5472 geri-pluria-locum
839 5403 938 5461 nec
976 5391 1027 5442 in
1074 5389 1296 5458 Vulgata
1338 5390 1529 5472 reperi,
1573 5402 1670 5439 nec
1700 5384 1835 5452 apud

318 5448 682 5511 Septuaginta.

521 5514 677 5594 ᾆξμὶιῇ
709 5539 727 5570 ‹
754 5524 971 5594 quinon
1003 5539 1185 5578 sumus
1216 5522 1363 5591 plebs
1389 5523 1499 5576 Dei.
1547 5542 1566 5573 ι

392 5578 496 5650 (54)
521 5578 609 5637 llic
639 5578 866 5653 Αινυξὶοιὶ
891 5601 1187 5658 contextus,
1211 5578 1231 5644 ί
1256 5594 1405 5648 Sicut
1430 5594 1480 5646 iu
1503 5593 1633 5647 Osee
1650 5590 1795 5655 dicit,
1821 5609 1840 5642 ι

1946 4699 2123 4776 editis,
2143 4710 2252 4776 inec
2281 4698 2334 4749 in
2367 4711 2504 4776 mss.
2535 4702 2748 4776 nostris
2786 4718 3136 4776 comparet;
3189 4698 3309 4769 sed
3327 4698 3635 4773 ulegﬁfui'.‘

1943 4764 2493 4857 53'.‘.’3_.'.‘f‘b£'331§l
2522 4770 2953 4857 τῗδεὶίὲῗῐιδυηὲ
2983 4764 3136 4833 eum.
3174 4797 3320 4839 esse
3370 4803 3637 4857 sequen-

1942 4842 2010 4927 ‘Ji'
2029 4834 3063 4927 X?§£’i-‘.‘.‘.‘.‘i§?".‘:.‘._.T993i'“°“_i“'“
3114 4866 3272 4906 ³³⁸³⁸
3319 4834 3637 4927 ιιοδαυοά

1939 4902 2008 4988 9ἔέ
2026 4901 2425 4988 ρξὲθέἱξυεξιίι
2449 4903 2786 4988 Ανοεῒοιιεεη
2829 4930 2850 4963 ι
2891 4925 3038 4981 θίθη
3074 4901 3460 4988 (1ἱὲὲῖνὲῗυὶ
3479 4901 3638 4983 “ﬁt:

1938 4968 2149 5053 latentis
2173 4970 2384 5053 referri
2400 4968 2636 5040 possunt
2666 4979 2736 5031 ad
2766 4968 3213 5053 praecedenlemv
3258 4968 3632 5053 ὁδίιῖξιίῖιίξ

1944 5057 1984 5119 «⁸
2025 5038 2080 5092 Si
2141 5042 2284 5093 euitn
2344 5038 2491 5094 Deus
2549 5038 2914 5106 naturalibus
2977 5038 3638 5147 ramis"n33"'§252}'l

1944 5116 2062 5147 mla
2095 5119 2181 5147 nln
2256 5119 2446 5147 ntnnln
2475 5115 2571 5147 nni
2614 5130 2684 5147 ον
2724 5118 2872 5147 ηε.--
2906 5125 3144 5147 ...εζητ-,Α
3198 5145 3209 5147 -

1939 5115 2446 5192 εῑιτενςιεηχξψοιρ
2475 5115 2575 5191 qui
2614 5130 2687 5170 ex
2724 5118 2875 5174 Osee
2906 5125 3150 5180 minime
3190 5115 3574 5192 assumitur:

2010 5177 2137 5267 (ἐξ)
2155 5176 2318 5267 ﬁctili,
2350 5176 2590 5267 Lips—ius
2631 5191 2962 5260 prophetae;
3013 5176 3146 5248 »Ἑί
3174 5176 3639 5267 ιῖςῖξίὲῖξῖ

1936 5245 2002 5298 de
2020 5242 2321 5310 ipsulsrael
2348 5242 2481 5302 dici.
2509 5269 2531 5302 ι
2634 5242 2650 5257 ’
2718 5242 2962 5260 "Mn"
3014 5242 3027 5245 ⁷
3084 5242 3139 5248 ﬂ
3174 5242 3429 5269 ⁸’“’“”“””

2009 5313 2252 5401 (56)-βεὶς
2293 5331 2402 5372 ms.
2445 5317 2875 5401 ngiusnum.
2921 5333 3087 5390 1659.
3135 5335 3308 5394 Editi
3375 5357 3530 5397 vero
3582 5358 3637 5401 et

1953 5397 2084 5474 Ἦῗὲ
2114 5388 2561 5474 Ψὶὲἱ¹³.¹ἶξν.εἷ.-¹ῖί
2591 5398 2757 5474 add“
2807 5415 2931 5474 post
2990 5388 3634 5469 ιιὼο,ῖ”ἑίε.“ἰἰξὶιιξὶ

1952 5467 2129 5546 nam":
2168 5452 2489 5546 addidit
2520 5452 2838 5546 propheta:
2865 5487 2921 5533 et
2954 5452 3133 5531 dicit':
3163 5452 3610 5546 at'éiin'i'lil-

2018 5521 2129 5602 (ΞΖ)
2158 5519 2303 5602 1199-.
2325 5525 2499 5602 "se?!
2522 5519 2587 5587 ίιι
2613 5519 2814 5602 Julii;

2017 5588 2127 5660 (58)
2162 5588 2330 5658 Editi,
2361 5612 2383 5646 ι
2426 5588 2740 5669 dictum“;
