  <div class='ocr_page' id='page_1' title='image "/cluster/home/n/w/nwhite01/storage/ocr_20150623/14 (Origen; pt. 4)/nyp.33433081862280/592.png"; bbox 0 0 3894 6214; ppageno 0'>
   <div class='ocr_carea' id='block_1_1' title="bbox 391 259 546 315">
    <p class='ocr_par' dir='ltr' id='par_1_1' title="bbox 391 259 546 315">
     <span class='ocr_line' id='line_1_1' title="bbox 391 259 546 315; baseline 0.006 -7"><span class='ocrx_word' id='word_1_1' title='bbox 391 259 546 315; x_wconf 66' lang='grc' dir='ltr'><strong>ίδὸὂ</strong></span> 
     </span>
    </p>
   </div>
   <div class='ocr_carea' id='block_1_2' title="bbox 1329 263 2672 320">
    <p class='ocr_par' dir='ltr' id='par_1_2' title="bbox 1329 263 2672 320">
     <span class='ocr_line' id='line_1_2' title="bbox 1329 263 2672 320; baseline -0.001 0"><span class='ocrx_word' id='word_1_2' title='bbox 1329 264 1673 320; x_wconf 74' lang='grc' dir='ltr'><strong>ΟΟΜΜΕΝΤ.</strong></span> <span class='ocrx_word' id='word_1_3' title='bbox 1715 263 1777 317; x_wconf 86' lang='grc' dir='ltr'><strong>ΙΝ</strong></span> <span class='ocrx_word' id='word_1_4' title='bbox 1816 263 2028 318; x_wconf 86' lang='lat' dir='ltr'><strong>EPIST.</strong></span> <span class='ocrx_word' id='word_1_5' title='bbox 2070 265 2159 318; x_wconf 85' lang='lat' dir='ltr'><strong>AD</strong></span> <span class='ocrx_word' id='word_1_6' title='bbox 2193 264 2355 319; x_wconf 67' lang='lat' dir='ltr'><strong>R0“.</strong></span> <span class='ocrx_word' id='word_1_7' title='bbox 2395 263 2520 319; x_wconf 79' lang='lat' dir='ltr'><strong>LIB.</strong></span> <span class='ocrx_word' id='word_1_8' title='bbox 2563 265 2672 320; x_wconf 72' lang='lat' dir='ltr'><strong>VII.</strong></span> 
     </span>
    </p>
   </div>
   <div class='ocr_carea' id='block_1_3' title="bbox 3430 267 3565 320">
    <p class='ocr_par' dir='ltr' id='par_1_3' title="bbox 3430 267 3565 320">
     <span class='ocr_line' id='line_1_3' title="bbox 3430 267 3565 320; baseline 0.007 -2"><span class='ocrx_word' id='word_1_9' title='bbox 3430 267 3565 320; x_wconf 62' lang='lat' dir='ltr'><strong>“Si</strong></span> 
     </span>
    </p>
   </div>
   <div class='ocr_carea' id='block_1_4' title="bbox 387 380 3567 453">
    <p class='ocr_par' dir='ltr' id='par_1_4' title="bbox 387 380 3567 453">
     <span class='ocr_line' id='line_1_4' title="bbox 387 380 3567 453; baseline 0.003 -25"><span class='ocrx_word' id='word_1_10' title='bbox 387 380 575 435; x_wconf 77' lang='lat' dir='ltr'><strong>Isaias</strong></span> <span class='ocrx_word' id='word_1_11' title='bbox 604 401 617 437; x_wconf 93' lang='lat'><strong>:</strong></span> <span class='ocrx_word' id='word_1_12' title='bbox 650 383 756 440; x_wconf 88' lang='lat' dir='ltr'><strong>Nisi</strong></span> <span class='ocrx_word' id='word_1_13' title='bbox 788 387 1040 442; x_wconf 80' lang='lat' dir='ltr'><strong>Dominus</strong></span> <span class='ocrx_word' id='word_1_14' title='bbox 1069 388 1298 442; x_wconf 76' lang='lat' dir='ltr'><strong>Sabaoth</strong></span> <span class='ocrx_word' id='word_1_15' title='bbox 1341 385 1638 453; x_wconf 76' lang='lat' dir='ltr'><strong>reliquisset</strong></span> <span class='ocrx_word' id='word_1_16' title='bbox 1673 385 1826 438; x_wconf 91' lang='lat' dir='ltr'><strong>nobis</strong></span> <span class='ocrx_word' id='word_1_17' title='bbox 1863 399 1946 438; x_wconf 85' lang='lat' dir='ltr'><strong>se-</strong></span> <span class='ocrx_word' id='word_1_18' title='bbox 1971 389 2018 446; x_wconf 83' lang='grc' dir='ltr'><strong>Α</strong></span> <span class='ocrx_word' id='word_1_19' title='bbox 2045 399 2137 453; x_wconf 82' lang='lat' dir='ltr'><strong>ges</strong></span> <span class='ocrx_word' id='word_1_20' title='bbox 2163 384 2438 438; x_wconf 88' lang='lat' dir='ltr'><strong>Dominum</strong></span> <span class='ocrx_word' id='word_1_21' title='bbox 2471 385 2634 439; x_wconf 86' lang='lat' dir='ltr'><strong>Deum</strong></span> <span class='ocrx_word' id='word_1_22' title='bbox 2664 395 2808 438; x_wconf 91' lang='lat' dir='ltr'><strong>tuum</strong></span> <span class='ocrx_word' id='word_1_23' title='bbox 2837 400 2901 439; x_wconf 81' lang='lat' dir='ltr'><strong>ex</strong></span> <span class='ocrx_word' id='word_1_24' title='bbox 2930 393 3037 438; x_wconf 90' lang='lat' dir='ltr'><strong>toto</strong></span> <span class='ocrx_word' id='word_1_25' title='bbox 3069 384 3225 438; x_wconf 89' lang='lat' dir='ltr'><strong>corde</strong></span> <span class='ocrx_word' id='word_1_26' title='bbox 3265 393 3374 442; x_wconf 87' lang='lat' dir='ltr'><strong>tuo.</strong></span> <span class='ocrx_word' id='word_1_27' title='bbox 3415 397 3469 437; x_wconf 90' lang='lat' dir='ltr'><strong>et</strong></span> <span class='ocrx_word' id='word_1_28' title='bbox 3501 401 3567 437; x_wconf 75' lang='lat' dir='ltr'><strong>ex</strong></span> 
     </span>
    </p>
   </div>
   <div class='ocr_carea' id='block_1_5' title="bbox 386 475 1938 537">
    <p class='ocr_par' dir='ltr' id='par_1_5' title="bbox 386 475 1938 537">
     <span class='ocr_line' id='line_1_5' title="bbox 386 475 1938 537; baseline 0.003 -15"><span class='ocrx_word' id='word_1_29' title='bbox 386 487 553 537; x_wconf 87' lang='lat' dir='ltr'><strong>men,</strong></span> <span class='ocrx_word' id='word_1_30' title='bbox 598 478 738 530; x_wconf 92' lang='lat' dir='ltr'><strong>sicut</strong></span> <span class='ocrx_word' id='word_1_31' title='bbox 794 477 1020 532; x_wconf 81' lang='lat' dir='ltr'><strong>Sodoma</strong></span> <span class='ocrx_word' id='word_1_32' title='bbox 1076 479 1198 532; x_wconf 86' lang='lat' dir='ltr'><strong>facti</strong></span> <span class='ocrx_word' id='word_1_33' title='bbox 1244 493 1500 537; x_wconf 80' lang='lat' dir='ltr'><strong>essemus,</strong></span> <span class='ocrx_word' id='word_1_34' title='bbox 1547 485 1601 529; x_wconf 91' lang='lat' dir='ltr'><strong>et</strong></span> <span class='ocrx_word' id='word_1_35' title='bbox 1648 477 1785 528; x_wconf 91' lang='lat' dir='ltr'><strong>sicut</strong></span> <span class='ocrx_word' id='word_1_36' title='bbox 1831 475 1938 529; x_wconf 82' lang='lat' dir='ltr'><strong>Go-</strong></span> 
     </span>
    </p>
   </div>
   <div class='ocr_carea' id='block_1_6' title="bbox 386 567 1938 636">
    <p class='ocr_par' dir='ltr' id='par_1_6' title="bbox 386 567 1938 636">
     <span class='ocr_line' id='line_1_6' title="bbox 386 567 1938 636; baseline 0.005 -24"><span class='ocrx_word' id='word_1_37' title='bbox 386 568 628 619; x_wconf 87' lang='lat' dir='ltr'><strong>morrha</strong></span> <span class='ocrx_word' id='word_1_38' title='bbox 685 568 885 623; x_wconf 86' lang='lat' dir='ltr'><strong>similes</strong></span> <span class='ocrx_word' id='word_1_39' title='bbox 925 570 1224 622; x_wconf 77' lang='lat' dir='ltr'><strong>fuissemus.</strong></span> <span class='ocrx_word' id='word_1_40' title='bbox 1283 568 1414 632; x_wconf 90' lang='lat' dir='ltr'><strong>Quid</strong></span> <span class='ocrx_word' id='word_1_41' title='bbox 1468 582 1596 636; x_wconf 85' lang='lat' dir='ltr'><strong>ergo</strong></span> <span class='ocrx_word' id='word_1_42' title='bbox 1657 567 1938 620; x_wconf 73' lang='lat' dir='ltr'><strong>dicemus?</strong></span> 
     </span>
    </p>
   </div>
   <div class='ocr_carea' id='block_1_7' title="bbox 383 651 1934 726">
    <p class='ocr_par' dir='ltr' id='par_1_7' title="bbox 383 651 1934 726">
     <span class='ocr_line' id='line_1_7' title="bbox 383 651 1934 726; baseline 0.003 -23"><span class='ocrx_word' id='word_1_43' title='bbox 383 651 562 716; x_wconf 82' lang='lat' dir='ltr'><strong>Quod</strong></span> <span class='ocrx_word' id='word_1_44' title='bbox 590 666 797 724; x_wconf 85' lang='lat' dir='ltr'><strong>gentes,</strong></span> <span class='ocrx_word' id='word_1_45' title='bbox 827 673 943 726; x_wconf 60' lang='lat' dir='ltr'><strong>quae</strong></span> <span class='ocrx_word' id='word_1_46' title='bbox 967 675 1069 711; x_wconf 91' lang='lat' dir='ltr'><strong>non</strong></span> <span class='ocrx_word' id='word_1_47' title='bbox 1105 659 1442 711; x_wconf 79' lang='lat' dir='ltr'><strong>sectabantur</strong></span> <span class='ocrx_word' id='word_1_48' title='bbox 1475 655 1758 722; x_wconf 74' lang='lat' dir='ltr'><strong>justitiam,</strong></span> <span class='ocrx_word' id='word_1_49' title='bbox 1787 672 1934 710; x_wconf 89' lang='lat' dir='ltr'><strong>com-</strong></span> 
     </span>
    </p>
   </div>
   <div class='ocr_carea' id='block_1_8' title="bbox 381 743 1931 816">
    <p class='ocr_par' dir='ltr' id='par_1_8' title="bbox 381 743 1931 816">
     <span class='ocr_line' id='line_1_8' title="bbox 381 743 1931 816; baseline 0.006 -23"><span class='ocrx_word' id='word_1_50' title='bbox 381 743 807 808; x_wconf 84' lang='lat' dir='ltr'><strong>prehenderunt</strong></span> <span class='ocrx_word' id='word_1_51' title='bbox 856 749 1150 815; x_wconf 82' lang='lat' dir='ltr'><strong>justitiam;</strong></span> <span class='ocrx_word' id='word_1_52' title='bbox 1193 749 1451 814; x_wconf 80' lang='lat' dir='ltr'><strong>justitiam</strong></span> <span class='ocrx_word' id='word_1_53' title='bbox 1493 757 1670 800; x_wconf 86' lang='lat' dir='ltr'><strong>autem</strong></span> <span class='ocrx_word' id='word_1_54' title='bbox 1709 762 1828 816; x_wconf 62' lang='lat' dir='ltr'><strong>quae</strong></span> <span class='ocrx_word' id='word_1_55' title='bbox 1868 764 1931 802; x_wconf 88' lang='lat' dir='ltr'><strong>ex</strong></span> 
     </span>
    </p>
   </div>
   <div class='ocr_carea' id='block_1_9' title="bbox 385 834 1932 904">
    <p class='ocr_par' dir='ltr' id='par_1_9' title="bbox 385 834 1932 904">
     <span class='ocr_line' id='line_1_9' title="bbox 385 834 1932 904; baseline 0.005 -20"><span class='ocrx_word' id='word_1_56' title='bbox 385 834 510 888; x_wconf 77' lang='lat' dir='ltr'><strong>fide</strong></span> <span class='ocrx_word' id='word_1_57' title='bbox 541 847 647 890; x_wconf 91' lang='lat' dir='ltr'><strong>est.</strong></span> <span class='ocrx_word' id='word_1_58' title='bbox 689 839 850 891; x_wconf 88' lang='lat' dir='ltr'><strong>Israel</strong></span> <span class='ocrx_word' id='word_1_59' title='bbox 878 847 1054 891; x_wconf 87' lang='lat' dir='ltr'><strong>autem</strong></span> <span class='ocrx_word' id='word_1_60' title='bbox 1089 849 1297 891; x_wconf 86' lang='lat' dir='ltr'><strong>sectans</strong></span> <span class='ocrx_word' id='word_1_61' title='bbox 1324 837 1490 902; x_wconf 91' lang='lat' dir='ltr'><strong>legem</strong></span> <span class='ocrx_word' id='word_1_62' title='bbox 1512 836 1746 904; x_wconf 68' lang='lat' dir='ltr'><strong>iustitiae,</strong></span> <span class='ocrx_word' id='word_1_63' title='bbox 1776 837 1829 890; x_wconf 90' lang='lat' dir='ltr'><strong>in</strong></span> <span class='ocrx_word' id='word_1_64' title='bbox 1855 838 1932 891; x_wconf 89' lang='lat' dir='ltr'><strong>le-</strong></span> 
     </span>
    </p>
   </div>
   <div class='ocr_carea' id='block_1_10' title="bbox 382 926 1932 995">
    <p class='ocr_par' dir='ltr' id='par_1_10' title="bbox 382 926 1932 995">
     <span class='ocr_line' id='line_1_10' title="bbox 382 926 1932 995; baseline 0.002 -18"><span class='ocrx_word' id='word_1_65' title='bbox 382 939 525 992; x_wconf 75' lang='lat' dir='ltr'><strong>gem</strong></span> <span class='ocrx_word' id='word_1_66' title='bbox 570 942 674 978; x_wconf 87' lang='lat' dir='ltr'><strong>non</strong></span> <span class='ocrx_word' id='word_1_67' title='bbox 710 927 966 995; x_wconf 78' lang='lat' dir='ltr'><strong>pervenit.</strong></span> <span class='ocrx_word' id='word_1_68' title='bbox 1002 927 1214 994; x_wconf 84' lang='lat' dir='ltr'><strong>Quare?</strong></span> <span class='ocrx_word' id='word_1_69' title='bbox 1251 927 1381 991; x_wconf 85' lang='lat' dir='ltr'><strong>Quia</strong></span> <span class='ocrx_word' id='word_1_70' title='bbox 1426 941 1528 978; x_wconf 92' lang='lat' dir='ltr'><strong>non</strong></span> <span class='ocrx_word' id='word_1_71' title='bbox 1573 941 1635 980; x_wconf 86' lang='lat' dir='ltr'><strong>ex</strong></span> <span class='ocrx_word' id='word_1_72' title='bbox 1680 926 1804 983; x_wconf 91' lang='lat' dir='ltr'><strong>ﬁde.</strong></span> <span class='ocrx_word' id='word_1_73' title='bbox 1843 928 1932 980; x_wconf 89' lang='lat' dir='ltr'><strong>sed</strong></span> 
     </span>
    </p>
   </div>
   <div class='ocr_carea' id='block_1_11' title="bbox 381 1015 1934 1085">
    <p class='ocr_par' dir='ltr' id='par_1_11' title="bbox 381 1015 1934 1085">
     <span class='ocr_line' id='line_1_11' title="bbox 381 1015 1934 1085; baseline 0.003 -19"><span class='ocrx_word' id='word_1_74' title='bbox 381 1016 562 1081; x_wconf 88' lang='lat' dir='ltr'><strong>quasi</strong></span> <span class='ocrx_word' id='word_1_75' title='bbox 599 1033 663 1071; x_wconf 81' lang='lat' dir='ltr'><strong>ex</strong></span> <span class='ocrx_word' id='word_1_76' title='bbox 691 1019 936 1085; x_wconf 87' lang='lat' dir='ltr'><strong>operibus</strong></span> <span class='ocrx_word' id='word_1_77' title='bbox 973 1016 1306 1070; x_wconf 80' lang='lat' dir='ltr'><strong>offenderunt</strong></span> <span class='ocrx_word' id='word_1_78' title='bbox 1345 1019 1396 1069; x_wconf 91' lang='lat' dir='ltr'><strong>in</strong></span> <span class='ocrx_word' id='word_1_79' title='bbox 1431 1018 1656 1083; x_wconf 89' lang='lat' dir='ltr'><strong>lapidem</strong></span> <span class='ocrx_word' id='word_1_80' title='bbox 1687 1015 1934 1070; x_wconf 82' lang='lat' dir='ltr'><strong>offensio-</strong></span> 
     </span>
    </p>
   </div>
   <div class='ocr_carea' id='block_1_12' title="bbox 383 1105 1934 1173">
    <p class='ocr_par' dir='ltr' id='par_1_12' title="bbox 383 1105 1934 1173">
     <span class='ocr_line' id='line_1_12' title="bbox 383 1105 1934 1173; baseline -0.001 -15"><span class='ocrx_word' id='word_1_81' title='bbox 383 1107 510 1166; x_wconf 81' lang='lat' dir='ltr'><strong>nis,</strong></span> <span class='ocrx_word' id='word_1_82' title='bbox 564 1111 701 1160; x_wconf 87' lang='lat' dir='ltr'><strong>sicut</strong></span> <span class='ocrx_word' id='word_1_83' title='bbox 733 1107 984 1173; x_wconf 85' lang='lat' dir='ltr'><strong>scriptum</strong></span> <span class='ocrx_word' id='word_1_84' title='bbox 1023 1115 1104 1158; x_wconf 87' lang='lat' dir='ltr'><strong>est</strong></span> <span class='ocrx_word' id='word_1_85' title='bbox 1143 1123 1154 1157; x_wconf 93' lang='lat'>:</span> <span class='ocrx_word' id='word_1_86' title='bbox 1199 1105 1336 1158; x_wconf 82' lang='lat' dir='ltr'><strong>Ecce</strong></span> <span class='ocrx_word' id='word_1_87' title='bbox 1368 1120 1506 1173; x_wconf 93' lang='lat' dir='ltr'><strong>pono</strong></span> <span class='ocrx_word' id='word_1_88' title='bbox 1538 1107 1590 1156; x_wconf 92' lang='lat' dir='ltr'><strong>in</strong></span> <span class='ocrx_word' id='word_1_89' title='bbox 1639 1105 1765 1158; x_wconf 87' lang='lat' dir='ltr'><strong>Sion</strong></span> <span class='ocrx_word' id='word_1_90' title='bbox 1802 1105 1934 1172; x_wconf 88' lang='lat' dir='ltr'><strong>lapi-</strong></span> 
     </span>
    </p>
   </div>
   <div class='ocr_carea' id='block_1_13' title="bbox 382 1194 1933 1261">
    <p class='ocr_par' dir='ltr' id='par_1_13' title="bbox 382 1194 1933 1261">
     <span class='ocr_line' id='line_1_13' title="bbox 382 1194 1933 1261; baseline -0.001 -13"><span class='ocrx_word' id='word_1_91' title='bbox 382 1195 524 1248; x_wconf 82' lang='lat' dir='ltr'><strong>dem</strong></span> <span class='ocrx_word' id='word_1_92' title='bbox 551 1194 882 1255; x_wconf 67' lang='lat' dir='ltr'><strong>offensionis,</strong></span> <span class='ocrx_word' id='word_1_93' title='bbox 909 1205 961 1246; x_wconf 92' lang='lat' dir='ltr'><strong>et</strong></span> <span class='ocrx_word' id='word_1_94' title='bbox 992 1203 1192 1261; x_wconf 80' lang='lat' dir='ltr'><strong>petram</strong></span> <span class='ocrx_word' id='word_1_95' title='bbox 1233 1194 1465 1245; x_wconf 89' lang='lat' dir='ltr'><strong>scandali</strong></span> <span class='ocrx_word' id='word_1_96' title='bbox 1496 1211 1509 1246; x_wconf 90' lang='lat'><strong>:</strong></span> <span class='ocrx_word' id='word_1_97' title='bbox 1541 1205 1596 1246; x_wconf 93' lang='lat' dir='ltr'><strong>et</strong></span> <span class='ocrx_word' id='word_1_98' title='bbox 1632 1194 1719 1258; x_wconf 87' lang='lat' dir='ltr'><strong>qui</strong></span> <span class='ocrx_word' id='word_1_99' title='bbox 1761 1194 1933 1246; x_wconf 84' lang='lat' dir='ltr'><strong>credit</strong></span> 
     </span>
    </p>
   </div>
   <div class='ocr_carea' id='block_1_14' title="bbox 381 1281 1931 1350">
    <p class='ocr_par' dir='ltr' id='par_1_14' title="bbox 381 1281 1931 1350">
     <span class='ocr_line' id='line_1_14' title="bbox 381 1281 1931 1350; baseline -0.002 -12"><span class='ocrx_word' id='word_1_100' title='bbox 381 1284 448 1338; x_wconf 81' lang='lat' dir='ltr'><strong>in</strong></span> <span class='ocrx_word' id='word_1_101' title='bbox 485 1301 638 1347; x_wconf 89' lang='lat' dir='ltr'><strong>eum,</strong></span> <span class='ocrx_word' id='word_1_102' title='bbox 670 1299 774 1337; x_wconf 92' lang='lat' dir='ltr'><strong>non</strong></span> <span class='ocrx_word' id='word_1_103' title='bbox 813 1285 1086 1336; x_wconf 83' lang='lat' dir='ltr'><strong>erubescet</strong></span> <span class='ocrx_word' id='word_1_104' title='bbox 1126 1283 1192 1333; x_wconf 78' lang='lat'><strong>&#39;°.</strong></span> <span class='ocrx_word' id='word_1_105' title='bbox 1242 1301 1260 1332; x_wconf 74' lang='grc' dir='ltr'><strong><em>ι</em></strong></span> <span class='ocrx_word' id='word_1_106' title='bbox 1305 1282 1652 1350; x_wconf 78' lang='lat' dir='ltr'><strong>Posteaquam</strong></span> <span class='ocrx_word' id='word_1_107' title='bbox 1707 1298 1798 1350; x_wconf 90' lang='lat' dir='ltr'><strong>per</strong></span> <span class='ocrx_word' id='word_1_108' title='bbox 1841 1281 1931 1336; x_wconf 85' lang='lat' dir='ltr'><strong>Dei</strong></span> 
     </span>
    </p>
   </div>
   <div class='ocr_carea' id='block_1_15' title="bbox 384 1372 1932 1442">
    <p class='ocr_par' dir='ltr' id='par_1_15' title="bbox 384 1372 1932 1442">
     <span class='ocr_line' id='line_1_15' title="bbox 384 1372 1932 1442; baseline -0.001 -17"><span class='ocrx_word' id='word_1_109' title='bbox 384 1375 729 1442; x_wconf 76' lang='lat' dir='ltr'><strong>sapientiam</strong></span> <span class='ocrx_word' id='word_1_110' title='bbox 757 1388 913 1440; x_wconf 90' lang='lat' dir='ltr'><strong>quam</strong></span> <span class='ocrx_word' id='word_1_111' title='bbox 964 1372 1192 1440; x_wconf 83' lang='lat' dir='ltr'><strong>loquitur</strong></span> <span class='ocrx_word' id='word_1_112' title='bbox 1227 1373 1333 1441; x_wconf 80' lang='lat'><strong>(59)</strong></span> <span class='ocrx_word' id='word_1_113' title='bbox 1374 1373 1567 1425; x_wconf 86' lang='lat' dir='ltr'><strong>Paulus</strong></span> <span class='ocrx_word' id='word_1_114' title='bbox 1619 1372 1756 1426; x_wconf 91' lang='lat' dir='ltr'><strong>inter</strong></span> <span class='ocrx_word' id='word_1_115' title='bbox 1813 1387 1932 1440; x_wconf 88' lang='lat' dir='ltr'><strong>per-</strong></span> 
     </span>
    </p>
   </div>
   <div class='ocr_carea' id='block_1_16' title="bbox 379 1461 1933 1528">
    <p class='ocr_par' dir='ltr' id='par_1_16' title="bbox 379 1461 1933 1528">
     <span class='ocr_line' id='line_1_16' title="bbox 379 1461 1933 1528; baseline -0.003 -12"><span class='ocrx_word' id='word_1_116' title='bbox 379 1463 572 1517; x_wconf 86' lang='lat' dir='ltr'><strong>fectos</strong></span> <span class='ocrx_word' id='word_1_117' title='bbox 610 1465 677 1528; x_wconf 61' lang='lat'><strong>5‘,</strong></span> <span class='ocrx_word' id='word_1_118' title='bbox 717 1470 921 1516; x_wconf 83' lang='lat' dir='ltr'><strong>secreta</strong></span> <span class='ocrx_word' id='word_1_119' title='bbox 959 1473 1012 1516; x_wconf 90' lang='lat' dir='ltr'><strong>et</strong></span> <span class='ocrx_word' id='word_1_120' title='bbox 1057 1462 1360 1516; x_wconf 86' lang='lat' dir='ltr'><strong>abscondita</strong></span> <span class='ocrx_word' id='word_1_121' title='bbox 1419 1462 1610 1515; x_wconf 76' lang='lat' dir='ltr'><strong>divina:</strong></span> <span class='ocrx_word' id='word_1_122' title='bbox 1656 1461 1933 1528; x_wconf 86' lang='lat' dir='ltr'><strong>dispensa-</strong></span> 
     </span>
    </p>
   </div>
   <div class='ocr_carea' id='block_1_17' title="bbox 377 1551 1930 1619">
    <p class='ocr_par' dir='ltr' id='par_1_17' title="bbox 377 1551 1930 1619">
     <span class='ocr_line' id='line_1_17' title="bbox 377 1551 1930 1619; baseline -0.001 -16"><span class='ocrx_word' id='word_1_123' title='bbox 377 1553 565 1604; x_wconf 85' lang='lat' dir='ltr'><strong>tionis</strong></span> <span class='ocrx_word' id='word_1_124' title='bbox 589 1553 854 1619; x_wconf 77' lang='lat' dir='ltr'><strong>exposuit,</strong></span> <span class='ocrx_word' id='word_1_125' title='bbox 896 1561 950 1604; x_wconf 92' lang='lat' dir='ltr'><strong>et</strong></span> <span class='ocrx_word' id='word_1_126' title='bbox 978 1553 1202 1605; x_wconf 84' lang='lat' dir='ltr'><strong>ostendit</strong></span> <span class='ocrx_word' id='word_1_127' title='bbox 1231 1565 1332 1618; x_wconf 87' lang='lat' dir='ltr'><strong>qua</strong></span> <span class='ocrx_word' id='word_1_128' title='bbox 1383 1551 1586 1602; x_wconf 82' lang='lat' dir='ltr'><strong>ratione</strong></span> <span class='ocrx_word' id='word_1_129' title='bbox 1635 1563 1807 1616; x_wconf 89' lang='lat' dir='ltr'><strong>quove</strong></span> <span class='ocrx_word' id='word_1_130' title='bbox 1839 1563 1930 1601; x_wconf 90' lang='lat' dir='ltr'><strong>or-</strong></span> 
     </span>
    </p>
   </div>
   <div class='ocr_carea' id='block_1_18' title="bbox 374 1640 1930 1705">
    <p class='ocr_par' dir='ltr' id='par_1_18' title="bbox 374 1640 1930 1705">
     <span class='ocr_line' id='line_1_18' title="bbox 374 1640 1930 1705; baseline 0.002 -16"><span class='ocrx_word' id='word_1_131' title='bbox 374 1640 520 1692; x_wconf 84' lang='lat' dir='ltr'><strong>dine</strong></span> <span class='ocrx_word' id='word_1_132' title='bbox 546 1641 626 1693; x_wconf 86' lang='lat' dir='ltr'><strong>vel</strong></span> <span class='ocrx_word' id='word_1_133' title='bbox 670 1641 802 1693; x_wconf 87' lang='lat' dir='ltr'><strong>iratn</strong></span> <span class='ocrx_word' id='word_1_134' title='bbox 829 1641 966 1694; x_wconf 90' lang='lat' dir='ltr'><strong>Deus</strong></span> <span class='ocrx_word' id='word_1_135' title='bbox 996 1643 1236 1694; x_wconf 88' lang='lat' dir='ltr'><strong>ostendat</strong></span> <span class='ocrx_word' id='word_1_136' title='bbox 1263 1642 1312 1692; x_wconf 92' lang='lat' dir='ltr'><strong>in</strong></span> <span class='ocrx_word' id='word_1_137' title='bbox 1353 1642 1495 1694; x_wconf 87' lang='lat' dir='ltr'><strong>vasis</strong></span> <span class='ocrx_word' id='word_1_138' title='bbox 1527 1642 1636 1705; x_wconf 61' lang='lat' dir='ltr'><strong>iraa,</strong></span> <span class='ocrx_word' id='word_1_139' title='bbox 1681 1641 1762 1694; x_wconf 90' lang='lat' dir='ltr'><strong>vel</strong></span> <span class='ocrx_word' id='word_1_140' title='bbox 1798 1642 1930 1693; x_wconf 84' lang='lat' dir='ltr'><strong>divi-</strong></span> 
     </span>
    </p>
   </div>
   <div class='ocr_carea' id='block_1_19' title="bbox 376 1721 2420 1798">
    <p class='ocr_par' dir='ltr' id='par_1_19' title="bbox 376 1721 2420 1798">
     <span class='ocr_line' id='line_1_19' title="bbox 376 1721 2420 1798; baseline -0.001 -15"><span class='ocrx_word' id='word_1_141' title='bbox 376 1733 501 1784; x_wconf 87' lang='lat' dir='ltr'><strong>tias</strong></span> <span class='ocrx_word' id='word_1_142' title='bbox 558 1730 738 1798; x_wconf 77' lang='lat' dir='ltr'><strong>gloria:</strong></span> <span class='ocrx_word' id='word_1_143' title='bbox 781 1745 890 1783; x_wconf 77' lang='lat' dir='ltr'><strong>sua:</strong></span> <span class='ocrx_word' id='word_1_144' title='bbox 925 1731 974 1782; x_wconf 90' lang='lat' dir='ltr'><strong>in</strong></span> <span class='ocrx_word' id='word_1_145' title='bbox 1022 1730 1163 1784; x_wconf 89' lang='lat' dir='ltr'><strong>vasis</strong></span> <span class='ocrx_word' id='word_1_146' title='bbox 1216 1730 1590 1783; x_wconf 64' lang='lat' dir='ltr'><strong>misericordiae</strong></span> <span class='ocrx_word' id='word_1_147' title='bbox 1619 1747 1631 1782; x_wconf 93' lang='lat'><strong>:</strong></span> <span class='ocrx_word' id='word_1_148' title='bbox 1663 1741 1716 1782; x_wconf 90' lang='lat' dir='ltr'><strong>et</strong></span> <span class='ocrx_word' id='word_1_149' title='bbox 1750 1730 1930 1782; x_wconf 83' lang='lat' dir='ltr'><strong>docuit</strong></span> <span class='ocrx_word' id='word_1_150' title='bbox 1959 1723 2001 1781; x_wconf 82' lang='grc' dir='ltr'><strong>Β</strong></span> <span class='ocrx_word' id='word_1_151' title='bbox 2027 1721 2140 1776; x_wconf 76' lang='lat' dir='ltr'><strong>Non</strong></span> <span class='ocrx_word' id='word_1_152' title='bbox 2214 1724 2347 1777; x_wconf 77' lang='lat' dir='ltr'><strong>dixit</strong></span> <span class='ocrx_word' id='word_1_153' title='bbox 2405 1741 2420 1776; x_wconf 88' lang='lat'><strong>:</strong></span> 
     </span>
    </p>
   </div>
   <div class='ocr_carea' id='block_1_20' title="bbox 374 1820 1929 1889">
    <p class='ocr_par' dir='ltr' id='par_1_20' title="bbox 374 1820 1929 1889">
     <span class='ocr_line' id='line_1_20' title="bbox 374 1820 1929 1889; baseline -0.001 -18"><span class='ocrx_word' id='word_1_154' title='bbox 374 1821 540 1888; x_wconf 82' lang='lat' dir='ltr'><strong>quod</strong></span> <span class='ocrx_word' id='word_1_155' title='bbox 573 1835 666 1873; x_wconf 87' lang='lat' dir='ltr'><strong>vas</strong></span> <span class='ocrx_word' id='word_1_156' title='bbox 699 1821 789 1872; x_wconf 81' lang='lat' dir='ltr'><strong>ira:</strong></span> <span class='ocrx_word' id='word_1_157' title='bbox 818 1820 906 1872; x_wconf 88' lang='lat' dir='ltr'><strong>ﬁat</strong></span> <span class='ocrx_word' id='word_1_158' title='bbox 935 1822 1294 1889; x_wconf 86' lang='lat' dir='ltr'><strong>unusquisque</strong></span> <span class='ocrx_word' id='word_1_159' title='bbox 1336 1833 1400 1871; x_wconf 81' lang='lat' dir='ltr'><strong>ex</strong></span> <span class='ocrx_word' id='word_1_160' title='bbox 1451 1834 1513 1872; x_wconf 89' lang='lat' dir='ltr'><strong>eo</strong></span> <span class='ocrx_word' id='word_1_161' title='bbox 1546 1821 1683 1886; x_wconf 80' lang='lat' dir='ltr'><strong>quod</strong></span> <span class='ocrx_word' id='word_1_162' title='bbox 1715 1835 1806 1886; x_wconf 67' lang='lat' dir='ltr'><strong>per</strong></span> <span class='ocrx_word' id='word_1_163' title='bbox 1834 1821 1929 1870; x_wconf 86' lang='lat' dir='ltr'><strong>du-</strong></span> 
     </span>
    </p>
   </div>
   <div class='ocr_carea' id='block_1_21' title="bbox 375 1907 1928 1977">
    <p class='ocr_par' dir='ltr' id='par_1_21' title="bbox 375 1907 1928 1977">
     <span class='ocr_line' id='line_1_21' title="bbox 375 1907 1928 1977; baseline -0.003 -16"><span class='ocrx_word' id='word_1_164' title='bbox 375 1911 577 1961; x_wconf 85' lang='lat' dir='ltr'><strong>ritiam</strong></span> <span class='ocrx_word' id='word_1_165' title='bbox 623 1925 770 1964; x_wconf 77' lang='lat' dir='ltr'><strong>suam</strong></span> <span class='ocrx_word' id='word_1_166' title='bbox 810 1920 863 1962; x_wconf 89' lang='lat' dir='ltr'><strong>et</strong></span> <span class='ocrx_word' id='word_1_167' title='bbox 908 1924 998 1964; x_wconf 88' lang='lat' dir='ltr'><strong>cor</strong></span> <span class='ocrx_word' id='word_1_168' title='bbox 1045 1910 1383 1977; x_wconf 77' lang='lat' dir='ltr'><strong>impmnitens</strong></span> <span class='ocrx_word' id='word_1_169' title='bbox 1440 1910 1756 1960; x_wconf 80' lang='lat' dir='ltr'><strong>tltcsaurizet</strong></span> <span class='ocrx_word' id='word_1_170' title='bbox 1816 1907 1928 1975; x_wconf 66' lang='grc'><strong>(40)</strong></span> 
     </span>
    </p>
   </div>
   <div class='ocr_carea' id='block_1_22' title="bbox 376 1997 1929 2063">
    <p class='ocr_par' dir='ltr' id='par_1_22' title="bbox 376 1997 1929 2063">
     <span class='ocr_line' id='line_1_22' title="bbox 376 1997 1929 2063; baseline -0.002 -14"><span class='ocrx_word' id='word_1_171' title='bbox 376 1997 494 2049; x_wconf 93' lang='lat' dir='ltr'><strong>sibi</strong></span> <span class='ocrx_word' id='word_1_172' title='bbox 529 1997 631 2063; x_wconf 89' lang='lat' dir='ltr'><strong>ipsi</strong></span> <span class='ocrx_word' id='word_1_173' title='bbox 671 1998 803 2049; x_wconf 89' lang='lat' dir='ltr'><strong>iram</strong></span> <span class='ocrx_word' id='word_1_174' title='bbox 842 1997 892 2049; x_wconf 90' lang='lat' dir='ltr'><strong>in</strong></span> <span class='ocrx_word' id='word_1_175' title='bbox 919 1999 1004 2051; x_wconf 87' lang='lat' dir='ltr'><strong>die</strong></span> <span class='ocrx_word' id='word_1_176' title='bbox 1031 1997 1123 2050; x_wconf 79' lang='lat' dir='ltr'><strong>ira:</strong></span> <span class='ocrx_word' id='word_1_177' title='bbox 1157 1999 1230 2060; x_wconf 80' lang='grc'><strong>⁵⁸;</strong></span> <span class='ocrx_word' id='word_1_178' title='bbox 1263 2012 1384 2048; x_wconf 85' lang='lat' dir='ltr'><strong>vasa</strong></span> <span class='ocrx_word' id='word_1_179' title='bbox 1425 2007 1597 2048; x_wconf 88' lang='lat' dir='ltr'><strong>autem</strong></span> <span class='ocrx_word' id='word_1_180' title='bbox 1632 1997 1929 2048; x_wconf 86' lang='lat' dir='ltr'><strong>misericor-</strong></span> 
     </span>
    </p>
   </div>
   <div class='ocr_carea' id='block_1_23' title="bbox 378 2085 1929 2152">
    <p class='ocr_par' dir='ltr' id='par_1_23' title="bbox 378 2085 1929 2152">
     <span class='ocr_line' id='line_1_23' title="bbox 378 2085 1929 2152; baseline -0.001 -16"><span class='ocrx_word' id='word_1_181' title='bbox 378 2086 498 2138; x_wconf 72' lang='lat' dir='ltr'><strong>dia:</strong></span> <span class='ocrx_word' id='word_1_182' title='bbox 531 2087 642 2138; x_wconf 90' lang='lat' dir='ltr'><strong>sint</strong></span> <span class='ocrx_word' id='word_1_183' title='bbox 662 2086 715 2138; x_wconf 90' lang='lat' dir='ltr'><strong>hi</strong></span> <span class='ocrx_word' id='word_1_184' title='bbox 744 2088 830 2152; x_wconf 93' lang='lat' dir='ltr'><strong>qui</strong></span> <span class='ocrx_word' id='word_1_185' title='bbox 867 2100 925 2139; x_wconf 86' lang='lat' dir='ltr'><strong>se</strong></span> <span class='ocrx_word' id='word_1_186' title='bbox 956 2088 1359 2138; x_wconf 88' lang='lat' dir='ltr'><strong>emundaverint</strong></span> <span class='ocrx_word' id='word_1_187' title='bbox 1387 2087 1452 2137; x_wconf 89' lang='lat' dir='ltr'><strong>ab</strong></span> <span class='ocrx_word' id='word_1_188' title='bbox 1481 2085 1582 2146; x_wconf 90' lang='lat' dir='ltr'><strong>his,</strong></span> <span class='ocrx_word' id='word_1_189' title='bbox 1607 2095 1660 2138; x_wconf 91' lang='lat' dir='ltr'><strong>et</strong></span> <span class='ocrx_word' id='word_1_190' title='bbox 1686 2086 1748 2136; x_wconf 89' lang='lat' dir='ltr'><strong>ad</strong></span> <span class='ocrx_word' id='word_1_191' title='bbox 1771 2098 1929 2135; x_wconf 88' lang='lat' dir='ltr'><strong>omne</strong></span> 
     </span>
    </p>
   </div>
   <div class='ocr_carea' id='block_1_24' title="bbox 378 2173 1928 2242">
    <p class='ocr_par' dir='ltr' id='par_1_24' title="bbox 378 2173 1928 2242">
     <span class='ocr_line' id='line_1_24' title="bbox 378 2173 1928 2242; baseline -0.001 -16"><span class='ocrx_word' id='word_1_192' title='bbox 378 2189 534 2242; x_wconf 85' lang='lat' dir='ltr'><strong>opus</strong></span> <span class='ocrx_word' id='word_1_193' title='bbox 571 2175 771 2228; x_wconf 87' lang='lat' dir='ltr'><strong>bonum</strong></span> <span class='ocrx_word' id='word_1_194' title='bbox 812 2177 1229 2242; x_wconf 66' lang='lat' dir='ltr'><strong>praeparaverint</strong></span> <span class='ocrx_word' id='word_1_195' title='bbox 1261 2175 1308 2205; x_wconf 81' lang='grc'><strong>⁸³</strong></span> <span class='ocrx_word' id='word_1_196' title='bbox 1340 2192 1353 2226; x_wconf 91' lang='lat'><strong>:</strong></span> <span class='ocrx_word' id='word_1_197' title='bbox 1397 2189 1534 2227; x_wconf 89' lang='lat' dir='ltr'><strong>nunc</strong></span> <span class='ocrx_word' id='word_1_198' title='bbox 1569 2183 1628 2226; x_wconf 90' lang='lat' dir='ltr'><strong>ut</strong></span> <span class='ocrx_word' id='word_1_199' title='bbox 1675 2173 1785 2226; x_wconf 66' lang='lat' dir='ltr'><strong>haec</strong></span> <span class='ocrx_word' id='word_1_200' title='bbox 1818 2174 1928 2241; x_wconf 88' lang='lat' dir='ltr'><strong>ipsa</strong></span> 
     </span>
    </p>
   </div>
   <div class='ocr_carea' id='block_1_25' title="bbox 381 2262 1971 2331">
    <p class='ocr_par' dir='ltr' id='par_1_25' title="bbox 381 2262 1971 2331">
     <span class='ocr_line' id='line_1_25' title="bbox 381 2262 1971 2331; baseline -0.002 -15"><span class='ocrx_word' id='word_1_201' title='bbox 381 2264 604 2330; x_wconf 83' lang='lat' dir='ltr'><strong>majore</strong></span> <span class='ocrx_word' id='word_1_202' title='bbox 648 2266 968 2317; x_wconf 86' lang='lat' dir='ltr'><strong>auctoritate</strong></span> <span class='ocrx_word' id='word_1_203' title='bbox 1006 2264 1308 2327; x_wconf 90' lang='lat' dir='ltr'><strong>conﬁrmet,</strong></span> <span class='ocrx_word' id='word_1_204' title='bbox 1350 2265 1509 2315; x_wconf 87' lang='lat' dir='ltr'><strong>etiam</strong></span> <span class='ocrx_word' id='word_1_205' title='bbox 1556 2265 1608 2316; x_wconf 92' lang='lat' dir='ltr'><strong>in</strong></span> <span class='ocrx_word' id='word_1_206' title='bbox 1658 2262 1928 2331; x_wconf 84' lang='lat' dir='ltr'><strong>prophetis</strong></span> <span class='ocrx_word' id='word_1_207' title='bbox 1969 2289 1971 2292; x_wconf 47' lang='grc' dir='ltr'>έ</span> 
     </span>
    </p>
   </div>
   <div class='ocr_carea' id='block_1_26' title="bbox 379 2348 1926 2418">
    <p class='ocr_par' dir='ltr' id='par_1_26' title="bbox 379 2348 1926 2418">
     <span class='ocr_line' id='line_1_26' title="bbox 379 2348 1926 2418; baseline -0.003 -14"><span class='ocrx_word' id='word_1_208' title='bbox 379 2354 549 2404; x_wconf 88' lang='lat' dir='ltr'><strong>docet</strong></span> <span class='ocrx_word' id='word_1_209' title='bbox 594 2352 709 2404; x_wconf 58' lang='lat' dir='ltr'><strong>haec</strong></span> <span class='ocrx_word' id='word_1_210' title='bbox 766 2367 883 2404; x_wconf 90' lang='lat' dir='ltr'><strong>esse</strong></span> <span class='ocrx_word' id='word_1_211' title='bbox 917 2353 1221 2418; x_wconf 65' lang='lat' dir='ltr'><strong>praescripta</strong></span> <span class='ocrx_word' id='word_1_212' title='bbox 1267 2348 1416 2418; x_wconf 69' lang='lat' dir='ltr'><strong>(4i):</strong></span> <span class='ocrx_word' id='word_1_213' title='bbox 1453 2369 1472 2400; x_wconf 70' lang='grc' dir='ltr'><strong>ε</strong></span> <span class='ocrx_word' id='word_1_214' title='bbox 1505 2349 1684 2412; x_wconf 86' lang='lat' dir='ltr'><strong>Isaias,</strong></span> <span class='ocrx_word' id='word_1_215' title='bbox 1737 2350 1926 2417; x_wconf 88' lang='lat' dir='ltr'><strong>inquit,</strong></span> 
     </span>
    </p>
   </div>
   <div class='ocr_carea' id='block_1_27' title="bbox 378 2439 1925 2508">
    <p class='ocr_par' dir='ltr' id='par_1_27' title="bbox 378 2439 1925 2508">
     <span class='ocr_line' id='line_1_27' title="bbox 378 2439 1925 2508; baseline -0.002 -15"><span class='ocrx_word' id='word_1_216' title='bbox 378 2443 596 2494; x_wconf 82' lang='lat' dir='ltr'><strong>clamat</strong></span> <span class='ocrx_word' id='word_1_217' title='bbox 658 2456 754 2508; x_wconf 88' lang='lat' dir='ltr'><strong>pro</strong></span> <span class='ocrx_word' id='word_1_218' title='bbox 819 2441 1027 2495; x_wconf 87' lang='lat' dir='ltr'><strong>Israel:</strong></span> <span class='ocrx_word' id='word_1_219' title='bbox 1068 2442 1122 2492; x_wconf 92' lang='lat' dir='ltr'><strong>Si</strong></span> <span class='ocrx_word' id='word_1_220' title='bbox 1171 2441 1329 2494; x_wconf 88' lang='lat' dir='ltr'><strong>fuerit</strong></span> <span class='ocrx_word' id='word_1_221' title='bbox 1392 2455 1640 2493; x_wconf 81' lang='lat' dir='ltr'><strong>numerus</strong></span> <span class='ocrx_word' id='word_1_222' title='bbox 1701 2439 1925 2492; x_wconf 83' lang='lat' dir='ltr'><strong>filiorqu</strong></span> 
     </span>
    </p>
   </div>
   <div class='ocr_carea' id='block_1_28' title="bbox 382 2529 1920 2598">
    <p class='ocr_par' dir='ltr' id='par_1_28' title="bbox 382 2529 1920 2598">
     <span class='ocr_line' id='line_1_28' title="bbox 382 2529 1920 2598; baseline -0.003 -16"><span class='ocrx_word' id='word_1_223' title='bbox 382 2531 559 2583; x_wconf 76' lang='lat' dir='ltr'><strong>Israel</strong></span> <span class='ocrx_word' id='word_1_224' title='bbox 587 2540 836 2596; x_wconf 87' lang='lat' dir='ltr'><strong>tanquam</strong></span> <span class='ocrx_word' id='word_1_225' title='bbox 867 2545 1022 2582; x_wconf 85' lang='lat' dir='ltr'><strong>arena</strong></span> <span class='ocrx_word' id='word_1_226' title='bbox 1053 2531 1233 2588; x_wconf 85' lang='lat' dir='ltr'><strong>maris,</strong></span> <span class='ocrx_word' id='word_1_227' title='bbox 1257 2531 1493 2598; x_wconf 61' lang='lat' dir='ltr'><strong>reliquiae</strong></span> <span class='ocrx_word' id='word_1_228' title='bbox 1513 2529 1675 2582; x_wconf 68' lang='lat' dir='ltr'><strong>salva:</strong></span> <span class='ocrx_word' id='word_1_229' title='bbox 1706 2529 1850 2597; x_wconf 80' lang='lat' dir='ltr'><strong>ﬁent.</strong></span> <span class='ocrx_word' id='word_1_230' title='bbox 1902 2545 1920 2577; x_wconf 72' lang='grc' dir='ltr'><strong><em>ι</em></strong></span> 
     </span>
    </p>
   </div>
   <div class='ocr_carea' id='block_1_29' title="bbox 381 2618 1924 2688">
    <p class='ocr_par' dir='ltr' id='par_1_29' title="bbox 381 2618 1924 2688">
     <span class='ocr_line' id='line_1_29' title="bbox 381 2618 1924 2688; baseline -0.004 -14"><span class='ocrx_word' id='word_1_231' title='bbox 381 2622 696 2676; x_wconf 84' lang='lat' dir='ltr'><strong>Providens</strong></span> <span class='ocrx_word' id='word_1_232' title='bbox 721 2622 916 2675; x_wconf 89' lang='lat' dir='ltr'><strong>etenim</strong></span> <span class='ocrx_word' id='word_1_233' title='bbox 939 2623 1004 2674; x_wconf 88' lang='lat' dir='ltr'><strong>de</strong></span> <span class='ocrx_word' id='word_1_234' title='bbox 1028 2620 1222 2674; x_wconf 88' lang='lat' dir='ltr'><strong>futuris</strong></span> <span class='ocrx_word' id='word_1_235' title='bbox 1245 2621 1520 2688; x_wconf 84' lang='lat' dir='ltr'><strong>propheta,</strong></span> <span class='ocrx_word' id='word_1_236' title='bbox 1549 2621 1757 2672; x_wconf 82' lang='lat' dir='ltr'><strong>videbat</strong></span> <span class='ocrx_word' id='word_1_237' title='bbox 1783 2618 1924 2687; x_wconf 84' lang='lat' dir='ltr'><strong>quod</strong></span> 
     </span>
    </p>
   </div>
   <div class='ocr_carea' id='block_1_30' title="bbox 377 2708 1927 2779">
    <p class='ocr_par' dir='ltr' id='par_1_30' title="bbox 377 2708 1927 2779">
     <span class='ocr_line' id='line_1_30' title="bbox 377 2708 1927 2779; baseline -0.001 -16"><span class='ocrx_word' id='word_1_238' title='bbox 377 2711 607 2779; x_wconf 77' lang='lat' dir='ltr'><strong>plurimi</strong></span> <span class='ocrx_word' id='word_1_239' title='bbox 633 2725 697 2763; x_wconf 86' lang='lat' dir='ltr'><strong>ex</strong></span> <span class='ocrx_word' id='word_1_240' title='bbox 728 2709 909 2771; x_wconf 88' lang='lat' dir='ltr'><strong>Israel,</strong></span> <span class='ocrx_word' id='word_1_241' title='bbox 950 2720 1002 2763; x_wconf 91' lang='lat' dir='ltr'><strong>et</strong></span> <span class='ocrx_word' id='word_1_242' title='bbox 1038 2711 1089 2762; x_wconf 91' lang='lat' dir='ltr'><strong>hi</strong></span> <span class='ocrx_word' id='word_1_243' title='bbox 1130 2712 1357 2764; x_wconf 81' lang='lat' dir='ltr'><strong>maxime</strong></span> <span class='ocrx_word' id='word_1_244' title='bbox 1404 2710 1492 2778; x_wconf 90' lang='lat' dir='ltr'><strong>qui</strong></span> <span class='ocrx_word' id='word_1_245' title='bbox 1539 2723 1714 2762; x_wconf 75' lang='lat' dir='ltr'><strong>arente</strong></span> <span class='ocrx_word' id='word_1_246' title='bbox 1763 2708 1927 2761; x_wconf 84' lang='lat' dir='ltr'><strong>maris</strong></span> 
     </span>
    </p>
   </div>
   <div class='ocr_carea' id='block_1_31' title="bbox 379 2797 1924 2867">
    <p class='ocr_par' dir='ltr' id='par_1_31' title="bbox 379 2797 1924 2867">
     <span class='ocr_line' id='line_1_31' title="bbox 379 2797 1924 2867; baseline -0.004 -14"><span class='ocrx_word' id='word_1_247' title='bbox 379 2808 796 2867; x_wconf 70' lang='grc' dir='ltr'><strong>οθιιιρεπίιηιυΐ,</strong></span> <span class='ocrx_word' id='word_1_248' title='bbox 842 2813 936 2864; x_wconf 92' lang='lat' dir='ltr'><strong>per</strong></span> <span class='ocrx_word' id='word_1_249' title='bbox 962 2800 1208 2852; x_wconf 88' lang='lat' dir='ltr'><strong>duritiam</strong></span> <span class='ocrx_word' id='word_1_250' title='bbox 1244 2814 1394 2852; x_wconf 90' lang='lat' dir='ltr'><strong>suam</strong></span> <span class='ocrx_word' id='word_1_251' title='bbox 1433 2808 1486 2852; x_wconf 93' lang='lat' dir='ltr'><strong>et</strong></span> <span class='ocrx_word' id='word_1_252' title='bbox 1531 2812 1627 2851; x_wconf 89' lang='lat' dir='ltr'><strong>cor</strong></span> <span class='ocrx_word' id='word_1_253' title='bbox 1677 2797 1924 2863; x_wconf 69' lang='lat' dir='ltr'><strong>impaani-</strong></span> 
     </span>
    </p>
   </div>
   <div class='ocr_carea' id='block_1_32' title="bbox 381 2885 1926 2955">
    <p class='ocr_par' dir='ltr' id='par_1_32' title="bbox 381 2885 1926 2955">
     <span class='ocr_line' id='line_1_32' title="bbox 381 2885 1926 2955; baseline -0.003 -15"><span class='ocrx_word' id='word_1_254' title='bbox 381 2898 510 2942; x_wconf 88' lang='lat' dir='ltr'><strong>tens</strong></span> <span class='ocrx_word' id='word_1_255' title='bbox 546 2887 592 2918; x_wconf 74' lang='lat'><strong>“</strong></span> <span class='ocrx_word' id='word_1_256' title='bbox 623 2886 783 2940; x_wconf 89' lang='lat' dir='ltr'><strong>futuri</strong></span> <span class='ocrx_word' id='word_1_257' title='bbox 816 2894 966 2940; x_wconf 88' lang='lat' dir='ltr'><strong>erant</strong></span> <span class='ocrx_word' id='word_1_258' title='bbox 1011 2903 1172 2940; x_wconf 68' lang='lat' dir='ltr'><strong>«vasa</strong></span> <span class='ocrx_word' id='word_1_259' title='bbox 1227 2888 1318 2941; x_wconf 83' lang='lat' dir='ltr'><strong>irae</strong></span> <span class='ocrx_word' id='word_1_260' title='bbox 1359 2897 1533 2955; x_wconf 88' lang='lat' dir='ltr'><strong>aptata</strong></span> <span class='ocrx_word' id='word_1_261' title='bbox 1575 2888 1640 2939; x_wconf 90' lang='lat' dir='ltr'><strong>ad</strong></span> <span class='ocrx_word' id='word_1_262' title='bbox 1670 2885 1926 2952; x_wconf 88' lang='lat' dir='ltr'><strong>perditio-</strong></span> 
     </span>
    </p>
   </div>
   <div class='ocr_carea' id='block_1_33' title="bbox 381 2976 1922 3040">
    <p class='ocr_par' dir='ltr' id='par_1_33' title="bbox 381 2976 1922 3040">
     <span class='ocr_line' id='line_1_33' title="bbox 381 2976 1922 3040; baseline -0.003 -10"><span class='ocrx_word' id='word_1_263' title='bbox 381 2994 538 3040; x_wconf 87' lang='lat' dir='ltr'><strong>nem,</strong></span> <span class='ocrx_word' id='word_1_264' title='bbox 581 2996 599 3028; x_wconf 75' lang='grc' dir='ltr'><strong>ι</strong></span> <span class='ocrx_word' id='word_1_265' title='bbox 627 2992 731 3031; x_wconf 91' lang='lat' dir='ltr'><strong>non</strong></span> <span class='ocrx_word' id='word_1_266' title='bbox 765 2978 1046 3030; x_wconf 85' lang='lat' dir='ltr'><strong>credentes</strong></span> <span class='ocrx_word' id='word_1_267' title='bbox 1077 2979 1197 3030; x_wconf 68' lang='lat' dir='ltr'><strong>vitae</strong></span> <span class='ocrx_word' id='word_1_268' title='bbox 1219 2991 1348 3039; x_wconf 73' lang='lat' dir='ltr'><strong>suze,</strong></span> <span class='ocrx_word' id='word_1_269' title='bbox 1378 2979 1469 3030; x_wconf 89' lang='lat' dir='ltr'><strong>sed</strong></span> <span class='ocrx_word' id='word_1_270' title='bbox 1505 2976 1781 3029; x_wconf 88' lang='lat' dir='ltr'><strong>Dominum</strong></span> <span class='ocrx_word' id='word_1_271' title='bbox 1809 2989 1922 3026; x_wconf 89' lang='lat' dir='ltr'><strong>ma-</strong></span> 
     </span>
    </p>
   </div>
   <div class='ocr_carea' id='block_1_34' title="bbox 369 3065 1917 3136">
    <p class='ocr_par' dir='ltr' id='par_1_34' title="bbox 369 3065 1917 3136">
     <span class='ocr_line' id='line_1_34' title="bbox 369 3065 1917 3136; baseline -0.003 -16"><span class='ocrx_word' id='word_1_272' title='bbox 369 3068 600 3136; x_wconf 83' lang='lat' dir='ltr'><strong>jestatis</strong></span> <span class='ocrx_word' id='word_1_273' title='bbox 632 3067 1000 3134; x_wconf 83' lang='lat' dir='ltr'><strong>cruciﬁgentes</strong></span> <span class='ocrx_word' id='word_1_274' title='bbox 1051 3065 1113 3119; x_wconf 84' lang='grc'><strong>³⁸.</strong></span> <span class='ocrx_word' id='word_1_275' title='bbox 1186 3085 1203 3117; x_wconf 81' lang='grc' dir='ltr'>ι</span> <span class='ocrx_word' id='word_1_276' title='bbox 1239 3067 1292 3119; x_wconf 94' lang='lat' dir='ltr'><strong>Si</strong></span> <span class='ocrx_word' id='word_1_277' title='bbox 1313 3083 1464 3136; x_wconf 83' lang='lat' dir='ltr'><strong>ergo,</strong></span> <span class='ocrx_word' id='word_1_278' title='bbox 1500 3067 1688 3133; x_wconf 90' lang='lat' dir='ltr'><strong>inquit,</strong></span> <span class='ocrx_word' id='word_1_279' title='bbox 1719 3065 1917 3117; x_wconf 81' lang='lat' dir='ltr'><strong>fuerint</strong></span> 
     </span>
    </p>
   </div>
   <div class='ocr_carea' id='block_1_35' title="bbox 381 3153 1920 3227">
    <p class='ocr_par' dir='ltr' id='par_1_35' title="bbox 381 3153 1920 3227">
     <span class='ocr_line' id='line_1_35' title="bbox 381 3153 1920 3227; baseline -0.003 -16"><span class='ocrx_word' id='word_1_280' title='bbox 381 3169 646 3227; x_wconf 83' lang='lat' dir='ltr'><strong>tanquam</strong></span> <span class='ocrx_word' id='word_1_281' title='bbox 677 3171 838 3209; x_wconf 84' lang='lat' dir='ltr'><strong>arena</strong></span> <span class='ocrx_word' id='word_1_282' title='bbox 875 3156 1054 3214; x_wconf 89' lang='lat' dir='ltr'><strong>maris,</strong></span> <span class='ocrx_word' id='word_1_283' title='bbox 1084 3155 1317 3222; x_wconf 63' lang='lat' dir='ltr'><strong>reliquiae</strong></span> <span class='ocrx_word' id='word_1_284' title='bbox 1343 3155 1500 3209; x_wconf 73' lang='lat' dir='ltr'><strong>salvae</strong></span> <span class='ocrx_word' id='word_1_285' title='bbox 1523 3155 1665 3208; x_wconf 92' lang='lat' dir='ltr'><strong>ﬁent.</strong></span> <span class='ocrx_word' id='word_1_286' title='bbox 1699 3172 1716 3203; x_wconf 72' lang='grc' dir='ltr'><strong><em>ι</em></strong></span> <span class='ocrx_word' id='word_1_287' title='bbox 1737 3153 1920 3220; x_wconf 89' lang='lat' dir='ltr'><strong>IIliqui</strong></span> 
     </span>
    </p>
   </div>
   <div class='ocr_carea' id='block_1_36' title="bbox 377 3242 1921 3309">
    <p class='ocr_par' dir='ltr' id='par_1_36' title="bbox 377 3242 1921 3309">
     <span class='ocr_line' id='line_1_36' title="bbox 377 3242 1921 3309; baseline -0.003 -11"><span class='ocrx_word' id='word_1_288' title='bbox 377 3260 494 3298; x_wconf 80' lang='lat' dir='ltr'><strong>non</strong></span> <span class='ocrx_word' id='word_1_289' title='bbox 537 3244 833 3304; x_wconf 83' lang='lat' dir='ltr'><strong>salvantur,</strong></span> <span class='ocrx_word' id='word_1_290' title='bbox 883 3253 1133 3309; x_wconf 88' lang='lat' dir='ltr'><strong>tanquam</strong></span> <span class='ocrx_word' id='word_1_291' title='bbox 1182 3257 1340 3295; x_wconf 86' lang='lat' dir='ltr'><strong>arena</strong></span> <span class='ocrx_word' id='word_1_292' title='bbox 1391 3244 1554 3297; x_wconf 90' lang='lat' dir='ltr'><strong>maris</strong></span> <span class='ocrx_word' id='word_1_293' title='bbox 1599 3251 1756 3307; x_wconf 90' lang='lat' dir='ltr'><strong>sunt;</strong></span> <span class='ocrx_word' id='word_1_294' title='bbox 1798 3242 1921 3296; x_wconf 90' lang='lat' dir='ltr'><strong>reli-</strong></span> 
     </span>
    </p>
   </div>
   <div class='ocr_carea' id='block_1_37' title="bbox 375 3329 1920 3402">
    <p class='ocr_par' dir='ltr' id='par_1_37' title="bbox 375 3329 1920 3402">
     <span class='ocr_line' id='line_1_37' title="bbox 375 3329 1920 3402; baseline -0.002 -16"><span class='ocrx_word' id='word_1_295' title='bbox 375 3334 528 3402; x_wconf 68' lang='lat' dir='ltr'><strong>quiae</strong></span> <span class='ocrx_word' id='word_1_296' title='bbox 565 3347 694 3385; x_wconf 88' lang='lat' dir='ltr'><strong>vero</strong></span> <span class='ocrx_word' id='word_1_297' title='bbox 725 3347 840 3399; x_wconf 67' lang='lat' dir='ltr'><strong>quae</strong></span> <span class='ocrx_word' id='word_1_298' title='bbox 881 3330 1037 3384; x_wconf 69' lang='lat' dir='ltr'><strong>salvae</strong></span> <span class='ocrx_word' id='word_1_299' title='bbox 1080 3330 1227 3396; x_wconf 83' lang='lat' dir='ltr'><strong>ﬁent,</strong></span> <span class='ocrx_word' id='word_1_300' title='bbox 1279 3340 1529 3400; x_wconf 88' lang='lat' dir='ltr'><strong>tanqttam</strong></span> <span class='ocrx_word' id='word_1_301' title='bbox 1585 3331 1750 3386; x_wconf 68' lang='lat' dir='ltr'><strong>stellae</strong></span> <span class='ocrx_word' id='word_1_302' title='bbox 1797 3329 1920 3384; x_wconf 79' lang='lat' dir='ltr'><strong>cceli</strong></span> 
     </span>
    </p>
   </div>
   <div class='ocr_carea' id='block_1_38' title="bbox 375 3422 1918 3489">
    <p class='ocr_par' dir='ltr' id='par_1_38' title="bbox 375 3422 1918 3489">
     <span class='ocr_line' id='line_1_38' title="bbox 375 3422 1918 3489; baseline -0.003 -11"><span class='ocrx_word' id='word_1_303' title='bbox 375 3433 537 3478; x_wconf 88' lang='lat' dir='ltr'><strong>sttnt.</strong></span> <span class='ocrx_word' id='word_1_304' title='bbox 594 3422 890 3489; x_wconf 87' lang='lat' dir='ltr'><strong>Utrumque</strong></span> <span class='ocrx_word' id='word_1_305' title='bbox 954 3422 1148 3474; x_wconf 84' lang='lat' dir='ltr'><strong>etenim</strong></span> <span class='ocrx_word' id='word_1_306' title='bbox 1215 3422 1617 3487; x_wconf 88' lang='lat' dir='ltr'><strong>promissionis,</strong></span> <span class='ocrx_word' id='word_1_307' title='bbox 1683 3436 1800 3488; x_wconf 70' lang='lat' dir='ltr'><strong>qua:</strong></span> <span class='ocrx_word' id='word_1_308' title='bbox 1851 3423 1918 3475; x_wconf 85' lang='lat' dir='ltr'><strong>ad</strong></span> 
     </span>
    </p>
   </div>
   <div class='ocr_carea' id='block_1_39' title="bbox 374 3511 1916 3579">
    <p class='ocr_par' dir='ltr' id='par_1_39' title="bbox 374 3511 1916 3579">
     <span class='ocr_line' id='line_1_39' title="bbox 374 3511 1916 3579; baseline -0.005 -9"><span class='ocrx_word' id='word_1_309' title='bbox 374 3516 660 3570; x_wconf 84' lang='lat' dir='ltr'><strong>Abraham</strong></span> <span class='ocrx_word' id='word_1_310' title='bbox 708 3512 844 3565; x_wconf 87' lang='lat' dir='ltr'><strong>facta</strong></span> <span class='ocrx_word' id='word_1_311' title='bbox 905 3523 1008 3570; x_wconf 91' lang='lat' dir='ltr'><strong>est,</strong></span> <span class='ocrx_word' id='word_1_312' title='bbox 1049 3512 1280 3564; x_wconf 88' lang='lat' dir='ltr'><strong>continet</strong></span> <span class='ocrx_word' id='word_1_313' title='bbox 1325 3527 1501 3564; x_wconf 85' lang='lat' dir='ltr'><strong>sermo</strong></span> <span class='ocrx_word' id='word_1_314' title='bbox 1533 3511 1684 3579; x_wconf 69' lang='lat'><strong>(42):</strong></span> <span class='ocrx_word' id='word_1_315' title='bbox 1727 3531 1745 3562; x_wconf 74' lang='grc' dir='ltr'>ι</span> <span class='ocrx_word' id='word_1_316' title='bbox 1788 3513 1916 3574; x_wconf 89' lang='lat' dir='ltr'><strong>Erit,</strong></span> 
     </span>
    </p>
   </div>
   <div class='ocr_carea' id='block_1_40' title="bbox 375 3601 1916 3673">
    <p class='ocr_par' dir='ltr' id='par_1_40' title="bbox 375 3601 1916 3673">
     <span class='ocr_line' id='line_1_40' title="bbox 375 3601 1916 3673; baseline -0.003 -16"><span class='ocrx_word' id='word_1_317' title='bbox 375 3603 582 3673; x_wconf 90' lang='lat' dir='ltr'><strong>inquit,</strong></span> <span class='ocrx_word' id='word_1_318' title='bbox 642 3615 820 3656; x_wconf 83' lang='lat' dir='ltr'><strong>semen</strong></span> <span class='ocrx_word' id='word_1_319' title='bbox 862 3609 1009 3652; x_wconf 90' lang='lat' dir='ltr'><strong>tuum</strong></span> <span class='ocrx_word' id='word_1_320' title='bbox 1051 3601 1190 3654; x_wconf 89' lang='lat' dir='ltr'><strong>sicut</strong></span> <span class='ocrx_word' id='word_1_321' title='bbox 1229 3615 1390 3654; x_wconf 89' lang='lat' dir='ltr'><strong>arena</strong></span> <span class='ocrx_word' id='word_1_322' title='bbox 1457 3603 1640 3662; x_wconf 87' lang='lat' dir='ltr'><strong>maris,</strong></span> <span class='ocrx_word' id='word_1_323' title='bbox 1681 3610 1736 3654; x_wconf 91' lang='lat' dir='ltr'><strong>et</strong></span> <span class='ocrx_word' id='word_1_324' title='bbox 1778 3602 1916 3654; x_wconf 90' lang='lat' dir='ltr'><strong>sicut</strong></span> 
     </span>
    </p>
   </div>
   <div class='ocr_carea' id='block_1_41' title="bbox 375 3689 1914 3757">
    <p class='ocr_par' dir='ltr' id='par_1_41' title="bbox 375 3689 1914 3757">
     <span class='ocr_line' id='line_1_41' title="bbox 375 3689 1914 3757; baseline -0.003 -11"><span class='ocrx_word' id='word_1_325' title='bbox 375 3692 556 3746; x_wconf 76' lang='lat' dir='ltr'><strong>stella:</strong></span> <span class='ocrx_word' id='word_1_326' title='bbox 579 3690 789 3745; x_wconf 63' lang='lat' dir='ltr'><strong>coeli“.</strong></span> <span class='ocrx_word' id='word_1_327' title='bbox 835 3708 854 3740; x_wconf 75' lang='grc' dir='ltr'><strong><em>ι</em></strong></span> <span class='ocrx_word' id='word_1_328' title='bbox 894 3690 960 3742; x_wconf 88' lang='grc' dir='ltr'><strong>Ει</strong></span> <span class='ocrx_word' id='word_1_329' title='bbox 991 3689 1091 3742; x_wconf 88' lang='lat' dir='ltr'><strong>hoc</strong></span> <span class='ocrx_word' id='word_1_330' title='bbox 1110 3698 1191 3742; x_wconf 91' lang='lat' dir='ltr'><strong>est</strong></span> <span class='ocrx_word' id='word_1_331' title='bbox 1222 3691 1360 3757; x_wconf 89' lang='lat' dir='ltr'><strong>quod</strong></span> <span class='ocrx_word' id='word_1_332' title='bbox 1400 3689 1572 3742; x_wconf 84' lang='lat' dir='ltr'><strong>dicit:</strong></span> <span class='ocrx_word' id='word_1_333' title='bbox 1621 3708 1640 3740; x_wconf 77' lang='grc' dir='ltr'>ι</span> <span class='ocrx_word' id='word_1_334' title='bbox 1690 3689 1914 3742; x_wconf 88' lang='lat' dir='ltr'><strong>Verbum</strong></span> 
     </span>
    </p>
   </div>
   <div class='ocr_carea' id='block_1_42' title="bbox 374 3779 1914 3848">
    <p class='ocr_par' dir='ltr' id='par_1_42' title="bbox 374 3779 1914 3848">
     <span class='ocr_line' id='line_1_42' title="bbox 374 3779 1914 3848; baseline -0.001 -13"><span class='ocrx_word' id='word_1_335' title='bbox 374 3783 526 3835; x_wconf 87' lang='lat' dir='ltr'><strong>enim</strong></span> <span class='ocrx_word' id='word_1_336' title='bbox 561 3793 937 3833; x_wconf 83' lang='lat' dir='ltr'><strong>consummatis</strong></span> <span class='ocrx_word' id='word_1_337' title='bbox 981 3789 1034 3831; x_wconf 90' lang='lat' dir='ltr'><strong>et</strong></span> <span class='ocrx_word' id='word_1_338' title='bbox 1075 3780 1324 3833; x_wconf 83' lang='lat' dir='ltr'><strong>hrevians</strong></span> <span class='ocrx_word' id='word_1_339' title='bbox 1368 3779 1418 3832; x_wconf 92' lang='lat' dir='ltr'><strong>in</strong></span> <span class='ocrx_word' id='word_1_340' title='bbox 1470 3781 1758 3848; x_wconf 76' lang='lat' dir='ltr'><strong>aequitate:</strong></span> <span class='ocrx_word' id='word_1_341' title='bbox 1793 3782 1914 3848; x_wconf 82' lang='lat' dir='ltr'><strong>quia</strong></span> 
     </span>
    </p>
   </div>
   <div class='ocr_carea' id='block_1_43' title="bbox 377 3869 1910 3936">
    <p class='ocr_par' dir='ltr' id='par_1_43' title="bbox 377 3869 1910 3936">
     <span class='ocr_line' id='line_1_43' title="bbox 377 3869 1910 3936; baseline -0.002 -11"><span class='ocrx_word' id='word_1_342' title='bbox 377 3873 610 3927; x_wconf 77' lang='lat' dir='ltr'><strong>verbum</strong></span> <span class='ocrx_word' id='word_1_343' title='bbox 641 3871 932 3922; x_wconf 85' lang='lat' dir='ltr'><strong>breviatum</strong></span> <span class='ocrx_word' id='word_1_344' title='bbox 976 3869 1137 3922; x_wconf 81' lang='lat' dir='ltr'><strong>faciet</strong></span> <span class='ocrx_word' id='word_1_345' title='bbox 1177 3871 1429 3922; x_wconf 88' lang='lat' dir='ltr'><strong>Dominus</strong></span> <span class='ocrx_word' id='word_1_346' title='bbox 1452 3884 1612 3936; x_wconf 86' lang='lat' dir='ltr'><strong>super</strong></span> <span class='ocrx_word' id='word_1_347' title='bbox 1643 3879 1858 3925; x_wconf 89' lang='lat' dir='ltr'><strong>terram.</strong></span> <span class='ocrx_word' id='word_1_348' title='bbox 1890 3889 1910 3922; x_wconf 76' lang='grc' dir='ltr'><strong><em>ι</em></strong></span> 
     </span>
    </p>
   </div>
   <div class='ocr_carea' id='block_1_44' title="bbox 375 3948 1915 4026">
    <p class='ocr_par' dir='ltr' id='par_1_44' title="bbox 375 3948 1915 4026">
     <span class='ocr_line' id='line_1_44' title="bbox 375 3948 1915 4026; baseline -0.003 -10"><span class='ocrx_word' id='word_1_349' title='bbox 375 3962 623 4016; x_wconf 75' lang='lat' dir='ltr'><strong>Verbum</strong></span> <span class='ocrx_word' id='word_1_350' title='bbox 663 3948 981 4020; x_wconf 63' lang='lat' dir='ltr'><strong>breviatum,</strong></span> <span class='ocrx_word' id='word_1_351' title='bbox 1030 3959 1117 4010; x_wconf 89' lang='lat' dir='ltr'><strong>ubi</strong></span> <span class='ocrx_word' id='word_1_352' title='bbox 1167 3958 1315 4010; x_wconf 92' lang='lat' dir='ltr'><strong>multi</strong></span> <span class='ocrx_word' id='word_1_353' title='bbox 1367 3957 1538 4012; x_wconf 89' lang='lat' dir='ltr'><strong>vocati</strong></span> <span class='ocrx_word' id='word_1_354' title='bbox 1576 3969 1721 4024; x_wconf 88' lang='lat' dir='ltr'><strong>sunt,</strong></span> <span class='ocrx_word' id='word_1_355' title='bbox 1761 3959 1915 4026; x_wconf 86' lang='lat' dir='ltr'><strong>pauci</strong></span> 
     </span>
    </p>
   </div>
   <div class='ocr_carea' id='block_1_45' title="bbox 378 4046 1916 4104">
    <p class='ocr_par' dir='ltr' id='par_1_45' title="bbox 378 4046 1916 4104">
     <span class='ocr_line' id='line_1_45' title="bbox 378 4046 1916 4104; baseline -0.001 -1"><span class='ocrx_word' id='word_1_356' title='bbox 378 4061 567 4104; x_wconf 84' lang='lat' dir='ltr'><strong>autem</strong></span> <span class='ocrx_word' id='word_1_357' title='bbox 599 4047 751 4100; x_wconf 88' lang='lat' dir='ltr'><strong>electi</strong></span> <span class='ocrx_word' id='word_1_358' title='bbox 778 4048 848 4099; x_wconf 81' lang='grc'><strong>⁸⁷.</strong></span> <span class='ocrx_word' id='word_1_359' title='bbox 875 4046 1159 4099; x_wconf 90' lang='lat' dir='ltr'><strong>Possumus</strong></span> <span class='ocrx_word' id='word_1_360' title='bbox 1192 4058 1364 4100; x_wconf 89' lang='lat' dir='ltr'><strong>autem</strong></span> <span class='ocrx_word' id='word_1_361' title='bbox 1388 4056 1442 4100; x_wconf 91' lang='lat' dir='ltr'><strong>et</strong></span> <span class='ocrx_word' id='word_1_362' title='bbox 1475 4049 1631 4102; x_wconf 89' lang='lat' dir='ltr'><strong>totius</strong></span> <span class='ocrx_word' id='word_1_363' title='bbox 1664 4048 1916 4101; x_wconf 72' lang='lat' dir='ltr'><strong>doctrinm</strong></span> 
     </span>
    </p>
   </div>
   <div class='ocr_carea' id='block_1_46' title="bbox 378 4133 1916 4204">
    <p class='ocr_par' dir='ltr' id='par_1_46' title="bbox 378 4133 1916 4204">
     <span class='ocr_line' id='line_1_46' title="bbox 378 4133 1916 4204; baseline 0.003 -18"><span class='ocrx_word' id='word_1_364' title='bbox 378 4136 606 4187; x_wconf 75' lang='lat' dir='ltr'><strong>verbum</strong></span> <span class='ocrx_word' id='word_1_365' title='bbox 650 4134 824 4185; x_wconf 88' lang='lat' dir='ltr'><strong>dicere</strong></span> <span class='ocrx_word' id='word_1_366' title='bbox 874 4133 1186 4196; x_wconf 82' lang='lat' dir='ltr'><strong>breviatum,</strong></span> <span class='ocrx_word' id='word_1_367' title='bbox 1228 4143 1284 4186; x_wconf 88' lang='lat' dir='ltr'><strong>ttt</strong></span> <span class='ocrx_word' id='word_1_368' title='bbox 1329 4136 1469 4197; x_wconf 90' lang='lat' dir='ltr'><strong>quod</strong></span> <span class='ocrx_word' id='word_1_369' title='bbox 1521 4137 1664 4204; x_wconf 87' lang='lat' dir='ltr'><strong>prius</strong></span> <span class='ocrx_word' id='word_1_370' title='bbox 1706 4135 1811 4189; x_wconf 86' lang='lat' dir='ltr'><strong>Lex</strong></span> <span class='ocrx_word' id='word_1_371' title='bbox 1863 4147 1916 4190; x_wconf 89' lang='lat' dir='ltr'><strong>et</strong></span> 
     </span>
    </p>
   </div>
   <div class='ocr_carea' id='block_1_47' title="bbox 372 4222 1910 4292">
    <p class='ocr_par' dir='ltr' id='par_1_47' title="bbox 372 4222 1910 4292">
     <span class='ocr_line' id='line_1_47' title="bbox 372 4222 1910 4292; baseline -0.001 -14"><span class='ocrx_word' id='word_1_372' title='bbox 372 4225 663 4292; x_wconf 65' lang='lat' dir='ltr'><strong>Propheta:</strong></span> <span class='ocrx_word' id='word_1_373' title='bbox 710 4223 1050 4274; x_wconf 83' lang='lat' dir='ltr'><strong>continebant</strong></span> <span class='ocrx_word' id='word_1_374' title='bbox 1105 4222 1156 4274; x_wconf 88' lang='lat' dir='ltr'><strong>in</strong></span> <span class='ocrx_word' id='word_1_375' title='bbox 1201 4223 1474 4278; x_wconf 86' lang='lat' dir='ltr'><strong>latitudine</strong></span> <span class='ocrx_word' id='word_1_376' title='bbox 1507 4237 1910 4292; x_wconf 65' lang='lat' dir='ltr'><strong>praeceptorum,</strong></span> 
     </span>
    </p>
   </div>
   <div class='ocr_carea' id='block_1_48' title="bbox 2042 473 3556 541">
    <p class='ocr_par' dir='ltr' id='par_1_48' title="bbox 2042 473 3556 541">
     <span class='ocr_line' id='line_1_48' title="bbox 2042 473 3556 541; baseline 0.002 -18"><span class='ocrx_word' id='word_1_377' title='bbox 2042 481 2148 526; x_wconf 88' lang='lat' dir='ltr'><strong>tota</strong></span> <span class='ocrx_word' id='word_1_378' title='bbox 2181 474 2352 526; x_wconf 90' lang='lat' dir='ltr'><strong>anima</strong></span> <span class='ocrx_word' id='word_1_379' title='bbox 2388 481 2495 535; x_wconf 84' lang='lat' dir='ltr'><strong>tua,</strong></span> <span class='ocrx_word' id='word_1_380' title='bbox 2527 483 2580 526; x_wconf 91' lang='lat' dir='ltr'><strong>et</strong></span> <span class='ocrx_word' id='word_1_381' title='bbox 2609 489 2673 526; x_wconf 83' lang='lat' dir='ltr'><strong>ex</strong></span> <span class='ocrx_word' id='word_1_382' title='bbox 2712 473 2835 526; x_wconf 90' lang='lat' dir='ltr'><strong>totis</strong></span> <span class='ocrx_word' id='word_1_383' title='bbox 2863 473 3060 526; x_wconf 88' lang='lat' dir='ltr'><strong>viribus</strong></span> <span class='ocrx_word' id='word_1_384' title='bbox 3099 474 3201 526; x_wconf 91' lang='lat' dir='ltr'><strong>tuis</strong></span> <span class='ocrx_word' id='word_1_385' title='bbox 3231 490 3244 525; x_wconf 89' lang='lat'>:</span> <span class='ocrx_word' id='word_1_386' title='bbox 3286 483 3340 526; x_wconf 90' lang='lat' dir='ltr'><strong>et</strong></span> <span class='ocrx_word' id='word_1_387' title='bbox 3373 474 3556 541; x_wconf 77' lang='lat' dir='ltr'><strong>proxi-</strong></span> 
     </span>
    </p>
   </div>
   <div class='ocr_carea' id='block_1_49' title="bbox 2037 561 3594 634">
    <p class='ocr_par' dir='ltr' id='par_1_49' title="bbox 2037 561 3594 634">
     <span class='ocr_line' id='line_1_49' title="bbox 2037 561 3594 634; baseline 0.001 -21"><span class='ocrx_word' id='word_1_388' title='bbox 2037 576 2182 614; x_wconf 91' lang='lat' dir='ltr'><strong>mum</strong></span> <span class='ocrx_word' id='word_1_389' title='bbox 2222 569 2365 614; x_wconf 92' lang='lat' dir='ltr'><strong>tuum</strong></span> <span class='ocrx_word' id='word_1_390' title='bbox 2397 562 2533 614; x_wconf 89' lang='lat' dir='ltr'><strong>sicut</strong></span> <span class='ocrx_word' id='word_1_391' title='bbox 2566 563 2809 626; x_wconf 85' lang='lat' dir='ltr'><strong>teipsunt.</strong></span> <span class='ocrx_word' id='word_1_392' title='bbox 2843 561 2900 614; x_wconf 92' lang='lat' dir='ltr'><strong>In</strong></span> <span class='ocrx_word' id='word_1_393' title='bbox 2945 561 3027 616; x_wconf 87' lang='lat' dir='ltr'><strong>his</strong></span> <span class='ocrx_word' id='word_1_394' title='bbox 3068 563 3268 614; x_wconf 91' lang='lat' dir='ltr'><strong>duobus</strong></span> <span class='ocrx_word' id='word_1_395' title='bbox 3304 561 3594 634; x_wconf 34' lang='lat' dir='ltr'><strong>mandatis,</strong></span> 
     </span>
    </p>
   </div>
   <div class='ocr_carea' id='block_1_50' title="bbox 2039 645 3590 716">
    <p class='ocr_par' dir='ltr' id='par_1_50' title="bbox 2039 645 3590 716">
     <span class='ocr_line' id='line_1_50' title="bbox 2039 645 3590 716; baseline -0.003 -12"><span class='ocrx_word' id='word_1_396' title='bbox 2039 651 2208 704; x_wconf 86' lang='lat' dir='ltr'><strong>omnis</strong></span> <span class='ocrx_word' id='word_1_397' title='bbox 2235 648 2340 701; x_wconf 87' lang='lat' dir='ltr'><strong>Lex</strong></span> <span class='ocrx_word' id='word_1_398' title='bbox 2375 651 2563 716; x_wconf 89' lang='lat' dir='ltr'><strong>pendet</strong></span> <span class='ocrx_word' id='word_1_399' title='bbox 2595 659 2646 702; x_wconf 91' lang='lat' dir='ltr'><strong>et</strong></span> <span class='ocrx_word' id='word_1_400' title='bbox 2677 649 2948 716; x_wconf 82' lang='lat' dir='ltr'><strong>PrOphetae</strong></span> <span class='ocrx_word' id='word_1_401' title='bbox 2971 650 3044 714; x_wconf 80' lang='grc'><strong>⁶⁸;</strong></span> <span class='ocrx_word' id='word_1_402' title='bbox 3074 668 3092 700; x_wconf 76' lang='grc' dir='ltr'><strong><em>ι</em></strong></span> <span class='ocrx_word' id='word_1_403' title='bbox 3119 649 3171 702; x_wconf 93' lang='lat' dir='ltr'><strong>in</strong></span> <span class='ocrx_word' id='word_1_404' title='bbox 3198 663 3303 716; x_wconf 91' lang='lat' dir='ltr'><strong>quo</strong></span> <span class='ocrx_word' id='word_1_405' title='bbox 3344 645 3590 701; x_wconf 74' lang='lat' dir='ltr'><strong>eviden-‘</strong></span> 
     </span>
    </p>
   </div>
   <div class='ocr_carea' id='block_1_51' title="bbox 2043 736 3592 805">
    <p class='ocr_par' dir='ltr' id='par_1_51' title="bbox 2043 736 3592 805">
     <span class='ocr_line' id='line_1_51' title="bbox 2043 736 3592 805; baseline -0.003 -13"><span class='ocrx_word' id='word_1_406' title='bbox 2043 749 2121 793; x_wconf 90' lang='lat' dir='ltr'><strong>ter</strong></span> <span class='ocrx_word' id='word_1_407' title='bbox 2172 738 2459 804; x_wconf 82' lang='lat' dir='ltr'><strong>Prophetas</strong></span> <span class='ocrx_word' id='word_1_408' title='bbox 2503 748 2556 790; x_wconf 89' lang='lat' dir='ltr'><strong>et</strong></span> <span class='ocrx_word' id='word_1_409' title='bbox 2605 739 2794 805; x_wconf 82' lang='lat' dir='ltr'><strong>Legem</strong></span> <span class='ocrx_word' id='word_1_410' title='bbox 2840 739 3043 792; x_wconf 90' lang='lat' dir='ltr'><strong>duobus</strong></span> <span class='ocrx_word' id='word_1_411' title='bbox 3097 740 3181 793; x_wconf 90' lang='lat' dir='ltr'><strong>his</strong></span> <span class='ocrx_word' id='word_1_412' title='bbox 3225 736 3592 800; x_wconf 17' lang='lat' dir='ltr'><strong>sermonibus,</strong></span> 
     </span>
    </p>
   </div>
   <div class='ocr_carea' id='block_1_52' title="bbox 2038 825 3567 880">
    <p class='ocr_par' dir='ltr' id='par_1_52' title="bbox 2038 825 3567 880">
     <span class='ocr_line' id='line_1_52' title="bbox 2038 825 3567 880; baseline -0.003 0"><span class='ocrx_word' id='word_1_413' title='bbox 2038 827 2312 880; x_wconf 83' lang='lat' dir='ltr'><strong>breviavit.</strong></span> <span class='ocrx_word' id='word_1_414' title='bbox 2348 825 2524 880; x_wconf 85' lang='lat' dir='ltr'><strong>Potest</strong></span> <span class='ocrx_word' id='word_1_415' title='bbox 2562 836 2614 878; x_wconf 91' lang='lat' dir='ltr'><strong>et</strong></span> <span class='ocrx_word' id='word_1_416' title='bbox 2644 844 2662 875; x_wconf 70' lang='grc' dir='ltr'><strong>ς</strong></span> <span class='ocrx_word' id='word_1_417' title='bbox 2694 828 2908 879; x_wconf 84' lang='lat' dir='ltr'><strong>verbum</strong></span> <span class='ocrx_word' id='word_1_418' title='bbox 2937 827 3226 880; x_wconf 90' lang='lat' dir='ltr'><strong>breviatum</strong></span> <span class='ocrx_word' id='word_1_419' title='bbox 3257 844 3274 875; x_wconf 76' lang='grc' dir='ltr'><strong><em>ι</em></strong></span> <span class='ocrx_word' id='word_1_420' title='bbox 3307 826 3407 879; x_wconf 92' lang='lat' dir='ltr'><strong>dici</strong></span> <span class='ocrx_word' id='word_1_421' title='bbox 3437 825 3567 879; x_wconf 85' lang='lat' dir='ltr'><strong>ﬁdes</strong></span> 
     </span>
    </p>
   </div>
   <div class='ocr_carea' id='block_1_53' title="bbox 2037 914 3566 984">
    <p class='ocr_par' dir='ltr' id='par_1_53' title="bbox 2037 914 3566 984">
     <span class='ocr_line' id='line_1_53' title="bbox 2037 914 3566 984; baseline 0.001 -15"><span class='ocrx_word' id='word_1_422' title='bbox 2037 917 2256 984; x_wconf 86' lang='lat' dir='ltr'><strong>symboli</strong></span> <span class='ocrx_word' id='word_1_423' title='bbox 2295 931 2411 984; x_wconf 73' lang='lat' dir='ltr'><strong>qua:</strong></span> <span class='ocrx_word' id='word_1_424' title='bbox 2469 914 2803 968; x_wconf 87' lang='lat' dir='ltr'><strong>credentibus</strong></span> <span class='ocrx_word' id='word_1_425' title='bbox 2847 916 3090 976; x_wconf 89' lang='lat' dir='ltr'><strong>traditur,</strong></span> <span class='ocrx_word' id='word_1_426' title='bbox 3141 916 3193 968; x_wconf 93' lang='lat' dir='ltr'><strong>in</strong></span> <span class='ocrx_word' id='word_1_427' title='bbox 3242 930 3346 984; x_wconf 89' lang='lat' dir='ltr'><strong>qua</strong></span> <span class='ocrx_word' id='word_1_428' title='bbox 3407 917 3566 970; x_wconf 86' lang='lat' dir='ltr'><strong>totius</strong></span> 
     </span>
    </p>
   </div>
   <div class='ocr_carea' id='block_1_54' title="bbox 2037 1003 3564 1073">
    <p class='ocr_par' dir='ltr' id='par_1_54' title="bbox 2037 1003 3564 1073">
     <span class='ocr_line' id='line_1_54' title="bbox 2037 1003 3564 1073; baseline 0 -17"><span class='ocrx_word' id='word_1_429' title='bbox 2037 1004 2270 1071; x_wconf 88' lang='lat' dir='ltr'><strong>mysterii</strong></span> <span class='ocrx_word' id='word_1_430' title='bbox 2305 1019 2509 1057; x_wconf 90' lang='lat' dir='ltr'><strong>summa</strong></span> <span class='ocrx_word' id='word_1_431' title='bbox 2562 1004 2743 1070; x_wconf 89' lang='lat' dir='ltr'><strong>paucis</strong></span> <span class='ocrx_word' id='word_1_432' title='bbox 2781 1017 3017 1056; x_wconf 83' lang='lat' dir='ltr'><strong>connexa</strong></span> <span class='ocrx_word' id='word_1_433' title='bbox 3073 1005 3408 1058; x_wconf 86' lang='lat' dir='ltr'><strong>sermonibus</strong></span> <span class='ocrx_word' id='word_1_434' title='bbox 3452 1003 3564 1073; x_wconf 67' lang='lat'><strong>(4&#39;5)</strong></span> 
     </span>
    </p>
   </div>
   <div class='ocr_carea' id='block_1_55' title="bbox 2035 1094 3562 1164">
    <p class='ocr_par' dir='ltr' id='par_1_55' title="bbox 2035 1094 3562 1164">
     <span class='ocr_line' id='line_1_55' title="bbox 2035 1094 3562 1164; baseline 0.001 -15"><span class='ocrx_word' id='word_1_435' title='bbox 2035 1095 2350 1149; x_wconf 89' lang='lat' dir='ltr'><strong>continetur.</strong></span> <span class='ocrx_word' id='word_1_436' title='bbox 2392 1112 2410 1144; x_wconf 84' lang='grc'><em>‹</em></span> <span class='ocrx_word' id='word_1_437' title='bbox 2465 1094 2531 1146; x_wconf 86' lang='grc' dir='ltr'><strong>Ει</strong></span> <span class='ocrx_word' id='word_1_438' title='bbox 2575 1095 2710 1147; x_wconf 92' lang='lat' dir='ltr'><strong>sicut</strong></span> <span class='ocrx_word' id='word_1_439' title='bbox 2769 1095 3033 1164; x_wconf 73' lang='lat' dir='ltr'><strong>praedixit,</strong></span> <span class='ocrx_word' id='word_1_440' title='bbox 3091 1096 3279 1162; x_wconf 87' lang='lat' dir='ltr'><strong>inquit,</strong></span> <span class='ocrx_word' id='word_1_441' title='bbox 3350 1094 3562 1150; x_wconf 86' lang='lat' dir='ltr'><strong>Isaias:</strong></span> 
     </span>
    </p>
   </div>
   <div class='ocr_carea' id='block_1_56' title="bbox 2036 1184 3562 1254">
    <p class='ocr_par' dir='ltr' id='par_1_56' title="bbox 2036 1184 3562 1254">
     <span class='ocr_line' id='line_1_56' title="bbox 2036 1184 3562 1254; baseline -0.002 -16"><span class='ocrx_word' id='word_1_442' title='bbox 2036 1185 2145 1239; x_wconf 83' lang='lat' dir='ltr'><strong>Nisi</strong></span> <span class='ocrx_word' id='word_1_443' title='bbox 2203 1185 2454 1238; x_wconf 85' lang='lat' dir='ltr'><strong>Dominus</strong></span> <span class='ocrx_word' id='word_1_444' title='bbox 2509 1184 2740 1238; x_wconf 79' lang='lat' dir='ltr'><strong>Sabaoth</strong></span> <span class='ocrx_word' id='word_1_445' title='bbox 2809 1187 3107 1254; x_wconf 87' lang='lat' dir='ltr'><strong>reliquisset</strong></span> <span class='ocrx_word' id='word_1_446' title='bbox 3154 1185 3304 1238; x_wconf 91' lang='lat' dir='ltr'><strong>nobis</strong></span> <span class='ocrx_word' id='word_1_447' title='bbox 3357 1200 3562 1248; x_wconf 89' lang='lat' dir='ltr'><strong>semen,</strong></span> 
     </span>
    </p>
   </div>
   <div class='ocr_carea' id='block_1_57' title="bbox 2035 1272 3565 1336">
    <p class='ocr_par' dir='ltr' id='par_1_57' title="bbox 2035 1272 3565 1336">
     <span class='ocr_line' id='line_1_57' title="bbox 2035 1272 3565 1336; baseline 0 -10"><span class='ocrx_word' id='word_1_448' title='bbox 2035 1273 2174 1327; x_wconf 89' lang='lat' dir='ltr'><strong>sicut</strong></span> <span class='ocrx_word' id='word_1_449' title='bbox 2208 1272 2434 1327; x_wconf 85' lang='lat' dir='ltr'><strong>Sodoma</strong></span> <span class='ocrx_word' id='word_1_450' title='bbox 2473 1275 2596 1325; x_wconf 88' lang='lat' dir='ltr'><strong>facti</strong></span> <span class='ocrx_word' id='word_1_451' title='bbox 2628 1288 2888 1336; x_wconf 88' lang='lat' dir='ltr'><strong>essemus,</strong></span> <span class='ocrx_word' id='word_1_452' title='bbox 2911 1284 2959 1324; x_wconf 90' lang='lat' dir='ltr'><strong>et</strong></span> <span class='ocrx_word' id='word_1_453' title='bbox 2989 1275 3125 1325; x_wconf 89' lang='lat' dir='ltr'><strong>sicut</strong></span> <span class='ocrx_word' id='word_1_454' title='bbox 3168 1273 3463 1327; x_wconf 84' lang='lat' dir='ltr'><strong>Gomorrlta</strong></span> <span class='ocrx_word' id='word_1_455' title='bbox 3493 1275 3565 1326; x_wconf 88' lang='lat' dir='ltr'><strong>si-</strong></span> 
     </span>
    </p>
   </div>
   <div class='ocr_carea' id='block_1_58' title="bbox 2037 1362 3565 1428">
    <p class='ocr_par' dir='ltr' id='par_1_58' title="bbox 2037 1362 3565 1428">
     <span class='ocr_line' id='line_1_58' title="bbox 2037 1362 3565 1428; baseline 0 -12"><span class='ocrx_word' id='word_1_456' title='bbox 2037 1363 2188 1416; x_wconf 89' lang='lat' dir='ltr'><strong>miles</strong></span> <span class='ocrx_word' id='word_1_457' title='bbox 2213 1362 2514 1416; x_wconf 80' lang='lat' dir='ltr'><strong>fuissemus.</strong></span> <span class='ocrx_word' id='word_1_458' title='bbox 2543 1381 2559 1412; x_wconf 85' lang='grc'>›</span> <span class='ocrx_word' id='word_1_459' title='bbox 2585 1363 2731 1428; x_wconf 88' lang='lat' dir='ltr'><strong>Quod</strong></span> <span class='ocrx_word' id='word_1_460' title='bbox 2759 1378 2937 1416; x_wconf 87' lang='lat' dir='ltr'><strong>semen</strong></span> <span class='ocrx_word' id='word_1_461' title='bbox 2965 1362 3124 1415; x_wconf 85' lang='lat' dir='ltr'><strong>Isaias</strong></span> <span class='ocrx_word' id='word_1_462' title='bbox 3142 1377 3168 1414; x_wconf 88' lang='lat' dir='ltr'><strong>a</strong></span> <span class='ocrx_word' id='word_1_463' title='bbox 3197 1363 3415 1416; x_wconf 88' lang='lat' dir='ltr'><strong>Domino</strong></span> <span class='ocrx_word' id='word_1_464' title='bbox 3435 1363 3565 1417; x_wconf 90' lang='lat' dir='ltr'><strong>dicit</strong></span> 
     </span>
    </p>
   </div>
   <div class='ocr_carea' id='block_1_59' title="bbox 2035 1452 3562 1522">
    <p class='ocr_par' dir='ltr' id='par_1_59' title="bbox 2035 1452 3562 1522">
     <span class='ocr_line' id='line_1_59' title="bbox 2035 1452 3562 1522; baseline 0.002 -18"><span class='ocrx_word' id='word_1_465' title='bbox 2035 1453 2375 1507; x_wconf 87' lang='lat' dir='ltr'><strong>derelictum?</strong></span> <span class='ocrx_word' id='word_1_466' title='bbox 2407 1453 2532 1506; x_wconf 92' lang='lat' dir='ltr'><strong>Illud</strong></span> <span class='ocrx_word' id='word_1_467' title='bbox 2584 1454 2699 1507; x_wconf 89' lang='lat' dir='ltr'><strong>sine</strong></span> <span class='ocrx_word' id='word_1_468' title='bbox 2738 1453 2896 1506; x_wconf 91' lang='lat' dir='ltr'><strong>dubio</strong></span> <span class='ocrx_word' id='word_1_469' title='bbox 2927 1453 3066 1521; x_wconf 91' lang='lat' dir='ltr'><strong>quod</strong></span> <span class='ocrx_word' id='word_1_470' title='bbox 3112 1452 3248 1505; x_wconf 92' lang='lat' dir='ltr'><strong>idem</strong></span> <span class='ocrx_word' id='word_1_471' title='bbox 3279 1453 3562 1522; x_wconf 86' lang='lat' dir='ltr'><strong>Apostolus</strong></span> 
     </span>
    </p>
   </div>
   <div class='ocr_carea' id='block_1_60' title="bbox 2035 1542 3555 1611">
    <p class='ocr_par' dir='ltr' id='par_1_60' title="bbox 2035 1542 3555 1611">
     <span class='ocr_line' id='line_1_60' title="bbox 2035 1542 3555 1611; baseline 0.001 -17"><span class='ocrx_word' id='word_1_472' title='bbox 2035 1543 2245 1611; x_wconf 82' lang='lat' dir='ltr'><strong>exponit</strong></span> <span class='ocrx_word' id='word_1_473' title='bbox 2297 1543 2350 1596; x_wconf 93' lang='lat' dir='ltr'><strong>iu</strong></span> <span class='ocrx_word' id='word_1_474' title='bbox 2391 1544 2530 1605; x_wconf 90' lang='lat' dir='ltr'><strong>aliis,</strong></span> <span class='ocrx_word' id='word_1_475' title='bbox 2589 1558 2707 1596; x_wconf 87' lang='lat' dir='ltr'><strong>cum</strong></span> <span class='ocrx_word' id='word_1_476' title='bbox 2753 1542 2883 1595; x_wconf 87' lang='lat' dir='ltr'><strong>dicit</strong></span> <span class='ocrx_word' id='word_1_477' title='bbox 2923 1543 2990 1595; x_wconf 86' lang='lat' dir='ltr'><strong>ad</strong></span> <span class='ocrx_word' id='word_1_478' title='bbox 3039 1543 3310 1595; x_wconf 84' lang='lat' dir='ltr'><strong>Abraham</strong></span> <span class='ocrx_word' id='word_1_479' title='bbox 3356 1544 3555 1596; x_wconf 90' lang='lat' dir='ltr'><strong>dictum</strong></span> 
     </span>
    </p>
   </div>
   <div class='ocr_carea' id='block_1_61' title="bbox 2034 1630 3559 1691">
    <p class='ocr_par' dir='ltr' id='par_1_61' title="bbox 2034 1630 3559 1691">
     <span class='ocr_line' id='line_1_61' title="bbox 2034 1630 3559 1691; baseline 0.001 -7"><span class='ocrx_word' id='word_1_480' title='bbox 2034 1647 2245 1686; x_wconf 65' lang='lat' dir='ltr'><strong>essen</strong></span> <span class='ocrx_word' id='word_1_481' title='bbox 2281 1631 2397 1686; x_wconf 93' lang='lat' dir='ltr'><strong>Tibi</strong></span> <span class='ocrx_word' id='word_1_482' title='bbox 2450 1633 2586 1684; x_wconf 88' lang='lat' dir='ltr'><strong>dabo</strong></span> <span class='ocrx_word' id='word_1_483' title='bbox 2637 1640 2829 1684; x_wconf 89' lang='lat' dir='ltr'><strong>terram</strong></span> <span class='ocrx_word' id='word_1_484' title='bbox 2891 1630 3048 1691; x_wconf 85' lang='lat' dir='ltr'><strong>hanc,</strong></span> <span class='ocrx_word' id='word_1_485' title='bbox 3100 1638 3154 1682; x_wconf 89' lang='lat' dir='ltr'><strong>et</strong></span> <span class='ocrx_word' id='word_1_486' title='bbox 3201 1631 3391 1683; x_wconf 82' lang='lat' dir='ltr'><strong>semini</strong></span> <span class='ocrx_word' id='word_1_487' title='bbox 3447 1640 3559 1687; x_wconf 90' lang='lat' dir='ltr'><strong>tuo.</strong></span> 
     </span>
    </p>
   </div>
   <div class='ocr_carea' id='block_1_62' title="bbox 2487 1721 3557 1789">
    <p class='ocr_par' dir='ltr' id='par_1_62' title="bbox 2487 1721 3557 1789">
     <span class='ocr_line' id='line_1_62' title="bbox 2487 1721 3557 1789; baseline -0.001 -14"><span class='ocrx_word' id='word_1_488' title='bbox 2487 1723 2554 1775; x_wconf 87' lang='lat' dir='ltr'><strong>Et</strong></span> <span class='ocrx_word' id='word_1_489' title='bbox 2620 1721 2942 1782; x_wconf 87' lang='lat' dir='ltr'><strong>seminibus,</strong></span> <span class='ocrx_word' id='word_1_490' title='bbox 3017 1722 3164 1789; x_wconf 87' lang='lat' dir='ltr'><strong>quasi</strong></span> <span class='ocrx_word' id='word_1_491' title='bbox 3239 1721 3289 1772; x_wconf 87' lang='lat' dir='ltr'><strong>itt</strong></span> <span class='ocrx_word' id='word_1_492' title='bbox 3350 1721 3557 1786; x_wconf 88' lang='lat' dir='ltr'><strong>multis;</strong></span> 
     </span>
    </p>
   </div>
   <div class='ocr_carea' id='block_1_63' title="bbox 2027 1811 3558 1880">
    <p class='ocr_par' dir='ltr' id='par_1_63' title="bbox 2027 1811 3558 1880">
     <span class='ocr_line' id='line_1_63' title="bbox 2027 1811 3558 1880; baseline -0.004 -12"><span class='ocrx_word' id='word_1_493' title='bbox 2027 1815 2150 1876; x_wconf 89' lang='lat' dir='ltr'><strong>sed,</strong></span> <span class='ocrx_word' id='word_1_494' title='bbox 2179 1813 2366 1868; x_wconf 85' lang='lat' dir='ltr'><strong>semini</strong></span> <span class='ocrx_word' id='word_1_495' title='bbox 2414 1822 2531 1876; x_wconf 88' lang='lat' dir='ltr'><strong>tuo,</strong></span> <span class='ocrx_word' id='word_1_496' title='bbox 2587 1822 2834 1880; x_wconf 86' lang='lat' dir='ltr'><strong>tanquam</strong></span> <span class='ocrx_word' id='word_1_497' title='bbox 2870 1813 2920 1864; x_wconf 88' lang='lat' dir='ltr'><strong>itt</strong></span> <span class='ocrx_word' id='word_1_498' title='bbox 2953 1828 3078 1875; x_wconf 91' lang='lat' dir='ltr'><strong>uno,</strong></span> <span class='ocrx_word' id='word_1_499' title='bbox 3133 1812 3220 1878; x_wconf 90' lang='lat' dir='ltr'><strong>qui</strong></span> <span class='ocrx_word' id='word_1_500' title='bbox 3269 1821 3354 1865; x_wconf 92' lang='lat' dir='ltr'><strong>est</strong></span> <span class='ocrx_word' id='word_1_501' title='bbox 3402 1811 3558 1864; x_wconf 83' lang='lat' dir='ltr'><strong>Citri-</strong></span> 
     </span>
    </p>
   </div>
   <div class='ocr_carea' id='block_1_64' title="bbox 2027 1900 3562 1973">
    <p class='ocr_par' dir='ltr' id='par_1_64' title="bbox 2027 1900 3562 1973">
     <span class='ocr_line' id='line_1_64' title="bbox 2027 1900 3562 1973; baseline -0.002 -16"><span class='ocrx_word' id='word_1_502' title='bbox 2027 1914 2140 1957; x_wconf 91' lang='lat' dir='ltr'><strong>stus</strong></span> <span class='ocrx_word' id='word_1_503' title='bbox 2157 1903 2221 1959; x_wconf 80' lang='grc'><strong>⁸⁹.</strong></span> <span class='ocrx_word' id='word_1_504' title='bbox 2245 1922 2263 1954; x_wconf 74' lang='grc' dir='ltr'>ι</span> <span class='ocrx_word' id='word_1_505' title='bbox 2291 1904 2399 1957; x_wconf 92' lang='lat' dir='ltr'><strong>Iloc</strong></span> <span class='ocrx_word' id='word_1_506' title='bbox 2420 1913 2499 1957; x_wconf 89' lang='lat' dir='ltr'><strong>est</strong></span> <span class='ocrx_word' id='word_1_507' title='bbox 2520 1917 2644 1973; x_wconf 83' lang='lat' dir='ltr'><strong>ergo</strong></span> <span class='ocrx_word' id='word_1_508' title='bbox 2671 1903 2810 1968; x_wconf 89' lang='lat' dir='ltr'><strong>quod</strong></span> <span class='ocrx_word' id='word_1_509' title='bbox 2852 1901 2961 1970; x_wconf 68' lang='grc'><strong>(44)</strong></span> <span class='ocrx_word' id='word_1_510' title='bbox 3003 1902 3130 1954; x_wconf 88' lang='lat' dir='ltr'><strong>dicit</strong></span> <span class='ocrx_word' id='word_1_511' title='bbox 3168 1900 3331 1954; x_wconf 85' lang='lat' dir='ltr'><strong>Isaias</strong></span> <span class='ocrx_word' id='word_1_512' title='bbox 3360 1915 3373 1952; x_wconf 91' lang='lat'><strong>:</strong></span> <span class='ocrx_word' id='word_1_513' title='bbox 3399 1901 3562 1970; x_wconf 78' lang='lat'><strong>619</strong></span> 
     </span>
    </p>
   </div>
   <div class='ocr_carea' id='block_1_65' title="bbox 2032 1991 3551 2059">
    <p class='ocr_par' dir='ltr' id='par_1_65' title="bbox 2032 1991 3551 2059">
     <span class='ocr_line' id='line_1_65' title="bbox 2032 1991 3551 2059; baseline -0.002 -14"><span class='ocrx_word' id='word_1_514' title='bbox 2032 1993 2180 2048; x_wconf 66' lang='lat' dir='ltr'><strong>«Nisi</strong></span> <span class='ocrx_word' id='word_1_515' title='bbox 2213 1991 2465 2048; x_wconf 90' lang='lat' dir='ltr'><strong>Dominus</strong></span> <span class='ocrx_word' id='word_1_516' title='bbox 2497 1993 2796 2059; x_wconf 91' lang='lat' dir='ltr'><strong>reliquisset</strong></span> <span class='ocrx_word' id='word_1_517' title='bbox 2841 1993 2989 2044; x_wconf 86' lang='lat' dir='ltr'><strong>nobis</strong></span> <span class='ocrx_word' id='word_1_518' title='bbox 3039 2005 3244 2053; x_wconf 88' lang='lat' dir='ltr'><strong>semen,</strong></span> <span class='ocrx_word' id='word_1_519' title='bbox 3271 2009 3290 2042; x_wconf 76' lang='grc' dir='ltr'><strong><em>ι</em></strong></span> <span class='ocrx_word' id='word_1_520' title='bbox 3355 1993 3405 2043; x_wconf 89' lang='lat' dir='ltr'><strong>id</strong></span> <span class='ocrx_word' id='word_1_521' title='bbox 3449 2001 3551 2052; x_wconf 87' lang='lat' dir='ltr'><strong>est,</strong></span> 
     </span>
    </p>
   </div>
   <div class='ocr_carea' id='block_1_66' title="bbox 2028 2079 3556 2140">
    <p class='ocr_par' dir='ltr' id='par_1_66' title="bbox 2028 2079 3556 2140">
     <span class='ocr_line' id='line_1_66' title="bbox 2028 2079 3556 2140; baseline -0.005 -2"><span class='ocrx_word' id='word_1_522' title='bbox 2028 2083 2126 2138; x_wconf 84' lang='lat' dir='ltr'><strong>nisi</strong></span> <span class='ocrx_word' id='word_1_523' title='bbox 2158 2082 2390 2136; x_wconf 88' lang='lat' dir='ltr'><strong>dedisset</strong></span> <span class='ocrx_word' id='word_1_524' title='bbox 2410 2082 2563 2134; x_wconf 86' lang='lat' dir='ltr'><strong>nobis</strong></span> <span class='ocrx_word' id='word_1_525' title='bbox 2581 2081 2847 2134; x_wconf 85' lang='lat' dir='ltr'><strong>Christum</strong></span> <span class='ocrx_word' id='word_1_526' title='bbox 2878 2091 2933 2130; x_wconf 85' lang='grc' dir='ltr'><strong>ιιι</strong></span> <span class='ocrx_word' id='word_1_527' title='bbox 2958 2095 3020 2130; x_wconf 76' lang='lat' dir='ltr'><strong>ex</strong></span> <span class='ocrx_word' id='word_1_528' title='bbox 3051 2079 3204 2130; x_wconf 89' lang='lat' dir='ltr'><strong>nobis</strong></span> <span class='ocrx_word' id='word_1_529' title='bbox 3227 2087 3556 2140; x_wconf 84' lang='lat' dir='ltr'><strong>nasceretur,</strong></span> 
     </span>
    </p>
   </div>
   <div class='ocr_carea' id='block_1_67' title="bbox 2033 2169 3557 2235">
    <p class='ocr_par' dir='ltr' id='par_1_67' title="bbox 2033 2169 3557 2235">
     <span class='ocr_line' id='line_1_67' title="bbox 2033 2169 3557 2235; baseline 0 -13"><span class='ocrx_word' id='word_1_530' title='bbox 2033 2191 2052 2222; x_wconf 76' lang='grc' dir='ltr'>ι</span> <span class='ocrx_word' id='word_1_531' title='bbox 2079 2171 2217 2225; x_wconf 88' lang='lat' dir='ltr'><strong>sicut</strong></span> <span class='ocrx_word' id='word_1_532' title='bbox 2245 2171 2475 2224; x_wconf 86' lang='lat' dir='ltr'><strong>Sodoma</strong></span> <span class='ocrx_word' id='word_1_533' title='bbox 2522 2170 2805 2223; x_wconf 79' lang='lat' dir='ltr'><strong>fuissemus</strong></span> <span class='ocrx_word' id='word_1_534' title='bbox 2827 2169 2890 2233; x_wconf 67' lang='grc' dir='ltr'><strong>⁸ο,</strong></span> <span class='ocrx_word' id='word_1_535' title='bbox 2919 2185 2938 2218; x_wconf 81' lang='grc'><strong><em>›</em></strong></span> <span class='ocrx_word' id='word_1_536' title='bbox 2990 2179 3247 2235; x_wconf 85' lang='lat' dir='ltr'><strong>quantum</strong></span> <span class='ocrx_word' id='word_1_537' title='bbox 3277 2170 3341 2220; x_wconf 88' lang='lat' dir='ltr'><strong>ad</strong></span> <span class='ocrx_word' id='word_1_538' title='bbox 3371 2169 3557 2234; x_wconf 87' lang='lat' dir='ltr'><strong>impie-</strong></span> 
     </span>
    </p>
   </div>
   <div class='ocr_carea' id='block_1_68' title="bbox 2029 2260 3558 2330">
    <p class='ocr_par' dir='ltr' id='par_1_68' title="bbox 2029 2260 3558 2330">
     <span class='ocr_line' id='line_1_68' title="bbox 2029 2260 3558 2330; baseline 0.001 -17"><span class='ocrx_word' id='word_1_539' title='bbox 2029 2262 2153 2314; x_wconf 90' lang='lat' dir='ltr'><strong>tatis</strong></span> <span class='ocrx_word' id='word_1_540' title='bbox 2189 2260 2598 2330; x_wconf 86' lang='lat' dir='ltr'><strong>magnitudinem</strong></span> <span class='ocrx_word' id='word_1_541' title='bbox 2642 2268 2867 2326; x_wconf 88' lang='lat' dir='ltr'><strong>spectat,</strong></span> <span class='ocrx_word' id='word_1_542' title='bbox 2916 2260 3014 2310; x_wconf 90' lang='lat' dir='ltr'><strong>nisi</strong></span> <span class='ocrx_word' id='word_1_543' title='bbox 3067 2262 3186 2325; x_wconf 87' lang='lat' dir='ltr'><strong>quia</strong></span> <span class='ocrx_word' id='word_1_544' title='bbox 3238 2272 3292 2312; x_wconf 88' lang='lat' dir='ltr'><strong>et</strong></span> <span class='ocrx_word' id='word_1_545' title='bbox 3345 2262 3558 2328; x_wconf 84' lang='lat' dir='ltr'><strong>gravius</strong></span> 
     </span>
    </p>
   </div>
   <div class='ocr_carea' id='block_1_69' title="bbox 2027 2347 3591 2418">
    <p class='ocr_par' dir='ltr' id='par_1_69' title="bbox 2027 2347 3591 2418">
     <span class='ocr_line' id='line_1_69' title="bbox 2027 2347 3591 2418; baseline -0.001 -15"><span class='ocrx_word' id='word_1_546' title='bbox 2027 2351 2222 2418; x_wconf 89' lang='lat' dir='ltr'><strong>aliquid</strong></span> <span class='ocrx_word' id='word_1_547' title='bbox 2255 2351 2392 2417; x_wconf 82' lang='lat' dir='ltr'><strong>apud</strong></span> <span class='ocrx_word' id='word_1_548' title='bbox 2423 2349 2690 2402; x_wconf 86' lang='lat' dir='ltr'><strong>lsraelitas</strong></span> <span class='ocrx_word' id='word_1_549' title='bbox 2720 2359 2924 2417; x_wconf 81' lang='lat' dir='ltr'><strong>gestum</strong></span> <span class='ocrx_word' id='word_1_550' title='bbox 2972 2359 3073 2399; x_wconf 83' lang='lat' dir='ltr'><strong>est.</strong></span> <span class='ocrx_word' id='word_1_551' title='bbox 3110 2347 3241 2402; x_wconf 88' lang='lat' dir='ltr'><strong>Nam</strong></span> <span class='ocrx_word' id='word_1_552' title='bbox 3272 2348 3556 2402; x_wconf 73' lang='lat' dir='ltr'><strong>SOtlomitae</strong></span> <span class='ocrx_word' id='word_1_553' title='bbox 3587 2375 3591 2378; x_wconf 90' lang='lat'><strong><em>-</em></strong></span> 
     </span>
    </p>
   </div>
   <div class='ocr_carea' id='block_1_70' title="bbox 2028 2437 3550 2507">
    <p class='ocr_par' dir='ltr' id='par_1_70' title="bbox 2028 2437 3550 2507">
     <span class='ocr_line' id='line_1_70' title="bbox 2028 2437 3550 2507; baseline 0.001 -16"><span class='ocrx_word' id='word_1_554' title='bbox 2028 2441 2079 2492; x_wconf 92' lang='lat' dir='ltr'><strong>in</strong></span> <span class='ocrx_word' id='word_1_555' title='bbox 2110 2441 2343 2505; x_wconf 82' lang='lat' dir='ltr'><strong>hospites</strong></span> <span class='ocrx_word' id='word_1_556' title='bbox 2373 2440 2556 2491; x_wconf 89' lang='lat' dir='ltr'><strong>incesti</strong></span> <span class='ocrx_word' id='word_1_557' title='bbox 2593 2437 2898 2491; x_wconf 88' lang='lat' dir='ltr'><strong>referuntur</strong></span> <span class='ocrx_word' id='word_1_558' title='bbox 2947 2438 3055 2506; x_wconf 67' lang='grc'><strong>(45)</strong></span> <span class='ocrx_word' id='word_1_559' title='bbox 3102 2448 3153 2491; x_wconf 90' lang='lat' dir='ltr'><strong>et</strong></span> <span class='ocrx_word' id='word_1_560' title='bbox 3202 2440 3454 2507; x_wconf 87' lang='lat' dir='ltr'><strong>impudici</strong></span> <span class='ocrx_word' id='word_1_561' title='bbox 3478 2441 3550 2504; x_wconf 85' lang='grc'>⁶¹;</span> 
     </span>
    </p>
   </div>
   <div class='ocr_carea' id='block_1_71' title="bbox 2026 2527 3552 2596">
    <p class='ocr_par' dir='ltr' id='par_1_71' title="bbox 2026 2527 3552 2596">
     <span class='ocr_line' id='line_1_71' title="bbox 2026 2527 3552 2596; baseline 0.003 -18"><span class='ocrx_word' id='word_1_562' title='bbox 2026 2530 2245 2596; x_wconf 90' lang='lat' dir='ltr'><strong>populus</strong></span> <span class='ocrx_word' id='word_1_563' title='bbox 2288 2543 2414 2580; x_wconf 86' lang='lat' dir='ltr'><strong>vero</strong></span> <span class='ocrx_word' id='word_1_564' title='bbox 2445 2527 2600 2580; x_wconf 89' lang='lat' dir='ltr'><strong>Israel</strong></span> <span class='ocrx_word' id='word_1_565' title='bbox 2636 2529 2686 2580; x_wconf 92' lang='lat' dir='ltr'><strong>in</strong></span> <span class='ocrx_word' id='word_1_566' title='bbox 2729 2543 2848 2580; x_wconf 89' lang='lat' dir='ltr'><strong>eum</strong></span> <span class='ocrx_word' id='word_1_567' title='bbox 2885 2529 3171 2596; x_wconf 83' lang='lat' dir='ltr'><strong>sacrilegus</strong></span> <span class='ocrx_word' id='word_1_568' title='bbox 3217 2531 3418 2582; x_wconf 87' lang='lat' dir='ltr'><strong>exstitit</strong></span> <span class='ocrx_word' id='word_1_569' title='bbox 3464 2532 3552 2596; x_wconf 90' lang='lat' dir='ltr'><strong>qui</strong></span> 
     </span>
    </p>
   </div>
   <div class='ocr_carea' id='block_1_72' title="bbox 2025 2614 3554 2687">
    <p class='ocr_par' dir='ltr' id='par_1_72' title="bbox 2025 2614 3554 2687">
     <span class='ocr_line' id='line_1_72' title="bbox 2025 2614 3554 2687; baseline 0.003 -18"><span class='ocrx_word' id='word_1_570' title='bbox 2025 2633 2145 2670; x_wconf 90' lang='lat' dir='ltr'><strong>cum</strong></span> <span class='ocrx_word' id='word_1_571' title='bbox 2184 2617 2434 2669; x_wconf 92' lang='lat' dir='ltr'><strong>Dominus</strong></span> <span class='ocrx_word' id='word_1_572' title='bbox 2465 2614 2755 2681; x_wconf 74' lang='lat' dir='ltr'><strong>maiestatis</strong></span> <span class='ocrx_word' id='word_1_573' title='bbox 2804 2616 2893 2680; x_wconf 93' lang='lat' dir='ltr'><strong>sit,</strong></span> <span class='ocrx_word' id='word_1_574' title='bbox 2930 2617 3093 2670; x_wconf 89' lang='lat' dir='ltr'><strong>frater</strong></span> <span class='ocrx_word' id='word_1_575' title='bbox 3133 2633 3317 2670; x_wconf 90' lang='lat' dir='ltr'><strong>eorum</strong></span> <span class='ocrx_word' id='word_1_576' title='bbox 3359 2619 3468 2687; x_wconf 72' lang='grc'><strong>(46)</strong></span> <span class='ocrx_word' id='word_1_577' title='bbox 3501 2631 3554 2673; x_wconf 87' lang='lat' dir='ltr'><strong>et</strong></span> 
     </span>
    </p>
   </div>
   <div class='ocr_carea' id='block_1_73' title="bbox 2025 2706 3554 2771">
    <p class='ocr_par' dir='ltr' id='par_1_73' title="bbox 2025 2706 3554 2771">
     <span class='ocr_line' id='line_1_73' title="bbox 2025 2706 3554 2771; baseline 0.003 -13"><span class='ocrx_word' id='word_1_578' title='bbox 2025 2707 2125 2758; x_wconf 91' lang='lat' dir='ltr'><strong>dici</strong></span> <span class='ocrx_word' id='word_1_579' title='bbox 2159 2706 2318 2759; x_wconf 87' lang='lat' dir='ltr'><strong>voluit</strong></span> <span class='ocrx_word' id='word_1_580' title='bbox 2348 2717 2403 2759; x_wconf 91' lang='lat' dir='ltr'><strong>et</strong></span> <span class='ocrx_word' id='word_1_581' title='bbox 2433 2721 2568 2759; x_wconf 84' lang='lat' dir='ltr'><strong>esse.</strong></span> <span class='ocrx_word' id='word_1_582' title='bbox 2622 2706 2730 2758; x_wconf 85' lang='lat' dir='ltr'><strong>Nisi</strong></span> <span class='ocrx_word' id='word_1_583' title='bbox 2759 2720 2884 2771; x_wconf 81' lang='lat' dir='ltr'><strong>ergo</strong></span> <span class='ocrx_word' id='word_1_584' title='bbox 2917 2721 3094 2759; x_wconf 89' lang='lat' dir='ltr'><strong>semen</strong></span> <span class='ocrx_word' id='word_1_585' title='bbox 3130 2707 3266 2760; x_wconf 87' lang='lat' dir='ltr'><strong>istud</strong></span> <span class='ocrx_word' id='word_1_586' title='bbox 3299 2708 3554 2762; x_wconf 88' lang='lat' dir='ltr'><strong>Dominus</strong></span> 
     </span>
    </p>
   </div>
   <div class='ocr_carea' id='block_1_74' title="bbox 2027 2795 3550 2863">
    <p class='ocr_par' dir='ltr' id='par_1_74' title="bbox 2027 2795 3550 2863">
     <span class='ocr_line' id='line_1_74' title="bbox 2027 2795 3550 2863; baseline 0.003 -15"><span class='ocrx_word' id='word_1_587' title='bbox 2027 2796 2346 2863; x_wconf 87' lang='lat' dir='ltr'><strong>reliquisset,</strong></span> <span class='ocrx_word' id='word_1_588' title='bbox 2377 2811 2468 2863; x_wconf 87' lang='lat' dir='ltr'><strong>per</strong></span> <span class='ocrx_word' id='word_1_589' title='bbox 2489 2795 2626 2861; x_wconf 90' lang='lat' dir='ltr'><strong>quod</strong></span> <span class='ocrx_word' id='word_1_590' title='bbox 2658 2795 2890 2862; x_wconf 63' lang='lat' dir='ltr'><strong>reliquias</strong></span> <span class='ocrx_word' id='word_1_591' title='bbox 2914 2797 3071 2849; x_wconf 68' lang='lat' dir='ltr'><strong>salva:</strong></span> <span class='ocrx_word' id='word_1_592' title='bbox 3102 2797 3309 2861; x_wconf 89' lang='lat' dir='ltr'><strong>ﬁerent,</strong></span> <span class='ocrx_word' id='word_1_593' title='bbox 3344 2811 3398 2854; x_wconf 90' lang='lat' dir='ltr'><strong>ct</strong></span> <span class='ocrx_word' id='word_1_594' title='bbox 3426 2815 3550 2852; x_wconf 81' lang='lat' dir='ltr'><strong>vasa</strong></span> 
     </span>
    </p>
   </div>
   <div class='ocr_carea' id='block_1_75' title="bbox 2023 2885 3548 2954">
    <p class='ocr_par' dir='ltr' id='par_1_75' title="bbox 2023 2885 3548 2954">
     <span class='ocr_line' id='line_1_75' title="bbox 2023 2885 3548 2954; baseline 0.003 -15"><span class='ocrx_word' id='word_1_595' title='bbox 2023 2885 2398 2939; x_wconf 62' lang='lat' dir='ltr'><strong>misericordia:</strong></span> <span class='ocrx_word' id='word_1_596' title='bbox 2457 2887 2821 2949; x_wconf 89' lang='lat' dir='ltr'><strong>salvarentur,</strong></span> <span class='ocrx_word' id='word_1_597' title='bbox 2876 2886 3144 2940; x_wconf 88' lang='lat' dir='ltr'><strong>interisset</strong></span> <span class='ocrx_word' id='word_1_598' title='bbox 3179 2889 3400 2954; x_wconf 90' lang='lat' dir='ltr'><strong>populus</strong></span> <span class='ocrx_word' id='word_1_599' title='bbox 3459 2889 3548 2943; x_wconf 90' lang='lat' dir='ltr'><strong>ille</strong></span> 
     </span>
    </p>
   </div>
   <div class='ocr_carea' id='block_1_76' title="bbox 2024 2977 3546 3032">
    <p class='ocr_par' dir='ltr' id='par_1_76' title="bbox 2024 2977 3546 3032">
     <span class='ocr_line' id='line_1_76' title="bbox 2024 2977 3546 3032; baseline 0.001 -3"><span class='ocrx_word' id='word_1_600' title='bbox 2024 2986 2082 3029; x_wconf 90' lang='lat' dir='ltr'><strong>ut</strong></span> <span class='ocrx_word' id='word_1_601' title='bbox 2111 2977 2362 3029; x_wconf 88' lang='lat' dir='ltr'><strong>Sodoma.</strong></span> <span class='ocrx_word' id='word_1_602' title='bbox 2411 2977 2472 3028; x_wconf 88' lang='lat' dir='ltr'><strong>Et</strong></span> <span class='ocrx_word' id='word_1_603' title='bbox 2519 2985 2696 3029; x_wconf 89' lang='lat' dir='ltr'><strong>tamen</strong></span> <span class='ocrx_word' id='word_1_604' title='bbox 2732 2990 2836 3028; x_wconf 91' lang='lat' dir='ltr'><strong>non</strong></span> <span class='ocrx_word' id='word_1_605' title='bbox 2882 2978 3051 3028; x_wconf 87' lang='lat' dir='ltr'><strong>otiose</strong></span> <span class='ocrx_word' id='word_1_606' title='bbox 3089 2978 3252 3031; x_wconf 90' lang='lat' dir='ltr'><strong>Isaias</strong></span> <span class='ocrx_word' id='word_1_607' title='bbox 3283 2997 3300 3028; x_wconf 76' lang='grc' dir='ltr'>ι</span> <span class='ocrx_word' id='word_1_608' title='bbox 3323 2993 3498 3032; x_wconf 88' lang='lat' dir='ltr'><strong>semen</strong></span> <span class='ocrx_word' id='word_1_609' title='bbox 3526 2998 3546 3030; x_wconf 73' lang='grc' dir='ltr'>ι</span> 
     </span>
    </p>
   </div>
   <div class='ocr_carea' id='block_1_77' title="bbox 2023 3061 3549 3133">
    <p class='ocr_par' dir='ltr' id='par_1_77' title="bbox 2023 3061 3549 3133">
     <span class='ocr_line' id='line_1_77' title="bbox 2023 3061 3549 3133; baseline 0.003 -20"><span class='ocrx_word' id='word_1_610' title='bbox 2023 3061 2312 3113; x_wconf 89' lang='lat' dir='ltr'><strong>nominavit</strong></span> <span class='ocrx_word' id='word_1_611' title='bbox 2357 3061 2494 3127; x_wconf 89' lang='lat' dir='ltr'><strong>quod</strong></span> <span class='ocrx_word' id='word_1_612' title='bbox 2529 3061 2766 3112; x_wconf 82' lang='lat' dir='ltr'><strong>relictqu</strong></span> <span class='ocrx_word' id='word_1_613' title='bbox 2797 3071 2896 3115; x_wconf 89' lang='lat' dir='ltr'><strong>est.</strong></span> <span class='ocrx_word' id='word_1_614' title='bbox 2941 3062 3133 3116; x_wconf 90' lang='lat' dir='ltr'><strong>Semen</strong></span> <span class='ocrx_word' id='word_1_615' title='bbox 3163 3080 3388 3133; x_wconf 89' lang='lat' dir='ltr'><strong>namque</strong></span> <span class='ocrx_word' id='word_1_616' title='bbox 3419 3067 3549 3119; x_wconf 55' lang='lat' dir='ltr'><strong>dici-</strong></span> 
     </span>
    </p>
   </div>
   <div class='ocr_carea' id='block_1_78' title="bbox 2023 3153 3548 3224">
    <p class='ocr_par' dir='ltr' id='par_1_78' title="bbox 2023 3153 3548 3224">
     <span class='ocr_line' id='line_1_78' title="bbox 2023 3153 3548 3224; baseline 0.006 -23"><span class='ocrx_word' id='word_1_617' title='bbox 2023 3162 2106 3204; x_wconf 92' lang='lat' dir='ltr'><strong>tur</strong></span> <span class='ocrx_word' id='word_1_618' title='bbox 2131 3153 2268 3219; x_wconf 88' lang='lat' dir='ltr'><strong>quod</strong></span> <span class='ocrx_word' id='word_1_619' title='bbox 2314 3153 2610 3204; x_wconf 90' lang='lat' dir='ltr'><strong>seminatur</strong></span> <span class='ocrx_word' id='word_1_620' title='bbox 2655 3153 2704 3204; x_wconf 90' lang='lat' dir='ltr'><strong>iu</strong></span> <span class='ocrx_word' id='word_1_621' title='bbox 2737 3161 2898 3215; x_wconf 89' lang='lat' dir='ltr'><strong>terra,</strong></span> <span class='ocrx_word' id='word_1_622' title='bbox 2929 3161 2984 3206; x_wconf 89' lang='lat' dir='ltr'><strong>et</strong></span> <span class='ocrx_word' id='word_1_623' title='bbox 3028 3154 3259 3207; x_wconf 90' lang='lat' dir='ltr'><strong>fructum</strong></span> <span class='ocrx_word' id='word_1_624' title='bbox 3292 3156 3548 3224; x_wconf 89' lang='lat' dir='ltr'><strong>multipli-</strong></span> 
     </span>
    </p>
   </div>
   <div class='ocr_carea' id='block_1_79' title="bbox 2019 3239 3549 3306">
    <p class='ocr_par' dir='ltr' id='par_1_79' title="bbox 2019 3239 3549 3306">
     <span class='ocr_line' id='line_1_79' title="bbox 2019 3239 3549 3306; baseline 0.005 -16"><span class='ocrx_word' id='word_1_625' title='bbox 2019 3254 2135 3292; x_wconf 91' lang='lat' dir='ltr'><strong>cem</strong></span> <span class='ocrx_word' id='word_1_626' title='bbox 2170 3239 2340 3292; x_wconf 86' lang='lat' dir='ltr'><strong>reddit</strong></span> <span class='ocrx_word' id='word_1_627' title='bbox 2388 3254 2402 3291; x_wconf 90' lang='lat'><strong>:</strong></span> <span class='ocrx_word' id='word_1_628' title='bbox 2451 3242 2650 3292; x_wconf 91' lang='lat' dir='ltr'><strong>docens</strong></span> <span class='ocrx_word' id='word_1_629' title='bbox 2698 3253 2792 3306; x_wconf 89' lang='lat' dir='ltr'><strong>per</strong></span> <span class='ocrx_word' id='word_1_630' title='bbox 2836 3240 2956 3301; x_wconf 89' lang='lat' dir='ltr'><strong>hoc,</strong></span> <span class='ocrx_word' id='word_1_631' title='bbox 2984 3241 3141 3292; x_wconf 88' lang='lat' dir='ltr'><strong>etiam</strong></span> <span class='ocrx_word' id='word_1_632' title='bbox 3172 3242 3438 3295; x_wconf 84' lang='lat' dir='ltr'><strong>Christum</strong></span> <span class='ocrx_word' id='word_1_633' title='bbox 3465 3259 3549 3296; x_wconf 92' lang='lat' dir='ltr'><strong>se-</strong></span> 
     </span>
    </p>
   </div>
   <div class='ocr_carea' id='block_1_80' title="bbox 2020 3329 3544 3399">
    <p class='ocr_par' dir='ltr' id='par_1_80' title="bbox 2020 3329 3544 3399">
     <span class='ocr_line' id='line_1_80' title="bbox 2020 3329 3544 3399; baseline 0.005 -18"><span class='ocrx_word' id='word_1_634' title='bbox 2020 3331 2327 3382; x_wconf 89' lang='lat' dir='ltr'><strong>minandum</strong></span> <span class='ocrx_word' id='word_1_635' title='bbox 2377 3343 2514 3394; x_wconf 90' lang='lat' dir='ltr'><strong>esse,</strong></span> <span class='ocrx_word' id='word_1_636' title='bbox 2564 3329 2614 3382; x_wconf 89' lang='lat' dir='ltr'><strong>id</strong></span> <span class='ocrx_word' id='word_1_637' title='bbox 2647 3339 2728 3381; x_wconf 89' lang='lat' dir='ltr'><strong>est</strong></span> <span class='ocrx_word' id='word_1_638' title='bbox 2759 3331 3116 3397; x_wconf 88' lang='lat' dir='ltr'><strong>sepeliendum</strong></span> <span class='ocrx_word' id='word_1_639' title='bbox 3159 3347 3274 3386; x_wconf 88' lang='lat' dir='ltr'><strong>esse</strong></span> <span class='ocrx_word' id='word_1_640' title='bbox 3303 3335 3351 3386; x_wconf 93' lang='lat' dir='ltr'><strong>iu</strong></span> <span class='ocrx_word' id='word_1_641' title='bbox 3382 3343 3544 3399; x_wconf 88' lang='lat' dir='ltr'><strong>terra,</strong></span> 
     </span>
    </p>
   </div>
   <div class='ocr_carea' id='block_1_81' title="bbox 2017 3419 3544 3488">
    <p class='ocr_par' dir='ltr' id='par_1_81' title="bbox 2017 3419 3544 3488">
     <span class='ocr_line' id='line_1_81' title="bbox 2017 3419 3544 3488; baseline 0.007 -18"><span class='ocrx_word' id='word_1_642' title='bbox 2017 3431 2070 3471; x_wconf 93' lang='lat' dir='ltr'><strong>et</strong></span> <span class='ocrx_word' id='word_1_643' title='bbox 2102 3419 2220 3471; x_wconf 90' lang='lat' dir='ltr'><strong>inde</strong></span> <span class='ocrx_word' id='word_1_644' title='bbox 2245 3428 2604 3487; x_wconf 86' lang='lat' dir='ltr'><strong>resurgentem</strong></span> <span class='ocrx_word' id='word_1_645' title='bbox 2624 3419 2848 3472; x_wconf 90' lang='lat' dir='ltr'><strong>fructum</strong></span> <span class='ocrx_word' id='word_1_646' title='bbox 2869 3420 3150 3488; x_wconf 90' lang='lat' dir='ltr'><strong>plurimum</strong></span> <span class='ocrx_word' id='word_1_647' title='bbox 3183 3425 3340 3477; x_wconf 89' lang='lat' dir='ltr'><strong>totius</strong></span> <span class='ocrx_word' id='word_1_648' title='bbox 3359 3425 3544 3480; x_wconf 87' lang='lat' dir='ltr'><strong>Eccle-</strong></span> 
     </span>
    </p>
   </div>
   <div class='ocr_carea' id='block_1_82' title="bbox 2019 3507 3545 3581">
    <p class='ocr_par' dir='ltr' id='par_1_82' title="bbox 2019 3507 3545 3581">
     <span class='ocr_line' id='line_1_82' title="bbox 2019 3507 3545 3581; baseline 0.005 -22"><span class='ocrx_word' id='word_1_649' title='bbox 2019 3509 2110 3560; x_wconf 74' lang='lat' dir='ltr'><strong>sia:</strong></span> <span class='ocrx_word' id='word_1_650' title='bbox 2137 3507 2486 3560; x_wconf 88' lang='lat' dir='ltr'><strong>multitudinis</strong></span> <span class='ocrx_word' id='word_1_651' title='bbox 2509 3508 2858 3574; x_wconf 90' lang='lat' dir='ltr'><strong>prolaturum,</strong></span> <span class='ocrx_word' id='word_1_652' title='bbox 2891 3509 3026 3562; x_wconf 89' lang='lat' dir='ltr'><strong>sicut</strong></span> <span class='ocrx_word' id='word_1_653' title='bbox 3057 3521 3111 3565; x_wconf 91' lang='lat' dir='ltr'><strong>et</strong></span> <span class='ocrx_word' id='word_1_654' title='bbox 3154 3515 3264 3581; x_wconf 88' lang='lat' dir='ltr'><strong>ipse</strong></span> <span class='ocrx_word' id='word_1_655' title='bbox 3292 3515 3545 3568; x_wconf 89' lang='lat' dir='ltr'><strong>Dominus</strong></span> 
     </span>
    </p>
   </div>
   <div class='ocr_carea' id='block_1_83' title="bbox 2017 3596 3541 3665">
    <p class='ocr_par' dir='ltr' id='par_1_83' title="bbox 2017 3596 3541 3665">
     <span class='ocr_line' id='line_1_83' title="bbox 2017 3596 3541 3665; baseline 0.002 -15"><span class='ocrx_word' id='word_1_656' title='bbox 2017 3596 2184 3650; x_wconf 86' lang='lat' dir='ltr'><strong>dicit:</strong></span> <span class='ocrx_word' id='word_1_657' title='bbox 2220 3614 2239 3646; x_wconf 70' lang='grc' dir='ltr'><strong>ε</strong></span> <span class='ocrx_word' id='word_1_658' title='bbox 2261 3597 2369 3650; x_wconf 86' lang='lat' dir='ltr'><strong>Nisi</strong></span> <span class='ocrx_word' id='word_1_659' title='bbox 2397 3612 2617 3663; x_wconf 83' lang='lat' dir='ltr'><strong>granum</strong></span> <span class='ocrx_word' id='word_1_660' title='bbox 2663 3597 2910 3651; x_wconf 88' lang='lat' dir='ltr'><strong>frumenti</strong></span> <span class='ocrx_word' id='word_1_661' title='bbox 2944 3600 2994 3651; x_wconf 92' lang='lat' dir='ltr'><strong>in</strong></span> <span class='ocrx_word' id='word_1_662' title='bbox 3035 3603 3232 3654; x_wconf 90' lang='lat' dir='ltr'><strong>ter&#39;ram</strong></span> <span class='ocrx_word' id='word_1_663' title='bbox 3272 3604 3541 3665; x_wconf 89' lang='lat' dir='ltr'><strong>ceciderit,</strong></span> 
     </span>
    </p>
   </div>
   <div class='ocr_carea' id='block_1_84' title="bbox 2015 3685 3542 3759">
    <p class='ocr_par' dir='ltr' id='par_1_84' title="bbox 2015 3685 3542 3759">
     <span class='ocr_line' id='line_1_84' title="bbox 2015 3685 3542 3759; baseline 0.006 -20"><span class='ocrx_word' id='word_1_664' title='bbox 2015 3695 2070 3739; x_wconf 92' lang='lat' dir='ltr'><strong>et</strong></span> <span class='ocrx_word' id='word_1_665' title='bbox 2089 3695 2348 3739; x_wconf 90' lang='lat' dir='ltr'><strong>mortuum</strong></span> <span class='ocrx_word' id='word_1_666' title='bbox 2375 3685 2552 3750; x_wconf 89' lang='lat' dir='ltr'><strong>fuerit,</strong></span> <span class='ocrx_word' id='word_1_667' title='bbox 2580 3687 2804 3741; x_wconf 91' lang='lat' dir='ltr'><strong>fructum</strong></span> <span class='ocrx_word' id='word_1_668' title='bbox 2831 3704 2932 3742; x_wconf 90' lang='lat' dir='ltr'><strong>non</strong></span> <span class='ocrx_word' id='word_1_669' title='bbox 2960 3689 3110 3743; x_wconf 72' lang='lat' dir='ltr'><strong>alI‘ert</strong></span> <span class='ocrx_word' id='word_1_670' title='bbox 3140 3692 3277 3759; x_wconf 64' lang='lat'><strong>(47);</strong></span> <span class='ocrx_word' id='word_1_671' title='bbox 3297 3693 3338 3745; x_wconf 86' lang='lat' dir='ltr'><strong>si</strong></span> <span class='ocrx_word' id='word_1_672' title='bbox 3371 3701 3542 3748; x_wconf 83' lang='lat' dir='ltr'><strong>autem</strong></span> 
     </span>
    </p>
   </div>
   <div class='ocr_carea' id='block_1_85' title="bbox 2014 3775 3373 3846">
    <p class='ocr_par' dir='ltr' id='par_1_85' title="bbox 2014 3775 3373 3846">
     <span class='ocr_line' id='line_1_85' title="bbox 2014 3775 3373 3846; baseline 0.001 -16"><span class='ocrx_word' id='word_1_673' title='bbox 2014 3786 2281 3830; x_wconf 90' lang='lat' dir='ltr'><strong>mortuum</strong></span> <span class='ocrx_word' id='word_1_674' title='bbox 2311 3775 2486 3842; x_wconf 88' lang='lat' dir='ltr'><strong>fuerit,</strong></span> <span class='ocrx_word' id='word_1_675' title='bbox 2517 3777 2744 3830; x_wconf 87' lang='lat' dir='ltr'><strong>fructum</strong></span> <span class='ocrx_word' id='word_1_676' title='bbox 2778 3777 3058 3846; x_wconf 89' lang='lat' dir='ltr'><strong>plurimum</strong></span> <span class='ocrx_word' id='word_1_677' title='bbox 3089 3779 3318 3836; x_wconf 69' lang='lat' dir='ltr'><strong>affert&quot;.</strong></span> <span class='ocrx_word' id='word_1_678' title='bbox 3355 3801 3373 3832; x_wconf 77' lang='grc' dir='ltr'><strong><em>ι</em></strong></span> 
     </span>
    </p>
   </div>
   <div class='ocr_carea' id='block_1_86' title="bbox 2087 3865 3536 3935">
    <p class='ocr_par' dir='ltr' id='par_1_86' title="bbox 2087 3865 3536 3935">
     <span class='ocr_line' id='line_1_86' title="bbox 2087 3865 3536 3935; baseline 0.004 -18"><span class='ocrx_word' id='word_1_679' title='bbox 2087 3885 2106 3917; x_wconf 73' lang='grc' dir='ltr'><strong><em>ι</em></strong></span> <span class='ocrx_word' id='word_1_680' title='bbox 2127 3865 2260 3931; x_wconf 91' lang='lat' dir='ltr'><strong>Quid</strong></span> <span class='ocrx_word' id='word_1_681' title='bbox 2285 3880 2408 3933; x_wconf 84' lang='lat' dir='ltr'><strong>ergo</strong></span> <span class='ocrx_word' id='word_1_682' title='bbox 2430 3866 2696 3919; x_wconf 84' lang='lat' dir='ltr'><strong>dicemus?</strong></span> <span class='ocrx_word' id='word_1_683' title='bbox 2725 3867 2872 3931; x_wconf 90' lang='lat' dir='ltr'><strong>Quod</strong></span> <span class='ocrx_word' id='word_1_684' title='bbox 2900 3877 3084 3935; x_wconf 80' lang='lat' dir='ltr'><strong>gentes</strong></span> <span class='ocrx_word' id='word_1_685' title='bbox 3106 3884 3222 3935; x_wconf 73' lang='lat' dir='ltr'><strong>quae</strong></span> <span class='ocrx_word' id='word_1_686' title='bbox 3243 3884 3343 3922; x_wconf 89' lang='lat' dir='ltr'><strong>non</strong></span> <span class='ocrx_word' id='word_1_687' title='bbox 3373 3883 3536 3923; x_wconf 80' lang='lat' dir='ltr'><strong>secta-</strong></span> 
     </span>
    </p>
   </div>
   <div class='ocr_carea' id='block_1_87' title="bbox 2015 3954 3538 4036">
    <p class='ocr_par' dir='ltr' id='par_1_87' title="bbox 2015 3954 3538 4036">
     <span class='ocr_line' id='line_1_87' title="bbox 2015 3954 3538 4036; baseline 0.003 -27"><span class='ocrx_word' id='word_1_688' title='bbox 2015 3954 2505 4020; x_wconf 86' lang='lat' dir='ltr'><strong>banturjustitiam,</strong></span> <span class='ocrx_word' id='word_1_689' title='bbox 2543 3957 3061 4022; x_wconf 87' lang='lat' dir='ltr'><strong>comprehenderunt</strong></span> <span class='ocrx_word' id='word_1_690' title='bbox 3090 3957 3348 4036; x_wconf 79' lang='lat' dir='ltr'><strong>justitiam</strong></span> <span class='ocrx_word' id='word_1_691' title='bbox 3387 3959 3538 4028; x_wconf 63' lang='lat'><strong>(48);</strong></span> 
     </span>
    </p>
   </div>
   <div class='ocr_carea' id='block_1_88' title="bbox 2007 4043 3534 4114">
    <p class='ocr_par' dir='ltr' id='par_1_88' title="bbox 2007 4043 3534 4114">
     <span class='ocr_line' id='line_1_88' title="bbox 2007 4043 3534 4114; baseline 0.003 -16"><span class='ocrx_word' id='word_1_692' title='bbox 2007 4046 2266 4114; x_wconf 86' lang='lat' dir='ltr'><strong>justitiam</strong></span> <span class='ocrx_word' id='word_1_693' title='bbox 2302 4055 2476 4098; x_wconf 86' lang='lat' dir='ltr'><strong>autem</strong></span> <span class='ocrx_word' id='word_1_694' title='bbox 2511 4059 2628 4112; x_wconf 71' lang='lat' dir='ltr'><strong>qua:</strong></span> <span class='ocrx_word' id='word_1_695' title='bbox 2660 4061 2724 4098; x_wconf 81' lang='lat' dir='ltr'><strong>ex</strong></span> <span class='ocrx_word' id='word_1_696' title='bbox 2757 4047 2858 4100; x_wconf 87' lang='lat' dir='ltr'><strong>ﬁde</strong></span> <span class='ocrx_word' id='word_1_697' title='bbox 2887 4057 2968 4100; x_wconf 92' lang='lat' dir='ltr'><strong>est</strong></span> <span class='ocrx_word' id='word_1_698' title='bbox 2991 4048 3056 4101; x_wconf 75' lang='grc'><strong>⁸³.</strong></span> <span class='ocrx_word' id='word_1_699' title='bbox 3082 4067 3100 4099; x_wconf 72' lang='grc' dir='ltr'><strong>ι</strong></span> <span class='ocrx_word' id='word_1_700' title='bbox 3142 4043 3393 4103; x_wconf 79' lang='lat' dir='ltr'><strong>Videntur</strong></span> <span class='ocrx_word' id='word_1_701' title='bbox 3423 4050 3534 4103; x_wconf 87' lang='lat' dir='ltr'><strong>for-</strong></span> 
     </span>
    </p>
   </div>
   <div class='ocr_carea' id='block_1_89' title="bbox 2016 4137 3534 4210">
    <p class='ocr_par' dir='ltr' id='par_1_89' title="bbox 2016 4137 3534 4210">
     <span class='ocr_line' id='line_1_89' title="bbox 2016 4137 3534 4210; baseline 0.003 -20"><span class='ocrx_word' id='word_1_702' title='bbox 2016 4139 2170 4191; x_wconf 81' lang='lat' dir='ltr'><strong>lassis</strong></span> <span class='ocrx_word' id='word_1_703' title='bbox 2201 4137 2299 4191; x_wconf 88' lang='lat' dir='ltr'><strong>hoc</strong></span> <span class='ocrx_word' id='word_1_704' title='bbox 2329 4138 2648 4189; x_wconf 87' lang='lat' dir='ltr'><strong>contrarium</strong></span> <span class='ocrx_word' id='word_1_705' title='bbox 2679 4152 2798 4190; x_wconf 89' lang='lat' dir='ltr'><strong>esse</strong></span> <span class='ocrx_word' id='word_1_706' title='bbox 2830 4137 2908 4192; x_wconf 91' lang='lat' dir='ltr'><strong>vel</strong></span> <span class='ocrx_word' id='word_1_707' title='bbox 2942 4139 3043 4193; x_wconf 89' lang='lat' dir='ltr'><strong>illis</strong></span> <span class='ocrx_word' id='word_1_708' title='bbox 3073 4141 3138 4193; x_wconf 89' lang='lat' dir='ltr'><strong>de</strong></span> <span class='ocrx_word' id='word_1_709' title='bbox 3163 4141 3355 4208; x_wconf 91' lang='lat' dir='ltr'><strong>quibus</strong></span> <span class='ocrx_word' id='word_1_710' title='bbox 3380 4157 3534 4210; x_wconf 84' lang='lat' dir='ltr'><strong>supra</strong></span> 
     </span>
    </p>
   </div>
   <div class='ocr_carea' id='block_1_90' title="bbox 2014 4225 3539 4299">
    <p class='ocr_par' dir='ltr' id='par_1_90' title="bbox 2014 4225 3539 4299">
     <span class='ocr_line' id='line_1_90' title="bbox 2014 4225 3539 4299; baseline 0.003 -19"><span class='ocrx_word' id='word_1_711' title='bbox 2014 4227 2266 4288; x_wconf 82' lang='lat' dir='ltr'><strong>diximus,</strong></span> <span class='ocrx_word' id='word_1_712' title='bbox 2307 4225 2443 4293; x_wconf 88' lang='lat' dir='ltr'><strong>quod</strong></span> <span class='ocrx_word' id='word_1_713' title='bbox 2490 4227 2852 4296; x_wconf 86' lang='lat' dir='ltr'><strong>unusquisque</strong></span> <span class='ocrx_word' id='word_1_714' title='bbox 2881 4230 3129 4284; x_wconf 79' lang='lat' dir='ltr'><strong>etnundet</strong></span> <span class='ocrx_word' id='word_1_715' title='bbox 3158 4246 3216 4285; x_wconf 88' lang='lat' dir='ltr'><strong>se</strong></span> <span class='ocrx_word' id='word_1_716' title='bbox 3256 4240 3308 4284; x_wconf 93' lang='lat' dir='ltr'><strong>et</strong></span> <span class='ocrx_word' id='word_1_717' title='bbox 3343 4247 3539 4299; x_wconf 70' lang='lat' dir='ltr'><strong>expur~</strong></span> 
     </span>
    </p>
   </div>
   <div class='ocr_carea' id='block_1_91' title="bbox 373 4312 3537 4384">
    <p class='ocr_par' dir='ltr' id='par_1_91' title="bbox 373 4312 3537 4384">
     <span class='ocr_line' id='line_1_91' title="bbox 373 4312 3537 4384; baseline 0.003 -15"><span class='ocrx_word' id='word_1_718' title='bbox 373 4316 605 4369; x_wconf 84' lang='lat' dir='ltr'><strong>veniens</strong></span> <span class='ocrx_word' id='word_1_719' title='bbox 637 4312 890 4365; x_wconf 92' lang='lat' dir='ltr'><strong>Dominus</strong></span> <span class='ocrx_word' id='word_1_720' title='bbox 935 4315 1319 4378; x_wconf 87' lang='lat' dir='ltr'><strong>pronuntiaret.</strong></span> <span class='ocrx_word' id='word_1_721' title='bbox 1350 4323 1402 4366; x_wconf 90' lang='lat' dir='ltr'><strong>et</strong></span> <span class='ocrx_word' id='word_1_722' title='bbox 1436 4315 1635 4369; x_wconf 81' lang='lat' dir='ltr'><strong>diceret</strong></span> <span class='ocrx_word' id='word_1_723' title='bbox 1664 4335 1676 4368; x_wconf 90' lang='lat'><strong>:</strong></span> <span class='ocrx_word' id='word_1_724' title='bbox 1715 4334 1732 4365; x_wconf 69' lang='grc' dir='ltr'><strong>ε</strong></span> <span class='ocrx_word' id='word_1_725' title='bbox 1781 4317 1907 4369; x_wconf 88' lang='lat' dir='ltr'><strong>Dili-</strong></span> <span class='ocrx_word' id='word_1_726' title='bbox 1942 4331 1984 4383; x_wconf 80' lang='grc' dir='ltr'><strong>ι)</strong></span> <span class='ocrx_word' id='word_1_727' title='bbox 2010 4323 2114 4384; x_wconf 84' lang='lat' dir='ltr'><strong>get.</strong></span> <span class='ocrx_word' id='word_1_728' title='bbox 2146 4326 2203 4368; x_wconf 92' lang='lat' dir='ltr'><strong>ut</strong></span> <span class='ocrx_word' id='word_1_729' title='bbox 2232 4317 2324 4368; x_wconf 89' lang='lat' dir='ltr'><strong>ﬁat</strong></span> <span class='ocrx_word' id='word_1_730' title='bbox 2348 4330 2442 4370; x_wconf 88' lang='lat' dir='ltr'><strong>vas</strong></span> <span class='ocrx_word' id='word_1_731' title='bbox 2474 4316 2624 4378; x_wconf 89' lang='lat' dir='ltr'><strong>utile,</strong></span> <span class='ocrx_word' id='word_1_732' title='bbox 2664 4326 2717 4370; x_wconf 90' lang='lat' dir='ltr'><strong>et</strong></span> <span class='ocrx_word' id='word_1_733' title='bbox 2749 4332 2843 4372; x_wconf 88' lang='lat' dir='ltr'><strong>vas</strong></span> <span class='ocrx_word' id='word_1_734' title='bbox 2867 4319 3244 4376; x_wconf 71' lang='lat' dir='ltr'><strong>misericordia:</strong></span> <span class='ocrx_word' id='word_1_735' title='bbox 3278 4340 3291 4376; x_wconf 92' lang='lat'>:</span> <span class='ocrx_word' id='word_1_736' title='bbox 3324 4324 3404 4376; x_wconf 88' lang='lat' dir='ltr'><strong>vel</strong></span> <span class='ocrx_word' id='word_1_737' title='bbox 3435 4324 3537 4377; x_wconf 82' lang='lat' dir='ltr'><strong>illis</strong></span> 
     </span>
    </p>
   </div>
   <div class='ocr_carea' id='block_1_92' title="bbox 443 4461 1578 4528">
    <p class='ocr_par' dir='ltr' id='par_1_92' title="bbox 443 4461 1578 4528">
     <span class='ocr_line' id='line_1_92' title="bbox 443 4461 1578 4528; baseline -0.001 -8"><span class='ocrx_word' id='word_1_738' title='bbox 443 4474 492 4504; x_wconf 80' lang='lat'><strong>&quot;</strong></span> <span class='ocrx_word' id='word_1_739' title='bbox 521 4469 674 4521; x_wconf 82' lang='lat' dir='ltr'><strong>Rom.</strong></span> <span class='ocrx_word' id='word_1_740' title='bbox 709 4481 783 4527; x_wconf 86' lang='lat' dir='ltr'><strong>tx,</strong></span> <span class='ocrx_word' id='word_1_741' title='bbox 813 4465 880 4517; x_wconf 73' lang='lat'><strong>‘27</strong></span> <span class='ocrx_word' id='word_1_742' title='bbox 915 4476 1028 4528; x_wconf 85' lang='lat' dir='ltr'><strong>seq.</strong></span> <span class='ocrx_word' id='word_1_743' title='bbox 1131 4461 1174 4492; x_wconf 75' lang='grc' dir='ltr'>ἰ</span> <span class='ocrx_word' id='word_1_744' title='bbox 1210 4463 1222 4513; x_wconf 98' lang='grc' dir='ltr'><strong>Ι</strong></span> <span class='ocrx_word' id='word_1_745' title='bbox 1255 4463 1377 4516; x_wconf 87' lang='lat' dir='ltr'><strong>Cor.</strong></span> <span class='ocrx_word' id='word_1_746' title='bbox 1435 4481 1494 4526; x_wconf 87' lang='lat' dir='ltr'><strong>tt,</strong></span> <span class='ocrx_word' id='word_1_747' title='bbox 1526 4465 1578 4519; x_wconf 88' lang='lat'><strong>6.</strong></span> 
     </span>
    </p>
   </div>
   <div class='ocr_carea' id='block_1_93' title="bbox 1672 4467 2106 4527">
    <p class='ocr_par' dir='ltr' id='par_1_93' title="bbox 1672 4467 2106 4527">
     <span class='ocr_line' id='line_1_93' title="bbox 1672 4467 2106 4527; baseline 0.002 -8"><span class='ocrx_word' id='word_1_748' title='bbox 1672 4468 1715 4498; x_wconf 72' lang='grc' dir='ltr'><strong>δ’</strong></span> <span class='ocrx_word' id='word_1_749' title='bbox 1753 4468 1901 4520; x_wconf 72' lang='lat' dir='ltr'><strong>lion).</strong></span> <span class='ocrx_word' id='word_1_750' title='bbox 1956 4482 2018 4527; x_wconf 86' lang='lat' dir='ltr'><strong>tr,</strong></span> <span class='ocrx_word' id='word_1_751' title='bbox 2055 4467 2106 4521; x_wconf 80' lang='lat'><strong>5.</strong></span> 
     </span>
    </p>
   </div>
   <div class='ocr_carea' id='block_1_94' title="bbox 2199 4468 3173 4533">
    <p class='ocr_par' dir='ltr' id='par_1_94' title="bbox 2199 4468 3173 4533">
     <span class='ocr_line' id='line_1_94' title="bbox 2199 4468 3173 4533; baseline 0.007 -13"><span class='ocrx_word' id='word_1_752' title='bbox 2199 4469 2244 4500; x_wconf 78' lang='grc'><strong>⁸³</strong></span> <span class='ocrx_word' id='word_1_753' title='bbox 2276 4468 2315 4521; x_wconf 91' lang='lat' dir='ltr'><strong>II</strong></span> <span class='ocrx_word' id='word_1_754' title='bbox 2346 4470 2549 4531; x_wconf 87' lang='lat' dir='ltr'><strong>Tim.u.</strong></span> <span class='ocrx_word' id='word_1_755' title='bbox 2577 4473 2666 4526; x_wconf 75' lang='lat'><strong>21.</strong></span> <span class='ocrx_word' id='word_1_756' title='bbox 2757 4473 2802 4504; x_wconf 71' lang='grc'><strong>⁸⁸</strong></span> <span class='ocrx_word' id='word_1_757' title='bbox 2839 4473 2991 4527; x_wconf 80' lang='lat' dir='ltr'><strong>Rom.</strong></span> <span class='ocrx_word' id='word_1_758' title='bbox 3026 4489 3086 4533; x_wconf 88' lang='lat' dir='ltr'><strong>tt.</strong></span> <span class='ocrx_word' id='word_1_759' title='bbox 3119 4476 3173 4529; x_wconf 82' lang='lat'><strong>5.</strong></span> 
     </span>
    </p>
   </div>
   <div class='ocr_carea' id='block_1_95' title="bbox 3275 4477 3532 4534">
    <p class='ocr_par' dir='ltr' id='par_1_95' title="bbox 3275 4477 3532 4534">
     <span class='ocr_line' id='line_1_95' title="bbox 3275 4477 3532 4534; baseline 0.016 -4"><span class='ocrx_word' id='word_1_760' title='bbox 3275 4479 3319 4510; x_wconf 82' lang='grc'><strong>⁵⁸</strong></span> <span class='ocrx_word' id='word_1_761' title='bbox 3353 4479 3367 4530; x_wconf 95' lang='grc'><strong>1</strong></span> <span class='ocrx_word' id='word_1_762' title='bbox 3409 4477 3532 4534; x_wconf 89' lang='lat' dir='ltr'><strong>Cor.</strong></span> 
     </span>
    </p>
   </div>
   <div class='ocr_carea' id='block_1_96' title="bbox 374 4529 1922 4611">
    <p class='ocr_par' dir='ltr' id='par_1_96' title="bbox 374 4529 1922 4611">
     <span class='ocr_line' id='line_1_96' title="bbox 374 4529 1922 4611; baseline -0.02 -16"><span class='ocrx_word' id='word_1_763' title='bbox 374 4540 546 4611; x_wconf 89' lang='lat' dir='ltr'><strong>tt,_8._</strong></span> <span class='ocrx_word' id='word_1_764' title='bbox 595 4537 641 4568; x_wconf 82' lang='lat'><strong>”</strong></span> <span class='ocrx_word' id='word_1_765' title='bbox 667 4534 966 4611; x_wconf 42' lang='lat' dir='ltr'><strong>gemuit?“</strong></span> <span class='ocrx_word' id='word_1_766' title='bbox 1004 4529 1084 4581; x_wconf 83' lang='lat' dir='ltr'><strong>i7.</strong></span> <span class='ocrx_word' id='word_1_767' title='bbox 1160 4531 1423 4611; x_wconf 44' lang='lat' dir='ltr'><strong>&quot;Hilariu-</strong></span> <span class='ocrx_word' id='word_1_768' title='bbox 1469 4550 1600 4593; x_wconf 65' lang='grc' dir='ltr'>χχιι,</span> <span class='ocrx_word' id='word_1_769' title='bbox 1640 4535 1769 4611; x_wconf 46' lang='lat'><strong>“:-</strong></span> <span class='ocrx_word' id='word_1_770' title='bbox 1799 4536 1842 4566; x_wconf 76' lang='lat' dir='ltr'><strong>ss</strong></span> 
     </span>
    </p>
   </div>
   <div class='ocr_carea' id='block_1_97' title="bbox 2026 4529 3529 4611">
    <p class='ocr_par' dir='ltr' id='par_1_97' title="bbox 2026 4529 3529 4611">
     <span class='ocr_line' id='line_1_97' title="bbox 2026 4529 3529 4611; baseline 0.01 -26"><span class='ocrx_word' id='word_1_771' title='bbox 2026 4573 2050 4586; x_wconf 93' lang='lat'><strong>..</strong></span> <span class='ocrx_word' id='word_1_772' title='bbox 2076 4551 2146 4598; x_wconf 79' lang='grc' dir='ltr'><strong>νι,</strong></span> <span class='ocrx_word' id='word_1_773' title='bbox 2193 4538 2225 4591; x_wconf 85' lang='lat'><strong>5</strong></span> <span class='ocrx_word' id='word_1_774' title='bbox 2243 4539 2468 4611; x_wconf 41' lang='lat' dir='ltr'><strong>aptatur.</strong></span> <span class='ocrx_word' id='word_1_775' title='bbox 2506 4529 2638 4604; x_wconf 77' lang='lat' dir='ltr'><strong>xxu,</strong></span> <span class='ocrx_word' id='word_1_776' title='bbox 2663 4542 2750 4607; x_wconf 76' lang='lat'><strong>37,</strong></span> <span class='ocrx_word' id='word_1_777' title='bbox 2780 4543 2870 4605; x_wconf 75' lang='lat'><strong>59,</strong></span> <span class='ocrx_word' id='word_1_778' title='bbox 2900 4543 2987 4595; x_wconf 71' lang='lat' dir='ltr'><strong>to.</strong></span> <span class='ocrx_word' id='word_1_779' title='bbox 3065 4529 3108 4576; x_wconf 66' lang='grc' dir='ltr'><strong>έν</strong></span> <span class='ocrx_word' id='word_1_780' title='bbox 3130 4544 3302 4600; x_wconf 87' lang='lat' dir='ltr'><strong>GaIat.</strong></span> <span class='ocrx_word' id='word_1_781' title='bbox 3331 4529 3529 4611; x_wconf 57' lang='lat' dir='ltr'><strong>infici</strong></span> 
     </span>
    </p>
   </div>
   <div class='ocr_carea' id='block_1_98' title="bbox 372 4599 1797 4665">
    <p class='ocr_par' dir='ltr' id='par_1_98' title="bbox 372 4599 1797 4665">
     <span class='ocr_line' id='line_1_98' title="bbox 372 4599 1797 4665; baseline -0.001 -7"><span class='ocrx_word' id='word_1_782' title='bbox 372 4599 571 4662; x_wconf 51' lang='lat' dir='ltr'><strong>“&#39;Isai.</strong></span> <span class='ocrx_word' id='word_1_783' title='bbox 609 4620 650 4665; x_wconf 90' lang='lat' dir='ltr'><strong>I,</strong></span> <span class='ocrx_word' id='word_1_784' title='bbox 683 4603 732 4656; x_wconf 90' lang='lat'><strong>9.</strong></span> <span class='ocrx_word' id='word_1_785' title='bbox 810 4603 851 4633; x_wconf 81' lang='lat'>“</span> <span class='ocrx_word' id='word_1_786' title='bbox 877 4600 1010 4653; x_wconf 86' lang='lat' dir='ltr'><strong>Gen.</strong></span> <span class='ocrx_word' id='word_1_787' title='bbox 1056 4615 1162 4662; x_wconf 78' lang='lat' dir='ltr'><strong>xIx,</strong></span> <span class='ocrx_word' id='word_1_788' title='bbox 1196 4599 1246 4650; x_wconf 81' lang='lat'><strong>5.</strong></span> <span class='ocrx_word' id='word_1_789' title='bbox 1324 4602 1366 4631; x_wconf 80' lang='grc'>⁸⁸</span> <span class='ocrx_word' id='word_1_790' title='bbox 1398 4601 1548 4654; x_wconf 81' lang='lat' dir='ltr'><strong>Joau.</strong></span> <span class='ocrx_word' id='word_1_791' title='bbox 1584 4615 1676 4662; x_wconf 84' lang='lat' dir='ltr'><strong>xtt,</strong></span> <span class='ocrx_word' id='word_1_792' title='bbox 1709 4603 1797 4656; x_wconf 73' lang='grc'><strong>24.</strong></span> 
     </span>
    </p>
   </div>
   <div class='ocr_carea' id='block_1_99' title="bbox 446 4693 1903 4772">
    <p class='ocr_par' dir='ltr' id='par_1_99' title="bbox 446 4693 1903 4772">
     <span class='ocr_line' id='line_1_99' title="bbox 446 4693 1903 4772; baseline -0.012 -17"><span class='ocrx_word' id='word_1_793' title='bbox 446 4701 560 4772; x_wconf 77' lang='lat'><strong>(59)</strong></span> <span class='ocrx_word' id='word_1_794' title='bbox 593 4698 928 4772; x_wconf 80' lang='lat' dir='ltr'><strong>Salodianus.</strong></span> <span class='ocrx_word' id='word_1_795' title='bbox 977 4713 994 4744; x_wconf 72' lang='grc' dir='ltr'>ι</span> <span class='ocrx_word' id='word_1_796' title='bbox 1031 4695 1367 4772; x_wconf 57' lang='lat' dir='ltr'><strong>Posteauqufe</strong></span> <span class='ocrx_word' id='word_1_797' title='bbox 1413 4710 1507 4761; x_wconf 87' lang='lat' dir='ltr'><strong>per</strong></span> <span class='ocrx_word' id='word_1_798' title='bbox 1553 4693 1639 4772; x_wconf 54' lang='lat' dir='ltr'><strong>[lci</strong></span> <span class='ocrx_word' id='word_1_799' title='bbox 1691 4699 1903 4763; x_wconf 73' lang='lat' dir='ltr'><strong>sapic..-</strong></span> 
     </span>
    </p>
   </div>
   <div class='ocr_carea' id='block_1_100' title="bbox 376 4761 1902 4834">
    <p class='ocr_par' dir='ltr' id='par_1_100' title="bbox 376 4761 1902 4834">
     <span class='ocr_line' id='line_1_100' title="bbox 376 4761 1902 4834; baseline -0.005 -7"><span class='ocrx_word' id='word_1_800' title='bbox 376 4761 504 4827; x_wconf 76' lang='lat' dir='ltr'><strong>tiain</strong></span> <span class='ocrx_word' id='word_1_801' title='bbox 527 4761 690 4834; x_wconf 82' lang='lat' dir='ltr'><strong>quam</strong></span> <span class='ocrx_word' id='word_1_802' title='bbox 726 4766 976 4832; x_wconf 82' lang='lat' dir='ltr'><strong>loquitur,</strong></span> <span class='ocrx_word' id='word_1_803' title='bbox 1011 4780 1029 4811; x_wconf 72' lang='grc' dir='ltr'><strong>ι</strong></span> <span class='ocrx_word' id='word_1_804' title='bbox 1062 4773 1166 4834; x_wconf 81' lang='lat' dir='ltr'><strong>etc.</strong></span> <span class='ocrx_word' id='word_1_805' title='bbox 1209 4761 1478 4822; x_wconf 80' lang='lat' dir='ltr'><strong>Mcrlinus,</strong></span> <span class='ocrx_word' id='word_1_806' title='bbox 1515 4781 1546 4834; x_wconf 77' lang='lat' dir='ltr'><strong>t_</strong></span> <span class='ocrx_word' id='word_1_807' title='bbox 1569 4761 1766 4834; x_wconf 73' lang='lat' dir='ltr'><strong>Postea</strong></span> <span class='ocrx_word' id='word_1_808' title='bbox 1787 4781 1902 4834; x_wconf 60' lang='lat' dir='ltr'><strong>qua!</strong></span> 
     </span>
    </p>
   </div>
   <div class='ocr_carea' id='block_1_101' title="bbox 373 4830 1896 4911">
    <p class='ocr_par' dir='ltr' id='par_1_101' title="bbox 373 4830 1896 4911">
     <span class='ocr_line' id='line_1_101' title="bbox 373 4830 1896 4911; baseline -0.005 -17"><span class='ocrx_word' id='word_1_809' title='bbox 373 4857 468 4911; x_wconf 88' lang='lat' dir='ltr'><strong>per</strong></span> <span class='ocrx_word' id='word_1_810' title='bbox 517 4830 610 4890; x_wconf 75' lang='lat' dir='ltr'><strong>Dei</strong></span> <span class='ocrx_word' id='word_1_811' title='bbox 654 4830 1317 4911; x_wconf 45' lang='lat' dir='ltr'><strong>sapientiam“loquitur,.t</strong></span> <span class='ocrx_word' id='word_1_812' title='bbox 1361 4840 1464 4911; x_wconf 71' lang='lat' dir='ltr'><strong>etc.</strong></span> <span class='ocrx_word' id='word_1_813' title='bbox 1509 4830 1896 4911; x_wconf 51' lang='lat' dir='ltr'><strong>(ienebrard&#39;us,</strong></span> 
     </span>
    </p>
   </div>
   <div class='ocr_carea' id='block_1_102' title="bbox 379 4899 1827 4969">
    <p class='ocr_par' dir='ltr' id='par_1_102' title="bbox 379 4899 1827 4969">
     <span class='ocr_line' id='line_1_102' title="bbox 379 4899 1827 4969; baseline -0.003 -11"><span class='ocrx_word' id='word_1_814' title='bbox 379 4899 398 4962; x_wconf 69' lang='grc' dir='ltr'><strong>ἱ</strong></span> <span class='ocrx_word' id='word_1_815' title='bbox 447 4899 807 4969; x_wconf 83' lang='lat' dir='ltr'><strong>Posteaquam</strong></span> <span class='ocrx_word' id='word_1_816' title='bbox 837 4916 928 4967; x_wconf 87' lang='lat' dir='ltr'><strong>per</strong></span> <span class='ocrx_word' id='word_1_817' title='bbox 961 4899 1049 4950; x_wconf 87' lang='lat' dir='ltr'><strong>Dei</strong></span> <span class='ocrx_word' id='word_1_818' title='bbox 1074 4899 1382 4969; x_wconf 88' lang='lat' dir='ltr'><strong>sapientiam</strong></span> <span class='ocrx_word' id='word_1_819' title='bbox 1415 4899 1640 4969; x_wconf 87' lang='lat' dir='ltr'><strong>locutus,</strong></span> <span class='ocrx_word' id='word_1_820' title='bbox 1680 4917 1698 4948; x_wconf 73' lang='grc' dir='ltr'><strong><em>ι</em></strong></span> <span class='ocrx_word' id='word_1_821' title='bbox 1725 4911 1827 4954; x_wconf 89' lang='lat' dir='ltr'><strong>etc.</strong></span> 
     </span>
    </p>
   </div>
   <div class='ocr_carea' id='block_1_103' title="bbox 441 4967 1898 5045">
    <p class='ocr_par' dir='ltr' id='par_1_103' title="bbox 441 4967 1898 5045">
     <span class='ocr_line' id='line_1_103' title="bbox 441 4967 1898 5045; baseline 0.003 -29"><span class='ocrx_word' id='word_1_822' title='bbox 441 4976 558 5045; x_wconf 68' lang='grc'><strong>(40)</strong></span> <span class='ocrx_word' id='word_1_823' title='bbox 590 4967 783 5045; x_wconf 56' lang='grc' dir='ltr'><strong>ΔΕσξὶιί,</strong></span> <span class='ocrx_word' id='word_1_824' title='bbox 845 4985 863 5016; x_wconf 71' lang='grc' dir='ltr'><strong>ε</strong></span> <span class='ocrx_word' id='word_1_825' title='bbox 919 4967 1262 5045; x_wconf 71' lang='lat' dir='ltr'><strong>tltesaurizat,</strong></span> <span class='ocrx_word' id='word_1_826' title='bbox 1299 4985 1331 5045; x_wconf 41' lang='lat' dir='ltr'><strong>Io</strong></span> <span class='ocrx_word' id='word_1_827' title='bbox 1383 4975 1436 5045; x_wconf 78' lang='lat' dir='ltr'><strong>et</strong></span> <span class='ocrx_word' id='word_1_828' title='bbox 1479 4967 1737 5045; x_wconf 57' lang='lat' dir='ltr'><strong>omittunt</strong></span> <span class='ocrx_word' id='word_1_829' title='bbox 1779 4985 1898 5045; x_wconf 75' lang='lat' dir='ltr'><strong>cum</strong></span> 
     </span>
    </p>
   </div>
   <div class='ocr_carea' id='block_1_104' title="bbox 374 5034 1900 5111">
    <p class='ocr_par' dir='ltr' id='par_1_104' title="bbox 374 5034 1900 5111">
     <span class='ocr_line' id='line_1_104' title="bbox 374 5034 1900 5111; baseline 0.033 -69"><span class='ocrx_word' id='word_1_830' title='bbox 374 5034 508 5098; x_wconf 41' lang='lat' dir='ltr'><strong>mgs.</strong></span> <span class='ocrx_word' id='word_1_831' title='bbox 539 5034 840 5111; x_wconf 45' lang='lat' dir='ltr'><strong>.plerisqu?’</strong></span> <span class='ocrx_word' id='word_1_832' title='bbox 879 5052 896 5083; x_wconf 65' lang='grc' dir='ltr'><strong>ε</strong></span> <span class='ocrx_word' id='word_1_833' title='bbox 933 5035 1050 5101; x_wconf 62' lang='lat' dir='ltr'><strong>ipsi,</strong></span> <span class='ocrx_word' id='word_1_834' title='bbox 1083 5051 1100 5082; x_wconf 72' lang='grc' dir='ltr'>ι</span> <span class='ocrx_word' id='word_1_835' title='bbox 1134 5042 1215 5111; x_wconf 73' lang='lat' dir='ltr'><strong>ct,_</strong></span> <span class='ocrx_word' id='word_1_836' title='bbox 1243 5052 1263 5111; x_wconf 55' lang='grc' dir='ltr'><em>μ</em></span> <span class='ocrx_word' id='word_1_837' title='bbox 1299 5035 1466 5111; x_wconf 43' lang='grc' dir='ltr'><strong>ἰημιίθ</strong></span> <span class='ocrx_word' id='word_1_838' title='bbox 1494 5034 1604 5084; x_wconf 63' lang='lat' dir='ltr'><strong>ira}.</strong></span> <span class='ocrx_word' id='word_1_839' title='bbox 1649 5052 1674 5111; x_wconf 51' lang='grc' dir='ltr'><strong>ξ</strong></span> <span class='ocrx_word' id='word_1_840' title='bbox 1703 5036 1900 5092; x_wconf 85' lang='lat' dir='ltr'><strong>Deinde</strong></span> 
     </span>
    </p>
   </div>
   <div class='ocr_carea' id='block_1_105' title="bbox 373 5101 1903 5170">
    <p class='ocr_par' dir='ltr' id='par_1_105' title="bbox 373 5101 1903 5170">
     <span class='ocr_line' id='line_1_105' title="bbox 373 5101 1903 5170; baseline -0.003 -6"><span class='ocrx_word' id='word_1_841' title='bbox 373 5113 532 5165; x_wconf 90' lang='lat' dir='ltr'><strong>iidem</strong></span> <span class='ocrx_word' id='word_1_842' title='bbox 553 5101 690 5162; x_wconf 71' lang='lat' dir='ltr'><strong>editi</strong></span> <span class='ocrx_word' id='word_1_843' title='bbox 723 5101 954 5164; x_wconf 79' lang='lat' dir='ltr'><strong>habent,</strong></span> <span class='ocrx_word' id='word_1_844' title='bbox 997 5120 1014 5150; x_wconf 85' lang='grc'><strong><em>‹</em></strong></span> <span class='ocrx_word' id='word_1_845' title='bbox 1049 5113 1170 5153; x_wconf 91' lang='lat' dir='ltr'><strong>sunt</strong></span> <span class='ocrx_word' id='word_1_846' title='bbox 1204 5102 1254 5154; x_wconf 90' lang='lat' dir='ltr'><strong>hi</strong></span> <span class='ocrx_word' id='word_1_847' title='bbox 1283 5101 1369 5170; x_wconf 91' lang='lat' dir='ltr'><strong>qui</strong></span> <span class='ocrx_word' id='word_1_848' title='bbox 1395 5115 1454 5154; x_wconf 89' lang='lat' dir='ltr'><strong>se</strong></span> <span class='ocrx_word' id='word_1_849' title='bbox 1479 5103 1903 5161; x_wconf 73' lang='lat' dir='ltr'><strong>etnundaveru‘nt</strong></span> 
     </span>
    </p>
   </div>
   <div class='ocr_carea' id='block_1_106' title="bbox 374 5179 1242 5245">
    <p class='ocr_par' dir='ltr' id='par_1_106' title="bbox 374 5179 1242 5245">
     <span class='ocr_line' id='line_1_106' title="bbox 374 5179 1242 5245; baseline -0.016 -13"><span class='ocrx_word' id='word_1_850' title='bbox 374 5181 567 5245; x_wconf 86' lang='lat' dir='ltr'><strong>abhis,</strong></span> <span class='ocrx_word' id='word_1_851' title='bbox 597 5185 740 5245; x_wconf 90' lang='lat' dir='ltr'><strong>e_t....</strong></span> <span class='ocrx_word' id='word_1_852' title='bbox 771 5179 1210 5245; x_wconf 42' lang='lat' dir='ltr'><strong>praeparaverunt;</strong></span> <span class='ocrx_word' id='word_1_853' title='bbox 1223 5189 1242 5219; x_wconf 77' lang='grc' dir='ltr'><strong><em>ι</em></strong></span> 
     </span>
    </p>
   </div>
   <div class='ocr_carea' id='block_1_107' title="bbox 443 5235 1900 5316">
    <p class='ocr_par' dir='ltr' id='par_1_107' title="bbox 443 5235 1900 5316">
     <span class='ocr_line' id='line_1_107' title="bbox 443 5235 1900 5316; baseline 0.001 -25"><span class='ocrx_word' id='word_1_854' title='bbox 443 5235 565 5316; x_wconf 60' lang='grc' dir='ltr'><strong>(ιη’</strong></span> <span class='ocrx_word' id='word_1_855' title='bbox 592 5243 690 5316; x_wconf 68' lang='lat' dir='ltr'><strong>Ms.</strong></span> <span class='ocrx_word' id='word_1_856' title='bbox 735 5235 1156 5316; x_wconf 31' lang='lat' dir='ltr'><strong>unusd’hetiam</strong></span> <span class='ocrx_word' id='word_1_857' title='bbox 1200 5237 1250 5289; x_wconf 91' lang='lat' dir='ltr'><strong>in</strong></span> <span class='ocrx_word' id='word_1_858' title='bbox 1279 5235 1554 5316; x_wconf 42' lang='lat' dir='ltr'><strong>“propheta</strong></span> <span class='ocrx_word' id='word_1_859' title='bbox 1587 5237 1762 5316; x_wconf 71' lang='lat' dir='ltr'><strong>docet</strong></span> <span class='ocrx_word' id='word_1_860' title='bbox 1799 5242 1900 5295; x_wconf 88' lang='lat' dir='ltr'><strong>hoc</strong></span> 
     </span>
    </p>
   </div>
   <div class='ocr_carea' id='block_1_108' title="bbox 374 5303 1900 5378">
    <p class='ocr_par' dir='ltr' id='par_1_108' title="bbox 374 5303 1900 5378">
     <span class='ocr_line' id='line_1_108' title="bbox 374 5303 1900 5378; baseline 0.01 -32"><span class='ocrx_word' id='word_1_861' title='bbox 374 5303 494 5368; x_wconf 61' lang='lat' dir='ltr'><strong>esge</strong></span> <span class='ocrx_word' id='word_1_862' title='bbox 531 5303 815 5378; x_wconf 63' lang='grc' dir='ltr'><strong>έοιιίριιιιη,</strong></span> <span class='ocrx_word' id='word_1_863' title='bbox 855 5322 873 5353; x_wconf 75' lang='grc' dir='ltr'>ι</span> <span class='ocrx_word' id='word_1_864' title='bbox 907 5303 1045 5378; x_wconf 80' lang='lat' dir='ltr'><strong>Editi</strong></span> <span class='ocrx_word' id='word_1_865' title='bbox 1087 5318 1227 5378; x_wconf 80' lang='lat' dir='ltr'><strong>vero,</strong></span> <span class='ocrx_word' id='word_1_866' title='bbox 1266 5305 1524 5378; x_wconf 61' lang='lat' dir='ltr'><strong>itabanus</strong></span> <span class='ocrx_word' id='word_1_867' title='bbox 1543 5314 1600 5357; x_wconf 86' lang='lat' dir='ltr'><strong>et</strong></span> <span class='ocrx_word' id='word_1_868' title='bbox 1633 5308 1724 5359; x_wconf 87' lang='lat' dir='ltr'><strong>alii</strong></span> <span class='ocrx_word' id='word_1_869' title='bbox 1752 5325 1900 5378; x_wconf 87' lang='lat' dir='ltr'><strong>mss.</strong></span> 
     </span>
    </p>
   </div>
   <div class='ocr_carea' id='block_1_109' title="bbox 375 5371 1893 5446">
    <p class='ocr_par' dir='ltr' id='par_1_109' title="bbox 375 5371 1893 5446">
     <span class='ocr_line' id='line_1_109' title="bbox 375 5371 1893 5446; baseline 0.004 -24"><span class='ocrx_word' id='word_1_870' title='bbox 375 5396 429 5434; x_wconf 77' lang='grc' dir='ltr'><strong>ιη</strong></span> <span class='ocrx_word' id='word_1_871' title='bbox 449 5386 503 5436; x_wconf 69' lang='lat' dir='ltr'><strong>in</strong></span> <span class='ocrx_word' id='word_1_872' title='bbox 533 5371 718 5433; x_wconf 76' lang='lat' dir='ltr'><strong>nost&#39;ro</strong></span> <span class='ocrx_word' id='word_1_873' title='bbox 745 5381 907 5446; x_wconf 77' lang='lat' dir='ltr'><strong>textu,</strong></span> <span class='ocrx_word' id='word_1_874' title='bbox 940 5373 1036 5424; x_wconf 91' lang='lat' dir='ltr'><strong>nisi</strong></span> <span class='ocrx_word' id='word_1_875' title='bbox 1059 5374 1191 5438; x_wconf 89' lang='lat' dir='ltr'><strong>quod</strong></span> <span class='ocrx_word' id='word_1_876' title='bbox 1216 5372 1336 5426; x_wconf 89' lang='lat' dir='ltr'><strong>editi</strong></span> <span class='ocrx_word' id='word_1_877' title='bbox 1361 5371 1582 5428; x_wconf 86' lang='lat' dir='ltr'><strong>habeant</strong></span> <span class='ocrx_word' id='word_1_878' title='bbox 1601 5391 1622 5424; x_wconf 74' lang='grc' dir='ltr'><strong>ε</strong></span> <span class='ocrx_word' id='word_1_879' title='bbox 1652 5377 1853 5446; x_wconf 89' lang='lat' dir='ltr'><strong>scripta</strong></span> <span class='ocrx_word' id='word_1_880' title='bbox 1874 5395 1893 5428; x_wconf 70' lang='grc' dir='ltr'><strong><em>ι</em></strong></span> 
     </span>
    </p>
   </div>
   <div class='ocr_carea' id='block_1_110' title="bbox 375 5443 936 5517">
    <p class='ocr_par' dir='ltr' id='par_1_110' title="bbox 375 5443 936 5517">
     <span class='ocr_line' id='line_1_110' title="bbox 375 5443 936 5517; baseline -0.011 -17"><span class='ocrx_word' id='word_1_881' title='bbox 375 5466 469 5517; x_wconf 89' lang='lat' dir='ltr'><strong>pro</strong></span> <span class='ocrx_word' id='word_1_882' title='bbox 500 5469 519 5500; x_wconf 72' lang='grc' dir='ltr'>ι</span> <span class='ocrx_word' id='word_1_883' title='bbox 552 5443 882 5517; x_wconf 75' lang='lat' dir='ltr'><strong>praescripta.</strong></span> <span class='ocrx_word' id='word_1_884' title='bbox 897 5456 936 5517; x_wconf 61' lang='grc' dir='ltr'><strong>Δι</strong></span> 
     </span>
    </p>
   </div>
   <div class='ocr_carea' id='block_1_111' title="bbox 445 5506 1899 5586">
    <p class='ocr_par' dir='ltr' id='par_1_111' title="bbox 445 5506 1899 5586">
     <span class='ocr_line' id='line_1_111' title="bbox 445 5506 1899 5586; baseline -0.001 -19"><span class='ocrx_word' id='word_1_885' title='bbox 445 5506 678 5586; x_wconf 71' lang='grc' dir='ltr'><strong>(42)’5ἰε</strong></span> <span class='ocrx_word' id='word_1_886' title='bbox 707 5506 830 5586; x_wconf 72' lang='lat' dir='ltr'><strong>mss.</strong></span> <span class='ocrx_word' id='word_1_887' title='bbox 859 5514 911 5558; x_wconf 91' lang='lat' dir='ltr'><strong>et</strong></span> <span class='ocrx_word' id='word_1_888' title='bbox 943 5506 1203 5586; x_wconf 78' lang='lat' dir='ltr'><strong>Rabauus.</strong></span> <span class='ocrx_word' id='word_1_889' title='bbox 1233 5507 1378 5586; x_wconf 61' lang='lat' dir='ltr'><strong>Editi</strong></span> <span class='ocrx_word' id='word_1_890' title='bbox 1397 5523 1576 5586; x_wconf 39' lang='lat' dir='ltr'><strong>vero”</strong></span> <span class='ocrx_word' id='word_1_891' title='bbox 1613 5511 1899 5580; x_wconf 85' lang='lat' dir='ltr'><strong>Utrasque</strong></span> 
     </span>
    </p>
   </div>
   <div class='ocr_carea' id='block_1_112' title="bbox 379 5575 1894 5652">
    <p class='ocr_par' dir='ltr' id='par_1_112' title="bbox 379 5575 1894 5652">
     <span class='ocr_line' id='line_1_112' title="bbox 379 5575 1894 5652; baseline -0.004 -11"><span class='ocrx_word' id='word_1_892' title='bbox 379 5575 941 5652; x_wconf 69' lang='lat' dir='ltr'><strong>enim&#39;promissiones</strong></span> <span class='ocrx_word' id='word_1_893' title='bbox 981 5591 1095 5644; x_wconf 68' lang='lat' dir='ltr'><strong>qua:</strong></span> <span class='ocrx_word' id='word_1_894' title='bbox 1131 5580 1192 5630; x_wconf 86' lang='lat' dir='ltr'><strong>ad</strong></span> <span class='ocrx_word' id='word_1_895' title='bbox 1230 5575 1700 5638; x_wconf 29' lang='lat' dir='ltr'><strong>Alirnhatu&#39;rfnctx</strong></span> <span class='ocrx_word' id='word_1_896' title='bbox 1742 5575 1894 5642; x_wconf 80' lang='lat' dir='ltr'><strong>suitt,</strong></span> 
     </span>
    </p>
   </div>
   <div class='ocr_carea' id='block_1_113' title="bbox 1873 4603 2328 4670">
    <p class='ocr_par' dir='ltr' id='par_1_113' title="bbox 1873 4603 2328 4670">
     <span class='ocr_line' id='line_1_113' title="bbox 1873 4603 2328 4670; baseline 0.011 -15"><span class='ocrx_word' id='word_1_897' title='bbox 1873 4604 1915 4634; x_wconf 84' lang='grc'><strong>⁸⁸</strong></span> <span class='ocrx_word' id='word_1_898' title='bbox 1949 4603 2101 4657; x_wconf 78' lang='lat' dir='ltr'><strong>Hom.</strong></span> <span class='ocrx_word' id='word_1_899' title='bbox 2133 4621 2206 4670; x_wconf 73' lang='grc' dir='ltr'><strong>ιχ,</strong></span> <span class='ocrx_word' id='word_1_900' title='bbox 2241 4607 2328 4660; x_wconf 83' lang='grc'><strong>50.</strong></span> 
     </span>
    </p>
   </div>
   <div class='ocr_carea' id='block_1_114' title="bbox 2001 4700 2522 4754">
    <p class='ocr_par' dir='ltr' id='par_1_114' title="bbox 2001 4700 2522 4754">
     <span class='ocr_line' id='line_1_114' title="bbox 2001 4700 2522 4754; baseline 0 -2"><span class='ocrx_word' id='word_1_901' title='bbox 2001 4700 2236 4752; x_wconf 88' lang='lat' dir='ltr'><strong>continet</strong></span> <span class='ocrx_word' id='word_1_902' title='bbox 2265 4715 2456 4754; x_wconf 88' lang='lat' dir='ltr'><strong>sermo.</strong></span> <span class='ocrx_word' id='word_1_903' title='bbox 2504 4722 2522 4752; x_wconf 74' lang='grc' dir='ltr'><strong>ι</strong></span> 
     </span>
    </p>
   </div>
   <div class='ocr_carea' id='block_1_115' title="bbox 2074 4768 3354 4837">
    <p class='ocr_par' dir='ltr' id='par_1_115' title="bbox 2074 4768 3354 4837">
     <span class='ocr_line' id='line_1_115' title="bbox 2074 4768 3354 4837; baseline 0.004 -18"><span class='ocrx_word' id='word_1_904' title='bbox 2074 4768 2185 4837; x_wconf 74' lang='grc'><strong>(45)</strong></span> <span class='ocrx_word' id='word_1_905' title='bbox 2215 4769 2373 4832; x_wconf 90' lang='lat' dir='ltr'><strong>Editi,</strong></span> <span class='ocrx_word' id='word_1_906' title='bbox 2408 4792 2422 4816; x_wconf 79' lang='grc' dir='ltr'>ι</span> <span class='ocrx_word' id='word_1_907' title='bbox 2458 4772 2637 4837; x_wconf 88' lang='lat' dir='ltr'><strong>paucis</strong></span> <span class='ocrx_word' id='word_1_908' title='bbox 2660 4784 2790 4822; x_wconf 87' lang='lat' dir='ltr'><strong>nexa</strong></span> <span class='ocrx_word' id='word_1_909' title='bbox 2816 4773 3172 4832; x_wconf 85' lang='lat' dir='ltr'><strong>sermonibus,</strong></span> <span class='ocrx_word' id='word_1_910' title='bbox 3201 4791 3219 4822; x_wconf 74' lang='grc' dir='ltr'><strong><em>ι</em></strong></span> <span class='ocrx_word' id='word_1_911' title='bbox 3251 4784 3354 4824; x_wconf 80' lang='lat' dir='ltr'><strong>etc.</strong></span> 
     </span>
    </p>
   </div>
   <div class='ocr_carea' id='block_1_116' title="bbox 2073 4837 3528 4908">
    <p class='ocr_par' dir='ltr' id='par_1_116' title="bbox 2073 4837 3528 4908">
     <span class='ocr_line' id='line_1_116' title="bbox 2073 4837 3528 4908; baseline 0.005 -20"><span class='ocrx_word' id='word_1_912' title='bbox 2073 4837 2182 4903; x_wconf 62' lang='grc' dir='ltr'><strong>(Μ)</strong></span> <span class='ocrx_word' id='word_1_913' title='bbox 2215 4838 2374 4908; x_wconf 88' lang='lat' dir='ltr'><strong>Editi,</strong></span> <span class='ocrx_word' id='word_1_914' title='bbox 2422 4858 2437 4886; x_wconf 85' lang='grc'><em>‹</em></span> <span class='ocrx_word' id='word_1_915' title='bbox 2476 4839 2615 4905; x_wconf 86' lang='lat' dir='ltr'><strong>quod</strong></span> <span class='ocrx_word' id='word_1_916' title='bbox 2672 4850 2754 4889; x_wconf 87' lang='lat' dir='ltr'><strong>est</strong></span> <span class='ocrx_word' id='word_1_917' title='bbox 2792 4839 3054 4891; x_wconf 74' lang='lat' dir='ltr'><strong>Christus.</strong></span> <span class='ocrx_word' id='word_1_918' title='bbox 3109 4839 3220 4892; x_wconf 84' lang='lat' dir='ltr'><strong>Non</strong></span> <span class='ocrx_word' id='word_1_919' title='bbox 3270 4855 3398 4908; x_wconf 74' lang='lat' dir='ltr'><strong>ergo</strong></span> <span class='ocrx_word' id='word_1_920' title='bbox 3446 4851 3528 4895; x_wconf 80' lang='lat' dir='ltr'><strong>est</strong></span> 
     </span>
    </p>
   </div>
   <div class='ocr_carea' id='block_1_117' title="bbox 2000 4904 2538 4970">
    <p class='ocr_par' dir='ltr' id='par_1_117' title="bbox 2000 4904 2538 4970">
     <span class='ocr_line' id='line_1_117' title="bbox 2000 4904 2538 4970; baseline 0.006 -14"><span class='ocrx_word' id='word_1_921' title='bbox 2000 4904 2163 4962; x_wconf 84' lang='lat' dir='ltr'><strong>aliud,</strong></span> <span class='ocrx_word' id='word_1_922' title='bbox 2197 4906 2358 4970; x_wconf 89' lang='lat' dir='ltr'><strong>quod,</strong></span> <span class='ocrx_word' id='word_1_923' title='bbox 2388 4924 2407 4956; x_wconf 84' lang='grc'>›</span> <span class='ocrx_word' id='word_1_924' title='bbox 2435 4904 2538 4959; x_wconf 85' lang='lat' dir='ltr'><strong>etc.</strong></span> 
     </span>
    </p>
   </div>
   <div class='ocr_carea' id='block_1_118' title="bbox 2073 4974 2722 5039">
    <p class='ocr_par' dir='ltr' id='par_1_118' title="bbox 2073 4974 2722 5039">
     <span class='ocr_line' id='line_1_118' title="bbox 2073 4974 2722 5039; baseline -0.003 -15"><span class='ocrx_word' id='word_1_925' title='bbox 2073 4974 2185 5039; x_wconf 77' lang='grc'><strong>(45)</strong></span> <span class='ocrx_word' id='word_1_926' title='bbox 2214 4977 2359 5026; x_wconf 85' lang='lat' dir='ltr'><strong>Alias</strong></span> <span class='ocrx_word' id='word_1_927' title='bbox 2391 4993 2408 5023; x_wconf 75' lang='grc' dir='ltr'><strong>ι</strong></span> <span class='ocrx_word' id='word_1_928' title='bbox 2435 4974 2667 5027; x_wconf 87' lang='lat' dir='ltr'><strong>fuerunt.</strong></span> <span class='ocrx_word' id='word_1_929' title='bbox 2705 4992 2722 5022; x_wconf 73' lang='grc' dir='ltr'><strong><em>ι</em></strong></span> 
     </span>
    </p>
   </div>
   <div class='ocr_carea' id='block_1_119' title="bbox 2074 5040 2891 5112">
    <p class='ocr_par' dir='ltr' id='par_1_119' title="bbox 2074 5040 2891 5112">
     <span class='ocr_line' id='line_1_119' title="bbox 2074 5040 2891 5112; baseline -0.004 -19"><span class='ocrx_word' id='word_1_930' title='bbox 2074 5041 2183 5112; x_wconf 65' lang='grc'><strong>(46)</strong></span> <span class='ocrx_word' id='word_1_931' title='bbox 2216 5040 2370 5112; x_wconf 67' lang='lat' dir='ltr'><strong>Editi,</strong></span> <span class='ocrx_word' id='word_1_932' title='bbox 2409 5060 2426 5089; x_wconf 74' lang='grc' dir='ltr'><em>α</em></span> <span class='ocrx_word' id='word_1_933' title='bbox 2462 5051 2608 5112; x_wconf 59' lang='lat' dir='ltr'><strong>pater</strong></span> <span class='ocrx_word' id='word_1_934' title='bbox 2630 5055 2891 5112; x_wconf 51' lang='lat' dir='ltr'><strong>eorum.)</strong></span> 
     </span>
    </p>
   </div>
   <div class='ocr_carea' id='block_1_120' title="bbox 2077 5107 3522 5177">
    <p class='ocr_par' dir='ltr' id='par_1_120' title="bbox 2077 5107 3522 5177">
     <span class='ocr_line' id='line_1_120' title="bbox 2077 5107 3522 5177; baseline 0.003 -15"><span class='ocrx_word' id='word_1_935' title='bbox 2077 5107 2184 5177; x_wconf 76' lang='grc'><strong>(47)</strong></span> <span class='ocrx_word' id='word_1_936' title='bbox 2219 5108 2315 5161; x_wconf 83' lang='lat' dir='ltr'><strong>Ms.</strong></span> <span class='ocrx_word' id='word_1_937' title='bbox 2348 5107 2482 5161; x_wconf 86' lang='lat' dir='ltr'><strong>unus</strong></span> <span class='ocrx_word' id='word_1_938' title='bbox 2515 5107 2745 5177; x_wconf 73' lang='lat' dir='ltr'><strong>Regius,</strong></span> <span class='ocrx_word' id='word_1_939' title='bbox 2796 5109 3016 5177; x_wconf 71' lang='lat' dir='ltr'><strong>«ipsum</strong></span> <span class='ocrx_word' id='word_1_940' title='bbox 3059 5110 3228 5163; x_wconf 86' lang='lat' dir='ltr'><strong>solum</strong></span> <span class='ocrx_word' id='word_1_941' title='bbox 3267 5121 3463 5166; x_wconf 88' lang='lat' dir='ltr'><strong>manet.</strong></span> <span class='ocrx_word' id='word_1_942' title='bbox 3503 5131 3522 5166; x_wconf 63' lang='grc' dir='ltr'><strong>θ</strong></span> 
     </span>
    </p>
   </div>
   <div class='ocr_carea' id='block_1_121' title="bbox 2006 5175 3529 5243">
    <p class='ocr_par' dir='ltr' id='par_1_121' title="bbox 2006 5175 3529 5243">
     <span class='ocr_line' id='line_1_121' title="bbox 2006 5175 3529 5243; baseline 0.001 -12"><span class='ocrx_word' id='word_1_943' title='bbox 2006 5175 2375 5243; x_wconf 68' lang='grc' dir='ltr'><strong>Διῐθι·’1ἶθςίιιε</strong></span> <span class='ocrx_word' id='word_1_944' title='bbox 2405 5191 2551 5229; x_wconf 91' lang='lat' dir='ltr'><strong>num.</strong></span> <span class='ocrx_word' id='word_1_945' title='bbox 2575 5175 2730 5235; x_wconf 75' lang='grc'><strong>1659.</strong></span> <span class='ocrx_word' id='word_1_946' title='bbox 2765 5193 2782 5222; x_wconf 85' lang='grc'><strong>‹</strong></span> <span class='ocrx_word' id='word_1_947' title='bbox 2822 5175 3052 5230; x_wconf 88' lang='lat' dir='ltr'><strong>fructum</strong></span> <span class='ocrx_word' id='word_1_948' title='bbox 3090 5192 3192 5228; x_wconf 93' lang='lat' dir='ltr'><strong>non</strong></span> <span class='ocrx_word' id='word_1_949' title='bbox 3223 5179 3411 5233; x_wconf 79' lang='lat' dir='ltr'><strong>afferet</strong></span> <span class='ocrx_word' id='word_1_950' title='bbox 3445 5219 3529 5236; x_wconf 82' lang='lat'><strong>....</strong></span> 
     </span>
    </p>
   </div>
   <div class='ocr_carea' id='block_1_122' title="bbox 2006 5242 3533 5311">
    <p class='ocr_par' dir='ltr' id='par_1_122' title="bbox 2006 5242 3533 5311">
     <span class='ocr_line' id='line_1_122' title="bbox 2006 5242 3533 5311; baseline -0.003 -15"><span class='ocrx_word' id='word_1_951' title='bbox 2006 5247 2231 5299; x_wconf 89' lang='lat' dir='ltr'><strong>fructum</strong></span> <span class='ocrx_word' id='word_1_952' title='bbox 2262 5242 2541 5311; x_wconf 84' lang='lat' dir='ltr'><strong>plurimum</strong></span> <span class='ocrx_word' id='word_1_953' title='bbox 2576 5242 2778 5295; x_wconf 81' lang='lat' dir='ltr'><strong>alleret.</strong></span> <span class='ocrx_word' id='word_1_954' title='bbox 2819 5261 2837 5291; x_wconf 69' lang='grc' dir='ltr'><strong>ι</strong></span> <span class='ocrx_word' id='word_1_955' title='bbox 2891 5245 2993 5297; x_wconf 89' lang='lat' dir='ltr'><strong>Sed</strong></span> <span class='ocrx_word' id='word_1_956' title='bbox 3024 5247 3200 5297; x_wconf 65' lang='lat' dir='ltr'><strong>caeteri</strong></span> <span class='ocrx_word' id='word_1_957' title='bbox 3231 5260 3390 5310; x_wconf 82' lang='lat' dir='ltr'><strong>tuss.,</strong></span> <span class='ocrx_word' id='word_1_958' title='bbox 3426 5246 3533 5302; x_wconf 65' lang='lat' dir='ltr'><strong>Ra.</strong></span> 
     </span>
    </p>
   </div>
   <div class='ocr_carea' id='block_1_123' title="bbox 2005 5311 3221 5367">
    <p class='ocr_par' dir='ltr' id='par_1_123' title="bbox 2005 5311 3221 5367">
     <span class='ocr_line' id='line_1_123' title="bbox 2005 5311 3221 5367; baseline -0.002 -1"><span class='ocrx_word' id='word_1_959' title='bbox 2005 5317 2172 5367; x_wconf 86' lang='lat' dir='ltr'><strong>banus</strong></span> <span class='ocrx_word' id='word_1_960' title='bbox 2202 5320 2259 5363; x_wconf 91' lang='lat' dir='ltr'><strong>et</strong></span> <span class='ocrx_word' id='word_1_961' title='bbox 2283 5312 2408 5364; x_wconf 87' lang='lat' dir='ltr'><strong>editi</strong></span> <span class='ocrx_word' id='word_1_962' title='bbox 2439 5320 2497 5364; x_wconf 89' lang='lat' dir='ltr'><strong>ut</strong></span> <span class='ocrx_word' id='word_1_963' title='bbox 2519 5311 2569 5362; x_wconf 90' lang='lat' dir='ltr'><strong>in</strong></span> <span class='ocrx_word' id='word_1_964' title='bbox 2601 5321 2781 5362; x_wconf 79' lang='lat' dir='ltr'><strong>HOSII‘D</strong></span> <span class='ocrx_word' id='word_1_965' title='bbox 2811 5320 2978 5364; x_wconf 84' lang='lat' dir='ltr'><strong>textu.</strong></span> <span class='ocrx_word' id='word_1_966' title='bbox 3216 5321 3221 5326; x_wconf 93' lang='lat'>&#39;</span> 
     </span>
    </p>
   </div>
   <div class='ocr_carea' id='block_1_124' title="bbox 2075 5378 3528 5450">
    <p class='ocr_par' dir='ltr' id='par_1_124' title="bbox 2075 5378 3528 5450">
     <span class='ocr_line' id='line_1_124' title="bbox 2075 5378 3528 5450; baseline 0.003 -18"><span class='ocrx_word' id='word_1_967' title='bbox 2075 5380 2181 5450; x_wconf 72' lang='grc'><strong>(48)</strong></span> <span class='ocrx_word' id='word_1_968' title='bbox 2212 5378 2338 5431; x_wconf 83' lang='lat' dir='ltr'><strong>Mss.</strong></span> <span class='ocrx_word' id='word_1_969' title='bbox 2365 5380 2490 5441; x_wconf 87' lang='lat' dir='ltr'><strong>duo,</strong></span> <span class='ocrx_word' id='word_1_970' title='bbox 2525 5397 2542 5427; x_wconf 74' lang='grc' dir='ltr'><strong>ε</strong></span> <span class='ocrx_word' id='word_1_971' title='bbox 2569 5387 2864 5450; x_wconf 66' lang='lat' dir='ltr'><strong>consecutae</strong></span> <span class='ocrx_word' id='word_1_972' title='bbox 2895 5378 3355 5450; x_wconf 5' lang='lat' dir='ltr'><strong>suntqjustitiant.»</strong></span> <span class='ocrx_word' id='word_1_973' title='bbox 3391 5381 3528 5436; x_wconf 75' lang='lat' dir='ltr'><strong>Editi</strong></span> 
     </span>
    </p>
   </div>
   <div class='ocr_carea' id='block_1_125' title="bbox 2003 5445 3532 5515">
    <p class='ocr_par' dir='ltr' id='par_1_125' title="bbox 2003 5445 3532 5515">
     <span class='ocr_line' id='line_1_125' title="bbox 2003 5445 3532 5515; baseline 0.003 -15"><span class='ocrx_word' id='word_1_974' title='bbox 2003 5457 2055 5500; x_wconf 86' lang='lat' dir='ltr'><strong>et</strong></span> <span class='ocrx_word' id='word_1_975' title='bbox 2084 5445 2186 5500; x_wconf 75' lang='lat' dir='ltr'><strong>ius.</strong></span> <span class='ocrx_word' id='word_1_976' title='bbox 2229 5461 2394 5509; x_wconf 78' lang='lat' dir='ltr'><strong>unus,</strong></span> <span class='ocrx_word' id='word_1_977' title='bbox 2445 5466 2463 5497; x_wconf 83' lang='grc'><strong><em>‹</em></strong></span> <span class='ocrx_word' id='word_1_978' title='bbox 2519 5445 2983 5515; x_wconf 87' lang='lat' dir='ltr'><strong>apprehenderunt</strong></span> <span class='ocrx_word' id='word_1_979' title='bbox 3021 5446 3302 5515; x_wconf 82' lang='lat' dir='ltr'><strong>justitiam.</strong></span> <span class='ocrx_word' id='word_1_980' title='bbox 3358 5465 3380 5501; x_wconf 73' lang='grc' dir='ltr'><strong><em>ι</em></strong></span> <span class='ocrx_word' id='word_1_981' title='bbox 3425 5451 3532 5504; x_wconf 75' lang='lat' dir='ltr'><strong>Sed</strong></span> 
     </span>
    </p>
   </div>
   <div class='ocr_carea' id='block_1_126' title="bbox 2007 5517 2817 5576">
    <p class='ocr_par' dir='ltr' id='par_1_126' title="bbox 2007 5517 2817 5576">
     <span class='ocr_line' id='line_1_126' title="bbox 2007 5517 2817 5576; baseline -0.004 -8"><span class='ocrx_word' id='word_1_982' title='bbox 2007 5517 2252 5574; x_wconf 78' lang='lat' dir='ltr'><strong>ltabauus</strong></span> <span class='ocrx_word' id='word_1_983' title='bbox 2284 5526 2340 5576; x_wconf 83' lang='lat' dir='ltr'><strong>ut</strong></span> <span class='ocrx_word' id='word_1_984' title='bbox 2367 5518 2418 5574; x_wconf 80' lang='lat' dir='ltr'><strong>in</strong></span> <span class='ocrx_word' id='word_1_985' title='bbox 2449 5525 2631 5572; x_wconf 89' lang='lat' dir='ltr'><strong>ttostro</strong></span> <span class='ocrx_word' id='word_1_986' title='bbox 2657 5523 2817 5565; x_wconf 81' lang='lat' dir='ltr'><strong>textu.</strong></span> 
     </span>
    </p>
   </div>
  </div>
