3894 6224
337 295 482 346 1137

1244 301 1584 358 COMMENT.
1625 303 1686 356 IN
1722 303 1930 357 EPIST.
1971 303 2058 355 AD
2095 302 2253 357 ROM.
2291 303 2415 358 LIB.
2452 303 2583 357 VIII.

3345 300 3478 351 1132

331 422 475 472 θ”ὃο
519 410 732 475 iterum,
781 416 824 466 si
858 417 1086 479 videtur,
1138 417 1188 469 in
1219 419 1392 470 medio
1429 420 1598 483 ipsum
1631 417 1868 478 Paulum,
1898 435 1938 486 Α
1970 418 2191 482 positum
2231 425 2431 480 spectat
2461 431 2566 482 quo
2607 411 2726 466 illuc
2761 410 3010 478 pergebat
3049 409 3187 475 (6i),
3225 407 3356 474 lapis
3392 412 3476 460 oi-

330 498 434 560 qni
467 502 704 568 accept-is
733 508 992 569 quondam
1019 507 1252 575 epistolis
1281 523 1310 558 a
1353 509 1733 569 sacerdotibus,
1763 506 1863 556 Da-

331 601 584 641 mascum
621 595 869 659 pergebat
901 603 958 646 ut
984 609 1166 648 omnes
1191 596 1331 649 viros
1361 611 1422 649 ac
1450 595 1696 648 mulieres
1718 595 1865 648 Chri-

329 683 420 727 sto
470 679 754 732 credentes
804 684 1006 738 vinctos
1029 685 1343 751 perduceret
1389 686 1439 736 in
1481 682 1773 736 Jerusalem
1801 683 1866 738 "°.

1967 506 2214 559 fensionis
2263 517 2315 558 et
2367 515 2511 574 petra
2559 503 2810 565 scandali,
2843 516 2899 555 ut
2951 503 3075 555 illud
3130 504 3226 554 iter
3277 503 3476 568 peccati

1968 595 2103 661 quod
2134 596 2372 656 tenebat,
2405 593 2614 660 explere
2647 609 2748 646 non
2787 601 2998 659 posset,
3021 597 3025 604 '
3048 590 3136 644 sed
3192 603 3478 642 conversus

1967 685 2205 736 crederet
2234 683 2280 734 ei
2310 683 2396 748 qui
2428 683 2562 733 viam
2585 697 2731 735 suam
2755 681 3072 738 excluserat,
3099 689 3150 732 et
3170 678 3478 745 quibusdam

1968 773 2184 824 sudibus
2211 770 2319 840 (62)
2345 772 2768 826 comminationis
2790 771 3156 835 obstruxerat;
3181 777 3235 822 et
3254 767 3480 834 credens

1969 861 2020 914 in
2045 876 2164 913 eum
2193 876 2294 913 non
2325 861 2682 915 erubesceret.

328 761 475 814 Cum
512 780 642 831 ergo
667 779 843 834 ageret
868 771 1002 824 istud
1034 773 1133 825 iter
1159 773 1378 838 peccati,
1405 772 1633 825 occurrit
1677 771 1722 824 ei
1759 772 1867 825 Do-

331 852 525 906 minus
556 854 711 910 Jesus
741 860 791 911 in
817 861 921 921 via,
953 872 1005 915 et
1030 864 1094 915 ad
1127 871 1330 930 tempus
1348 878 1465 916 eum
1491 864 1724 915 caecitate
1754 877 1870 929 per-

333 947 516 996 cussit
553 961 567 996 :
605 958 658 999 et
698 949 864 1003 factus
892 961 974 1003 est
1003 951 1115 1014 illi,
1163 960 1413 1018 quantum
1445 950 1508 1003 ad
1536 951 1704 1016 ipsum
1745 964 1869 1018 pro-

331 1063 3432 1096 W

1426 1237 1686 1324 LIBE
1707 1238 1769 1322 R
1839 1232 2397 1323 OCTAVUS.

413 1563 462 1612 I.
501 1581 518 1608 ι
559 1561 786 1622 Fratres,
811 1560 1050 1612 voluntas
1073 1559 1280 1626 quidem
1303 1559 1476 1611 cordis
1501 1558 1624 1617 mei,
1651 1567 1704 1612 et
1729 1559 1940 1624 obse-B
1966 1576 2115 1619 crare
2178 1565 2336 1616 Deum
2393 1577 2484 1629 pro
2547 1562 2674 1629 ipsis
2699 1561 2848 1630 (68),
2905 1570 2961 1612 ut
3004 1561 3086 1612 vel
3130 1561 3180 1613 in
3226 1561 3327 1614 [ine
3383 1562 3480 1613 ali.

328 1650 512 1700 cratio
540 1648 683 1715 apud
712 1647 876 1699 Deum
910 1647 966 1700 ﬁt
997 1663 1090 1715 pro
1118 1647 1217 1700 illis
1250 1648 1302 1699 in
1339 1648 1578 1699 salutem.
1612 1647 1874 1700 TestimO-
1967 1658 2171 1721 quando
2197 1655 2498 1722 perveniant
2523 1654 2586 1705 ad
2626 1654 2866 1705 salutem.
2910 1652 3112 1703 Habent
3135 1652 3275 1703 enim
3307 1650 3478 1704 zelum

330 1739 494 1790 nium
545 1741 688 1792 enim
736 1739 988 1807 perhibeo
1020 1739 1140 1798 illis,
1187 1737 1327 1805 quod
1353 1737 1738 1790 amnialionem
1783 1737 1873 1790 Ι)θὶ
1965 1746 2120 1814 621
2157 1743 2268 1806 Dei,
2300 1743 2390 1796 sed
2414 1757 2515 1794 non
2546 1741 2828 1794 secundum
2861 1741 3154 1792 scientiam.
3187 1740 3251 1791 Et
3285 1743 3474 1806 probat
3534 1787 3539 1793 .

331 1830 613 1889 habeant.
648 1829 738 1880 sed
769 1843 876 1880 non
916 1826 1204 1879 secundum
1245 1825 1536 1878 scientiam.
1574 1825 1878 1892 Ignorantes
1966 1830 2227 1900 quomodo
2290 1845 2396 1883 non
2480 1829 2763 1882 secundum
2834 1828 3106 1881 scientiam
3169 1828 3335 1879 zelum
3390 1828 3477 1880 Dei

331 1919 491 1970 enim
549 1917 643 1970 Dei
683 1918 940 1984 justitiam
963 1955 976 1978 ,
1019 1925 1072 1968 et
1108 1931 1254 1968 suam
1288 1915 1542 1984 justitiam
1583 1923 1877 1982 quaerentes
1967 1919 2193 1972 habeant
2226 1933 2241 1970 :
2280 1917 2400 1985 quia
2453 1935 2471 1967 ‹
2502 1919 2838 1986 ignorantes,
2897 1917 3066 1981 inquit
3100 1917 3163 1976 ⁸³,
3201 1916 3288 1969 Dei
3322 1917 3480 1982 justi—

332 2010 680 2062 constitaiere
703 2047 717 2069 ,
744 2009 958 2077 justitiae
990 2007 1081 2058 Dei
1121 2021 1229 2058 non
1263 2015 1386 2058 sunt
1413 2005 1632 2072 subjecti
1663 2005 1724 2056 ⁷⁷.
1757 2023 1774 2052 ν
1809 2006 1878 2057 Et
1968 2006 2091 2059 tiam
2128 2005 2260 2075 (69),
2286 2023 2304 2055 ι
2329 2004 2547 2071 justitia:
2567 2018 2674 2057 suae
2701 2004 3080 2070 obtemperant.
3113 2003 3224 2058 Non
3260 2006 3477 2056 multum

331 2115 405 2152 ex
457 2099 647 2160 initio,
685 2107 739 2151 et
779 2099 1093 2167 procedente
1121 2097 1227 2165 (65)
1260 2104 1401 2147 textu
1433 2094 1704 2162 Epistulae,
1742 2094 1878 2146 dixi-
1966 2110 2090 2165 ergo
2141 2096 2352 2162 prodest
2397 2095 2591 2146 habere
2639 2093 2809 2145 zelum
2865 2093 2976 2157 Dei,
3033 2101 3084 2145 et
3126 2110 3225 2145 non
3287 2079 3488 2146 habere.

331 2205 465 2242 mus
500 2188 721 2240 Paulum
771 2203 908 2241 nunc
955 2204 1048 2256 pro
1083 2190 1324 2255 gentibus
1345 2227 1360 2252 ,
1390 2205 1528 2243 nunc
1576 2192 1730 2242 etiam
1775 2205 1870 2255 pro
1967 2184 2238 2236 scientiam
2270 2181 2366 2234 zeli
2399 2181 2529 2248 (70)-
2562 2181 2793 2246 Denique
2829 2180 2988 2233 Jlldiri
3016 2191 3256 2246 putantes
3287 2197 3344 2235 se
3367 2183 3481 2235 zelo

329 2277 510 2331 Israel
545 2277 719 2330 facere
743 2291 1058 2331 sermonem.
1086 2276 1216 2341 Quia
1244 2292 1368 2345 ergo
1387 2280 1436 2330 in
1461 2281 1544 2330 liis
1565 2294 1680 2345 quae
1709 2293 1871 2345 nuper
1968 2272 2056 2323 Dei
2085 2285 2258 2340 agere,
2287 2269 2526 2334 sacrilegi
2564 2269 2882 2321 exstiterunt
2909 2272 2956 2320 in
2981 2269 3165 2322 Filium
3191 2272 3279 2323 Dei
3310 2290 3322 2324 :
3353 2274 3474 2339 quia

328 2367 594 2432 exposita
635 2376 794 2428 sunt,
829 2365 1006 2418 multis
1040 2367 1356 2418 testimoniis
1398 2369 1670 2421 adversum
1708 2369 1868 2422 Israel
1970 2376 2072 2413 non
2097 2359 2388 2413 secundum
2431 2359 2706 2412 scientiam
2755 2359 2908 2411 zelati
2941 2369 3063 2412 sunt
3094 2358 3231 2410 sicut
3256 2359 3480 2416 Phinees

329 2468 470 2506 usus
503 2463 590 2506 est
612 2453 1019 2520 prophetarum,
1065 2455 1135 2506 ita
1183 2466 1236 2507 ut
1289 2457 1546 2522 proferret
1583 2457 1647 2510 de
1688 2457 1867 2510 Isaia;
1969 2449 2102 2500 [ilius
2153 2448 2410 2509 Eleazari,
2463 2447 2551 2513 qui
2606 2447 2896 2498 secundum
2943 2448 3216 2499 scientiam
3275 2451 3476 2503 zelalus

333 2559 354 2591 ι
388 2541 509 2595 Nisi
551 2543 804 2594 Dominus
835 2544 1064 2600 Sabaoth
1111 2546 1410 2612 reliquisset
1461 2547 1612 2598 nobis
1666 2561 1867 2610 semen,
1970 2539 2240 2591 interemit
2280 2536 2616 2588 Madianiteni
2668 2534 2864 2602 pariter
2900 2545 2952 2588 et
2975 2535 3265 2589 Israelitam
3315 2537 3479 2590 forni-

327 2631 485 2683 sicut
533 2627 763 2683 Sodoma
806 2630 930 2685 facti
973 2649 1245 2697 essemus,
1293 2645 1344 2688 et
1389 2636 1526 2688 sicut
1573 2634 1865 2689 Gomorrha

325 2717 549 2771 similes
579 2718 864 2772 fuissemus
881 2720 959 2785 7';
983 2741 1002 2773 ι
1039 2731 1092 2776 et
1117 2724 1303 2776 iterum
1330 2725 1372 2756 "’
1401 2740 1414 2775 :
1454 2741 1473 2773 ι
1514 2723 1568 2776 Si
1597 2723 1751 2775 fuerit
1781 2738 1871 2774 nu-

328 2820 528 2859 merus
557 2805 784 2858 ﬁliorum
811 2807 970 2861 Israel
1016 2820 1262 2878 tanquam
1299 2827 1456 2864 arena
1508 2813 1705 2875 maris,
1756 2811 1871 2864 reli-

1966 2636 2166 2678 cantem
2191 2639 2306 2678 cum
2335 2639 2395 2677 ea
2422 2623 2504 2675 διε
2533 2633 2584 2676 et
2607 2624 2743 2676 sicut
2768 2623 2910 2676 Elias
2939 2625 3027 2691 qui
3053 2625 3225 2677 dixit:
3263 2625 3478 2679 «Zelans

1966 2715 2166 2766 zelatus
2199 2728 2317 2766 sum
2361 2714 2578 2766 Domino
2619 2711 2962 2778 omnipotenti
3003 2713 3110 2765 Deo
3143 2713 3323 2776 Israel,
3356 2717 3475 2781 quia

1968 2805 2362 2874 dereliquerunt
2414 2817 2462 2858 te
2507 2804 2596 2856 lilii
2639 2804 2798 2856 Israel
2847 2802 2976 2871 (71),
3037 2805 3316 2870 prephetas
3361 2814 3479 2856 tuos

329 2898 484 2959 quia:
514 2897 675 2950 salvae
705 2899 867 2954 lient:
901 2919 919 2952 ι
957 2914 1010 2955 et
1029 2904 1109 2955 his
1130 2901 1645 2968 addit(64—65),quia
1671 2921 1688 2950 ‹
1713 2899 1872 2954 Israel
1899 2887 1939 2944 C
1972 2894 2303 2956 occiderunt,
2329 2903 2381 2947 et
2405 2894 2586 2946 altaria
2617 2902 2702 2944 tua
2729 2890 3102 2944 subverterunt
3123 2894 3198 2956 3";
3223 2912 3241 2944 ι
3270 2904 3322 2946 et
3343 2895 3478 2947 sicut

328 2994 563 3038 sectans
591 2987 1012 3056 legemjustitiae,
1044 2990 1094 3042 in
1131 2991 1296 3058 legem
1325 3007 1426 3043 non
1458 2991 1695 3057 pervenit
1718 2990 1763 3023 ⁸⁸
1791 3005 1805 3052 ;
1840 3008 1857 3040 ›

329 3083 631 3138 prOpterea
673 3092 812 3129 nunc
869 3079 1128 3132 consolari
1179 3095 1363 3131 rursus
1413 3079 1657 3146 populum
1711 3094 1862 3132 suum

328 3162 554 3223 volens.
579 3172 634 3216 et
665 3179 761 3230 per
807 3165 905 3218 hoc
933 3167 1155 3220 invitare
1185 3167 1248 3218 ad
1281 3167 1456 3227 ﬁdem,
1480 3167 1608 3219 dicit
1635 3185 1648 3219 :
1685 3183 1702 3214 ς
1736 3166 1866 3217 Fra-

330 3261 495 3313 tres,
549 3251 794 3306 voluntas
839 3255 1048 3322 quidem
1101 3257 1276 3308 cordis
1311 3255 1444 3317 mei,
1472 3265 1525 3308 et
1568 3257 1865 3308 obsecratio

329 3344 484 3408 apud
512 3343 677 3394 Deum
719 3345 775 3396 lit
806 3359 898 3410 pro
925 3345 1028 3398 illis
1061 3346 1110 3397 in
1140 3345 1358 3400 salutem
1392 3345 1457 3398 ⁸¹.
1502 3364 1520 3395 ι
1558 3345 1621 3398 Et
1650 3361 1860 3399 causam

329 3446 441 3484 cur
469 3430 716 3484 voluntas
753 3446 844 3484 sua
871 3442 925 3486 et
954 3434 1250 3488 obsecratio
1284 3449 1377 3501 pro
1405 3435 1505 3488 illis
1532 3437 1666 3504 apud
1701 3436 1862 3489 Deum

330 3521 558 3590 (66-67)
588 3521 850 3574 habeatur
880 3523 1127 3575 ostendit.
1149 3541 1166 3572 ι
1198 3523 1576 3576 Testimonium
1594 3525 1863 3587 enim,in-

329 3609 485 3677 quit,
521 3607 774 3674 perhibeo
811 3607 933 3670 illis,
960 3609 1098 3674 quod
1122 3610 1507 3663 aemulationem
1531 3611 1738 3676 quidem
1771 3611 1859 3664 Dei

333 3697 620 3755 habeant,
644 3695 734 3748 sed
766 3708 869 3748 non
895 3695 1180 3748 secundum
1219 3695 1486 3748 scientiam
1512 3696 1578 3746 θ’.
1617 3714 1636 3745 ι
1677 3696 1866 3761 Quam-

333 3784 446 3846 vis,
485 3784 692 3849 inquit,
723 3793 799 3835 tot
839 3792 891 3836 et
927 3784 1086 3837 tantis
1131 3783 1348 3837 involuti
1391 3785 1498 3836 sint
1535 3792 1860 3852 peccatorum

333 3885 567 3923 suorum
613 3872 994 3933 malis,tamen
1044 3881 1125 3925 est
1181 3873 1259 3924 eis
1307 3870 1584 3925 inelIabilis
1623 3872 1766 3924 zelus
1813 3881 1867 3924 et

332 3959 619 4012 annulatio
659 3957 767 4010 Dei.
813 3958 878 4010 Et
925 3960 1034 4010 haec
1075 3974 1156 4034 me
1194 3960 1478 4013 commovit
1525 3974 1682 4011 causa
1716 3959 1869 4012 obse-

1969 2986 2302 3046 Mathathias,
2331 2988 2394 3038 de
2421 3000 2522 3050 quo
2564 2985 2615 3036 in
2641 2985 2810 3051 primo
2857 2982 2990 3034 libro
3033 2982 3474 3054 Macbabaaorum,

1965 3074 2218 3141 scriptum
2244 3083 2325 3126 est
2355 3073 2420 3135 ⁸⁸,
2449 3073 2572 3138 quia
2624 3090 2642 3121 α
2674 3071 2876 3124 zelatus
2919 3079 2998 3122 est
3029 3071 3079 3122 in
3125 3071 3236 3136 lege
3265 3073 3374 3134 Dei,
3424 3081 3478 3125 et

1970 3164 2355 3216 intremuerunt
2406 3174 2556 3213 renes
2598 3159 2744 3222 ejus,
2796 3167 2850 3209 et
2894 3157 3128 3209 ascendit
3176 3156 3322 3209 furor
3358 3156 3477 3222 ejus

1965 3251 2248 3304 secundum
2269 3249 2576 3315 judicium.»
2608 3245 2804 3298 llorum
2829 3246 3060 3298 omnium
3086 3245 3227 3299 zelus
3246 3255 3299 3298 et
3319 3260 3476 3297 temu-

1966 3340 2090 3391 latio
2139 3341 2427 3390 secundum
2487 3335 2759 3389 scientiam
2814 3334 2930 3386 fuit.
2997 3332 3296 3387 Iudaeorum
3347 3349 3472 3387 vero

1967 3426 2110 3479 zelus
2153 3440 2256 3478 non
2299 3425 2722 3478 eratsecundum
2751 3423 3062 3486 scientiam,
3111 3421 3305 3476 idcirco
3351 3424 3472 3490 quia

1967 3517 2272 3580 ignorantes
2299 3514 2387 3566 Dei
2409 3513 2689 3581 justitiam,
2719 3512 2985 3579 propriam
3021 3512 3367 3575 conabantur,
3422 3513 3472 3564 id

1963 3613 2062 3665 est,
2086 3618 2200 3670 qua:
2219 3600 2738 3665 hominibusjustitia
2766 3599 3064 3658 videbatur,
3089 3599 3328 3666 implere;
3355 3615 3473 3650 cum

1965 3695 2144 3759 utique
2169 3691 2309 3758 ipsos
2343 3689 2508 3755 magis
2550 3688 2639 3740 Dei
2669 3687 2909 3752 iustitiae,
2935 3703 3051 3754 quae
3106 3697 3186 3740 est
3233 3687 3478 3739 Christus

1968 3781 2095 3847 (7:2),
2124 3779 2426 3832 convenerit
2451 3777 2685 3829 obedire.
2726 3775 2830 3828 Sed
2871 3778 2990 3829 vide
3036 3790 3176 3828 nunc
3233 3789 3296 3826 ne
3343 3774 3478 3827 forte

1971 3884 2071 3920 non
2121 3866 2222 3919 illis
2265 3865 2392 3918 solis
2423 3865 2524 3916 dici
2557 3879 2731 3916 sermo
2764 3865 2862 3918 iste
2890 3865 3144 3928 videatur,
3195 3864 3316 3931 quia
3363 3863 3475 3930 (73)

1975 3956 2190 4009 (zelum
2227 3956 2316 4008 Dei
2372 3955 2622 4016 habeant,
2663 3956 2756 4007 sed
2811 3970 2917 4007 non
2965 3953 3252 4006 secundum
3300 3953 3476 4006 scien-

415 4053 464 4083 ’⁷⁸
491 4053 611 4102 Act.
648 4067 720 4108 iv.
748 4053 802 4116 2,
827 4054 878 4106 '5.
951 4054 994 4084 "
1030 4052 1178 4107 Rom.
1206 4070 1258 4113 ι.
1286 4056 1394 4109 1ο5.
1468 4057 1512 4088 ⁷⁸
1553 4055 1703 4110 Rom.
1753 4073 1826 4116 ix,
1860 4060 1865 4105 τ

2016 4055 2133 4106 lsai.
2169 4069 2207 4117 t,
2240 4054 2291 4105 9.
2363 4055 2406 4084 ⁷³
2443 4053 2592 4108 Rom.
2622 4069 2696 4113 ix,
2721 4053 2818 4115 27;
2855 4053 2978 4106 Isai.
3009 4066 3062 4112 ς,
3090 4053 3176 4104 22.
3250 4051 3294 4081 ⁸⁰
3321 4050 3476 4107 Rom.

335 4139 421 4184 ιι,
451 4121 543 4172 51.

336 4207 404 4252 ιι,
443 4189 538 4239 24.

621 4120 663 4150 ⁸¹
692 4120 844 4174 Rom.
879 4135 932 4184 x,
961 4124 1010 4177 1.

1085 4123 1128 4153 ⁸⁸
1164 4124 1287 4176 ibid.
1316 4124 1370 4176 2.
1444 4125 1488 4155 ⁸³
1510 4126 1660 4178 Rom.
1707 4141 1759 4189 Χ,
1799 4126 1850 4178 5.

2004 4122 2157 4175 Num.
2197 4136 2322 4186 xxv,
2353 4123 2404 4174 7.
2428 4124 2479 4175 8.
2551 4122 2594 4152 ⁸⁵
2626 4121 2686 4174 Ill
2731 4122 2975 4190 Regaux,
3021 4120 3104 4172 10.
3177 4120 3220 4151 ⁸⁸
3250 4119 3268 4171 ι
3303 4117 3477 4175 Maeli.

415 4275 667 4350 (6|)_Si_c
692 4275 818 4327 editi
845 4283 896 4327 et
925 4274 1473 4350 mssapleriqueanisi
1514 4279 1650 4350 quod
1674 4287 1868 4350 “poste-
1897 4284 1938 4337 Ι)
1971 4279 2043 4350 tio
2077 4277 2196 4344 Dei,
2241 4279 2359 4350 haec
2401 4293 2481 4331 me
2507 4279 2808 4350 commovit
2831 4293 2986 4350 causa
3014 4318 3028 4340 ,
3078 4284 3132 4329 ut
3181 4276 3476 4350 obsecratio

338 4344 523 4402 rio‘res
553 4345 816 4414 habeant,
858 4361 875 4392 σ
909 4357 1013 4408 quo
1039 4344 1167 4414 illud
1179 4347 1458 4414 pergebat.
1491 4365 1510 4397 ι
1533 4344 1643 4401 Με.
1671 4348 1866 4414 Regius

337 4433 501 4471 num.
541 4412 699 4474 1659,
736 4428 754 4460 ‹
792 4421 1042 4481 quantum
1065 4412 1128 4463 ad
1158 4411 1282 4481 illud
1313 4417 1635 4480 propositum
1660 4411 1867 4481 spectat

339 4500 455 4549 quo
499 4481 772 4550 pergebat.
805 4497 822 4527 ι
862 4478 1060 4550 Deinde
1075 4480 1220 4550 editi,
1255 4497 1274 4528 ι
1298 4478 1508 4546 explere
1537 4498 1636 4535 non
1663 4478 1864 4550 posset.

342 4548 453 4606 Sed
487 4548 782 4602 conversus
805 4548 1029 4599 credidit
1055 4548 1100 4598 ei
1127 4549 1238 4614 qui,
1270 4566 1290 4596 ι
1323 4559 1426 4600 etc.

416 4617 534 4687 (62)
574 4616 750 4677 Editi,
781 4632 799 4663 ι
835 4615 1096 4678 sentibus;
1134 4632 1150 4663 ι
1186 4624 1238 4667 et
1259 4624 1434 4682 postea
1460 4653 1475 4679 ,
1534 4633 1553 4667 ‹
1592 4630 1698 4669 non
1743 4631 1863 4670 eru-

338 4690 555 4742 bescet.
593 4703 612 4733 ι

416 4753 535 4826 (63)
573 4753 665 4806 Sic
705 4764 886 4826 omnes
929 4764 1065 4826 mss.-
1083 4749 1265 4826 nostri.
1322 4749 1459 4826 Editi
1504 4764 1870 4826 veroLperpe-

346 4816 468 4876 rain
494 4816 568 4884 ,’«
599 4819 945 4887 praecedente.
985 4836 1004 4867 ι
1044 4816 1180 4869 Loca
1212 4818 1297 4869 hic
1344 4819 1500 4869 citata
1545 4819 1612 4887 ab
1644 4816 1868 4886 Origene

344 4891 701 5008 reperiétntur
732 4900 911 4951 supra,
943 4895 1068 4942 tom.
1105 4898 1188 4946 Ill,
1220 4899 1364 4937 num.
1400 4887 1449 4948 1,
1475 4887 1528 4947 2,
1556 4886 1609 4951 9,
1635 4896 1759 4939 tom.
1791 4899 1869 4951 v1,

344 4974 494 5008 num.
565 4993 580 5008 .

342 4974 494 5013 IIIIIII.
526 4974 580 5008 δ.

418 5022 636 5093 (64-65)
676 5020 862 5080 EdIII,(
887 5021 1038 5093 et_Iiic
1059 5019 1251 5093 addit.)
1282 5018 1473 5093 Deinde
1491 5034 1618 5072 mss.
1636 5019 1866 5093 quidam,

341 5087 478 5148 editi
502 5103 556 5144 et
601 5090 868 5149 Rabanus,
899 5107 914 5136 ι
939 5089 990 5138 in
1015 5087 1411 5156 legetnjustitim
1437 5102 1538 5138 non
1560 5089 1814 5152 pervenit.
1845 5109 1863 5139 ι

344 5162 504 5214 Male.
541 5158 674 5211 Nam
709 5171 864 5221 supra
895 5165 1042 5207 νοις
1071 5155 1285 5222 justitize
1313 5174 1330 5204 ι
1373 5155 1424 5206 in
1467 5158 1708 5206 omnibus
1738 5171 1864 5208 mss.

341 5240 402 5282 et
433 5229 572 5294 apud
601 5226 770 5294 ipsum
808 5222 1075 5294 Rabannm
1114 5225 1420 5294 omittitur.
1475 5233 1527 5274 et
1576 5223 1663 5274 hic
1705 5225 1864 5276 etiam

341 5290 498 5349 deest
533 5297 584 5345 in
612 5290 710 5345 ms.
741 5290 900 5354 Regio
934 5305 1072 5342 num.
1107 5291 1257 5344 1659.

423 5359 791 5429 (66-67)Apud
814 5359 990 5408 Deum.
1011 5357 1296 5429 ll_:ec_verba
1314 5361 1501 5429 desunt
1521 5359 1570 5411 in
1590 5359 1760 5421 editis,
1775 5362 1868 5427 qui

345 5425 776 5500 postealia'bent,
811 5440 838 5500 t_
859 5425 1084 5476 ostendit
1109 5426 1285 5479 dicens
1311 5445 1324 5480 ;
1351 5427 1727 5480 Testimonium
1749 5425 1871 5492 pei-

347 5493 510 5551 iiibeo
540 5496 666 5554 illis,
701 5493 859 5558 quod,
896 5509 912 5539 ι
950 5499 1049 5542 etc.

424 5563 533 5635 (68)
573 5557 743 5624 Editi,
785 5576 805 5608 ι
845 5569 1012 5610 tamen
1054 5557 1328 5616 iueﬂ‘abilis
1370 5563 1512 5616 zelus
1550 5570 1602 5614 et
1643 5563 1866 5619 aemula-

1968 4348 2117 4399 lieret
2149 4363 2242 4414 pro
2267 4348 2390 4414 ipsis
2412 4350 2472 4398 ad
2505 4347 2685 4400 Deum.
2721 4364 2738 4396 ι
2777 4346 3055 4406 Rabanus,
3092 4346 3473 4414 {tamenquia

1969 4413 2297 4467 ineﬂ‘ab’ilem’
2336 4416 2540 4477 zelum,
2579 4423 2633 4468 et
2675 4414 3058 4467 aemulationem
3115 4413 3204 4465 Dei
3257 4413 3470 4472 habent.

1969 4483 2080 4534 lizec
2127 4497 2212 4534 me
2253 4483 2535 4534 commovit
2581 4496 2741 4535 causa
2799 4481 3110 4534 obsecrasse
3171 4481 3332 4532 Deum
3380 4495 3474 4546 pro

1971 4550 2115 4618 ipsis.
2150 4568 2169 4600 ι
2199 4549 2294 4602 Ms.
2331 4567 2462 4602 unus
2480 4551 2672 4618 Regius
2699 4564 2842 4618 num.
2881 4550 3048 4618 I__659,
3079 4566 3098 4598 ι
3129 4558 3301 4600 tamen
3339 4549 3474 4600 inest

1970 4617 2075 4669 illis
2131 4619 2274 4670 zelus
2319 4626 2373 4670 et
2416 4615 2675 4670 annulatio
2728 4617 2837 4669 Dei.
2885 4615 3006 4669 Hice
3049 4630 3130 4668 me
3177 4623 3473 4668 commovet

1973 4699 2127 4738 causa
2174 4687 2449 4738 obsecrare
2499 4687 2658 4737 Deum
2706 4699 2801 4748 pro
2852 4684 2999 4751 ipsis.
3040 4702 3060 4733 ο
3106 4683 3292 4734 ϐίειετὶ
3344 4697 3471 4734 vero

1970 4767 2097 4808 mss.
2132 4762 2187 4803 ut
2216 4754 2266 4804 in
2297 4763 2472 4806 nostro
2499 4761 2662 4806 textu.

2038 4819 2146 4888 (69)
2185 4819 2273 4873 Sic
2296 4835 2476 4874 omnes
2520 4835 2643 4872 mss.
2685 4819 2859 4888 nostri
2911 4825 2964 4869 et
3017 4817 3282 4888 Rabanns.
3315 4815 3471 4888 _Edi_ti

1973 4882 2166 4948 vero,'t
2190 4889 2398 4949 habent,
2432 4889 2608 4940 dicens
2637 4901 2652 4936 :
2683 4885 2987 4952 Ignorantes
3012 4887 3169 4952 enim
3195 4882 3282 4952 Dei
3308 4883 3466 4952 justi-

1973 4956 2115 5017 tiam,
2145 4967 2198 5008 et
2221 4971 2367 5008 suam
2395 4964 2687 5022 quaerentes
2707 4950 2964 5012 'Statuere,
3005 4950 3221 5017 justitiae
3253 4951 3340 5006 Dei
3369 4965 3473 5003 non

1971 5035 2089 5074 sunt
2109 5023 2346 5086 subjecti.
2370 5041 2387 5072 ι

2040 5091 2146 5160 (70)
2197 5091 2381 5160 Editi,
2428 5089 2740 5160 «scientiam
2796 5087 2908 5148 Dei,
2937 5104 2955 5137 ι
3006 5086 3092 5160 qui
3127 5093 3306 5160 postea
3333 5099 3472 5160 cum

1967 5153 2167 5212 duobus
2203 5172 2327 5209 mss.
2371 5158 2584 5218 habent,
2637 5175 2653 5204 ι
2679 5165 2921 5222 putantes
2953 5153 3122 5205 zelum
3160 5153 3345 5222 se_Dei
3377 5154 3471 5202 ha-

1969 5225 2109 5279 bere.
2137 5245 2156 5276 ι
2212 5224 2316 5276 Sed
2362 5239 2461 5278 nis.
2527 5219 2718 5288 Regius
2763 5222 3074 5274 nuin.1659
3123 5229 3174 5272 et
3224 5219 3473 5272 Rabanus

1967 5296 2158 5346 rectius
2195 5302 2248 5344 ut
2275 5293 2322 5343 in
2357 5301 2534 5344 nostro
2561 5301 2720 5343 textu.

2039 5365 2144 5430 (7|)
2183 5359 2352 5430 Editi,
2391 5363 2550 5427 «quia
2583 5357 2972 5424 dereliquerunt
3015 5367 3220 5424 pactum
3265 5354 3470 5408 Domini

1973 5428 2061 5482 lilii
2095 5429 2266 5480 Israel.
2302 5447 2320 5477 ι

2042 5497 2150 5565 (Ἱὲ)
2184 5496 2334 5565 [ςὐίιῇ
2368 5512 2386 5544 ‹
2409 5498 2494 5560 qui
2525 5505 2602 5547 est
2633 5493 2890 5548 Christus.
2923 5508 2941 5540 ι

2041 5564 2148 5634 (75)
2185 5564 2340 5630 ΕιΙίιί,
2381 5564 2521 5630 iqui.
2551 5583 2567 5611 ι
