3894 6232
364 277 500 329 11ἱ9
1598 309 1613 334 ι

1816 268 2126 327 ORIGENIS

3571 251 3700 303 1160

367 398 489 452 tiam
519 395 582 445 ³⁷.
622 413 639 444 ι
671 392 924 445 Similiter
949 388 1088 440 enim
1121 395 1291 453 potest
1321 387 1504 442 dicere
1525 389 1809 456 Apostolus
1831 400 1884 443 et
1913 396 1958 452 Α
1988 392 2136 451 tiam,
2173 389 2468 442 habeamus
2517 399 2572 438 et
2619 400 2752 438 eam
2786 394 2931 449 quae
2963 383 3068 431 est
3132 369 3485 425 secundum
3522 368 3700 420 scicno

361 484 429 539 de
477 484 619 543 aliis,
673 479 793 548 quia
831 495 850 528 ι
881 475 1240 530 testimonium
1287 477 1544 544 perhibeo
1575 479 1652 532 eis
1682 496 1698 528 ι
1744 480 1886 547 quod

334 574 602 632 'timorem
630 570 720 623 Dei
747 567 996 626 habeant,
1023 566 1113 618 sed
1135 580 1234 618 non
1257 567 1543 620 secundum
1561 567 1840 621 scientiam
1870 585 1884 620 :

359 675 414 717 et
439 665 506 716 de
533 661 674 722 aliis,
703 659 826 726 quia
867 657 977 727 (74)
1004 657 1320 709 charitatem
1361 655 1451 709 Dei
1496 657 1762 720 habeant,
1795 657 1888 710 sed

361 767 467 804 nou
526 749 816 804 secundum
867 748 1168 801 scientiam.
1223 747 1276 800 Si
1322 746 1465 800 enim
1521 748 1714 800 habeat
1769 747 1890 813 quis

361 840 603 893 allectum
629 853 752 905 erga
791 838 956 889 Deum
981 877 996 900 ,
1032 837 1239 902 ignoret
1271 846 1444 889 autem
1493 834 1614 902 quia
1656 834 1892 888 charitas

358 931 564 998 patiens
596 929 705 997 (75)
741 928 898 981 debet
925 942 1067 987 esse,
1096 927 1341 994 benigna,
1369 941 1474 980 non
1502 927 1762 988 invidens,
1785 940 1890 979 non

357 1035 639 1088 perperam
672 1033 866 1084 agens,
913 1032 1017 1069 non
1059 1017 1263 1081 inﬂata,
1306 1031 1412 1070 non
1455 1016 1756 1075 ambitiosa,
1788 1029 1890 1066 non

362 1122 610 1176 quaerens
655 1123 770 1174 qua:
805 1122 898 1159 sua
929 1116 1054 1160 sunt
1088 1107 1132 1141 3"
1159 1122 1172 1156 :
1199 1115 1252 1159 et
1278 1106 1391 1159 haec
1417 1113 1470 1158 et
1499 1106 1579 1158 his
1623 1103 1814 1157 similia
1847 1103 1891 1156 si

363 1198 413 1248 in
447 1197 710 1249 charitate
735 1211 834 1247 non
879 1196 1068 1246 haheat
1089 1233 1105 1255 ,
1133 1196 1224 1248 sed
1263 1195 1315 1247 in
1349 1195 1461 1247 solo
1492 1193 1678 1247 aﬁ‘ectu
1710 1193 1895 1261 diligat

361 1287 550 1350 Deum,
599 1294 959 1352 competenter
987 1292 1036 1337 et
1071 1284 1135 1335 ad
1177 1283 1346 1351 ipsum
1382 1283 1587 1335 dicetur
1616 1282 1740 1349 quia
1772 1282 1896 1334 cha-

370 1376 583 1428 ritatem
616 1373 708 1426 Dei
743 1374 923 1432 habet,
983 1372 1072 1426 sed
1118 1386 1221 1424 non
1267 1372 1554 1424 secundum
1593 1370 1892 1423 scientiam.

363 1463 622 1516 Similiter
649 1470 822 1514 autem
854 1461 958 1513 dici
997 1468 1168 1528 potest
1195 1468 1247 1512 et
1290 1462 1354 1512 de
1402 1459 1539 1520 alio,
1578 1459 1699 1526 quia
1740 1460 1893 1510 ﬁdem

361 1554 455 1606 Dei
487 1552 668 1613 habet,
693 1550 784 1603 sed
814 1564 916 1602 non
957 1550 1250 1602 secundum
1291 1548 1589 1611 scientiam,
1617 1549 1660 1601 si
1694 1549 1898 1618 ignoret

361 1643 483 1708 quia
515 1641 669 1696 «ﬁdes
697 1639 1093 1705 sine.operibus
1139 1649 1348 1692 mortua
1385 1647 1468 1692 est
1516 1638 1594 1691 "z
1627 1657 1645 1688 ι
1690 1647 1740 1691 et
1773 1638 1895 1705 quia

1997 483 2144 534 liam.
2203 480 2389 548 Itaque
2446 481 2562 548 (8|)
2621 475 2855 530 Judmis
2922 466 3382 524 testimonium
3450 463 3703 529 perhibet

1995 571 2210 626 Paulus.
2241 572 2382 636 quod
2411 567 2844 622 remulationem
2899 561 3012 613 Dei
3056 557 3373 616 habeant,
3411 552 3548 605 licet
3594 567 3698 636 non

1988 635 2280 710 secundum
2339 653 2648 708 scientiam.
2706 648 2944 702 Tamen
3009 643 3164 712 quia
3232 649 3548 704 utcunque
3607 635 3700 688 ha-

1987 743 2116 799 bent
2147 745 2549 799 :emulationem
2587 740 2712 804 Dei,
2755 751 3012 792 causam
3063 732 3397 788 dederunt
3433 728 3702 795 Apostolo

1995 849 2097 900 qua
2130 833 2572 885 obsecrationem
2621 842 2723 894 pro
2768 826 2887 878 illis
2948 820 3230 874 offerret
3294 815 3448 868 Deo.
3519 813 3710 866 Helius

1995 923 2135 975 enim
2167 933 2248 975 est
2285 921 2486 974 habere
2537 919 2724 972 zelum
2785 915 2922 975 Dei,
2987 913 3146 963 licet
3209 922 3336 960 non
3398 903 3707 957 secundum

1997 1010 2298 1074 scientiam,
2349 1023 2516 1077 quam
2559 1007 2795 1077 penitus
2831 1019 2956 1058 non
2999 1000 3289 1053 habere.
3363 993 3523 1060 «Qui
3567 994 3708 1047 enim

2001 1101 2179 1160 habet,
2210 1119 2228 1151 ι
2261 1100 2402 1153 sicut
2432 1098 2704 1166 scriptum
2736 1106 2851 1158 est,
2910 1111 2930 1143 ι
2963 1091 3250 1146 dabitur
3289 1087 3347 1141 ei
3379 1087 3432 1117 "
3467 1105 3488 1136 ι
3544 1084 3627 1138 vel
3658 1085 3706 1135 in

1999 1189 2302 1261 novissimis
2346 1204 2472 1243 cum
2506 1187 2695 1241 omnis
2728 1184 2916 1240 Israel
2975 1182 3215 1236 salvus
3281 1181 3386 1230 liet
3435 1179 3485 1210 "
3525 1194 3541 1229 :
3577 1177 3706 1244 (qui

2000 1288 2312 1331 autemnon
2343 1277 2532 1343 habet,
2579 1277 2755 1330 etiam
2795 1273 2963 1342 quod
3022 1270 3234 1325 habet
3289 1264 3603 1319 auferetur
3645 1265 3709 1317 ab

1999 1387 2061 1424 eo
2086 1371 2152 1423 9‘.
2180 1389 2198 1422 ι

2066 1464 2117 1513 2.
2155 1480 2172 1511 ι
2202 1459 2348 1513 Finis
2374 1459 2519 1511 enim
2568 1456 2708 1522 legis
2736 1453 3052 1511 Christus,
3099 1449 3188 1500 ad
3227 1444 3533 1512 justitiam
3563 1443 3705 1495 cunni

2001 1550 2256 1605 credenti.
2289 1547 2506 1614 Moyses
2533 1546 2687 1598 enim
2719 1543 2934 1598 scribit
2957 1581 2977 1603 ,
3029 1539 3199 1608 quia
3249 1534 3556 1604 justitiam
3596 1547 3710 1601 qua:

1997 1656 2061 1691 ex
2094 1639 2206 1707 lege
2236 1645 2319 1690 est
2368 1637 2460 1704 qui
2511 1634 2715 1686 fecerit
2766 1633 2982 1696 homo,
3053 1629 3242 1682 vivet
3305 1625 3366 1677 in
3428 1640 3523 1677 ea.
3585 1624 3708 1688 Qua

363 1731 493 1783 ﬁdes
518 1729 610 1782 Dei
639 1744 740 1782 non
781 1729 833 1780 in
869 1710 996 1781 solis
1023 1711 1201 1780 verbis
1238 1737 1350 1789 est,
1380 1742 1500 1795 quae
1530 1728 1796 1781 interdum
1832 1729 1896 1782 ab
1929 1720 1969 1773 Β
2000 1741 2173 1782 autem
2204 1744 2270 1781 cx
2296 1727 2400 1780 ﬁde
2431 1734 2517 1778 est
2557 1723 2774 1791 iustitia
2801 1762 2818 1784 ,
2878 1721 2972 1775 sic
3002 1719 3178 1774 dicit
3217 1735 3237 1771 :
3275 1717 3367 1769 Ne
3413 1714 3628 1768 dixeris
3658 1714 3706 1767 in

362 1821 468 1872 alio
499 1819 788 1884 composita
828 1818 910 1872 vel
935 1818 1129 1884 scripta
1158 1818 1456 1878 discuntur,
1502 1817 1592 1870 sed
1624 1817 1674 1868 in
1707 1815 1896 1871 aﬂ‘ectu

364 1909 560 1962 meutis
605 1908 694 1960 tali
732 1908 1127 1974 quodammodo
1161 1905 1294 1975 (76),
1349 1905 1560 1973 qualem
1590 1905 1775 1958 habuit
1809 1905 1897 1958 illa

363 2012 482 2065 quae
527 1997 661 2049 dixit
710 1997 849 2049 intra
903 2010 959 2048 se
993 2013 1006 2048 :
1038 2012 1054 2044 ι
1085 1995 1141 2048 Si
1181 1995 1404 2062 tetigero
1444 1995 1711 2048 fimbriam
1737 1997 1898 2048 vesti-

367 2087 526 2138 meuti
576 2087 711 2152 ejus,
746 2086 890 2139 salva
949 2099 1044 2137 ero
1099 2087 1166 2136 9°.
1194 2103 1211 2135 ι
1270 2085 1324 2136 Si
1375 2086 1492 2153 quis
1536 2099 1661 2152 ergo
1693 2099 1794 2138 non
1829 2086 1899 2138 ita

367 2176 558 2227 habeat
609 2174 765 2226 ﬁdem
817 2183 872 2224 ut
924 2187 988 2224 ex
1040 2171 1248 2224 actibus
1279 2173 1389 2224 suis
1426 2172 1579 2224 bonis
1617 2173 1703 2224 cui
1735 2172 1902 2224 credit

365 2263 636 2323 ostendat,
686 2272 858 2330 potest
895 2274 948 2314 et
985 2263 1052 2314 ad
1089 2263 1258 2330 ipsum
1310 2262 1410 2316 dici
1465 2265 1588 2329 quia
1625 2261 1780 2316 ﬁdem
1807 2262 1898 2315 Dei

367 2354 545 2415 habet,
582 2352 671 2404 sed
711 2368 812 2405 non
869 2353 1159 2404 secundum
1189 2352 1490 2404 scientiam.
1532 2353 1715 2406 Potest
1753 2363 1808 2406 et
1836 2353 1903 2407 de

366 2442 472 2494 alio
505 2441 608 2493 dici
640 2441 762 2508 quia
802 2441 1108 2493 castitatem
1147 2443 1238 2494 Dei
1277 2442 1438 2495 habet
1477 2440 1608 2510 (77),
1660 2443 1752 2494 sed
1798 2457 1899 2495 non

365 2532 656 2586 secundum
725 2531 1026 2583 scientiam.
1096 2532 1161 2582 Et
1203 2532 1338 2584 alius
1382 2547 1564 2585 curam
1612 2545 1900 2599 pauperum

367 2621 543 2680 habet,
573 2619 663 2672 sed
687 2634 788 2672 non
811 2618 1098 2672 secundum
1129 2620 1409 2672 scientiam
1438 2619 1546 2686 (78)
1578 2637 1593 2671 :
1637 2620 1830 2686 quippe
1857 2621 1900 2672 si

369 2711 435 2759 ab
502 2708 808 2760 lmininibus
860 2707 1065 2760 laudari
1123 2708 1254 2758 vult.
1313 2707 1378 2759 Et
1436 2708 1572 2760 alius
1626 2707 1902 2762 abStinens

369 2806 541 2863 potest
569 2796 697 2858 dici,
729 2797 820 2849 sed
849 2811 950 2848 non
974 2796 1264 2849 secundum
1286 2795 1585 2858 scientiam,
1603 2799 1644 2848 si
1670 2807 1905 2863 prapter-

365 2902 427 2940 ea
463 2885 668 2952 jejunat
695 2894 748 2937 ut
777 2884 1081 2938 hominibus
1110 2891 1288 2953 pareat
1307 2884 1366 2936 ⁹¹.
1392 2885 1453 2938 Et
1473 2885 1549 2943 sic
1569 2901 1665 2956 per
1697 2885 1899 2953 singula

367 2991 592 3048 quaeque
614 2993 732 3046 qua:
768 2977 1030 3045 gerimus,
1067 2977 1165 3028 nisi
1207 2977 1496 3031 secundum
1543 2976 1815 3029 scientiam
1851 2985 1901 3026 et

371 3068 694 3120 intellectum
726 3080 971 3134 geramus
1007 3063 1138 3132 (79),
1175 3073 1350 3131 potest
1391 3065 1456 3116 ad
1502 3077 1598 3116 nos
1626 3062 1750 3126 dici,
1775 3062 1896 3129 quia

368 3161 625 3211 habemus
663 3156 836 3210 zelum
877 3156 1056 3224 operis
1104 3154 1251 3216 boni,
1308 3156 1398 3207 sed
1448 3168 1550 3205 nou
1610 3151 1897 3206 secundum

369 3251 669 3305 scientiam.
695 3249 760 3301 Et
790 3248 907 3302 ideo
930 3247 1099 3299 danda
1136 3243 1400 3312 praecipue
1422 3251 1503 3295 est
1526 3254 1686 3308 opera
1723 3239 1898 3293 scien-

371 3365 476 3425 tiae,
501 3376 569 3414 ne
595 3376 678 3413 res
704 3361 855 3413 nobis
882 3357 1161 3410 infeliciter
1181 3353 1401 3416 accidat,
1437 3361 1493 3405 ut
1525 3352 1576 3403 in
1604 3351 1706 3403 ﬁde
1743 3350 1898 3417 positi

372 3452 695 3504 frustremur
740 3463 769 3500 a
810 3448 937 3512 ﬁde,
991 3455 1047 3500 et
1099 3445 1268 3497 zelum
1329 3443 1582 3496 habentes
1639 3442 1898 3497 bonorum

369 3541 672 3594 decidamus
710 3554 738 3589 a
782 3540 948 3591 bonis.
986 3537 1076 3588 Vis
1119 3545 1296 3588 autem
1349 3534 1490 3586 scire
1548 3533 1671 3601 quia
1727 3541 1902 3600 potest

369 3630 511 3698 quis,
555 3631 598 3683 si
655 3629 929 3682 scientiam
960 3643 1063 3680 non
1104 3627 1293 3678 haheat
1332 3622 1463 3692 (80),
1502 3637 1821 3676 evanescere
1846 3624 1897 3672 in

372 3719 517 3772 fide?
564 3718 698 3771 Audi
737 3717 906 3784 ipsum
957 3714 1174 3766 l’aulum
1233 3711 1547 3777 quibusdam
1598 3710 1896 3763 dicentem:

377 3825 397 3860 ι
416 3807 527 3861 Nisi
556 3808 670 3861 sine
701 3821 858 3860 causa
886 3805 1189 3859 credidistis
1211 3805 1275 3857 θ’.
1312 3822 1330 3855 ι
1384 3801 1594 3854 Accidit
1631 3815 1758 3868 ergo
1787 3800 1901 3852 sine

372 3913 533 3952 causa
567 3897 878 3956 credidisse,
900 3896 983 3948 his
1005 3895 1092 3962 qui
1123 3894 1359 3947 scientia:
1376 3907 1587 3960 cperam
1620 3906 1721 3943 non
1752 3893 1897 3951 dant,

375 3991 431 4035 ut
459 3983 510 4034 in
545 3997 607 4035 eo
631 3998 736 4051 quo
761 3981 1278 4034 credideruutetiatn
1302 3978 1630 4032 intellectum
1659 3977 1899 4029 veritatis

370 4072 658 4139 accipiant.
686 4071 922 4137 Denique
966 4080 1022 4122 et
1059 4069 1283 4138 apostoli
1325 4069 1461 4121 hanc
1509 4080 1628 4120 esse
1653 4067 1900 4120 differen-

371 4162 499 4215 tiam
539 4161 659 4214 ﬁdei
715 4160 1030 4227 simpliciter
1091 4159 1320 4220 traditae,
1376 4165 1429 4209 et
1476 4155 1594 4208 ﬁdei
1652 4169 1769 4222 quae
1818 4165 1900 4208 est

372 4251 659 4304 secundum
689 4249 966 4302 scientiam
997 4247 1348 4314 pervidentes,
1396 4245 1645 4298 dicebant
1685 4244 1749 4294 ad
1775 4242 1898 4296 Sal-

1997 1822 2156 1873 rorde
2218 1830 2355 1872 tuo:
2397 1817 2533 1881 Quis
2603 1813 2869 1867 ascendit
2936 1811 3002 1864 in
3072 1809 3376 1863 caelum?
3437 1807 3548 1860 hoc
3607 1815 3706 1868 est,

1999 1913 2268 1965 Christum
2301 1909 2572 1962 deducere
2611 1908 2767 1958 :Aut
2828 1902 2976 1972 quis
3041 1901 3398 1956 descendit
3453 1900 3510 1953 in
3555 1899 3708 1968 abys-

1997 2003 2150 2054 sum?
2177 2001 2278 2054 hoc
2315 2007 2418 2061 est,
2441 1996 2730 2050 Christum
2761 1995 2960 2063 .622
3003 2007 3041 2046 a
3097 1992 3390 2045 mortuis
3421 1990 3702 2043 reducere.

1999 2092 2103 2145 Sed
2125 2091 2250 2158 quid
2277 2090 2409 2143 dicit
2437 2087 2770 2154 Scriptura?
2801 2085 3012 2153 Prope
3069 2092 3184 2136 est
3235 2083 3506 2136 verbum
3543 2081 3594 2134 in
3621 2093 3706 2132 ore

2001 2188 2108 2240 tuo,
2134 2187 2186 2229 ct
2216 2178 2268 2230 in
2302 2178 2464 2229 corde
2497 2184 2590 2227 tuo
2620 2192 2633 2226 :
2667 2175 2781 2226 hoc
2841 2183 2943 2226 est
3013 2173 3305 2225 verbum
3343 2171 3507 2228 fidei,
3560 2170 3692 2236 quot

1999 2271 2371 2341 pradicatnus.
2424 2269 2566 2332 Quia
2604 2269 2650 2320 si
2707 2266 3084 2319 conﬁtearis
3132 2265 3198 2316 in
3236 2279 3356 2316 ore
3384 2272 3491 2316 tuo
3531 2261 3706 2315 Domi-

2001 2376 2125 2414 num
2155 2357 2338 2414 Iesum
2361 2399 2376 2424 ,
2408 2368 2464 2412 et
2496 2355 2818 2411 credideris
2869 2355 2930 2407 in
2968 2357 3186 2408 corde
3221 2365 3334 2407 tuo
3373 2353 3534 2422 quod
3579 2353 3706 2405 Deus

2001 2451 2146 2504 illum
2173 2449 2447 2502 suscitavit
2483 2462 2513 2500 a
2546 2447 2814 2507 mortuis,
2849 2445 3082 2498 salvus
3139 2444 3304 2498 eris.
3341 2443 3541 2497 Corde
3572 2441 3704 2494 enim

2001 2541 2237 2594 creditur
2289 2538 2354 2590 ad
2384 2537 2684 2603 justitiam,
2753 2551 2862 2589 ore
2922 2545 3158 2590 autem
3203 2535 3519 2589 confessio
3573 2533 3629 2585 ﬁt
3658 2532 3705 2584 in

2000 2630 2243 2683 salutem.
2269 2626 2578 2680 Diciteuim
2614 2623 2961 2693 Scriptura,
2996 2626 3163 2694 quia
3197 2626 3416 2679 omnis
3459 2624 3559 2693 qui
3600 2636 3706 2676 cre-

2001 2723 2077 2774 dit
2100 2721 2150 2773 in
2184 2734 2326 2783 eum,
2352 2732 2457 2772 non
2499 2717 2802 2770 erubescet
2833 2716 2968 2786 (8'2)
3011 2718 3099 2771 θ’.
3134 2736 3158 2768 θ
3196 2718 3380 2772 Finis
3407 2717 3562 2770 enim
3586 2715 3705 2780 legis

1999 2809 2422 2866 Christuszhuc
2483 2819 2592 2872 est,
2666 2807 2974 2876 perfectio
3060 2809 3284 2877 legis,
3384 2818 3448 2862 et
3500 2806 3702 2876 justiti:

1999 2902 2246 2956 Christus
2277 2909 2386 2964 est,
2419 2899 2515 2953 sed
2553 2899 2967 2951 credentibus.
3014 2898 3165 2953 Non
3207 2901 3537 2954 credentes
3563 2913 3700 2961 vero,

2002 2992 2123 3059 quia
2156 3005 2261 3042 non
2294 2989 2496 3041 habent.
2537 2989 2838 3040 Christum
2900 2988 3073 3058 (85),
3131 2990 3577 3058 perfectionem
3607 3003 3702 3040 non

1951 3078 1968 3094 ’
2003 3081 2197 3133 habent
2224 3078 2395 3144 legis;
2428 3089 2484 3130 et
2520 3078 2738 3131 idcirco
2791 3091 2908 3130 nec
2961 3081 3050 3131 ad
3091 3080 3420 3148 justitiam
3455 3090 3705 3148 poterunt

1999 3168 2295 3237 pervenire.
2324 3166 2570 3236 «Moyses
2597 3168 2752 3219 enim
2782 3168 3040 3232 scribit,
3077 3171 3239 3239 quia
3263 3171 3566 3238 justitiam
3593 3183 3704 3236 quae

1995 3274 2058 3310 ex
2096 3259 2211 3326 lege
2237 3265 2320 3310 est
2364 3255 2455 3323 qui
2504 3254 2707 3308 fecerit
2759 3256 2997 3320 iiutno,
3080 3260 3262 3314 vivet
3316 3261 3379 3313 in
3440 3274 3530 3313 ea.
3584 3259 3704 3323 Quae

1996 3359 2172 3400 autem
2211 3361 2278 3400 ex
2307 3345 2412 3399 ﬁde
2443 3355 2530 3398 est
2562 3344 2811 3411 justitia,
2873 3347 2971 3402 sic
3019 3349 3211 3406 dicit.
3271 3370 3296 3402 ι
3359 3350 3496 3406 Jam
3553 3358 3608 3404 et
3652 3349 3703 3402 in

1997 3435 2360 3504 Superioribus
2397 3436 2697 3502 Apostolus
2733 3440 3004 3494 duarum
3070 3441 3474 3510 iustitiarum
3509 3444 3706 3499 fecerat

1998 3526 2342 3589 mentionem,
2390 3525 2480 3578 ubi
2506 3527 2688 3590 dicit,
2722 3529 2867 3596 quia
2902 3531 3232 3599 ignorans
3261 3536 3374 3589 Dei
3406 3536 3700 3605 justitiam,

1963 3613 2143 3669 'suam
2189 3615 2458 3682 justitiam
2513 3627 2766 3672 statuere
2821 3626 3169 3688 quaerebat
3231 3627 3571 3682 Israelzet
3625 3627 3705 3681 hic

2000 3721 2139 3758 nunc
2165 3705 2300 3758 duas
2336 3706 2534 3759 iterum
2558 3706 2820 3775 justitias
2855 3710 3051 3776 dicit,
3092 3730 3294 3769 unam
3324 3732 3466 3785 quae
3490 3733 3558 3772 ex
3592 3718 3700 3785 lege

1998 3806 2119 3858 cst,
2165 3805 2218 3848 et
2245 3796 2403 3850 aliam
2433 3811 2556 3866 qua:
2587 3810 2656 3851 ex
2701 3796 2822 3852 ﬁde
2868 3809 2997 3855 est.
3073 3803 3206 3860 Sed
3265 3808 3424 3862 mihi
3492 3809 3707 3863 videtur

1998 3886 2138 3954 quod
2167 3886 2282 3948 illa,
2316 3901 2476 3954 quam
2531 3887 2797 3955 superius
2829 3889 2998 3946 dixit
3054 3895 3356 3963 ignorari
3419 3902 3495 3952 ah
3546 3899 3702 3952 Israel

2001 3977 2091 4030 Dei
2115 3975 2403 4041 justitiam,
2435 3976 2551 4044 ipsa
2588 3975 2919 4044 sitjustitia
2970 3981 3114 4037 haec
3148 4001 3296 4054 quae
3339 4004 3415 4044 ex
3455 3990 3567 4043 tide
3591 3998 3704 4054 est;

2001 4067 2089 4120 illa
2111 4081 2239 4120 vero
2269 4067 2335 4120 de
2358 4082 2464 4136 qua
2498 4066 2633 4122 dicit
2660 4087 2675 4121 :
2709 4087 2729 4120 ι
2762 4068 2958 4126 Suam
3011 4075 3352 4142 justitiam
3385 4093 3706 4150 quaerentes

1998 4153 2370 4226 statuere(84).
2391 4175 2410 4207 ι
2432 4157 2548 4223 ipsa
2575 4157 2648 4211 sit
2671 4159 2740 4212 de
2767 4173 2967 4227 quaet
2991 4165 3102 4219 hic
3124 4168 3331 4239 Moysi
3362 4171 3704 4226 verbisinsi-

1999 4254 2148 4306 nuat,
2176 4246 2302 4312 quia
2343 4262 2362 4294 ι
2392 4245 2667 4311 justitiam
2719 4263 2855 4318 qua:
2905 4267 2989 4306 ex
3034 4255 3180 4327 lege
3213 4273 3315 4315 est
3348 4266 3453 4331 qui
3491 4262 3702 4326 fecerit,

370 4347 610 4391 vatorem
645 4354 659 4390 :
698 4339 884 4404 «Auge
915 4336 1066 4389 nobis
1096 4335 1252 4388 ﬁdem
1283 4335 1392 4396 ³³.»
1437 4333 1535 4385 hoc
1574 4339 1672 4394 est,
1709 4341 1767 4384 ut
1805 4333 1899 4385 ha-
1931 4351 1972 4403 ο
2001 4337 2185 4397 homo,
2212 4335 2361 4388 vivet
2391 4336 2444 4388 in
2477 4350 2599 4389 ea.)
2660 4335 2774 4391 Sed
2808 4341 2950 4395 vide
2977 4345 3402 4409 justitiarum
3441 4351 3702 4407 differen-

370 4428 554 4481 hentes
586 4441 700 4480 eam
740 4425 895 4478 ﬁdem
927 4439 1044 4492 quae
1079 4438 1183 4476 non
1237 4431 1318 4477 est
1371 4420 1659 4474 secundum
1709 4419 1885 4472 scien-

435 4589 478 4618 "’
505 4587 654 4641 Rom.
675 4602 728 4650 ι,
775 4586 829 4639 2.

370 4658 415 4691 ’³
445 4656 570 4710 Luc.
603 4672 732 4721 xvu,
756 4655 809 4710 5.

437 4789 548 4857 (74)
579 4789 735 4851 Edili,
770 4807 788 4839 ι
810 4791 922 4858 qui.
948 4809 968 4840 ι

589 4859 742 4919 Editi,
789 4851 1038 4926 «ignorat
1067 4867 1239 4908 autem
1269 4855 1388 4920 quia
1418 4852 1650 4906 charitas
1684 4851 1889 4920 patiens

371 4937 470 4985 est,
505 4928 656 4978 debet
687 4942 802 4979 esse
835 4928 1076 4992 benigna.
1117 4943 1134 4974 ι

440 4994 549 5064 (76)
577 4993 666 5046 Sic
690 5011 787 5064 ms.
824 4989 1016 5062 Regius
1040 5009 1187 5064 num.
1218 4992 1370 5046 1659.
1415 4994 1487 5043 Ita
1516 4989 1674 5064 etiam
1707 4989 1886 5042 caeteri

373 5077 502 5115 mss.
532 5060 725 5122 nostri,
760 5064 859 5115 nisi
906 5060 1052 5132 quod
1107 5063 1348 5132 habeant
1387 5079 1409 5132 Δι
1437 5060 1683 5132 quodam.
1715 5074 1733 5106 ι
1793 5073 1889 5132 PFU

380 5146 398 5177 ι
424 5132 857 5193 quodammodo.»
885 5126 1021 5185 Eiliti
1051 5145 1196 5188 vero,
1229 5131 1355 5181 «sed
1385 5129 1436 5182 in
1468 5126 1654 5179 affectu
1681 5127 1890 5178 mentis.

375 5195 552 5249 Talem
578 5199 837 5265 quondam
860 5199 1037 5251 habuit
1062 5199 1144 5250 illa
1175 5213 1289 5265 quae
1326 5198 1456 5248 dixit
1487 5211 1500 5246 :
1532 5196 1584 5246 Si
1615 5195 1887 5265 tetigero:

376 5273 474 5314 etc.
509 5262 770 5323 Rahanus.
807 5271 925 5320 «sed
957 5269 1007 5320 in
1028 5262 1215 5320 aﬁectu
1240 5267 1428 5319 mentis
1445 5273 1567 5318 sunt
1587 5262 1892 5330 aliquando,

379 5331 816 5408 quidemliabuit,
844 5345 996 5408 i‘etc.

451 5396 557 5472 (7.7)
591 5397 722 5450 Editi
745 5440 781 5472 ,_
801 5403 1152 5472 «ir-haritatem
1183 5402 1271 5455 Dei
1300 5400 1482 5472 habet,
1509 5420 1527 5451 ι
1579 5398 1740 5472 male.
1785 5397 1888 5450 Ms.

380 5458 572 5544 Regius
594 5458 922 5544 uu_m."i639,
966 5491 983 5521 ι
1006 5473 1302 5524 castitatem
1343 5458 1553 5544 quidem
1588 5470 1763 5544 habet.
1797 5484 1815 5517 ι

451 5529 568 5610 (78),
606 5530 670 5580 Et
717 5529 1067 5610 aliuscurap}
1112 5529 1389 5610 pauperum
1431 5538 1607 5610 habet,
1653 5537 1889 5610 seducit

383 5595 657 5646 secundum
694 5602 975 5664 scientiam.
1015 5595 1136 5660 llatc
1166 5595 1528 5659 désiderantur
1560 5595 1612 5656 in
1643 5603 1888 5656 editioni-

902 4587 948 4617 ⁸⁸
970 4585 985 4638 |
1006 4585 1126 4638 Cor.
1151 4600 1266 4644 vm,
1290 4582 1344 4644 4,
1376 4582 1429 4634 5.
1502 4581 1759 4652 "Jacob.
1790 4583 1895 4646 ωε

2035 4585 2080 4615 ⁹⁰
2105 4583 2291 4652 Matth.
2316 4599 2391 4645 Ix,
2418 4581 2561 4637 21.⁹¹
2601 4584 2802 4638 Matth.
2842 4603 2937 4652 v1,
2983 4592 3088 4649 16.

917 4656 963 4688 ³⁸
1001 4653 1186 4708 Matth.
1211 4667 1326 4716 xui,
1359 4652 1444 4706 12.
1516 4651 1564 4682 ³⁸
1593 4649 1745 4703 Rom.
1780 4667 1852 4718 xu,
1883 4653 1895 4704 ξ

2044 4655 2090 4687 oe
2117 4651 2300 4705 Matth.
2325 4667 2445 4715 xm,
2476 4652 2564 4706 12.
2644 4655 2693 4694 ’⁷
2730 4649 3002 4723 Ποιηζκ,
3029 4665 3069 4715 4
3105 4649 3297 4736 seqq:

1997 4423 2146 4488 tiam,
2171 4424 2375 4492 pariter
2403 4431 2462 4477 et
2508 4423 2787 4484 vitarum.
2846 4429 2956 4484 llla
2999 4437 3178 4491 enim
3217 4438 3472 4507 justitia
3508 4442 3631 4505 Dei,
3657 4441 3704 4494 id

3181 4599 3240 4631 ”
3273 4599 3298 4654 1
3327 4599 3478 4656 Cor.
3515 4617 3612 4671 xv,
3645 4602 3700 4656 2.

1914 4795 1955 4850 C
1990 4792 2087 4844 bus
2117 4789 2322 4844 Merliui
2355 4801 2409 4842 et
2440 4789 2819 4850 Geuehrardi.

1993 4859 2179 4980 "‘529),
2222 4858 2382 4922 Editi,
2422 4876 2442 4908 ι
2471 4859 2574 4913 nisi
2611 4863 2920 4919 scientiam
2972 4881 3034 4925 et
3093 4874 3491 4936 intellectum
3540 4898 3699 4953 gera-

2063 4995 2174 5071 (ξφ)
2201 4995 2369 5071 ῐξιιὶιὶ,
2396 5015 2414 5048 ι
2435 4997 2526 5064 qui
2559 4999 2867 5071 scientiam
2901 5024 3021 5063 non
3059 5014 3275 5071 habet.
3319 5039 3341 5071 ι

2065 5065 2318 5152 (1811115.
2347 5082 2518 5152 unus
2556 5067 2784 5152 .liegius
2824 5091 2989 5152 nunt.
3045 5065 3275 5152 i839,"
3307 5065 3338 5140 ί
3372 5091 3638 5147 interim.
3667 5111 3689 5145 ι

1996 5131 2274 5255 ἓῗιιίᾒὶἓιει
2299 5150 2429 5190 vero
2450 5177 2467 5202 ,
2510 5155 2534 5187 ί
2556 5131 2777 5209 itatiue.
2811 5164 2831 5197 ι
2881 5147 3023 5203 Mss.
3050 5131 3202 5209 11116
3219 5131 3329 5212 ἐι.

2202 5268 2381 5354 Prope.
2407 5277 2765 5354 €8_l__ve_rbum,
2796 5290 3141 5354 etc.usque
3183 5289 3302 5354 ad,
3340 5309 3461 5346 non
3498 5296 3686 5349 ei-ube—

1987 5345 2107 5410 seet,
2127 5339 2346 5410 gdesunt
2371 5343 2427 5398 in
2458 5346 2616 5402 libris
2649 5339 2822 5407 antea
2849 5353 3036 5410 editis.

2064 5408 2180 5494 lsi)
2222 5410 2391 5491 Editi,
2431 5435 2450 5467 ι
2481 5420 2577 5494 qui
2605 5437 2729 5494 non
2769 5408 2976 5480 habent
3003 5408 3344 5490 Christum.
3391 5457 3412 5489 ι
3471 5439 3692 5494 Deinde

1992 5475 2511 5570 mslglt‘egﬁttigsuum.
2559 5491 2734 5570 1659,
2775 5514 2796 5547 ι
2830 5507 3134 5567 potuerunt
3157 5475 3579 5570 pervenire]:

2063 5544 2179 5617 (84)
2213 5544 2387 5621 Editi,
2446 5575 2465 5608 ι
2494 5544 2755 5623 volentes
2783 5544 3103 5625 ὲιὶῐιίἒὶὲῖῖ
