3894 6258
346 344 499 400 1161

1273 352 1618 409 (ΖΟΜΜΕΝΤ.
1661 351 1724 405 ΙΝ
1765 351 1978 406 EPIST.
2017 353 2108 406 AD
2146 352 2305 411 ROM.
2348 355 2473 408 LIB.
2515 356 2647 412 VIII.

3410 362 3545 416 “62

340 477 469 532 est,
532 466 781 522 Christus
847 487 868 520 ι
905 471 992 538 qui
1052 469 1221 523 factus
1265 479 1345 523 est
1403 471 1554 525 nobis
1599 471 1805 539 iustitia
1862 487 1890 521 ιι
1922 483 1966 536 Α
1992 468 2279 522 exaltatum
2319 486 2346 522 a
2379 481 2449 537 te,
2476 486 2646 538 neque
2681 471 2834 538 longe
2859 484 2886 521 a
2926 479 2974 523 te
3000 471 3021 500 °
3047 470 3178 541 (88),
3204 490 3222 523 ι
3264 483 3319 525 ει
3344 489 3537 532 emtcra

343 554 474 608 Deo
499 557 569 618 ⁸⁸,
601 576 621 607 ι
665 566 719 610 ει
749 574 849 624 pax
874 600 889 622 ,
920 561 1042 612 vide
1074 560 1335 627 quomodo
1389 561 1517 611 dicit
1542 573 1560 613 ε
1590 577 1610 610 ι
1639 559 1762 613 Ηεε
1821 570 1906 615 εει
1940 566 1946 574 ’

339 654 544 699 autem
584 649 687 700 vita
719 642 917 702 :Ptcrna
944 690 958 710 ,
1009 659 1067 702 nt
1095 655 1415 718 cognoscam
1441 659 1492 703 te
1520 650 1693 703 solum
1720 665 1900 703 verum

343 735 559 801 Deum,
592 748 645 789 et
675 753 832 806 quem
878 741 1064 793 misisti
1105 741 1285 795 Jesnm
1317 739 1582 792 Christum
1613 742 1683 793 ”.
1708 758 1727 791 ι
1783 741 1904 794 llaec

336 826 716 892 ergojnstitia
754 844 854 881 non
904 840 1107 882 tantum
1155 829 1315 881 vitam
1352 828 1573 895 praebet,
1613 830 1705 881 sed
1749 838 1901 881 teter-

338 931 482 968 nam
510 919 696 970 vitam.
724 919 866 971 Illam
884 934 1010 972 vero
1028 919 1422 988 Iegisjustitiam
1440 920 1547 989 (85)
1575 918 1692 987 «Qui
1720 919 1903 973 fecerit

338 1004 551 1068 homo,
584 1025 602 1057 ι
633 1022 734 1059 non
764 1008 894 1059 dixit
929 1008 978 1059 in
1013 1016 1271 1060 aeternum
1308 1009 1485 1070 vivet,
1527 1010 1618 1060 sed
1667 1018 1898 1059 tantum-

340 1098 522 1148 modo
588 1114 608 1145 c
635 1097 778 1149 vivet
820 1098 872 1148 in
929 1112 1033 1149 ea:
1074 1117 1093 1148 ι
1127 1098 1373 1165 quoniam
1399 1097 1442 1150 si
1486 1098 1606 1150 linis
1649 1096 1793 1164 legis,
1844 1107 1900 1149 ut

338 1185 654 1250 Apostolus
684 1187 817 1238 dicit
853 1189 895 1249 ί,
924 1187 1171 1239 Christus
1203 1197 1307 1248 est,
1356 1201 1452 1240 nec
1494 1187 1657 1253 ipsam
1688 1200 1805 1253 qua:
1833 1199 1899 1239 ex

336 1274 477 1343 lege
498 1287 585 1329 est
606 1268 869 1343 justitiam
896 1276 1011 1328 sine
1034 1275 1246 1329 Christo
1279 1275 1569 1341 adimplere
1592 1275 1787 1341 poterit
1808 1275 1897 1342 qui

338 1364 524 1417 linem
560 1366 694 1433 legis
721 1379 821 1417 non
851 1364 1074 1432 suscipit
1098 1365 1387 1419 Christum.
1437 1364 1556 1418 llaec
1609 1379 1738 1432 ergo
1783 1378 1901 1432 qua:

333 1469 411 1506 ex
491 1455 600 1508 fide
651 1464 733 1508 est
774 1455 1146 1524 justitia,qu:e
1195 1465 1278 1508 est
1322 1452 1596 1518 Christus,
1649 1464 1897 1521 tanquam

333 1543 552 1596 vivens
617 1554 672 1597 et
720 1543 1055 1609 subsistens,
1119 1544 1273 1606 haec,
1331 1542 1524 1610 inquit,
1577 1544 1744 1596 dicit:
1776 1541 1900 1596 «Ne

330 1632 569 1685 dixeris
609 1633 661 1685 in
718 1631 880 1686 corde
930 1642 1020 1685 tuo
1050 1648 1064 1684 :
1098 1632 1228 1697 Quis
1277 1633 1517 1686 ascendit
1566 1632 1618 1684 in
1670 1631 1899 1685 coelum?

334 1721 459 1773 hoc
494 1730 602 1785 est,
627 1721 898 1775 Christum
923 1720 1186 1774 deducere
1211 1736 1225 1771 :
1257 1721 1361 1772 Aut
1407 1721 1524 1787 quis
1551 1719 1820 1772 descendit
1844 1719 1894 1771 in

2002 573 2122 626 qum
2139 570 2453 625 sequuntur.
2486 560 2620 624 Quid
2646 573 2775 626 ergo
2805 559 3048 626 estquod
3072 574 3166 627 per
3189 560 3289 618 hoc
3313 566 3537 633 Aposto-

2003 648 2082 702 lus
2105 648 2297 701 docet?
2326 647 2405 701 Ne
2435 650 2641 702 scilicet
2665 650 2906 702 dicamus
2944 649 2994 700 in
3040 649 3200 703 corde
3229 664 3412 705 nostro
3433 693 3451 717 ,
3478 666 3536 708 et

2001 748 2244 805 putemus
2278 739 2417 805 quod
2460 739 2704 794 Christus
2754 740 2805 792 in
2846 739 2966 793 loco
3007 740 3184 807 aliquo
3214 745 3534 810 continetur,

2000 837 2053 879 et
2078 842 2182 878 non
2208 827 2401 895 ubique
2426 838 2530 889 est,
2572 842 2635 881 ac
2671 844 2766 897 per
2813 829 2989 881 omnia
3032 829 3144 896 ipse
3185 829 3531 887 dilI'unditur:

1999 914 2194 982 quippe
2212 916 2443 981 quicum
2471 917 2686 968 essetin
2719 917 2902 977 terris,
2926 918 3134 971 dicebat
3155 920 3275 986 quia
3303 932 3447 973 esset
3479 932 3535 975 et

2001 1001 2051 1055 in
2106 1003 2263 1057 ccelo.
2300 1004 2390 1057 Sic
2435 1005 2578 1057 enim
2615 1005 2929 1071 loquebatur
2971 1007 3036 1059 ad
3070 1008 3334 1075 apostolos
3358 1024 3481 1064 suos
3516 1026 3536 1075 ε,

2004 1112 2020 1142 ι
2054 1092 2216 1144 Nemo
2253 1093 2493 1168 ascendit
2517 1095 2567 1145 in
2601 1096 2818 1158 caelum,
2848 1096 2944 1163 nisi
2968 1097 3059 1162 qui
3082 1097 3148 1150 de
3163 1098 3296 1151 caelo
3322 1102 3536 1153 descen-

1998 1182 2097 1242 dit,
2119 1182 2282 1235 Filius
2299 1184 2524 1235 hominis
2551 1185 2638 1250 qui
2678 1193 2759 1236 est
2779 1185 2830 1237 in
2850 1186 3016 1237 cmlo"
3039 1185 3171 1255 (89).
3194 1205 3214 1238 ι
3237 1188 3353 1241 Non
3378 1189 3531 1256 dixit,

1997 1273 2086 1337 qui
2106 1270 2225 1335 fuit,
2242 1274 2353 1335 sed,
2378 1290 2396 1322 ι
2410 1273 2500 1339 qui
2520 1283 2602 1326 est
2622 1275 2675 1326 in
2690 1274 2846 1328 cwlo.
2877 1292 2896 1326 ι
2916 1275 2982 1328 Ει
3000 1291 3185 1330 rursus
3203 1293 3270 1331 ne
3289 1287 3533 1346 putemus

1996 1378 2115 1414 cum
2149 1364 2200 1415 in
2226 1363 2360 1415 caelo
2383 1377 2499 1416 esse
2541 1364 2935 1428 tantummodo,
2972 1380 3163 1420 vacare
3200 1378 3377 1422 autem
3416 1373 3532 1439 ejus

1999 1453 2284 1520 praesentia
2307 1454 2579 1522 abyssum,
2603 1454 2717 1506 ideo
2723 1451 2927 1519 iustitia
2942 1468 3060 1521 quae
3073 1468 3139 1508 ex
3156 1458 3257 1511 tide
3275 1469 3355 1512 est
3370 1461 3529 1515 dicit:

2002 1559 2021 1591 ι
2046 1543 2121 1595 Ne
2139 1543 2335 1596 dixeris
2355 1543 2406 1595 in
2433 1544 2591 1597 corde
2622 1553 2713 1595 tuo
2730 1564 2743 1598 :
2760 1543 2891 1609 Quis
2906 1544 3450 1603 aseenditincmlum'
3474 1551 3526 1605 ι.

1999 1632 2060 1683 Ει
2084 1633 2230 1699 quasi
2255 1632 2426 1685 simile
2452 1634 2636 1686 sithoc
2657 1633 2872 1695 dicenti,
2891 1633 3160 1687 Christum
3186 1638 3252 1691 de
3276 1638 3413 1692 cmlo
3434 1642 3530 1693 de-

1995 1720 2210 1784 ducere,
2234 1721 2308 1774 ita
2335 1721 2535 1775 addidit
2567 1723 2851 1787 Apostolus
2878 1734 2894 1772 :
2921 1739 2940 1771 ι
2986 1722 3097 1778 Ηοε
3127 1733 3229 1791 εει,
3253 1727 3523 1781 Christum

332 1810 659 1881 abyssum?
691 1809 790 1863 hoc
816 1820 920 1871 est,
945 1811 1213 1863 Christum
1243 1825 1271 1862 ιι
1294 1811 1514 1862 mortuis
1536 1811 1788 1862 reducere
1815 1811 1889 1859 ’.ι
1930 1793 1970 1845 Β
1995 1811 2273 1864 deducere.
2298 1829 2317 1862 ι
2366 1810 2431 1864 Et
2463 1824 2672 1863 rursum
2698 1812 2742 1865 si
2769 1813 2889 1881 quis
2915 1824 3090 1867 mente
3117 1824 3172 1868 et
3198 1817 3525 1884 cogitatione

330 1900 469 1957 Nec
507 1900 722 1955 mireris
768 1902 906 1966 quod
942 1914 1066 1952 cum
1111 1899 1357 1952 Christus
1408 1899 1520 1965 ipse
1552 1897 1621 1950 sit
1661 1895 1888 1962 justitia,

328 1991 508 2059 quasi
554 1993 620 2043 de
650 1986 757 2043 alio
804 1989 875 2039 ita
929 1989 993 2039 de
1046 2003 1103 2040 se
1152 1995 1263 2040 base
1301 1989 1479 2039 dicere
1529 1986 1792 2038 videatur.
1836 1985 1890 2037 In

329 2081 544 2134 multis
573 2079 718 2133 enim
748 2078 881 2131 iocis
920 2077 1156 2129 invenies
1177 2077 1502 2128 Salvaturem
1525 2076 1673 2142 quiasi
1699 2076 1763 2127 de
1789 2074 1892 2127 alio

329 2172 414 2224 ita
455 2171 529 2222 de
553 2186 612 2222 se
630 2169 774 2237 loqui
802 2184 819 2231 ;
845 2172 902 2219 ιιι
934 2164 986 2217 in
1013 2165 1295 2230 Evangelio
1316 2164 1447 2218 dicit
1466 2165 1488 2196 ³
1520 2182 1534 2217 :
1574 2164 1668 2217 «Et
1696 2173 1894 2218 statuet

326 2275 482 2313 oves
508 2275 537 2311 a
562 2259 796 2321 dextris;
823 2258 1008 2312 haedos
1034 2264 1204 2306 autem
1221 2269 1249 2306 a
1278 2253 1509 2307 sinistris
1530 2252 1661 2323 (86):
1680 2264 1733 2306 et
1752 2254 1894 2307 dicet

328 2349 429 2401 his
464 2348 561 2415 qui
607 2362 635 2399 a
675 2345 878 2399 dextris
904 2352 1050 2405 sunt,
1096 2352 1161 2396 ει·
1193 2342 1385 2395 iterum
1435 2342 1524 2410 qui
1576 2357 1605 2394 a
1658 2343 1893 2396 sinistris

328 2452 502 2506 sunt,
556 2461 575 2494 ι
611 2457 674 2496 ea
704 2455 822 2509 qua:
854 2439 1045 2506 scripta
1079 2445 1220 2489 sunt.
1251 2433 1402 2500 Quod
1444 2449 1568 2503 ergo
1594 2434 1667 2485 ait
1702 2449 1714 2482 :
1751 2452 1769 2481 ι
1809 2430 1883 2484 Ne

329 2534 559 2591 dixeris
593 2533 647 2585 in
675 2532 833 2585 corde
863 2539 953 2582 tuo
987 2543 1000 2577 :
1034 2525 1165 2590 Quis
1192 2524 1510 2578 ascenditain
1543 2522 1767 2583 coelum,
1794 2529 1887 2573 aut

329 2626 477 2695 quis
531 2620 810 2675 descendit
860 2619 912 2671 in
964 2614 1252 2686 abyssum?
1297 2633 1315 2664 ι
1355 2614 1585 2681 exceptis
1636 2612 1718 2663 his
1768 2623 1887 2677 quae

329 2712 533 2767 media
565 2708 858 2769 interserit,
894 2724 912 2756 ‹
951 2705 1051 2757 hoc
1074 2715 1173 2766 est,
1202 2703 1472 2755 Christum
1504 2702 1781 2761 deducere,
1805 2698 1887 2750 vel

333 2822 366 2858 a
400 2800 649 2855 mortuis
679 2798 965 2850 reducere:
996 2812 1012 2843 ι
1041 2792 1133 2847 sed
1157 2802 1228 2856 et,
1260 2810 1278 2840 ‹
1307 2790 1474 2858 Prope
1494 2799 1571 2842 est
1594 2789 1810 2841 verbum
1833 2788 1885 2840 iu

328 2906 445 2945 ore
478 2898 600 2946 tuo,
627 2895 677 2938 et
703 2886 753 2936 in
785 2882 941 2936 corde
979 2890 1090 2941 tuo,
1127 2898 1144 2929 ι
1171 2881 1235 2932 de
1256 2877 1658 2930 Deuteronomio
1685 2877 1888 2928 videtur

331 2985 717 3043 assumptum,
746 2970 835 3025 ubi
874 2971 973 3022 hoc
1002 2969 1159 3021 modo
1187 2966 1439 3034 scriptum
1476 2976 1594 3018 est:
1630 2984 1647 3015 ‹
1677 2964 1890 3017 Manda—

336 3080 469 3122 tum
506 3065 631 3123 boc,
656 3061 797 3130 quod
819 3072 916 3128 ego
941 3058 1134 3111 mando
1158 3056 1247 3109 tibi
1272 3055 1446 3118 hodie,
1476 3069 1580 3106 non
1602 3063 1679 3107 est
1709 3067 1892 3149 super-
1913 3096 1953 3149 Ο

332 3159 655 3213 exaltatum
688 3167 716 3204 a
753 3161 824 3214 te,
860 3164 1029 3217 neque
1061 3149 1214 3215 longe
1253 3161 1282 3198 a
1313 3156 1381 3198 te.
1421 3144 1534 3195 Non
1565 3151 1648 3197 est
1680 3144 1731 3194 in
1756 3143 1891 3195 ewlo

337 3258 408 3302 ut
441 3247 603 3299 dicas
636 3260 648 3294 :
676 3240 810 3305 Quis
852 3236 1102 3290 ascendet
1145 3233 1300 3286 nobis
1334 3232 1385 3284 in
1429 3232 1649 3289 cmlnm.
1677 3238 1730 3281 et
1756 3231 1894 3282 acci-

341 3338 466 3405 piet
501 3331 633 3385 illud
662 3327 835 3388 nobis,
860 3335 915 3378 ut
945 3323 1219 3375 audientes
1249 3319 1505 3373 faciamus
1528 3317 1693 3371 illud?
1715 3315 1895 3384 Neque

341 3438 515 3479 trans
570 3433 718 3472 mare
759 3424 876 3478 est,
932 3423 991 3467 ut
1037 3413 1183 3465 dicas
1224 3429 1237 3463 :
1279 3409 1409 3474 Quis
1447 3408 1694 3462 transibit
1742 3407 1894 3461 nobis

339 3527 515 3570 trans
550 3524 719 3569 mare.
752 3517 804 3561 et
828 3506 1050 3572 accipiet
1074 3503 1223 3564 illud,
1256 3511 1312 3554 ut
1338 3501 1610 3554 audientes
1638 3497 1896 3553 faciamus

340 3600 534 3658 illud?
562 3599 721 3652 Juxta
766 3605 817 3649 te
846 3606 927 3648 est
964 3592 1181 3645 verbum
1215 3591 1364 3643 valde
1397 3590 1447 3642 in
1483 3604 1574 3643 ore
1611 3597 1722 3651 tuo,
1753 3597 1804 3643 et
1838 3588 1893 3641 in

342 3693 528 3750 corde
571 3697 685 3749 tuo,
729 3684 868 3752 ειδίη
901 3682 1150 3735 manibus
1181 3681 1307 3743 tuis,
1338 3688 1397 3732 ut
1427 3677 1593 3732 facias
1622 3679 1749 3731 illud
1785 3682 1824 3732 ⁸.
1869 3697 1889 3729 ι

341 3786 500 3838 Cum
539 3793 671 3848 ergo
708 3775 823 3830 haec
859 3789 925 3827 ex
963 3770 1369 3824 Deuteronomio
1398 3777 1666 3835 assumpta
1694 3767 1820 3829 sint,
1846 3775 1900 3820 et

347 3868 663 3943 Apostolus
700 3864 900 3919 scribat
940 3861 1065 3928 quia
1099 3859 1334 3927 iustitia,
1366 3873 1485 3925 qua:
1522 3873 1584 3910 ex
1614 3856 1716 3909 ﬁde
1744 3867 1826 3911 est
1852 3858 1895 3918 ⁸,

344 3968 478 4030 ipsa
521 3960 641 4011 haec
678 3954 827 4014 dicit,
857 3966 974 4018 quae
1010 3958 1089 4000 est
1124 3947 1400 4009 Christus;
1440 3946 1555 3999 sine
1591 3943 1752 3998 dubio
1788 3946 1895 4014 (87)

326 4064 462 4117 qua:
501 4046 555 4098 in
584 4043 991 4098 Deuteronomio
1012 4044 1257 4096 dicuntur
1287 4040 1572 4105 Apostolus
1600 4055 1627 4090 ιι
1670 4038 1883 4092 Christo

325 4146 485 4196 dicta
517 4155 640 4193 esse
658 4139 983 4207 pronuntiat.
1006 4138 1115 4204 Ipse
1134 4148 1370 4203 estergo
1392 4136 1482 4202 qni
1507 4134 1664 4186 dicit:
1694 4151 1712 4183 ι
1736 4133 1885 4184 Mau-

324 4236 532 4286 datum
560 4231 683 4293 hoc,
725 4230 863 4296 quod
898 4241 994 4296 ego
1031 4227 1097 4281 do
1128 4226 1219 4280 tibi
1243 4226 1417 4287 hodie,
1449 4240 1550 4277 non
1579 4232 1658 4276 est
1692 4237 1879 4290 super-

1991 1900 2354 1954 descendatin
2380 1900 2649 1967 abyssum,
2675 1910 2865 1970 putans
2906 1902 2976 1957 ibi
3019 1911 3220 1956 tantum
3262 1908 3521 1960 contineri

1989 1990 2277 2052 Christum,
2300 1989 2448 2056 quasi
2476 1989 2647 2042 simile
2668 1991 2738 2042 sit
2762 1990 3032 2044 Christum
3062 2006 3313 2047 revocare
3330 2009 3361 2046 a
3382 2010 3525 2050 utor-

1991 2080 2115 2141 tuis,
2153 2080 2223 2131 ita
2251 2079 2518 2147 subiungit
2548 2096 2562 2130 :
2598 2096 2616 2128 ι
2649 2078 2756 2132 Hoc
2784 2090 2883 2141 est,
2916 2079 3186 2133 Christum
3220 2082 3522 2139 reducere:

1990 2170 2230 2222 mortuis.
2260 2188 2279 2220 ι
2310 2170 2413 2222 Sed
2441 2170 2533 2234 ita,
2559 2170 2743 2235 inquit,
2765 2170 2925 2222 debes
2963 2171 3158 2224 sentire
3197 2171 3260 2224 de
3287 2173 3517 2236 Christo,

1994 2265 2240 2323 tanquam
2267 2256 2332 2308 de
2356 2255 2545 2319 Verbo,
2575 2266 2628 2309 et
2654 2255 2898 2319 veritate,
2920 2266 2973 2309 et
3000 2259 3276 2324 sapientia.
3299 2270 3352 2312 et
3363 2257 3522 2325 justi-

1990 2346 2059 2399 tia
2110 2345 2224 2401 Dei.
2258 2344 2380 2398 Haec
2414 2354 2588 2397 autem
2616 2344 2788 2396 omnia
2826 2358 2925 2395 non
2962 2344 3151 2398 inloco
3176 2356 3517 2413 quaeruntur,

1988 2436 2078 2487 sed
2103 2435 2294 2502 ubique
2317 2436 2504 2487 adsunt
2528 2450 2542 2485 :
2574 2446 2743 2500 neque
2768 2433 2834 2484 ab
2874 2431 3092 2487 infernis
3124 2433 3251 2488 locis
3270 2434 3517 2507 (90)evo-

1992 2523 2365 2593 cantur,623
2381 2524 2471 2578 sed
2489 2524 2782 2579 mentesola
2811 2523 3181 2592 intellectuque
3217 2526 3515 2593 capiuntur.

1989 2609 2260 2678 Tanquam
2282 2612 2510 2665 Verbum
2536 2626 2662 2681 ergo
2686 2623 2737 2664 et
2765 2613 3020 2679 sapientia
3055 2627 3216 2682 prope
3246 2623 3324 2667 est
3353 2615 3519 2668 inore

1990 2707 2078 2751 tuo
2126 2709 2176 2750 et
2218 2697 2273 2750 in
2308 2700 2467 2753 corde
2496 2709 2604 2753 tuo.
2634 2701 2697 2754 Et
2735 2718 2756 2750 ι
2788 2702 2886 2754 Ιιοε
2920 2711 3019 2757 εει.
3062 2702 3251 2768 inquit,
3296 2704 3515 2757 verbum

1988 2788 2106 2841 fidei
2124 2788 2234 2859 (91)
2252 2788 2391 2856 quod
2421 2792 2785 2858 pmdicamus.
2809 2789 2940 2855 Quia
2967 2792 3010 2844 si
3040 2792 3409 2845 eonﬁtearisin
3425 2807 3519 2846 ore

1987 2889 2078 2931 tuo
2108 2879 2380 2932 Dominum
2401 2878 2600 2941 Jesnm,
2625 2880 2982 2934 eteredidcris
3007 2882 3059 2933 in
3079 2881 3241 2934 corde
3265 2891 3353 2935 tuo
3378 2886 3515 2950 quod

1986 2968 2126 3022 Dens
2158 2969 2299 3021 illum
2332 2971 2609 3022 suscitavit
2640 2987 2667 3023 a
2702 2972 2945 3032 mortuis,
2978 2971 3155 3024 salvus
3195 2973 3326 3024 eris.
3347 2970 3517 3024 Corde

1985 3059 2123 3111 enim
2149 3059 2383 3112 creditur
2411 3060 2476 3113 ad
2504 3060 2784 3124 justitiam,
2835 3076 2932 3115 ore
2959 3071 3132 3113 autem
3164 3061 3422 3116 εοιιΐεεείο
3458 3063 3515 3114 tit

1993 3145 2045 3199 iu
2098 3147 2321 3198 salutem
2352 3146 2392 3197 ’.
2431 3166 2450 3197 ι
2503 3148 2766 3201 Ι)ε1›ειιιιιε
2814 3149 2977 3200 etiam
3012 3149 3115 3201 hoc
3146 3150 3285 3202 sci-'e
3309 3185 3328 3212 ,
3377 3149 3516 3214 quod

1990 3236 2131 3288 aliud
2165 3247 2246 3288 est
2285 3237 2683 3303 possibilitatem
2704 3253 2822 3290 esse
2851 3238 2902 3289 in
2932 3237 3126 3303 aliquo,
3169 3238 3309 3291 aliud
3339 3236 3515 3291 enica-

1989 3327 2125 3379 ciam
2166 3326 2244 3378 vel
2290 3326 2621 3379 elIicieutiam
2650 3325 2784 3395 (92),
2825 3327 2965 3395 quod
3009 3326 3175 3381 Grzeci
3207 3325 3428 3396 δύναμιν
3459 3335 3514 3383 ει

1988 3416 2257 3486 ἐνέργειαν
2284 3416 2394 3484 (93)
2426 3426 2635 3470 vocant.
2662 3416 2817 3471 Verbi
2844 3434 3034 3472 causa:
3068 3418 3324 3472 Parvulas
3347 3432 3513 3482 nuper

1986 3514 2139 3558 natus
2155 3501 2503 3572 possibilitate
2528 3507 2855 3561 rationabilis
2869 3508 3028 3560 homo
3048 3518 3126 3561 est
3148 3524 3162 3560 :
3184 3518 3353 3575 potest
3370 3507 3509 3560 enim

1986 3609 2102 3649 esse
2131 3594 2461 3648 rationabilis
2488 3595 2531 3648 si
2560 3596 2866 3650 adoleverit.
2896 3597 2960 3650 Et
2986 3597 3333 3665 possibilitate
3348 3598 3509 3649 etiam

1983 3683 2155 3747 faber,
2180 3694 2234 3737 et
2264 3684 2606 3752 gubernator,
2637 3694 2691 3737 et
2732 3687 3109 3753 grammaticus
3133 3686 3362 3746 dicitur;
3387 3700 3513 3752 poe-

1989 3771 2141 3824 sibile
2166 3774 2306 3824 enim
2337 3782 2500 3823 estut
2534 3775 2718 3827 horum
2763 3772 2960 3839 aliquid
2990 3773 3077 3826 sit.
3113 3772 3352 3826 Eﬂicaeia
3380 3788 3508 3826 vero

1989 3856 2072 3910 vel
2114 3857 2413 3921 efﬁcientia,
2456 3859 2555 3911 hoc
2581 3869 2681 3921 est,
2712 3873 2769 3912 re
2799 3861 2908 3926 ipsa
2939 3868 3099 3926 atque
3125 3857 3345 3917 en‘ectu,
3377 3858 3506 3909 nihil

1990 3948 2176 4001 horum
2198 3958 2280 4002 est
2306 3950 2427 4002 dum
2456 3960 2536 4001 est
2554 3948 2803 4015 parvulus
2826 3965 2840 4003 :
2866 3949 2955 4002 sed
2983 3949 3027 4001 si
3054 3932 3275 4015 coeperit
3307 3947 3385 4000 vel
3418 3963 3506 4000 ra-

1991 4040 2146 4091 tionis
2172 4039 2278 4105 jam
2303 4054 2467 4107 capax
2494 4054 2631 4098 esse.
2661 4038 2743 4091 vel
2780 4038 2978 4105 aliquid
3004 4036 3206 4090 fabrilis
3237 4037 3388 4099 artis,
3417 4047 3509 4089 aut

1984 4122 2266 4193 cuiuslibet
2294 4129 2510 4182 alterius
2540 4128 2765 4190 edicere,
2803 4139 2924 4180 ιιιιιε
2941 4127 3052 4192 iam
3081 4126 3309 4180 elIieacia
3343 4128 3509 4181 ratio-

1984 4217 2173 4270 nabilis
2191 4218 2402 4280 dicitur,
2426 4216 2503 4270 vel
2531 4215 2696 4278 faber,
2722 4216 2946 4268 velsicut
2971 4215 3097 4268 illud
3124 4227 3204 4270 est
3232 4214 3340 4286 (94)
3368 4217 3507 4284 quod

405 4339 455 4370 ’⁸
481 4337 501 4389 I
532 4336 661 4390 Cor.
702 4352 741 4399 t,
776 4335 865 4388 30.
935 4334 980 4365 9’
1004 4333 1152 4387 Joan.
1183 4349 1311 4395 xvtt,
1343 4333 1396 4384 '5.
1472 4333 1488 4363 ¹
1521 4331 1643 4382 ibid.
1682 4330 1735 4382 4.
1807 4330 1828 4360 ί
1862 4329 1997 4399 ibid.
2020 4327 2071 4393 6,
2096 4327 2172 4399 λ
2218 4327 2238 4357 ³
2261 4326 2442 4399 Matth.
2480 4342 2611 4399 xxv,
2638 4327 2723 4386 55,
2762 4326 2967 4399 34.435,
2991 4327 3078 4380 41.
3151 4328 3174 4358 ⁸
3198 4327 3347 4382 Deut.
3371 4343 3499 4391 xxx,

327 4406 530 4462 11-14.
607 4406 630 4437 ⁸
653 4405 805 4458 Rom.
831 4419 885 4464 Χ,
919 4403 972 4454 6.
1044 4402 1064 4431 ⁸
1097 4404 1245 4453 Deut.
1278 4416 1405 4463 xxx,
1440 4400 1523 4452 11.

1597 4399 1787 4451 'Joan.
1823 4413 1902 4459 ιιι,
1936 4396 2021 4448 15.
2092 4396 2114 4426 ⁸
2143 4395 2293 4447 Rom.
2323 4411 2375 4456 x,
2406 4394 2458 4450 6.
2531 4396 2552 4427 ⁹
2581 4394 2733 4449 Rom.
2763 4412 2816 4458 χ,
2842 4395 2987 4448 8-1υ.

406 4498 528 4568 (85)
569 4496 707 4548 Editi
734 4533 749 4557 ,
797 4514 815 4543 ι
842 4495 1106 4568 llla__vero
1141 4492 1269 4555 legis
1303 4489 1528 4552 iustitia.
1580 4505 1736 4568 quam
1782 4488 1872 4553 qui
1907 4492 1950 4546 Ι)
1979 4486 2348 4568 desiderantur
2375 4484 2684 4568 insilitione
2706 4483 3052 4568 GenebLant-di.

326 4560 534 4623 iecerit
558 4566 741 4625 homo,
772 4578 874 4615 non
918 4562 1052 4613 dixit
1095 4560 1145 4612 in
1192 4569 1490 4617 aeternum,
1524 4561 1614 4609 sed
1645 4566 1874 4625 tantum-

326 4635 537 4694 modo,
569 4633 712 4685 vivet
741 4631 793 4682 in
831 4646 890 4682 ea
923 4647 936 4679 :
971 4630 1109 4695 quod
1150 4626 1266 4680 linis
1305 4625 1432 4695 legis
1463 4629 1552 4694 (ut
1593 4624 1872 4695 Apostolus

323 4704 496 4766 dicit)
525 4690 774 4754 Christus
798 4706 898 4759 est,
928 4690 1027 4766 nec
1050 4695 1163 4762 ipsa
1184 4708 1299 4766 quae
1324 4690 1526 4766 exlcge
1548 4702 1627 4742 est
1644 4690 1868 4757 justitia,

323 4761 720 4825 sine-Christo
759 4764 1030 4833 adimpleri
1069 4761 1238 4833 potuit
1263 4800 1289 4833 ,_
1318 4761 1712 4833 q_uia_tinem_,3
1761 4768 1867 4833 etc.

322 4841 469 4894 Mss.
500 4839 610 4889 duo
639 4835 789 4902 Regii
817 4852 829 4885 :
871 4825 1016 4902 (Illa
1037 4825 1163 4883 vero
1196 4825 1652 4902 legisjjustjtiaqui
1686 4825 1874 4878 fecerit

324 4893 598 4962 horum...
631 4893 771 4970 quod
809 4902 927 4953 linis
948 4893 1523 4970 (al._,_t_quod_siqﬁnis)
1547 4893 1694 4959 legis,
1720 4912 1738 4941 ι
1767 4904 1870 4970 etc.

324 4976 447 5030 Sed
474 4989 581 5027 ms.
624 4964 821 5037 Regius
846 4964 1165 5037 nuni._IG_59
1193 4974 1247 5037 et
1272 4964 1522 5037 Rabanus
1557 4972 1697 5037 recte
1728 4969 1782 5037 ut
1818 4964 1869 5037 in

325 5028 530 5098 nostro
555 5028 731 5101 textu:
751 5037 854 5090 nisi
880 5035 1018 5104 quod
1040 5034 1410 5107 aliushabeat,
1443 5029 1731 5107 «quoniam
1756 5028 1874 5082 fluis

325 5113 514 5180 legis;
543 5128 564 5160 ι
593 5099 732 5180 alius
759 5099 914 5165 vero.“
936 5121 957 5180 ς
987 5102 1127 5180 (ιιιρά
1155 5100 1353 5180 βεβώς
1380 5099 1573 5180 Iasiae
1610 5105 1821 5180 ξιξ-ειη.

398 5170 526 5249 (86)
581 5177 728 5229 Alias
749 5212 764 5238 ,
814 5190 834 5223 ι
863 5172 951 5240 qui
983 5186 1013 5223 a
1059 5170 1257 5223 dextris
1298 5176 1440 5232 sunt,
1477 5173 1530 5216 et
1557 5179 1587 5215 a
1621 5170 1873 5231 sinistris,

320 5266 424 5312 ea,
459 5266 478 5298 ι
511 5256 618 5301 etc.

412 5304 527 5386 (87)
554 5311 729 5386 ﬁniti;
753 5327 772 5360 ι
794 5308 979 5386 ordine
1010 5304 1357 5386 piens-“male.
1488 5366 1580 5386 ΑΒ

410 5368 529 5455 (88)
555 5380 656 5435 Ms.
682 5379 887 5455 Regius
908 5368 1048 5455 num.
1253 5368 1581 5455 recterttﬁlibi
1602 5384 1624 5455 ξ
1647 5371 1875 5455 :‘Cgleri

325 5433 654 5510 “Eius;
682 5433 931 5499 Rabanus
969 5450 1022 5494 et
1057 5444 1183 5494 editi
1218 5433 1543 5508 perperam,
1596 5453 1615 5484 ι
1647 5433 1820 5510 vobis.
1850 5457 1870 5490 ι

326 5502 549 5579 ﬁve-inde
573 5502 724 5576 editi,
753 5527 886 5565 «non
909 5502 1468 5577 estsuperexalta'tum,
1498 5516 1665 5570 neque
1690 5502 1872 5573 longe,

319 5603 382 5651 «ει
411 5595 778 5651 caeleraqute,
803 5598 827 5651 D_
851 5588 956 5651 etc.
989 5645 1006 5651 Δ
1042 5647 1052 5651 _
1199 5646 1210 5651 _
1341 5646 1352 5651 _
1455 5649 1461 5651 _
1496 5638 1509 5649 ο

406 5636 693 5725 (ἐξῆ-Νῶε
719 5636 849 5698 dixit
870 5647 955 5713 qui
978 5645 1095 5712 fuit,
1124 5646 1210 5698 sed
1226 5685 1239 5709 ,
1267 5646 1352 5714 qui
1389 5649 1462 5695 est
1491 5638 1546 5690 in
1570 5636 1706 5693 mlo.
1735 5637 1875 5693 Βωε

627 5742 890 5800 ΡΑτιιοι.
924 5742 1035 5801 Cu.
1074 5740 1235 5801 XIV.

2047 4550 2154 4623 (90)
2195 4552 2284 4604 Sic
2309 4569 2405 4604 ms.
2436 4552 2799 4623 Reginsnum.
2833 4553 2966 4605 1659
3000 4563 3053 4623 et
3075 4551 3343 4623 Rabanus.
3381 4553 3503 4623 Ca-

1978 4623 2075 4673 teri
2105 4620 2231 4673 vero
2271 4636 2398 4673 mss.
2428 4630 2481 4673 et
2521 4620 2669 4685 editi,
2720 4638 2736 4669 ί
2765 4635 2937 4689 neque
2974 4620 3039 4674 ab
3073 4621 3269 4673 inferni
3296 4621 3446 4683 locis,
3476 4637 3495 4671 ι

1975 4699 2078 4742 CIC.

2046 4755 2154 4826 (91)
2177 4754 2333 4813 Editi,
2365 4755 2677 4826 (Tanquam
2704 4754 2931 4826 Verbum
2962 4769 3087 4822 ergo
3111 4765 3165 4808 et
3198 4754 3494 4826 Sapientia.

1976 4823 2144 4890 Prope
2175 4835 2253 4875 est
2276 4825 2491 4876 verbum
2526 4826 2575 4875 in
2599 4838 2693 4875 ore
2715 4832 2802 4875 tuo
2827 4833 2880 4876 et
2910 4824 2958 4874 in
2992 4827 3152 4876 corde
3178 4831 3288 4885 tuo,
3322 4831 3375 4874 et
3404 4823 3503 4874 hoc

1977 4903 2059 4945 εει
2089 4893 2309 4943 verbum
2334 4890 2474 4949 ﬁdei,
2508 4908 2525 4939 ι
2553 4902 2657 4945 etc.

2046 4959 2155 5029 (92)
2186 4958 2274 5012 Sic
2304 4959 2518 5029 editiet
2559 4973 2657 5009 ms.
2688 4955 2882 5029 Regius
2921 4972 3070 5029 num.
3117 4954 3500 5029 l639.__Ca_2teri

1975 5023 2102 5081 vero
2135 5034 2265 5080 mss.
2285 5035 2339 5078 et
2368 5025 2633 5089 Rabanus,
2664 5042 2683 5074 ι
2718 5025 2861 5091 quod
2885 5025 3126 5091 alindest
3152 5023 3504 5090 possibilitate

1978 5111 2097 5151 esse
2149 5095 2199 5147 in
2231 5094 2426 5158 aliquo,
2452 5092 2592 5144 aliud
2613 5090 2842 5145 efficacia
2867 5092 2944 5142 vel
2968 5090 3268 5158 cﬁieientia.
3304 5107 3323 5140 ι

2048 5164 2156 5234 (95)
2198 5161 2287 5214 Sic
2312 5156 2410 5234 ms.
2442 5159 2633 5234 Regius
2664 5175 2808 5210 num.
2838 5160 2968 5234 16.39
2991 5170 3043 5210 et
3069 5156 3341 5213 Rabanus.
3364 5160 3502 5234 Editi

1918 5282 1923 5287 ,
1980 5226 2146 5295 vero,
2177 5247 2196 5280 ι
2236 5226 2596 5295 endelechiam
2649 5238 2702 5278 et
2751 5227 3017 5293 energiam
3053 5234 3262 5278 vocant.
3302 5246 3322 5279 ι
3372 5230 3502 5285 Mss.

1980 5293 2228 5369 quidam,
2249 5314 2286 5369 t_
2305 5293 2516 5350 didami.
2551 5295 3107 5369 etuenergiavocanta
3126 5309 3145 5342 ι

2194 5363 2440 5437 Rabaqus
2472 5369 2526 5412 ει
2550 5361 2701 5437 editi,
2732 5358 3108 5437 _t've_|_s:t__quid
3146 5358 3292 5437 aliud
3336 5371 3437 5437 est_,
3478 5382 3496 5437 ι

1978 5427 2078 5490 ειεζ
2103 5427 2225 5487 Mss.
2254 5429 2513 5497 plerique,
2545 5444 2569 5497 ε
2599 5430 2680 5481 vel
2704 5429 2747 5483 si
2773 5429 2898 5497 quid
2929 5427 3182 5497 illndest,
3219 5444 3247 5497 Dr
3270 5439 3376 5483 etc.
3400 5431 3502 5484 Sed

1979 5504 2173 5557 rectius
2222 5494 2318 5553 nis.
2364 5511 2496 5548 unus
2543 5495 2741 5565 Regius
2784 5494 2930 5551 nunt.
2980 5494 3107 5547 1641
3151 5504 3206 5547 ιιι
3239 5496 3294 5549 in
3323 5509 3506 5555 nostro

1975 5580 2138 5626 ιεκιη.

3197 5730 3273 5785 37
