3894 6214
330 266 356 315 1
380 265 485 320 1115

1234 266 1582 321 COMMENT.
1623 264 1689 318 1N
1728 264 1945 320 EPIST.
1983 264 2071 316 AD
2108 263 2273 319 ROM.
2315 266 2439 320 LIB.
2478 264 2607 318 Vl".

3341 266 3478 320 1168

326 392 534 435 vocent
564 384 651 437 ubi
682 386 1003 452 pmnitentim
1022 386 1176 436 locus
1199 400 1301 438 non
1355 396 1455 438 est.
1490 386 1556 438 Et
1583 386 1705 439 hinc
1736 384 1864 438 dicit
1890 392 1936 443 Α
1962 398 2055 437 eos
2083 385 2148 445 ²¹,
2179 403 2196 433 ι
2232 384 2347 437 sine
2376 385 2536 437 dubio
2584 384 2849 437 Christum
2878 382 3061 436 Iesum
3096 383 3376 435 Dominum
3405 385 3487 436 in-

323 469 462 532 quia
498 488 517 519 ι
555 470 873 524 invocabitis
910 487 1012 535 me,
1042 483 1094 523 et
1129 485 1225 538 ego
1256 486 1357 523 non
1386 472 1811 524 exaudiamtvos.
1844 489 1864 521 ι

324 556 534 609 Sermo
583 569 757 611 tamen
820 561 907 614 hic
947 576 1103 628 quem
1137 560 1284 626 pottit
1325 558 1624 625 Apostolus,
1660 558 1709 610 id
1732 567 1817 612 est
1852 574 1868 613 :

329 664 352 696 ε
392 647 716 716 Quicunque
775 651 1100 704 invocaverit
1143 662 1330 702 nomen
1387 649 1637 711 Domini,
1692 648 1870 702 salvus

319 738 458 794 erit.
483 756 502 787 ι
531 741 670 805 apud
699 737 807 792 Joel
843 742 1149 807 prophetam
1186 739 1282 791 hoc
1315 742 1469 791 modo
1507 739 1735 800 scriptus
1751 748 1868 791 est:

322 845 345 876 ι
386 827 458 879 ει
494 828 631 880 dabo
683 830 917 896 prodigia
965 830 1013 880 in
1059 831 1193 883 cmlo
1239 843 1481 891 sursum,
1536 838 1588 882 et
1629 829 1679 880 itt
1730 837 1868 881 terra

325 914 620 977 deorsum,
648 916 986 986 sanguinem,
1023 928 1074 968 et
1103 918 1273 983 ignem
1292 956 1307 979 ,
1347 927 1400 969 et
1427 931 1675 985 vaporem
1715 915 1865 970 fumi.

327 1000 429 1052 Sol
459 1012 802 1055 convertetur
842 1003 893 1055 in
951 1005 1211 1064 tenebras,
1239 1004 1425 1056 etluna
1464 1004 1512 1055 in
1539 1004 1868 1067 sanguinem,

326 1090 491 1155 prius
517 1106 679 1158 quant
696 1092 874 1143 veniat
891 1093 1003 1144 dies
1025 1093 1228 1144 Domini
1259 1109 1476 1161 magnus
1497 1103 1545 1145 et
1565 1092 1863 1157 nobilis(9).

327 1178 396 1229 lit
423 1178 573 1230 erit:
600 1178 912 1245 Quicunque
943 1180 1265 1233 invocaverit
1304 1196 1491 1233 nomen
1522 1180 1746 1243 Domini,
1765 1181 1869 1231 sal-

324 1285 431 1320 vus
466 1270 575 1321 erit
604 1270 667 1323 ¹⁷.
701 1290 717 1319 ι
753 1270 973 1322 Videtur
1002 1280 1174 1323 tamen
1214 1269 1341 1322 mihi
1362 1269 1567 1337 grande
1589 1270 1785 1335 aliquid
1812 1270 1864 1323 in

325 1357 640 1425 Scripturis
666 1359 862 1410 divinis
892 1360 990 1410 sub
1020 1359 1120 1410 hoc
1143 1359 1495 1412 invocationis
1536 1359 1747 1410 nomine
1776 1360 1866 1409 de—

317 1448 564 1514 signari.
588 1446 700 1500 Non
725 1450 864 1501 enim
895 1447 1004 1516 (10)
1031 1450 1093 1502 de
1118 1447 1567 1515 qualibuscunque
1593 1448 1741 1508 viris,
1768 1447 1864 1500 sed

314 1538 394 1589 de
418 1536 732 1602 ingentibus
756 1548 808 1589 et
837 1538 1120 1605 prrecipuis
1142 1537 1391 1589 scribitur
1408 1536 1532 1604 quia
1554 1555 1572 1586 ι
1601 1535 1739 1587 Enos
1760 1536 1866 1602 pri-

318 1638 457 1676 mus
491 1624 731 1688 speravit
777 1622 884 1690 (ll)
916 1623 1162 1675 invocare
1192 1637 1380 1675 nomen
1415 1624 1617 1675 Domini
1650 1622 1726 1685 ¹⁶¹;
1758 1642 1777 1673 ι
1811 1633 1864 1675 et

315 1712 379 1763 in
415 1712 652 1765 Psalmis
680 1728 692 1762 :
717 1730 735 1762 ι
765 1713 965 1780 Moyses
989 1715 1236 1765 etAaron
1267 1712 1318 1764 iit
1354 1714 1711 1766 sacerdotibus
1732 1712 1863 1780 ejus,
1895 1697 1937 1750 Β

279 1849 287 1858 ,
314 1810 382 1852 et
413 1800 640 1855 Samuel
675 1802 726 1855 in
759 1803 841 1855 his
872 1803 956 1868 qui
990 1803 1233 1854 invocant
1268 1817 1458 1855 nomen
1486 1804 1618 1870 ejus.
1652 1802 1864 1858 invoca-

316 1890 468 1942 bant
501 1890 806 1951 Dominum,
832 1904 885 1944 et
918 1893 1026 1959 ipse
1057 1891 1371 1943 exaudiebat
1396 1908 1517 1946 eos:
1549 1895 1598 1944 itt
1623 1894 1864 1948 columna

318 1978 498 2031 nubis
525 1978 848 2046 loquebatur
872 1979 937 2029 ad
966 1992 1056 2029 eos
1086 1976 1147 2026 ¹⁹.
1184 1994 1205 2024 ο

398 2065 463 2117 5.
503 2082 523 2115 ι
549 2065 824 2127 Quomodo
850 2080 975 2131 ergo
998 2067 1339 2125 invocabant,
1376 2066 1425 2117 in
1449 2082 1602 2133 quem
1628 2083 1728 2119 non
1752 2084 1866 2121 cre-

319 2153 629 2206 diderunt?
662 2153 770 2206 Aut
816 2154 1081 2219 quomodo
1111 2156 1324 2205 credent
1354 2156 1422 2214 ei,
1464 2170 1616 2220 quem
1647 2172 1746 2207 non
1772 2173 1865 2208 au-

323 2242 600 2295 dierunt?
624 2241 895 2306 Quomodo
925 2251 1095 2292 autem
1127 2242 1340 2293 audient
1370 2244 1485 2295 sine
1515 2244 1867 2309 praedicante?

322 2331 621 2394 Quomodo
663 2342 789 2382 vero
837 2329 1198 2396 praedicabunt
1242 2330 1342 2382 nisi
1380 2330 1687 2382 mittantur?
1718 2330 1868 2384 Sicut

322 2422 606 2485 scriptum
637 2428 719 2472 est
744 2433 760 2469 :
790 2418 955 2483 Quam
973 2420 1190 2487 speciosi
1214 2419 1372 2487 pedes
1397 2420 1863 2489 evangelizantinm

309 2503 473 2555 bona
500 2504 547 2533 “
577 2505 719 2571 (12)!
756 2525 772 2553 ι
809 2506 1078 2560 Manifeste
1101 2509 1150 2561 in
1178 2510 1259 2562 his
1287 2527 1383 2580 per
1411 2513 1511 2566 hoc
1534 2514 1673 2580 quod
1704 2514 1864 2567 dicit:

314 2612 340 2641 ‹
380 2591 675 2656 Quomodo
702 2608 826 2662 ergo
854 2595 1193 2658 invocabunt,
1222 2598 1280 2655 in
1310 2616 1465 2667 quem
1492 2617 1599 2654 non
1631 2603 1868 2656 credide-

311 2681 495 2733 runt?
532 2699 550 2729 ι
586 2681 711 2737 illud
743 2683 880 2750 quod
910 2685 1149 2752 superius
1182 2688 1362 2754 posuit
1398 2689 1461 2742 de
1495 2691 1750 2757 propheta
1784 2691 1867 2744 di-

303 2779 514 2832 ctum,
545 2772 669 2837 quia
708 2790 726 2821 ι
763 2773 934 2824 omnis
978 2774 1277 2842 quicunque
1324 2776 1647 2832 invocaverit
1674 2794 1867 2832 nomen

312 2858 577 2923 Domini,
609 2862 784 2914 salvus
824 2862 953 2922 erit,
991 2882 1008 2912 ι
1042 2864 1106 2916 ad
1148 2864 1413 2919 Christum
1453 2868 1731 2923 Dominum
1771 2869 1869 2923 do-

320 2949 451 3001 cuit
508 2946 865 3003 referendum.
916 2949 1200 3019 Postquam
1241 2950 1379 3003 enim
1420 2950 1593 3003 dixit:
1630 2970 1647 3001 ι
1681 2954 1860 3007 Omnis

318 3039 647 3105 quicunque
708 3038 1035 3091 invocaverit
1099 3054 1286 3092 nomen
1359 3039 1607 3102 Domini,
1690 3045 1863 3097 salvus

314 3126 440 3179 erit
471 3124 607 3193 (15),
632 3144 650 3175 ι
672 3124 982 3192 subiungit:
1016 3145 1034 3176 ι
1070 3127 1341 3191 Quomodo
1376 3144 1501 3196 ergo
1526 3128 1863 3192 invocabunt,

314 3217 380 3267 in
414 3229 582 3280 quem
610 3229 714 3267 non
742 3215 1119 3268 crediderunt?
1145 3235 1163 3266 ι
1186 3215 1395 3269 Christo
1410 3217 1546 3269 enim
1575 3216 1735 3270 Judaei
1761 3234 1862 3270 non

316 3303 704 3365 crediderunt,
734 3312 788 3355 et
818 3304 933 3355 ideo
964 3319 1060 3356 nec
1083 3304 1330 3359 invocant
1356 3319 1471 3357 eum
1503 3307 1586 3357 cui
1616 3320 1715 3357 non
1743 3321 1861 3357 cre—

312 3392 615 3445 diderunt.
648 3389 751 3445 Sed
777 3401 832 3444 et
865 3390 917 3443 in
951 3392 1208 3459 principio
1235 3391 1475 3458 Epistolas
1500 3408 1654 3458 quam
1677 3392 1739 3443 ad
1762 3390 1856 3447 Co-

312 3482 574 3535 rinthios
608 3481 825 3543 scribit."
852 3482 935 3533 ubi
979 3483 1107 3536 dicit
1140 3502 1151 3535 :
1186 3501 1203 3531 ι
1232 3483 1362 3535 Cum
1386 3483 1632 3534 omnibus
1661 3483 1749 3548 qui
1784 3482 1862 3533 itt-

312 3578 534 3623 vocant
553 3584 742 3623 nomen
762 3568 964 3622 Domini
988 3570 1151 3622 nostri
1176 3569 1282 3638 (li)
1303 3569 1422 3623 Jesn
1442 3570 1631 3624 Christi
1652 3571 1700 3619 in
1716 3569 1858 3620 omni

310 3665 454 3718 loco
497 3664 734 3731 ipsorum
762 3670 815 3716 et
841 3672 1021 3715 nostro
1043 3662 1110 3724 ²¹,
1152 3681 1170 3711 ι
1203 3678 1320 3715 eum
1350 3661 1500 3728 cujus
1548 3674 1737 3713 nomen
1772 3660 1855 3715 in~

317 3763 586 3814 vocatur,
640 3752 915 3804 Dominum
944 3750 1117 3804 Jesntn
1152 3753 1416 3805 Christum
1447 3751 1552 3818 (13)
1581 3765 1696 3803 esse
1738 3764 1857 3817 pro-

319 3843 571 3895 nuntiat.
617 3840 673 3894 Si
706 3856 831 3907 ergo
857 3851 909 3895 et
935 3842 1092 3904 Emis,
1125 3850 1177 3895 et
1222 3842 1447 3910 Moyses,
1479 3851 1531 3893 et
1565 3841 1761 3903 Aaron,
1806 3849 1861 3891 et

317 3930 559 3984 Samuel
592 3947 611 3980 ι
642 3930 959 3983 invocabant
994 3931 1289 3993 Dominum,
1333 3942 1385 3983 et
1408 3934 1515 3996 ipse
1548 3928 1862 3981 exaudiebat

397 4063 445 4094 ¹⁷
469 4060 609 4114 Joel.
637 4077 694 4121 ιι.
719 4060 812 4115 50-
836 4061 922 4115 52.
997 4062 1038 4093 ¹⁸
1062 4062 1191 4121 Gen.
1222 4076 1292 4122 tv,
1320 4062 1406 4116 ‘26.
1466 4063 1508 4093 ³³
1531 4060 1667 4115 Psal.
1709 4071 1859 4113 xcvtu

397 4146 522 4178 vni.
551 4130 604 4178 6.
681 4131 726 4162 ³³
745 4130 897 4178 Joan.
930 4145 983 4178 v.
1008 4129 1095 4178 23.
1197 4131 1280 4178 “l
1312 4131 1432 4178 Cur.
1457 4146 1494 4178 ι.
1525 4130 1578 4178 2.
1651 4129 1693 4159 ³⁸
1712 4128 1840 4178 ibid.

2124 4058 2169 4088 ¹⁰
2197 4058 2343 4111 Rom.

1965 4129 1982 4148 '
2010 4126 2162 4178 Rom.
2195 4143 2245 4178 λ.
2278 4127 2343 4178 14

681 4131 726 4162 ’³
745 4130 897 4183 Joan.
930 4145 983 4191 v,
1008 4129 1095 4183 23.
1197 4131 1281 4183 “l
1312 4131 1432 4184 Cor.
1457 4146 1494 4193 ι,
1525 4130 1578 4181 2.
1651 4129 1693 4159 ’⁸
1712 4128 1840 4182 ibid.

312 4146 522 4192 xcvm,
551 4130 604 4183 6.

1969 476 2256 525 vocabant:
2289 484 2341 525 et
2372 474 2417 526 si
2462 474 2713 526 invocare
2740 488 2926 525 nomen
2966 473 3195 534 Domini,
3238 481 3289 522 et
3330 486 3486 524 orare

1972 563 2271 625 Dominum,
2301 578 2461 615 unum
2494 572 2653 629 atque
2684 563 2820 616 idem
2852 572 2968 625 est;
3023 562 3160 615 sicut
3213 562 3487 615 invocatur

1971 652 2125 713 Deus,
2144 650 2471 702 invocandus
2492 659 2574 702 est
2595 648 2868 712 Christus;
2892 649 3096 702 etsicttt
3122 660 3306 701 oratur
3330 650 3486 707 Deus.

1970 741 2037 791 ita
2063 748 2115 791 et
2143 738 2374 791 orandus
2404 750 2486 790 est
2522 738 2804 799 Christus;
2837 747 2887 790 et
2910 740 3047 791 sicut
3080 736 3351 791 offerimus
3376 739 3484 808 (16)

1971 828 2076 880 Deo
2104 825 2248 878 Patri
2295 826 2464 893 primo
2496 826 2732 878 omnium
2760 827 3045 888 orationes,
3087 828 3156 880 ita
3186 838 3237 881 et
3266 828 3485 885 Domino

1964 912 2089 967 Jesu
2120 913 2359 973 Christo;
2396 922 2448 965 et
2478 914 2616 966 sicut
2660 911 2927 966 offerimus
2963 915 3341 983 postulationes
3388 915 3484 968 Pa-

1971 1003 2060 1056 tri,
2087 1003 2157 1055 ita
2188 1001 2462 1055 oil‘erimus
2511 1003 2895 1070 postulationes
2946 1013 2997 1054 et
3032 1002 3198 1065 Filio;
3252 1011 3304 1056 et
3347 1004 3485 1062 sicut

1966 1090 2236 1146 oderimus
2265 1091 2554 1158 gratiarum
2601 1091 2836 1144 actiones
2879 1091 3015 1152 Deo,
3068 1091 3137 1143 ita
3186 1100 3241 1143 et
3287 1093 3485 1159 gratias

1966 1178 2237 1232 oderimus
2277 1179 2556 1232 Salvatori.
2600 1179 2769 1232 Unum
2804 1195 3026 1253 namque
3068 1181 3278 1247 utrique
3315 1181 3483 1234 hono-

1968 1282 2078 1320 rem
2109 1268 2469 1329 deferendum,
2520 1268 2568 1319 id
2617 1278 2699 1321 est
2760 1268 2921 1327 Patri,
2970 1279 3022 1320 et
3076 1268 3225 1329 Filio,
3277 1272 3483 1325 divinus

1965 1357 2149 1409 edocet
2182 1370 2353 1409 sermo
2387 1371 2505 1407 cum
2532 1357 2653 1408 dicit
2688 1374 2699 1407 :
2739 1376 2755 1405 ι
2794 1356 2860 1409 Ut
2884 1371 3065 1406 omnes
3096 1357 3202 1423 (l7)
3232 1359 3485 1411 honoriﬁ-

1965 1456 2084 1497 cent
2124 1443 2339 1504 Filium.
2392 1445 2528 1499 sicut
2558 1445 2910 1499 honoriﬁcam.
2953 1445 3163 1503 Patrem
3189 1446 3252 1498 ’³.
3288 1467 3305 1497 ι
3334 1448 3481 1512 Quod

1965 1534 2120 1585 modo
2150 1532 2257 1600 (18)
2292 1544 2467 1584 autem
2493 1532 2559 1585 de
2591 1532 2821 1597 Epistola
2862 1533 2925 1584 ad
2959 1532 3263 1586 Corinthios
3295 1550 3482 1602 prepo-

1966 1621 2189 1681 suimus,
2212 1621 2295 1671 tibi
2316 1620 2595 1685 Apostolus
2630 1621 2799 1686 primo
2827 1620 3036 1686 quidem
3072 1620 3225 1672 dicit:
3255 1638 3273 1669 ι
3303 1620 3483 1673 Ecclti-

1965 1709 2055 1762 siae
2098 1708 2209 1770 Dei,
2242 1724 2356 1774 qum
2398 1717 2480 1762 est
2506 1709 2765 1771 Corinthi,
2808 1710 3149 1763 sanctiﬁcatis
3184 1711 3233 1761 itt
3270 1710 3484 1767 Christo

1963 1797 2108 1859 Jesu,
2136 1800 2335 1853 vocatis
2368 1800 2640 1861 sanctis“,
2680 1818 2700 1850 ι
2727 1808 2781 1851 et
2813 1808 2926 1866 post
2950 1800 3245 1866 luec,quasi
3266 1802 3483 1856 alterius

1965 1885 2158 1953 gradus
2207 1895 2261 1938 et
2300 1887 2517 1939 alterius
2559 1888 2761 1940 ordinis
2789 1888 2893 1940 sint
2920 1887 3055 1956 (l9),
3110 1889 3179 1940 ita
3212 1889 3484 1959 subjungit

1964 1975 2242 2041 quosdam,
2289 1975 2353 2028 de
2402 1977 2591 2043 quibus
2625 1978 2790 2029 dicit:
2840 1994 2859 2025 ι
2890 1977 3018 2031 Cum
3077 1979 3339 2033 universis
3392 1982 3481 2048 qui

1965 2062 2210 2113 invocant
2254 2077 2442 2113 nomen
2501 2064 2708 2122 Domini
2750 2064 2919 2117 nostri
2969 2064 3076 2132 (20)
3112 2063 3234 2119 Jesu
3285 2066 3481 2123 Christi

1966 2150 2017 2201 in
2075 2151 2215 2201 omni
2259 2150 2375 2202 loco
2418 2151 2650 2218 ipsorum
2704 2161 2757 2205 et
2793 2164 2971 2206 nostro
3002 2155 3045 2185 ’⁸
3088 2172 3100 2205 :
3153 2175 3171 2205 ι
3218 2156 3481 2211 videbitur

1966 2237 2206 2292 fortassis
2254 2240 2447 2292 habere
2501 2241 2694 2307 aliquid
2754 2242 3107 2309 dill‘ereutize,
3163 2247 3304 2313 quod
3362 2246 3478 2304 illos

1964 2327 2172 2394 quidem
2222 2326 2506 2380 Ecclesium
2562 2330 2652 2381 Dei
2706 2331 2963 2394 nominat,
3007 2343 3059 2384 et
3100 2333 3456 2398 sanctificatos

1964 2422 2015 2465 et
2069 2424 2280 2466 vocatos
2328 2425 2535 2467 sanctos
2572 2418 2746 2474 :istos
2804 2427 2976 2471 autem
3028 2428 3274 2483 tantum,
3333 2438 3351 2469 ι
3385 2425 3472 2488 ([ιί

1962 2500 2119 2571 625
2152 2504 2394 2555 invocant
2424 2519 2612 2556 nomen
2648 2506 2848 2558 Domini
2879 2509 3041 2560 nostri
3071 2507 3190 2561 Jesu
3222 2509 3474 2569 ChristiJ

1963 2592 2027 2644 Et
2060 2590 2180 2643 vide
2206 2605 2271 2644 ne
2300 2591 2435 2644 forte
2478 2594 2576 2645 ista
2620 2594 2900 2647 diversitas
2934 2596 3034 2648 tale
3062 2597 3258 2663 aliquid
3296 2609 3481 2654 osten-

1966 2681 2071 2741 dat,
2103 2679 2258 2749 quale
2284 2690 2339 2734 et
2374 2695 2602 2746 praisens
2633 2684 2836 2736 videtur
2861 2684 3053 2737 habere
3083 2688 3390 2754 capitulum,
3425 2692 3479 2745 in

1965 2785 2066 2836 quo
2094 2771 2245 2824 docet
2290 2786 2394 2826 non
2440 2787 2592 2838 posse
2625 2773 2856 2827 invocari
2880 2774 2989 2843 (21)
3022 2791 3209 2828 nomen
3254 2776 3476 2834 Domini.

1964 2858 2061 2929 nisi
2088 2859 2233 2925 prius
2257 2860 2498 2912 credatur
2523 2861 2571 2912 in
2606 2860 2868 2914 Christum
2893 2863 2978 2915 ¹⁵⁶.
3000 2864 3130 2916 Cum
3158 2874 3328 2917 autem
3348 2883 3468 2929 ere.

1965 2944 2156 2998 diderit
2183 2945 2300 3011 quis
2328 2946 2540 2999 Christo
2565 2984 2579 3009 ,
2608 2950 2813 3002 etiamsi
2865 2952 3091 3002 nonduin
3118 2954 3476 3016 sanctiﬁcata:

1964 3034 2052 3093 sit,
2086 3042 2136 3085 et
2162 3033 2409 3086 Ecclesia:
2438 3036 2639 3101 corpori
2669 3036 2915 3100 sociatus,
2952 3049 3121 3091 tamen
3158 3055 3372 3096 necesse
3394 3055 3476 3103 est

1959 3124 2137 3189 utjatn
2172 3123 2375 3175 invocet
2405 3138 2523 3175 eum
2552 3124 2636 3176 cui
2666 3125 2908 3181 Credidit.
2947 3126 3189 3185 Christus
3216 3132 3355 3183 enim
3386 3148 3476 3184 ve-

1958 3213 2035 3263 nit
2066 3213 2313 3264 niundum
2343 3213 2684 3267 reconciliare
2725 3215 2851 3276 Deo,
2884 3226 2937 3267 et
2964 3219 3238 3270 credentes
3267 3220 3365 3272 sibi
3391 3222 3474 3272 of.

1955 3300 2097 3354 ferre
2129 3302 2293 3356 Patri.
2330 3303 2472 3377 Quos
2507 3315 2678 3357 autem
2712 3305 2858 3359 oti'ert
2894 3307 3075 3375 Patri,
3105 3311 3329 3378 Spiritus
3354 3329 3476 3367 san-

1956 3384 2073 3444 ctus
2113 3393 2351 3460 suscipit,
2399 3403 2454 3445 ut
2496 3395 2786 3449 sanctilicet
2813 3411 2923 3457 eos.
2958 3409 3010 3451 et
3039 3409 3283 3467 tanquam
3315 3402 3474 3455 cmic-

1964 3481 2059 3533 stis
2085 3480 2190 3550 (Ξέ)
2218 3481 2457 3536 Ecclesia:
2484 3486 2861 3551 primitivorum
2888 3488 2933 3517 '°
2964 3491 3195 3543 membra
3219 3491 3471 3556 viviﬂcet,

1962 3579 2119 3636 atque
2160 3571 2210 3621 in
2242 3572 2554 3624 soliditatem
2590 3575 2746 3626 totius
2789 3577 3030 3640 corporis
3070 3579 3472 3644 perfectionem-

1965 3674 2067 3727 que
2118 3660 2355 3712 restituat
2378 3699 2393 3720 ,
2426 3670 2477 3713 et
2504 3661 2570 3713 ita
2599 3663 2802 3715 detmun
2849 3663 3086 3720 Ecclesia
3122 3667 3209 3718 Dei
3245 3685 3347 3721 non
3370 3669 3471 3722 ha-

1964 3748 2092 3802 bens
2140 3749 2392 3801 maculant
2427 3763 2595 3819 neque
2640 3766 2816 3818 rugam
2844 3751 2886 3781 ’⁷
2916 3750 3027 3821 (:23)
3072 3755 3318 3821 appellati
3365 3772 3474 3810 me-

1964 3849 2197 3891 reantur.
2233 3839 2384 3898 Prius
2414 3855 2542 3909 ergo
2575 3857 2730 3908 quam
2761 3843 2825 3894 ad
2855 3845 3069 3908 gradum
3103 3846 3253 3898 istius
3298 3849 3472 3913 perfe-

1965 3926 2152 3979 CIionis
2197 3912 2444 3981 accedant
2481 3930 2626 3998 (2.1),
2663 3944 2903 3999 tauquam
2943 3935 3241 3987 mediatoris
3278 3912 3372 3989 Dei
3419 3947 3474 3990 et

2124 4058 2169 4088 ²⁰
2197 4058 2347 4111 Rom.
2373 4074 2426 4121 ς,
2462 4059 2546 4117 it,
2572 4058 2655 4113 15.
2764 4060 2804 4091 ²¹
2839 4061 2851 4109 Ι
2879 4063 3001 4113 Cor.
3025 4077 3063 4121 ι,
3098 4062 3153 4116 2.
3260 4064 3305 4093 "
3330 4064 3472 4119 Psal.

2438 4129 2481 4158 "
2511 4127 2669 4179 Hebr.
2697 4144 2791 4191 Ml,
2815 4128 2902 4179 25.
2978 4131 3019 4160 ³⁷
3045 4130 3239 4197 Epltes.
3272 4144 3358 4195 xv,
3379 4133 3468 4186 27.

394 4246 477 4319 (9)
523 4243 616 4319 Sic
643 4256 768 4319 mss.
806 4222 1161 4319 plerique-et
1194 4244 1341 4319 editi.
1378 4241 1491 4319 dlis.
1526 4253 1696 4319 tamen
1732 4242 1850 4319 qtti-
1879 4244 1928 4301 D
1955 4241 2261 4319 n_uut._1639
2284 4250 2336 4293 et
2366 4241 2630 4319 Rabanus,
2664 4252 2766 4319 «et
2808 4259 2963 4319 orare
2989 4245 3264 4319 Dominum
3300 4285 3314 4299 .
3350 4286 3365 4301 .
3400 4290 3415 4303 .

308 4310 539 4368 daniel
568 4310 839 4379 Rabanus,
873 4329 891 4360 ι
925 4310 1216 4363 horribilis.
1246 4329 1264 4360 ι
1305 4310 1499 4379 Deinde
1528 4326 1627 4364 ms.
1656 4310 1853 4379 Regius

311 4398 482 4437 llllm.
518 4378 657 4431 i639
677 4390 729 4431 et
755 4379 905 4440 editi,
949 4396 967 4426 ι
996 4388 1048 4430 et
1076 4380 1249 4430 omnis
1272 4378 1590 4445 quicunque,
1624 4396 1642 4429 ι
1680 4378 1784 4445 etc.

393 4452 445 4520 (1
459 4450 558 4520 0)-
577 4446 717 4520 Edili
759 4454 812 4499 et
844 4443 1853 4520 mss_.Aqt_tidatn'ontittunt-tenim_.3M3.

309 4510 469 4574 unus
502 4510 737 4582 Regius
769 4529 912 4567 num.
940 4512 1093 4582 1659,
1128 4510 1299 4582 ρηΝοιι
1330 4514 1467 4565 enim
1493 4513 1557 4565 de
1585 4513 1856 4582 qualibus-

309 4598 547 4651 cunque
578 4577 919 4651 _verbis,sed
969 4581 1264 4651 ingentibus
1284 4588 1346 4651 et
1392 4577 1670 4647 praecipuis
1704 4577 1852 4632 Scri-

308 4646 530 4723 ptor-is,
556 4649 705 4723 ρει-οξ
745 4650 963 4723 primus,
1000 4646 1173 4723 {etet
1199 4646 1347 4698 Male.

394 4715 521 4789 (11)
556 4716 717 4789 ζᾎίιί,
749 4733 767 4765 ι
805 4717 949 4783 prius
972 4715 1223 4789 speravit,
1258 4734 1276 4765 ι
1302 4723 1406 4789 etc.

394 4781 513 4856 (12)
556 4785 646 4856 Sic
692 4781 874 4856 omnes
908 4797 1032 4834 mss.
1061 4782 1247 4840 nostri,
1299 4781 1436 4856 Editi
1468 4796 1595 4856 vero
1634 4782 1848 4856 habent,

310 4875 340 4909 σ
392 4851 882 4921 ἐνιιίιεβιίιτιιιιίυηι
906 4865 1092 4921 pacem
1116 4888 1130 4913 ,
1171 4851 1638 4921 evangelizantiutn
1672 4852 1843 4904 bona!

307 4918 634 4998 Manifesta.
661 4927 876 4998 apparet
904 4918 954 4969 in
983 4918 1069 4998 his
1088 4932 1183 4987 per
1206 4918 1475 4998 hoc'quod
1506 4919 1652 4998 dicit,
1686 4935 1704 4965 ι
1726 4929 1845 4998 lete.

394 4989 512 5061 (15)
553 4987 634 5038 Ad
667 4982 929 5061 Christum
976 4982 1243 5061 Deponunt
1293 4982 1464 5061 docuit
1510 4986 1843 5061 reierendunt.

312 5048 624 5126 Poiuq'ualn
661 5055 795 5126 attint
820 5053 951 5126 dixit
984 5068 1003 5104 :
1032 5048 1208 5126 0_mn_i_.s
1230 5052 1512 5126 quicunque
1547 5048 1847 5105 invocaverat

305 5118 517 5182 nomen
549 5122 758 5174 Domini
788 5121 957 5173 salitus
997 5119 1120 5169 erit.
1156 5118 1275 5172 Hth
1306 5120 1357 5171 in
1384 5118 1541 5173 editis
1585 5135 1844 5187 nusquam

306 5200 691 5260 reperiuntur.

394 5260 513 5330 (11)
554 5257 714 5330 Deest
752 5272 771 5304 ι
800 5252 963 5330 qostri
1003 5269 1021 5330 ε
1054 5250 1106 5303 in
1137 5262 1290 5330 antea
1309 5253 1493 5330 editis.

394 5318 512 5397 (15)
753 5338 771 5370 ι
812 5321 968 5397 Deum
994 5318 1169 5397 Jesutn
1199 5320 1485 5374 Christum.
1520 5341 1538 5372 ι

394 5387 511 5462 (16)
540 5388 764 5462 _Editi,_r
800 5398 852 5440 et
883 5389 1101 5462 adorare
1131 5387 1288 5462 Deum
1314 5404 1478 5462 unum
1518 5399 1673 5462 atque
1702 5393 1837 5444 idem

302 5452 426 5521 est.
493 5452 652 5515 sicut
730 5456 1013 5521 invocatur
1035 5452 1290 5514 Christus,
1321 5465 1373 5505 et
1415 5452 1711 5510 adorandus
1757 5469 1837 5511 est

301 5519 599 5591 Christus,
634 5532 688 5577 et
712 5522 847 5575 sicut
873 5519 1157 5587 oﬁ‘erimus,
1190 5539 1207 5570 ι
1235 5530 1338 5576 etc,
1365 5521 1461 5577 Ms.
1488 5541 1619 5587 unus
1644 5526 1836 5593 maius

1957 4311 2092 4361 sicut
2115 4312 2388 4364 invocatur
2409 4310 2668 4369 Christus,
2703 4310 2775 4363 ita
2801 4318 2851 4364 et
2881 4319 3113 4368 orandus
3134 4317 3399 4370 Christus.
3441 4340 3461 4370 ι
3534 4316 3545 4333 ’

1958 4376 2204 4429 Rabanus
2236 4389 2410 4429 tamen
2436 4379 2629 4429 omittit
2664 4397 2682 4428 ι
2713 4379 2804 4431 ita.
2840 4398 2859 4429 ι
2895 4381 2996 4433 Sed
3044 4385 3218 4438 caeteri
3253 4400 3379 4438 mss.
3413 4396 3470 4446 ut

1957 4446 2039 4519 in.
2060 4453 2241 4497 nostro
2274 4456 2439 4519 textu,
2478 4447 2576 4498 nisi
2603 4449 2739 4514 quod
2790 4447 2941 4499 initio
2973 4464 3157 4502 omnes
3189 4467 3463 4519 perperam

1957 4510 2181 4588 habeant
2224 4514 2571 4588 (“Dotnitntnnn
2614 4510 2633 4565 ἰ
2678 4529 2794 4567 cum
2846 4522 3145 4575 necessario
3189 4510 3464 4588 iegettdtttu

1954 4582 2021 4632 sit
2049 4595 2166 4635 cum
2199 4582 2349 4632 editis
2386 4597 2403 4626 ι
2432 4579 2617 4635 Demn.
2660 4601 2677 4634 ι

2021 4645 2106 4713 (t7
2169 4647 2374 4699 Omnes.
2402 4650 2553 4700 Deest
2574 4652 2626 4701 in
2652 4650 2803 4703 libris
2828 4661 2980 4703 antea
3012 4652 3187 4706 editis.

2021 4654 2128 4777 (liii
2169 4714 2343 4768 Modo.
2377 4713 2690 4769 Restituitnr
2710 4733 2774 4769 ex
2799 4733 2897 4769 tus.
2933 4718 3095 4777 Regio
3127 4736 3187 4771 nu

2020 4713 2127 4786 (111)
2161 4714 2343 4786 ﬁndo.
2377 4713 2690 4786 Restituitnr
2710 4733 2774 4769 ex
2799 4733 2897 4769 tus.
2933 4718 3095 4786 Regio
3127 4735 3268 4772 num.
3305 4722 3457 4778 1659.

2020 4782 2124 4850 (19)
2160 4783 2318 4850 Deest
2343 4800 2361 4831 ι
2398 4783 2504 4832 sint
2538 4803 2556 4832 ι
2589 4785 2839 4837 in‘editis.

2015 4848 2126 4918 (20)
2168 4848 2363 4901 Nostri.
2383 4850 2653 4918 Qmittitur
2676 4853 2727 4903 in
2762 4854 2939 4905 editis.

2021 4916 2129 4987 (21)
2172 4919 2305 4987 Editi
2335 4925 2386 4969 et
2406 4916 2674 4987 Rabattus,
2708 4937 2726 4968 ι
2762 4923 3023 4981 invocare,
3060 4939 3077 4969 ι
3116 4921 3268 4981 male.

2016 4985 2126 5057 (2'2)
2168 4985 2324 5059 Editi_,
2357 5002 2375 5033 ι
2399 4986 2633 5059 _Spiritus
2658 4990 2897 5054 suscipit,
2942 4998 2995 5041 ut
3024 4990 3318 5047 sanctiticet
3341 5006 3453 5059 eos,

1948 5052 2192 5120 tanquam
2214 5052 2463 5110 caelestis,
2502 5071 2520 5103 ι
2556 5061 2656 5105 etc.

2012 5121 2119 5191 (23)
2160 5120 2293 5191 Enni
2316 5159 2331 5183 ,
2366 5137 2383 5168 ι
2424 5128 2479 5169 ιιι
2501 5120 2572 5171 ita
2606 5121 2813 5173 demunt
2842 5120 3069 5179 Ecclesia
3105 5124 3196 5179 Dei
3226 5142 3326 5181 non
3356 5130 3457 5191 ha,

1942 5187 2071 5242 beris
2095 5187 2347 5239 maculant
2382 5194 2472 5236 aut
2498 5202 2698 5247 rugam,
2734 5206 2752 5237 ι
2779 5203 2882 5241 etc.

2012 5206 2071 5241 ns
2095 5204 2347 5239 maculam
2382 5204 2472 5236 aut
2498 5204 2553 5238 ru
2595 5204 2698 5247 ani,
2734 5206 2752 5237 ι
2779 5204 2882 5241 etc.

2011 5257 2119 5337 £25)
2160 5255 2230 5337 ita
2264 5254 2527 5337 (tabanus.
2558 5204 2660 5337 gis.
2685 5255 2876 5337 Regius
2908 5272 3049 5337 num.
3074 5258 3235 5337 1659,
3265 5264 3455 5337 «flius

1941 5326 2081 5378 enim
2104 5336 2349 5397 quarm...
2381 5326 2690 5397 ascendant,
2721 5342 2739 5374 ι
2777 5326 3045 5397 etc.,ntin
3071 5334 3232 5397 textu.
3266 5332 3454 5397 Czetet]

1941 5407 2068 5463 mss.
2089 5387 2149 5463 et
2171 5388 2329 5463 editi,
2369 5406 2388 5438 ι
2416 5387 2565 5441 Prius
2587 5402 2714 5463 ergo
2759 5392 2824 5443 ad
2858 5387 3072 5459 gradum
3104 5396 3254 5452 istius
3280 5387 3455 5463 perte;

1938 5461 2129 5513 ctiouis
2174 5457 2425 5511 accedant
2443 5493 2458 5511 .
2485 5492 2500 5510 .
2528 5496 2541 5509 .
2568 5496 2583 5511 .
2612 5457 2879 5513 invocent—
2905 5477 3093 5525 nomen
3143 5457 3343 5529 Domini
3365 5510 3379 5535 ,
3422 5489 3449 5532 ο
