3894 6210
312 308 470 363 “6)

1227 305 1575 360 COMMENT.
1613 305 1675 358 IN
1709 304 1920 359 EPIST.
1957 303 2046 356 AD
2078 303 2240 357 ROM.
2277 304 2406 356 LIB.
2442 300 2576 357 VIII.

3338 305 3479 359 H70

299 433 441 472 vam
465 458 482 484 ,
514 428 573 473 et
599 420 644 474 si
667 420 786 487 quis
815 421 1041 488 accipiat
1067 419 1248 472 bibere
1278 434 1308 471 a
1335 417 1493 482 Jesu,
1527 428 1581 473 et
1609 434 1742 487 aqua
1771 418 1858 472 illa
1884 422 1933 481 Α
1959 418 2094 471 tiant
2118 456 2133 482 ,
2164 419 2256 471 sed
2281 417 2414 472 bene
2435 426 2490 471 et
2514 417 2717 483 integre
2745 418 3056 469 annuntiant
3078 417 3233 471 bona.
3290 417 3483 470 Exem-

302 508 409 562 ﬁat
456 509 514 563 in
546 504 612 564 eo
641 508 756 563 fons
777 525 927 578 aqua:
960 509 1197 563 salientis
1226 508 1277 565 in
1317 506 1480 560 vitam
1509 517 1762 562 aeternam
1786 509 1852 571 ³⁸,

302 598 421 648 iste
463 598 535 651 de
562 597 666 652 hac
708 611 847 666 aqua
880 597 1133 650 doctrinae
1178 595 1433 662 spiritalis
1458 604 1631 661 potest
1676 594 1857 648 lavare

305 687 491 752 pedes
523 686 903 755 discipulorum
930 724 945 750 ,
977 696 1031 739 et
1060 699 1244 740 omnes
1287 700 1352 738 ex
1396 684 1570 736 anima
1623 684 1854 750 ipsorum

299 777 699 831 immunditias
737 779 1024 843 sordesque
1050 776 1251 829 diluere
1282 792 1296 828 :
1329 782 1382 827 et
1410 774 1511 827 hoc
1539 772 1736 827 faciens
1764 773 1856 826 da-

298 876 432 919 tum
489 880 519 918 a
568 864 826 932 magistro
853 863 1091 930 implebit
1136 862 1455 930 exemplum.
1503 879 1523 912 ‹
1556 861 1792 928 Speciosi
1831 878 1849 909 ι

296 970 446 1024 ergo
484 973 505 1006 ς
541 963 666 1008 sunt
687 953 846 1021 pedes
880 951 1356 1021 evangelizautium
1383 951 1539 1003 bona.
1568 968 1586 1001 ο
1625 949 1699 1003 De
1729 950 1856 1016 ipsis

296 1053 449 1112 puto
501 1043 728 1113 pedibus
775 1043 934 1096 etiam
979 1040 1086 1108 (Ml)
1138 1040 1187 1091 in
1234 1039 1471 1092 Canticis
1530 1040 1851 1093 canticorum

299 1133 533 1199 Sponsa
582 1130 713 1183 dicit
741 1130 806 1183 ad
836 1129 1065 1183 Verbum
1106 1127 1196 1180 Dei
1227 1141 1242 1179 :
1279 1145 1298 1177 ‹
1332 1126 1456 1180 Lavi
1496 1128 1657 1196 pedes
1686 1141 1851 1189 meos,

292 1218 593 1287 quomodo
622 1217 911 1281 inquinabo
940 1231 1033 1268 eos
1060 1215 1143 1267 ισεο
1176 1234 1196 1266 ι
1236 1216 1300 1268 Et
1336 1217 1401 1269 de
1443 1217 1570 1284 ipsis
1592 1216 1855 1270 nihilomi-

292 1324 408 1363 nus
443 1307 684 1362 dicitur:
727 1323 748 1356 ι
778 1305 946 1358 Tibia:
976 1313 1076 1357 tuae
1100 1304 1233 1359 sicut
1260 1305 1513 1357 columnae
1542 1320 1854 1359 marmorea:

292 1414 432 1453 cum
487 1396 710 1451 basibus
752 1395 1018 1463 argenteis
1045 1394 1109 1445 ⁸⁸.
1145 1413 1164 1445 ι
1206 1395 1270 1447 Ει
1299 1394 1543 1448 fortassis
1586 1396 1709 1463 quia
1742 1396 1852 1449 haec

293 1486 658 1556 pulchritudo
691 1493 774 1537 est
804 1484 855 1535 in
882 1483 1102 1551 pedibus
1145 1485 1855 1554 evangelistarum,propter-

284 1592 357 1631 ea
399 1591 516 1630 non
572 1574 687 1626 vult
713 1587 807 1625 eos
838 1573 1088 1626 Dominus
1124 1571 1280 1626 Jesus
1321 1572 1695 1627 calceamentis
1725 1588 1851 1641 ope-

290 1669 437 1730 rire,
489 1675 545 1719 et
571 1662 843 1718 occultare
871 1662 1101 1729 speciem
1137 1662 1442 1729 pulchram;
1486 1664 1579 1716 sed
1611 1662 1847 1731 praecipit

286 1758 379 1807 eis
420 1768 602 1822 neque
625 1755 1042 1810 calceamentum
1071 1751 1271 1805 habere
1303 1751 1353 1804 in
1392 1752 1476 1803 via
1501 1751 1564 1805 ⁸³.
1605 1751 1734 1816 Quae
1757 1766 1848 1804 au-
1878 1732 1917 1785 Β

292 1854 413 1895 tem
448 1843 591 1897 bona
623 1845 731 1897 sint
772 1858 891 1911 qua:
915 1841 1316 1909 evangelizant,
1349 1839 1452 1894 hoc
1475 1849 1589 1906 est,
1616 1856 1734 1907 quae
1757 1854 1850 1892 an-

288 1932 581 1997 nuntiant,
624 1933 922 1986 videamus.
961 1930 1215 1996 Quamvis
1245 1930 1345 1983 hoc
1371 1929 1541 1997 ipsmn
1567 1930 1702 1998 quod
1727 1931 1852 1983 dicit

284 2022 685 2092 evangelizare
709 2062 724 2087 ,
774 2022 1159 2088 interpretetur
1206 2036 1225 2069 ι
1258 2020 1395 2072 bona
1440 2019 1756 2072 annuntiare
1778 2060 1793 2084 ,
1828 2038 1847 2071 ι

284 2128 423 2177 quae
453 2113 563 2165 sint
587 2122 762 2164 tamen
794 2113 927 2164 bona
950 2126 1064 2179 quae
1088 2109 1240 2163 bonis
1257 2108 1481 2173 addidit,
1500 2111 1851 2175 requiramus.

288 2201 484 2256 Unum
535 2209 590 2254 et
637 2212 822 2252 verum
866 2199 1063 2252 bonum
1090 2205 1173 2250 est
1216 2197 1355 2250 Deus
1376 2194 1458 2261 ⁸³,
1490 2195 1641 2261 cujus
1681 2196 1855 2264 imago

284 2288 565 2341 bonitatis
588 2297 671 2341 est
701 2286 865 2340 Filius
887 2287 931 2318 ⁸⁸
951 2324 968 2349 ,
1006 2294 1060 2340 et
1085 2285 1314 2351 Spiritus
1334 2286 1448 2353 ejus
1471 2325 1485 2350 ,
1519 2286 1607 2353 qui
1657 2289 1851 2341 dicitur

287 2381 481 2431 bonus
506 2379 575 2431 ⁸⁸.
617 2378 761 2431 Istud
795 2391 923 2444 ergo
953 2376 1062 2442 (41)
1087 2390 1245 2426 unum
1275 2376 1491 2439 bonum,
1517 2375 1638 2442 quia
1670 2375 1722 2427 in
1748 2374 1853 2427 Deo

287 2467 487 2528 Patre,
520 2476 575 2518 et
604 2464 773 2530 Filio,
802 2475 856 2517 et
887 2463 1085 2529 Spiritu
1115 2472 1302 2515 sancto
1329 2472 1447 2527 est,
1481 2480 1500 2512 ι
1536 2465 1666 2514 bona
1698 2480 1717 2513 ι
1755 2477 1851 2514 no-

285 2557 557 2611 minavit.
616 2554 729 2609 Hoc
759 2563 840 2608 est
873 2557 1012 2607 enim
1041 2555 1178 2619 quod
1220 2553 1540 2605 annuntiant
1584 2552 1852 2620 evangeli-

285 2659 438 2708 διαὶ,
495 2637 789 2698 secundum
836 2650 1154 2711 praeceptum
1206 2641 1408 2694 Domini
1454 2650 1510 2695 et
1554 2641 1852 2694 Salvatoris

285 2733 481 2788 nostri
523 2731 753 2787 dicentis
786 2749 801 2785 :
836 2749 855 2782 ι
890 2731 985 2794 Ite,
1017 2733 1198 2784 docete
1221 2744 1404 2783 omnes
1444 2738 1650 2798 gentes,
1678 2730 1842 2797 bapti-

284 2834 493 2878 zantes
538 2837 635 2877 eos
675 2824 727 2875 in
773 2822 987 2875 nomine
1029 2822 1234 2887 Patris,
1267 2831 1320 2874 et
1344 2821 1496 2882 Filii,
1531 2830 1586 2873 et
1612 2820 1846 2888 Spiritus

288 2913 480 2967 sancti
506 2911 573 2965 ⁸⁸.
614 2930 634 2962 ι
669 2909 790 2964 Haec
810 2921 935 2964 sunt
962 2925 1089 2979 ergo
1116 2909 1586 2978 evangelizantium
1613 2910 1748 2962 bona
1781 2908 1844 2962 ".

284 3004 406 3057 Sed
436 3003 699 3072 quoniam
724 3010 779 3055 et
807 3002 921 3069 ipse
949 3001 1121 3053 bonus
1148 3001 1362 3053 nuntius
1384 3001 1599 3064 dicitur,
1632 3011 1687 3054 et
1715 3017 1849 3054 nun-
1875 3030 1915 3086 ρ

291 3096 445 3147 tiare
470 3093 540 3146 de
565 3092 757 3154 bonis,
803 3090 890 3143 illa
928 3091 999 3145 sit
1037 3091 1171 3143 ratio
1196 3090 1334 3158 quod
1374 3105 1479 3145 non
1513 3091 1680 3143 solum
1711 3091 1847 3145 bona

290 3182 586 3244 nuntiant,
622 3180 717 3234 sed
762 3189 816 3232 et
856 3179 994 3233 bene
1040 3180 1175 3232 bona
1211 3178 1476 3231 nuntiant.
1540 3178 1675 3234 Sunt
1707 3179 1846 3233 enim

288 3270 549 3328 nonnulli
591 3271 683 3340 qui
732 3273 1050 3325 annuntiant
1093 3271 1305 3338 quidem
1340 3270 1452 3341 (42)
1477 3280 1531 3325 et
1558 3273 1850 3340 pradicant

289 3364 359 3414 de
390 3360 562 3414 Patre
583 3400 599 3421 ,
631 3369 686 3414 et
712 3359 871 3423 Filio,
920 3370 973 3412 et
1001 3359 1203 3427 Spiritu
1239 3369 1460 3427 sancto;
1493 3361 1585 3413 sed
1613 3375 1714 3412 non
1743 3360 1849 3412 sin-

287 3465 447 3515 cere,
483 3465 593 3503 non
629 3450 869 3518 integre:
903 3459 959 3501 ut
982 3459 1108 3504 sunt
1137 3465 1321 3504 omnes
1348 3449 1605 3511 haeretici,
1631 3451 1718 3516 qui
1755 3449 1851 3502 Pa-

293 3551 441 3592 trem
471 3538 714 3606 quidem,
751 3549 804 3593 et
835 3537 1049 3603 Filium,
1085 3549 1137 3591 et
1177 3539 1437 3607 Spiritum
1485 3547 1724 3593 sanctum
1754 3554 1850 3591 an-

292 3628 591 3694 nuntiant;
624 3627 717 3681 sed
744 3642 849 3681 non
882 3630 1032 3690 bene,
1060 3642 1231 3693 neque
1261 3627 1489 3680 ﬁdeliter
1513 3628 1844 3680 annuntiant.

288 3719 404 3769 Aut
432 3716 582 3769 enim
610 3715 750 3767 male
780 3724 1030 3783 separant
1054 3703 1248 3768 Filium
1271 3730 1300 3767 a
1327 3714 1483 3769 Patre
1504 3754 1519 3781 ,
1548 3726 1606 3768 ut
1630 3716 1849 3769 alterius

292 3819 514 3860 natura:
557 3804 769 3859 Patrem
792 3841 807 3868 ,
842 3805 1063 3858 alterius
1092 3804 1281 3858 Filium
1311 3803 1491 3858 dicant
1532 3823 1547 3858 :
1596 3814 1687 3859 aut
1715 3805 1849 3860 male

291 3895 667 3959 confundunt,
696 3903 753 3947 ut
775 3896 859 3948 vel
881 3909 945 3948 ex
979 3895 1150 3949 tribus
1174 3895 1526 3962 compositum
1557 3895 1743 3961 Deum,
1768 3895 1850 3950 vel

296 3990 466 4041 trinae
497 3988 871 4040 tantummodo
899 3986 1266 4055 appellationis
1302 3988 1355 4042 in
1383 4002 1447 4042 eo
1473 4002 1594 4042 esse
1619 3991 1849 4043 vocabu-

293 4079 410 4131 lum
453 4085 667 4144 putent.
707 4074 807 4139 Qui
835 4087 1011 4129 autem
1041 4078 1175 4131 bene
1215 4077 1498 4131 annuntiat
1539 4076 1700 4143 bona,
1728 4092 1849 4146 pro-

293 4168 569 4236 prietates
598 4166 816 4232 quidem
852 4164 1019 4228 Patri,
1051 4177 1105 4219 et
1136 4166 1293 4231 Filio,
1323 4179 1376 4223 et
1415 4168 1633 4239 Spiritui
1664 4177 1849 4222 sancto

296 4270 435 4310 suas
482 4255 685 4322 cuique
733 4255 910 4317 dabit;
964 4254 1092 4308 nihil
1135 4267 1309 4311 autem
1355 4259 1684 4314 diversitatis
1731 4272 1848 4312 esse

1953 507 2098 576 plum
2128 521 2257 560 vero
2286 507 2387 561 hoc
2428 507 2492 562 de
2535 506 2667 559 Isaia
2699 507 2808 576 (45)
2846 506 3054 560 videtur
3100 515 3423 573 assumptum
3459 520 3478 560 :

1957 595 2047 648 sed
2078 595 2149 649 ibi
2176 596 2429 664 propheta
2466 597 2532 650 ad
2575 597 2743 663 ipsum
2782 596 3055 650 Dominum
3086 595 3478 662 evangelizandi

1956 683 2184 739 oﬂicium
2211 684 2412 738 retulit.
2446 683 2523 738 Ita
2570 685 2707 738 enim
2738 684 2811 737 ait
2839 701 2853 737 :
2886 702 2906 734 ι
2943 683 3195 749 Quoniam
3228 699 3326 751 ego
3369 686 3481 753 ipse

1956 774 2043 843 qui
2067 774 2343 842 loquebar,
2372 774 2583 836 adsum,
2610 784 2860 840 tanquam
2883 787 3009 825 aura
3038 774 3087 825 in
3116 773 3399 835 montibus,
3425 782 3482 826 ut

1955 865 2113 932 pedes
2145 864 2559 932 evangelizantis
2589 864 2695 932 (At)
2740 864 2973 918 auditum
3023 864 3200 933 pacis,
3235 873 3289 916 ut
3321 878 3482 917 evan-

1954 954 2189 1022 gelizans
2234 956 2369 1006 bona
2415 953 2483 1006 ⁸⁸.
2522 972 2542 1004 ι
2602 953 2792 1007 Verum
2839 954 3051 1006 videtur
3095 952 3218 1005 mihi
3265 951 3477 1015 Paulus,

1954 1042 2076 1109 quia
2122 1044 2381 1111 prepheta
2430 1042 2671 1105 dixerat,
2709 1060 2728 1092 ι
2759 1052 2817 1094 ut
2864 1042 3022 1109 pedes
3069 1042 3480 1110 evangelizantis

1956 1130 2189 1183 auditum
2219 1131 2386 1197 pacis,
2415 1138 2472 1183 ut
2501 1128 2875 1196 evangelizans
2902 1129 3094 1189 bona.»
3132 1140 3184 1182 et
3213 1130 3311 1183 hoc
3330 1131 3479 1193 quasi

1953 1235 2016 1273 ex
2045 1220 2263 1274 alterius
2310 1219 2704 1287 comparatione
2750 1232 3110 1282 memorasse;
3149 1219 3294 1271 velut
3326 1219 3371 1270 si
3401 1219 3483 1271 di-

1952 1316 2141 1361 ceret:
2184 1307 2255 1359 Ita
2285 1309 2446 1361 adero
2489 1317 2546 1360 ut
2592 1306 2749 1359 homo
2777 1308 2863 1373 qui
2899 1308 3227 1375 evangelizat
3273 1323 3476 1375 pacem,

1951 1409 2005 1451 et
2033 1399 2367 1468 evangelizat
2399 1401 2562 1452 bona.
2619 1395 2730 1450 Hoc
2770 1408 2948 1451 autem
2976 1396 3176 1452 faciunt
3206 1396 3425 1466 apostoli
3461 1414 3476 1450 ς

1952 1490 2149 1543 idcirco
2181 1491 2247 1542 de
2280 1488 2582 1558 semetipsis
2609 1488 2709 1541 hoc
2732 1487 2949 1551 dictum,
2977 1488 3031 1541 id
3057 1498 3159 1550 est,
3189 1490 3253 1542 de
3276 1496 3482 1555 aposto-

1949 1580 2035 1638 lis,
2072 1579 2342 1644 accepisse
2368 1579 2575 1632 videtur
2605 1577 2736 1646 (45),
2768 1580 2836 1631 ad
2865 1593 3090 1646 quorum
3120 1579 3478 1645 comparatio-

1950 1682 2067 1721 nem
2103 1660 2406 1722 adfuturum
2435 1678 2489 1721 et
2513 1668 2998 1736 evangelizaturum
3035 1668 3173 1720 bona
3214 1681 3308 1733 per
3353 1680 3480 1733 pro-

1950 1760 2136 1829 phetas
2164 1773 2223 1813 se
2251 1760 2459 1812 dixerat
2481 1757 2743 1812 Christus.

2015 1847 2067 1900 6.
2115 1866 2134 1897 ι
2169 1847 2271 1901 Sed
2302 1862 2408 1899 non
2437 1861 2625 1901 omnes
2667 1846 2919 1900 obediunt
2951 1844 3253 1914 Evangelia.
3314 1843 3479 1900 Isaias

1950 1938 2093 1990 enim
2125 1938 2254 1989 dicit
2284 1953 2296 1989 :
2333 1936 2574 2001 Domine,
2609 1937 2731 2005 quis
2756 1937 2985 1990 credidit
3027 1936 3229 1989 auditui
3256 1945 3436 1989 nostro
3456 1936 3481 1975 ν

1953 2025 2089 2094 Ergo
2135 2025 2265 2078 lides
2303 2038 2367 2077 ex
2417 2024 2633 2087 auditu;
2670 2024 2884 2078 auditus
2928 2034 3106 2078 autem
3143 2039 3239 2092 per
3263 2024 3478 2077 verbum

1950 2113 2169 2165 Christi.
2232 2111 2338 2166 Sed
2386 2112 2504 2165 dico
2551 2129 2568 2166 :
2619 2109 2867 2178 Nunquid
2910 2126 3013 2164 non
3064 2111 3387 2164 audierunt?
3424 2110 3478 2163 In

1950 2214 2159 2254 omnem
2196 2208 2393 2254 terram
2414 2200 2547 2254 exiit
2574 2215 2736 2253 sonus
2761 2214 2977 2265 eorum;
3010 2209 3065 2253 et
3091 2200 3144 2252 in
3173 2199 3305 2253 lines
3334 2200 3481 2253 orbis

1959 2299 2114 2341 terra:
2138 2289 2301 2342 verba
2328 2303 2535 2343 eorum.
2575 2288 2677 2342 Sed
2704 2288 2823 2341 dico
2868 2306 2880 2340 :
2917 2286 3159 2355 Nunquid
3186 2288 3342 2341 Israel
3376 2302 3479 2340 non

1951 2378 2230 2447 cognovit?
2248 2380 2453 2433 Primus
2473 2377 2681 2448 Moyses
2701 2377 2830 2432 dicit
2849 2396 2863 2432 :
2881 2379 2991 2448 Ego
3010 2380 3074 2432 ad
3089 2379 3478 2432 aemulationem

1952 2484 2043 2521 vos
2064 2468 2320 2523 adducam
2352 2469 2400 2520 in
2433 2483 2534 2521 non
2565 2477 2794 2536 gentem,
2823 2469 2874 2521 in
2900 2478 3107 2538 gentem
3133 2469 3476 2527 insensatam.

1952 2559 2002 2610 in
2037 2557 2169 2610 iram
2211 2571 2305 2612 vos
2326 2557 2592 2612 inducam.
2630 2555 2794 2612 lsaias
2820 2567 2995 2612 autem
3032 2561 3191 2613 audet
3226 2559 3427 2612 etdicit
3460 2576 3477 2613 :

1950 2648 2196 2702 Inventus
2225 2662 2340 2701 sum
2385 2661 2414 2700 a
2461 2660 2562 2699 non
2605 2648 2963 2716 quaerentibus
3008 2663 3136 2702 me:
3191 2650 3361 2716 palam
3387 2664 3482 2717 ap-

1949 2736 2100 2803 parui
2150 2735 2289 2789 inter
2340 2749 2434 2789 eos
2484 2736 2570 2804 qui
2628 2752 2712 2789 me
2752 2750 2856 2790 non
2905 2737 3327 2805 interrogabant.
3397 2740 3478 2790 Ad

1950 2824 2110 2878 Israel
2155 2836 2331 2878 autem
2378 2824 2507 2892 quid
2539 2824 2710 2879 dicit?
2759 2823 2890 2877 Tota
2918 2827 3004 2879 die
3027 2827 3250 2894 expandi
3296 2841 3481 2879 manus

1948 2928 2094 2968 meas
2123 2916 2188 2967 ad
2215 2914 2462 2982 populum
2495 2929 2598 2968 non
2631 2915 2968 2980 credentem,
3011 2924 3067 2969 et
3110 2917 3481 2969 contradicen-

1950 3011 2054 3056 tem
2099 3002 2145 3035 ⁸³
2190 3002 2321 3070 (46).
2380 3020 2400 3055 ι
2481 3001 2665 3069 Neque
2716 3016 2903 3057 omnes
2947 3001 3057 3071 (47)
3108 3017 3174 3056 ex
3238 3004 3481 3070 gentibus

1946 3091 2227 3159 Evangelio
2274 3091 2653 3155 crediderunt,
2706 3106 2877 3159 neque
2922 3105 3108 3146 omnes
3140 3106 3221 3145 ex
3269 3092 3475 3146 Israel:

1943 3181 2101 3250 627
2148 3180 2325 3247 plures
2362 3189 2556 3243 tamen,
2605 3190 2660 3236 et
2691 3181 2854 3235 multo
2893 3180 3070 3248 plures
3106 3196 3170 3237 ex
3209 3183 3474 3250 gentibus,

1945 3285 2103 3338 quam
2143 3283 2207 3322 ex
2258 3269 2435 3323 Israel.
2467 3270 2617 3335 Quod
2659 3284 2787 3339 ergo
2829 3271 2978 3338 ponit
3018 3272 3305 3339 Apostolus
3352 3275 3475 3340 quia

1946 3360 2108 3412 Isaias
2135 3360 2327 3412 dixerit
2356 3378 2368 3412 :
2404 3382 2421 3407 ι
2460 3359 2702 3424 Domine,
2736 3361 2856 3428 quis
2890 3360 3115 3412 credidit
3140 3360 3339 3412 auditui
3372 3375 3472 3414 ηοε-

1947 3461 2057 3501 stro
2079 3450 2159 3502 5°?
2189 3469 2209 3499 ο
2235 3448 2384 3514 Quis,
2427 3465 2522 3517 pro
2560 3464 2682 3501 raro
2716 3449 2916 3503 dictum
2951 3460 3071 3503 est:
3107 3457 3161 3504 et
3192 3452 3479 3505 observare

1947 3541 2199 3593 debemus
2244 3542 2383 3607 quod
2427 3555 2604 3594 sermo
2650 3541 2737 3594 hic
2779 3541 2830 3594 in
2878 3541 3167 3606 Scripturis
3207 3541 3474 3594 interdum

1947 3643 2043 3696 pro
2099 3644 2237 3693 raro,
2296 3629 2555 3681 interdum
2607 3643 2702 3695 pro
2751 3629 2895 3681 nullo
2943 3630 3160 3681 omnino
3221 3629 3475 3697 ponitur;

1946 3718 2093 3772 verbi
2120 3721 2309 3788 gratia,
2338 3728 2392 3771 ut
2424 3734 2541 3772 cum
2568 3718 2697 3771 dicit
2723 3736 2735 3770 :
2770 3737 2789 3768 ε
2826 3717 2956 3783 Quis
2983 3720 3214 3786 sapiens.
3241 3727 3293 3771 et
3315 3718 3473 3772 intel~

1947 3808 2069 3876 liget
2099 3810 2209 3862 haec
2231 3808 2313 3861 "‘P
2353 3826 2372 3859 ι
2405 3818 2479 3870 et,
2516 3826 2534 3858 ι
2573 3808 2704 3872 Quis
2739 3808 2987 3861 ascendet
3017 3809 3066 3861 iu
3097 3818 3328 3862 montem
3366 3806 3474 3861 Ι)οη

1948 3901 2071 3951 mini
2106 3899 2189 3951 "1’
2222 3918 2240 3950 ι
2272 3909 2344 3961 et,
2371 3914 2389 3944 ι
2431 3898 2559 3962 Quis
2581 3908 2663 3953 est
2686 3900 2848 3953 homo
2869 3900 2959 3966 qui
2990 3897 3102 3950 vult
3132 3898 3295 3951 vitam
3327 3897 3411 3951 ειν
3447 3916 3468 3950 ο

1946 3989 1999 4041 in
2028 3991 2109 4042 bis
2133 3989 2378 4042 omnibus
2450 4002 2628 4042 rarum
2706 3990 2818 4060 quis
2872 3990 2981 4047 (48)
3045 3987 3329 4056 signiﬁcat.
3369 3987 3473 4042 Ubi

1945 4092 2071 4131 vero
2105 4076 2275 4131 dicit:
2331 4094 2352 4128 ο
2385 4075 2514 4141 Quis
2569 4076 2806 4131 ascendit
2858 4075 2913 4129 in
2941 4075 3169 4130 emtum?
3227 4076 3327 4129 hoc
3368 4087 3472 4136 est,

1946 4164 2215 4219 Christum
2240 4166 2534 4219 deducere:
2565 4166 2647 4218 vel
2672 4166 2788 4233 quis
2810 4165 3078 4219 descendit
3103 4166 3154 4217 in
3183 4163 3474 4234 abyssum?

1946 4253 2046 4307 boe
2076 4265 2179 4320 est,
2227 4255 2495 4308 Christum
2531 4270 2560 4307 a
2592 4254 2815 4307 mortuis
2863 4253 3113 4307 reducere
3142 4270 3154 4307 :
3192 4272 3212 4305 ι
3245 4255 3332 4307 hic
3360 4257 3474 4321 quis

295 4343 657 4399 conﬁtebitur
687 4342 740 4396 in
770 4342 1068 4397 substantia
1109 4346 1194 4399 vel
1238 4355 1448 4400 natura,
1487 4347 1584 4413 Qui
1617 4362 1746 4416 ergo
1776 4349 1845 4401 ira
1877 4335 1925 4392 Σ)
1951 4344 2122 4398 nullus
2149 4345 2476 4414 intelligitur.
2519 4344 2702 4398 Nullus
2735 4352 2817 4398 est
2861 4345 3001 4397 enim
3031 4345 3121 4413 qui
3150 4346 3389 4398 ascendit
3420 4345 3471 4395 iu

297 4433 635 4488 annuntiant
668 4429 1053 4497 Evangelium,
1098 4448 1202 4488 non
1247 4435 1416 4488 solum
1464 4438 1602 4490 bona
1639 4452 1845 4491 annun—

376 4538 835 4601 "Joan.tv,14.
918 4538 1304 4607 “canens.
1396 4543 1438 4574 ιι
1471 4544 1596 4597 ibid.
1643 4545 1728 4597 ιδ.

1949 4435 2139 4488 caelum
2177 4433 2444 4488 Christum
2477 4434 2601 4488 inde
2632 4434 2908 4488 deducere.
2940 4430 3092 4487 Nune
3132 4447 3278 4502 ergo,
3314 4451 3331 4483 ι
3373 4432 3474 4488 Do-

1820 4545 1863 4577 "
1886 4543 2161 4611 Matthax,
2208 4542 2293 4595 10.
2346 4542 2412 4611 ⁸³
2438 4541 2627 4611 Matth.
2672 4540 2901 4605 x1x,l7.
2978 4541 3024 4572 ⁸⁸
3054 4540 3180 4611 Sap.
3232 4557 3326 4606 vn,
3379 4541 3468 4593 26.

298 4615 354 4647 ⁸⁸
384 4612 529 4666 Psal.
548 4624 739 4679 exul,
758 4605 1158 4679 IO.__‘1Matth.
1185 4605 1374 4676 xxvttt,
1408 4611 1494 4679 19.
1565 4611 1608 4643 ⁸⁷
1635 4611 1736 4665 Isa.
1763 4629 1849 4674 LII.

1997 4611 2042 4643 ⁸⁸
2071 4608 2169 4664 Isa.
2206 4626 2301 4674 ιιι,
2332 4610 2384 4672 6,
2415 4612 2465 4662 7.
2538 4611 2581 4641 ⁸⁸
2610 4610 2764 4663 Rom.
2798 4626 2851 4676 ι,
2881 4611 2945 4662 16
2963 4626 3084 4679 sqq.
3130 4605 3202 4642 ’⁸⁸
3226 4605 3323 4664 Isa.
3350 4625 3466 4672 un,

300 4684 367 4745 ις
396 4681 558 4734 Rom.
589 4693 644 4741 x,
675 4675 765 4729 16.
842 4675 887 4706 ⁸⁸
922 4673 1059 4729 Osee
1104 4691 1219 4742 xrv,
1245 4679 1331 4733 16.
1360 4673 1368 4676 ⁷
1402 4680 1448 4711 ⁸³
1470 4678 1610 4733 Psal.
1645 4673 1849 4743 xxm,3

1951 4680 1995 4712 ³³
2015 4679 2154 4732 Psal.
2190 4673 2375 4739 χχχιιι,
2426 4679 2512 4731 15.

377 4770 491 4840 (40)
534 4768 697 4831 Editi,
737 4784 756 4817 ι
789 4764 861 4819 De
885 4764 1002 4820 istis
1026 4804 1043 4830 ,
1070 4775 1131 4820 ut
1160 4778 1319 4837 puto,
1355 4770 1514 4823 etiam
1543 4771 1790 4839 pedibus,
1824 4794 1841 4825 ι

341 4851 412 4893 tc.

299 4856 494 4974 elc(.41)
537 4902 639 4975 bis.
668 4901 861 4975 Regius
885 4917 1029 4955 num.
1060 4901 1215 4970 16259,
1243 4922 1263 4955 ι
1284 4913 1338 4959 et
1358 4904 1448 4975 qui
1475 4903 1717 4973 Spiritus.
1733 4906 1845 4974 ejus

303 4972 530 5029 dicitur.
572 4972 714 5025 Istud
745 4985 894 5039 ergo,
927 4988 951 5039 »ν
977 4978 1078 5022 etc.

379 5043 491 5112 (42)
531 5040 657 5112 Ms._
662 5053 800 5091 unus
819 5037 1024 5112 Regius
1049 5039 1393 5103 ntlm.16‘59,
1438 5039 1586 5112 tused
1619 5047 1674 5092 et
1711 5040 1847 5112 bene

303 5106 580 5163 nuntiant.
622 5106 766 5159 Bona
794 5112 917 5157 sunt
943 5106 1081 5156 enim
1113 5121 1228 5173 quae
1260 5108 1496 5162 nonnulli
1530 5109 1847 5161 annuntiant

301 5181 547 5244 quidem.
588 5193 607 5226 ι
643 5182 746 5227 etc.
786 5173 887 5225 Sed
925 5174 1099 5226 ceteri
1147 5191 1275 5229 mss.
1299 5218 1314 5244 ,
1351 5176 1602 5230 [tabanus
1630 5184 1686 5229 et
1718 5177 1847 5231 editi

302 5257 366 5299 ut
397 5248 448 5297 in
479 5253 665 5297 nostro
693 5249 857 5293 textu.

381 5313 495 5379 (45)
538 5311 698 5372 Editi,
739 5325 758 5357 ‹
794 5306 1101 5373 Exemplum
1127 5323 1251 5363 vero
1288 5312 1352 5364 de
1379 5312 1540 5372 Isaia,
1568 5327 1587 5359 ι
1619 5318 1723 5364 etc.

377 5378 491 5451 (44)
525 5378 708 5451 _Editi,_
735 5393 755 5425 ι
794 5384 1177 5451 tauquam_ora_
1191 5380 1660 5451 in_montibus_,_1tt
1688 5380 1847 5447 pedes

300 5442 854 5516 evangelizantinm,i
885 5452 992 5516 etc.
1020 5442 1118 5496 Ms.
1145 5445 1340 5512 Regius
1361 5463 1505 5516 num.
1531 5442 1847 5510 1659,}tan'

300 5509 732 5591 quiani_hora.i...
763 5519 817 5562 ut
843 5509 999 5576 pedes
1021 5509 1521 5583 evangelizautis....
1548 5523 1599 5568 et
1622 5509 1846 5587 evange~

304 5584 547 5646 mantis,
578 5599 597 5632 ι
629 5590 738 5634 etc.
1759 5584 1775 5587 '
1838 5592 1847 5599 '

1976 4772 1990 4779 “
2018 4771 2128 4840 (45)
2174 4769 2390 4823 Videtur
2408 4772 2558 4840 deest
2584 4770 2904 4840 iagomnibus
2927 4783 3054 4840 mss.
3081 4777 3129 4820 et
3158 4769 3314 4840 editis
3333 4808 3346 4831 ,
3377 4770 3470 4822 sed

1945 4838 2287 4907 Supplendum
2335 4838 2561 4892 videtur.
2634 4838 2828 4889 Deinde
2875 4839 3115 4907 editiLc
3152 4838 3405 4889 futurum.
3444 4857 3462 4886 ι

1946 4903 2024 4961 Εῐ
2048 4903 2202 4974 paulo
2239 4919 2354 4974 poet
2382 4924 2480 4958 ms.
2517 4907 2708 4971 Regius
2758 4919 2901 4955 num.
2950 4903 3082 4956 1659
3106 4943 3121 4967 ,
3170 4922 3187 4954 ι
3222 4920 3317 4972 per
3349 4918 3458 4969 pro-

1963 4976 2171 5028 thetam.
2211 4995 2228 5026 ι

1944 4990 2364 5112 υηῗὶὲῗὺᾶηιὶηε
2389 5041 2499 5112 quis
2528 5038 2891 5112 credidit,_etc.
2922 5053 3089 5112 usque
3107 5038 3202 5112 ad,
3231 5054 3471 5112 non_cre-

1943 5107 2161 5171 dement,
2192 5119 2237 5161 et
2270 5107 2713 5166 contradicentem,
2747 5107 2941 5159 desunt
2967 5108 3021 5159 in
3059 5107 3231 5171 editis,
3262 5107 3358 5161 sed
3386 5124 3472 5161 rc-

1945 5180 2237 5232 stituuntur
2266 5192 2330 5229 ex
2359 5176 2602 5227 omnibus
2630 5188 2755 5227 mss.
2786 5175 3003 5229 nostris.

2016 5247 2121 5315 (Η)
2152 5243 2286 5297 Editi
2332 5254 2382 5296 et
2424 5243 2700 5299 Rabanus.
2726 5260 2753 5315 _«
2786 5242 2968 5315 Neque
3010 5241 3149 5295 enim
3181 5258 3406 5315 omnes,
3448 5263 3467 5294 ι

1947 5310 2049 5369 etc.
2078 5310 2180 5367 Sed
2208 5326 2393 5363 omnes
2420 5326 2544 5363 mss.
2576 5310 2739 5362 nostri
2770 5310 3022 5366 omittunt
3050 5330 3068 5359 ‹
3107 5311 3269 5364 enim.
3309 5330 3330 5362 ι

2019 5382 2129 5451 (48),
2159 5380 2301 5444 Quis.
2331 5379 2404 5431 Ita
2434 5388 2576 5451 recte
2603 5392 2700 5451 ius.
2739 5393 2876 5431 unus
2904 5380 3098 5451 Regius
3135 5394 3282 5433 num.
3315 5380 3469 5436 1659.

1947 5446 2136 5519 Caiteri
2168 5463 2294 5519 vero
2325 5462 2486 5519 _mss.,
2526 5446 2768 5499 Itabanus
2811 5456 2865 5499 et
2894 5447 3049 5513 editi,
3082 5468 3098 5497 ι
3134 5463 3413 5519 quemque.
3448 5471 3467 5501 ι

1951 5518 2041 5576 Sic
2070 5526 2121 5574 et
2148 5516 2300 5589 paulo
2324 5515 2478 5570 intra.
