3894 6238
312 323 448 378 ηπ

1723 306 2034 362 ORIGENIS

3513 276 3669 331 H72

312 445 472 507 nunc,
499 440 614 508 quis
643 435 868 491 credidit
909 434 1106 487 auditui
1157 440 1336 486 nostro
1360 432 1444 484 ⁵⁵⁸2
1478 450 1497 483 ι
1524 430 1663 496 quod
1706 429 1833 483 dicit
1863 433 1908 486 Α
1935 427 2102 495 quelte
2132 440 2302 491 neque
2331 426 2665 481 sermones,
2687 424 2945 483 quorum
2978 421 3114 508 non.
3140 401 3504 458 audiuntur
3526 399 3648 466 (55)

310 530 487 594 isaias,
523 542 695 582 rarum
728 527 843 594 quis
870 524 1147 594 significat.
1189 523 1338 576 Scire
1367 532 1542 575 tamen
1573 536 1669 573 nos
1695 536 1827 573 cou-

312 621 471 679 venit,
495 616 631 685 quod
658 633 675 667 r
698 615 941 668 Domine,
960 614 1079 682 quis
1099 615 1324 666 credidit
1341 613 1539 665 auditui
1564 611 1782 664 nostro?
1812 630 1829 661 ι

312 708 363 759 in
397 704 628 757 Hebrazis
653 702 1042 769 exemplaribus
1084 701 1301 753 Domine
1354 717 1454 753 non
1500 700 1710 764 habeat,
1741 700 1834 752 sed

314 795 369 845 in
419 793 861 858 interpretatione
910 790 1253 856 Septuaginta
1305 789 1583 842 Seniornm
1637 790 1706 841 sit
1737 805 1751 841 :
1782 795 1836 838 et

311 879 590 948 Apostolus
637 878 750 948 (49)
795 880 890 931 hoc
939 879 1169 945 probans
1211 877 1348 945 quod
1391 879 1524 943 apud
1570 876 1685 928 illos
1729 886 1834 938 est,

313 969 483 1036 posuit
510 966 742 1018 Domine.
765 964 979 1018 Videtur
1006 973 1180 1016 tamen
1202 961 1364 1015 lsaias
1389 962 1497 1015 hmc
1521 975 1582 1015 ex
1613 974 1835 1027 persona

314 1052 670 1122 apostolorum
721 1052 1055 1119 prophetare,
1109 1051 1301 1117 quibus
1353 1050 1611 1103 creditum
1662 1049 1838 1101 fuerat

313 1140 702 1209 praedicationis
731 1138 954 1194 ollicium
986 1156 999 1190 :
1026 1148 1079 1191 et
1123 1139 1220 1206 ipsi
1254 1154 1370 1189 cum
1423 1138 1697 1190 raritatem
1722 1153 1838 1189 cre-

315 1233 550 1285 dentium
599 1230 863 1297 przecipue
907 1228 971 1280 de
1010 1226 1200 1295 popqu
1246 1225 1404 1279 Israel
1435 1226 1675 1278 viderent
1704 1224 1836 1295 (50),

314 1322 497 1375 dicunt
527 1322 593 1373 ad
627 1319 907 1372 Dominum
943 1335 957 1370 :
996 1335 1015 1366 ι
1053 1316 1291 1380 Domine,
1344 1317 1463 1383 quis
1494 1316 1718 1368 credidit
1746 1330 1839 1365 au-

317 1411 451 1464 ditui
483 1418 664 1464 nostro
688 1408 770 1460 "‘2
805 1427 824 1459 ι
861 1409 997 1461 sicut
1021 1418 1073 1460 et
1097 1408 1222 1459 illud
1249 1422 1312 1459 ex
1348 1420 1571 1472 persona
1604 1406 1836 1471 ipsorum

316 1500 529 1562 dicitur,
579 1499 701 1567 quia
737 1515 756 1548 ι
795 1498 1219 1550 aununtiavimus
1249 1497 1357 1565 (5i)
1389 1500 1521 1550 sicut
1557 1511 1688 1563 puer
1718 1506 1840 1549 ante

318 1593 514 1657 ipsum,
544 1590 681 1644 sicut
704 1588 850 1642 radix
880 1588 928 1640 in
964 1596 1102 1640 terra
1129 1586 1325 1639 sitienti
1358 1586 1420 1639 “.
1459 1605 1476 1635 ι
1511 1586 1572 1637 Ει
1598 1587 1692 1653 ipsi
1721 1594 1841 1638 sunt

316 1677 663 1732 nihilominus
689 1677 779 1742 qui
810 1676 989 1729 dicunt
1016 1674 1158 1727 velut
1187 1689 1306 1725 cum
1348 1674 1457 1740 ipso
1502 1673 1655 1739 positi
1682 1681 1733 1725 el
1761 1671 1840 1723 vi-

318 1770 501 1821 dentes
527 1782 644 1820 eum
676 1767 727 1818 in
759 1766 937 1817 habitu
968 1765 1216 1824 humano,
1248 1765 1366 1828 quia
1401 1780 1422 1811 ι
1450 1762 1675 1814 vidimus
1699 1775 1843 1820 eum,

319 1865 371 1908 et
404 1866 505 1907 non
536 1854 762 1907 habebat
787 1852 1012 1920 speciem
1046 1865 1213 1918 neque
1236 1851 1477 1903 decorem
1501 1851 1567 1911 ⁸⁷,
1604 1866 1623 1898 ι
1650 1858 1702 1901 et
1725 1848 1846 1901 reli-

320 1954 443 2012 qua.
483 1943 584 1996 Sed
610 1952 663 1994 et
693 1943 736 1994 si
772 1941 840 1992 ad
875 1942 1154 2007 persultant
1195 1939 1423 2004 ipsorum
1473 1936 1843 2004 prOphetarutn

321 2031 618 2085 referantur
667 2031 776 2082 haec
829 2031 1009 2091 verba,
1055 2026 1204 2092 quasi
1254 2026 1343 2093 qui
1390 2025 1524 2092 apud
1570 2024 1844 2076 Dominum

323 2130 718 2187 conquerantur
742 2120 882 2185 quod
910 2118 993 2169 his
1020 2131 1136 2183 qua:
1164 2116 1228 2168 de
1255 2115 1466 2169 Christo
1496 2116 1845 2182 prophetave-

323 2212 449 2274 rint,
484 2225 640 2263 nemo
671 2218 763 2261 aut
797 2209 1077 2262 admodum
1126 2207 1277 2272 pauci
1319 2221 1381 2259 ex
1409 2206 1597 2274 populo
1623 2204 1709 2257 illo
1738 2203 1848 2273 (59.)

322 2300 664 2365 crediderint,
719 2314 821 2352 non
875 2298 1143 2351 videbitur
1189 2298 1440 2349 alienum.
1491 2299 1594 2350 Aut
1626 2313 1726 2349 non
1768 2308 1850 2351 est

324 2391 612 2457 putandum
641 2388 759 2455 quia
786 2386 994 2456 Moyses
1016 2387 1157 2441 dicat
1180 2389 1244 2438 ad
1270 2386 1544 2440 Dominum
1571 2404 1583 2438 :
1610 2387 1847 2448 Domine,

322 2496 478 2534 nemo
502 2481 725 2533 credidit
756 2479 956 2531 auditui
993 2478 1150 2531 meo?
1200 2477 1255 2529 Si
1312 2477 1452 2529 enim
1504 2476 1853 2530 credidissent

325 2568 514 2622 litteris
541 2569 691 2631 meis,
721 2569 1066 2622 credidissent
1100 2567 1277 2633 utique
1301 2573 1353 2617 et
1374 2564 1583 2617 Christo
1608 2581 1623 2618 ε
1647 2566 1710 2617 de
1736 2565 1849 2632 ipso

324 2659 465 2710 enim
497 2672 595 2724 ego
627 2657 855 2723 scripsi:
894 2675 912 2705 ‹
947 2655 1083 2722 Ergo
1116 2655 1242 2707 ﬁdes
1282 2670 1346 2706 ex
1381 2655 1594 2717 auditu;
1640 2655 1851 2706 auditus

327 2754 502 2796 autem
535 2759 630 2812 per
651 2742 866 2796 verbum
901 2742 1119 2796 Christi.
1144 2760 1161 2792 ι
1192 2741 1285 2793 llic
1312 2760 1329 2791 ι
1361 2744 1579 2794 verbum
1599 2741 1795 2794 Christi
1826 2762 1845 2793 ι

326 2834 754 2899 prmdicationem
803 2833 869 2887 de
895 2832 1116 2885 Christo
1166 2831 1445 2896 signiﬁcat.
1501 2830 1680 2898 Neque
1708 2833 1849 2884 enim

326 2924 401 2975 illi
453 2923 549 2976 soli
602 2922 938 2976 crediderunt
978 2922 1068 2989 qui
1113 2922 1331 2974 verbum
1380 2920 1445 2972 ab
1495 2921 1608 2985 ipso
1641 2919 1850 2973 Christo

329 3010 451 3064 Jesu
486 3009 595 3080 (55)
637 3011 861 3064 Domino
913 3010 1160 3076 loquente
1202 3009 1508 3073 audierunt;
1560 3009 1650 3061 sed
1688 3009 1851 3062 multo

326 3102 504 3168 plures
530 3110 671 3164 sunt,
701 3099 790 3168 qui
822 3099 949 3152 aliis
966 3114 1085 3151 eum
1114 3098 1525 3165 prazdicantibus
1548 3099 1848 3163 audierunt,

330 3190 545 3241 sicutet
566 3189 676 3255 ipse
702 3186 956 3240 Dominus
1001 3188 1313 3255 praedixerat
1364 3187 1585 3256 loquens
1609 3189 1674 3241 ad
1709 3187 1852 3240 Tho-

330 3286 467 3330 tnam
500 3280 545 3311 ³⁸
576 3293 590 3330 :
623 3295 641 3327 ι
681 3277 814 3342 Quia
871 3278 1044 3331 vidisti
1086 3292 1192 3342 me,
1228 3297 1247 3330 ι
1280 3279 1468 3346 inquit,
1499 3297 1518 3328 ι
1548 3278 1850 3341 credidisti;

330 3368 471 3421 beati
499 3383 599 3421 non
625 3368 867 3421 videntes
893 3376 948 3420 et
974 3368 1272 3422 ’credentes
1301 3369 1432 3437 (54).
1474 3388 1493 3420 ι
1529 3368 1698 3423 Omne
1725 3384 1855 3436 ergo

328 3460 547 3512 verbum
595 3459 734 3526 quod
764 3457 1011 3526 apostoli,
1041 3467 1097 3512 et
1147 3460 1190 3512 si
1220 3460 1308 3528 qui
1358 3460 1445 3511 alii
1479 3459 1551 3512 ab
1603 3460 1718 3527 ipso
1763 3474 1855 3512 ac-

330 3557 480 3616 cepta
539 3551 711 3618 gratia
764 3549 830 3603 de
878 3550 1092 3605 Christo
1139 3552 1578 3617 praedicaverunt,
1634 3551 1851 3604 verbum

332 3637 533 3691 Christi
564 3652 682 3693 esse
711 3638 1039 3706 pronuntiat.
1071 3637 1175 3691 Sed
1205 3647 1260 3692 et
1289 3638 1340 3692 in
1375 3639 1609 3692 Ecclesia
1640 3639 1687 3692 si
1735 3640 1856 3706 quis

332 3730 643 3797 sapientiam
675 3745 792 3797 qua:
836 3745 901 3784 ex
954 3732 1061 3786 Deo
1108 3739 1210 3795 est,
1262 3739 1315 3783 et
1347 3732 1620 3783 veritatem
1652 3730 1741 3783 Dei
1778 3731 1855 3783 lo-

331 3828 548 3893 quatur,
582 3820 624 3873 si
649 3821 768 3888 quis
800 3821 936 3873 viam
968 3820 1080 3884 Dei,
1105 3835 1221 3888 quae
1248 3820 1491 3874 Christus
1518 3829 1623 3883 est,
1648 3822 1854 3888 doceat,

331 3921 386 3964 et
407 3910 666 3976 justitiam
695 3909 809 3976 ejus
831 3920 1075 3979 exponat,
1107 3912 1225 3964 sine
1252 3910 1411 3963 dubio
1439 3911 1577 3978 quod
1601 3911 1855 3978 loquitur,

329 4001 548 4053 Verbum
596 3999 789 4053 Christi
820 4010 919 4054 est.
950 4018 968 4049 ι
1005 3999 1105 4053 Sed
1144 4000 1258 4051 diro
1294 4016 1308 4051 :
1338 3997 1582 4065 Nunquid
1626 4012 1729 4050 non
1761 4013 1857 4050 au-

334 4088 583 4142 dierunt?
609 4087 664 4139 ln
694 4102 904 4141 omnem
931 4076 1126 4141 terrain
1160 4087 1324 4139 exivit
1366 4100 1532 4139 sonus
1566 4100 1769 4149 eorum,
1803 4094 1857 4140 et

331 4179 386 4233 in
412 4179 542 4232 ﬁnes
572 4180 719 4232 orbis
748 4187 902 4231 terra:
928 4178 1089 4230 verba
1114 4192 1320 4231 eorum.
1357 4194 1375 4226 ι
1415 4174 1534 4227 Ηίεο
1563 4176 1626 4228 de
1655 4176 1858 4241 psalmo

333 4281 522 4323 octavo
554 4269 759 4323 decimo
796 4269 1099 4331 assumitur,
1130 4267 1217 4321 ubi
1256 4267 1330 4318 ait
1357 4282 1371 4317 :
1402 4284 1420 4314 ι
1453 4263 1567 4319 Non
1619 4274 1741 4317 sunt
1773 4266 1857 4319 lo-

405 4428 452 4460 “
487 4429 585 4483 lsa.
617 4428 801 4488 und;
833 4428 984 4480 Rom.
1020 4441 1075 4487 Χ,
1112 4424 1197 4477 16.
1269 4425 1313 4456 ⁸⁵
1354 4422 1502 4477 Joan.
1549 4434 1644 4484 xtl,
1687 4423 1773 4475 58.

430 4497 482 4549 4.
559 4494 612 4526 ⁸⁸)
630 4496 772 4549 Psal.
804 4502 931 4548 xvu‘r
986 4495 1038 4548 5.
1114 4494 1159 4524 “
1187 4493 1224 4544 ll
1268 4491 1402 4544 Tim.
1438 4501 1473 4549 ι,
1504 4493 1588 4543 ll.
1663 4493 1706 4521 θ’
1743 4491 1850 4545 lCo

2066 4426 2265 4486 Lttt,2.
2340 4426 2385 4457 ⁸⁷
2432 4428 2567 4483 ibid.

2028 4494 2104 4546 2‘2.
2181 4495 2226 4525 "
2266 4494 2393 4548 ibid.
2439 4497 2493 4549 6.

1823 4509 1901 4544 or.
1933 4510 1988 4554 ll,
2018 4499 2104 4546 2‘2.
2181 4499 2226 4525 "
2267 4499 2393 4548 ibid.
2439 4499 2493 4549 6.

338 4506 401 4556 tt,
430 4497 482 4549 4.
559 4494 612 4526 ⁸⁸)
630 4496 772 4549 Psal.
804 4502 952 4559 xvu‘r,
986 4495 1038 4548 5.
1114 4494 1159 4524 “
1187 4493 1224 4544 ll
1268 4491 1402 4544 Tim.
1438 4501 1473 4553 ι,
1504 4493 1588 4543 ll.

1936 533 2093 572 voces
2115 531 2319 570 eorum.
2343 514 2399 567 In
2428 527 2660 567 omnem
2694 519 2918 561 terram
2949 498 3149 555 exivit
3179 505 3390 549 sonus
3421 505 3663 549 eorum,

1936 610 2068 662 etin
2104 607 2236 660 ﬁnes
2278 606 2425 660 orbis
2466 614 2635 656 terrae
2666 598 2849 652 verba
2911 602 3160 647 eorum.
3213 602 3239 636 ι
3282 582 3353 636 In
3392 593 3527 647 Quo
3559 592 3666 645 pro

1938 700 2237 765 linguarum
2280 705 2334 748 et
2363 705 2690 747 sermonum
2738 685 3044 739 varietate
3102 685 3343 747 gentes
3380 672 3527 765 sine
3558 670 3665 720 du—

1934 760 2042 839 bio‘
2082 783 2456 850 intelliguntur
2517 795 2533 831 :
2603 788 2662 830 et
2692 775 2914 829 dicitur
2985 769 3139 838 quia
3234 760 3669 850 apostolorum

1936 874 2132 928 Christi
2162 875 2213 925 in
2250 849 2462 924 omnem
2498 869 2727 937 quidem
2761 873 2989 918 terram
3026 870 3241 913 sonus
3275 852 3517 907 exierit
3553 868 3571 902 :
3612 849 3670 900 in

1937 964 2072 1017 ﬁnes
2101 978 2228 1017 vero
2254 962 2401 1015 orbis
2431 971 2600 1013 terra:
2632 972 2745 1010 non
2775 967 2994 1013 sonus,
3052 950 3174 1003 sed
3210 944 3419 1007 verba
3453 956 3671 1010 nerve»

1938 1052 2134 1105 neriut.
2194 1051 2346 1116 Quod
2380 1050 2451 1103 ita
2502 1046 2737 1115 intelligi
2792 1051 3025 1110 potest,
3071 1038 3240 1108 quia
3290 1051 3317 1086 ε
3359 1044 3596 1088 terram
3639 1049 3665 1081 ι

1938 1141 2216 1209 imperitos
2237 1151 2485 1206 quosque
2511 1145 2567 1187 et
2591 1130 2942 1187 iudocibiles
2970 1125 3287 1180 homines
3315 1120 3492 1174 dicat
3517 1117 3665 1189 (56).

1938 1231 2002 1282 ad
2033 1242 2165 1296 quos
2195 1243 2299 1280 non
2326 1227 2515 1287 verba,
2543 1224 2598 1277 in
2650 1222 2868 1289 quibus
2904 1217 3073 1270 ratio
3109 1213 3274 1267 ﬁdei
3313 1211 3675 1266 continetur

1938 1328 1990 1372 et
2015 1318 2317 1385 explanatio
2350 1314 2655 1383 sapientiai,
2688 1311 2789 1365 sed
2830 1321 3021 1363 sonus
3058 1304 3218 1358 lidei
3259 1300 3585 1357 communi
3612 1308 3670 1352 et

1938 1407 2161 1474 simplici
2198 1405 2587 1472 praedicatione
2621 1399 2965 1469 pervenerit
3000 1412 3019 1448 :
3062 1394 3270 1448 ﬁnem
3320 1405 3478 1443 vero
3509 1390 3670 1442 orbis

1938 1505 2207 1549 terrarum
2248 1494 2581 1547 eruditiores
2620 1502 2888 1559 quosque
2948 1494 3013 1539 et
3050 1483 3533 1553 prudentiores
3571 1495 3670 1545 ap-

1938 1584 2233 1653 pellaverit.
2260 1583 2415 1637 Finis
2456 1583 2604 1636 enim
2640 1578 3092 1649 perfectionem
3142 1574 3407 1626 indicat
3441 1586 3673 1624 rerum.

1944 1678 2020 1729 Ad
2050 1678 2148 1730 hos
2172 1691 2299 1743 ergo
2332 1674 2470 1728 tales
2498 1688 2605 1726 non
2651 1686 2860 1725 sonum
2907 1668 3118 1729 vocis,
3163 1664 3289 1719 sed
3328 1662 3466 1733 (57)
3493 1664 3670 1715 verba

1944 1776 1997 1820 et
2028 1767 2293 1819 rationem
2326 1765 2642 1832 pervenisse
2688 1760 3079 1828 pronuntiat,
3123 1756 3241 1825 qui
3315 1753 3540 1821 utique
3569 1768 3671 1806 au-

1945 1859 2147 1910 dientes
2171 1868 2476 1909 sermonem
2518 1853 2667 1913 lidei,
2704 1851 2889 1903 etiam
2940 1845 3364 1915 perscrutari
3414 1852 3674 1911 possunt.

1944 1957 1996 2001 et
2042 1946 2358 2013 perquirere
2408 1941 2734 2008 Scripturas
2797 1937 3081 1997 divinas,
3158 1942 3239 1986 ut
3291 1943 3671 2001 cognoscant

1944 2050 2125 2091 eorum
2155 2035 2467 2096 verborum,
2495 2046 2619 2099 quae
2640 2032 2725 2084 eis
2757 2043 2867 2097 per
2906 2027 3256 2096 apostolos
3303 2027 3670 2080 annuntiat:

1944 2134 2087 2188 sunt,
2122 2124 2430 2178 veritatem.
2478 2121 2543 2175 Et
2587 2122 2735 2174 hanc
2780 2134 2925 2173 esse
2986 2119 3053 2172 in
3096 2120 3207 2172 his
3256 2116 3673 2172 diﬂ’erentiam

1945 2217 2122 2270 sciens
2152 2213 2460 2282 Apostolus,
2494 2211 2547 2265 id
2590 2222 2675 2264 est
2708 2211 2767 2263 in
2797 2225 2957 2265 sono
2995 2220 3064 2263 et
3097 2210 3364 2273 verbis,
3417 2211 3673 2276 quartam

1948 2306 2063 2358 loco
2093 2307 2164 2356 ita
2196 2303 2330 2357 dicit
2362 2321 2376 2357 ;
2411 2320 2431 2352 r
2472 2301 2541 2355 Et
2566 2316 2761 2354 sermo
2791 2315 3007 2365 meus,
3044 2309 3113 2354 et
3144 2300 3531 2369 praedicatio
3551 2313 3673 2352 mea

1948 2412 2050 2450 non
2084 2395 2183 2447 fuit
2225 2395 2278 2446 in
2310 2392 2579 2446 suasoriis
2622 2390 2745 2459 (58)
2777 2391 3125 2458 sapientia:
3180 2391 3439 2455 verbis,
3477 2391 3580 2444 sed
3616 2390 3671 2442 in

1944 2481 2251 2533 ostensione
2305 2478 2543 2546 Spiritus
2601 2486 2659 2530 et
2704 2478 2960 2532 virtutis
2989 2479 3090 2540 ";
3138 2497 3165 2530 ι
3208 2489 3288 2533 ut
3324 2479 3670 2533 ostenderet

1946 2569 2168 2622 verbum
2209 2568 2422 2634 quidem
2454 2581 2578 2619 esse
2600 2581 2715 2635 quo
2745 2582 2855 2634 per
2889 2568 3214 2624 virtutem
3268 2568 3553 2639 Spiritus
3580 2586 3671 2623 sa-

1947 2659 2140 2728 pientia
2195 2656 2289 2710 Dei
2340 2656 2575 2710 lucidius
2631 2656 3012 2724 explanatur
3075 2677 3094 2713 :
3163 2660 3669 2727 praedicationem

1947 2762 2072 2801 vero
2127 2748 2264 2801 hanc
2294 2759 2413 2799 esse
2446 2746 2514 2798 de
2542 2741 2656 2812 qua'
2711 2747 2861 2800 dicit
2926 2747 3303 2815 Propheta,
3367 2751 3517 2818 quia
3558 2769 3579 2801 ι
3615 2751 3671 2802 in

1948 2850 2159 2890 omnem
2190 2844 2387 2887 terram
2412 2834 2585 2886 exivit
2615 2849 2801 2888 sonus
2820 2849 3055 2888 eorum
3091 2837 3151 2867 ⁸⁸³
3185 2856 3203 2890 :
3254 2858 3278 2889 ι
3321 2839 3388 2892 in
3422 2854 3543 2908 qua
3570 2839 3675 2893 sci-

1949 2926 2070 2978 licet
2103 2923 2324 2990 simplex
2369 2924 2722 2976 annuntiatio
2766 2934 2863 2978 est
2912 2926 3056 2995 (59)
3122 2928 3307 2994 ﬁdei,
3351 2940 3417 2983 et
3451 2930 3671 2998 simpli-

1877 3015 2185 3090 ccioribus
2242 3012 2547 3079 quibusque
2603 3013 2936 3070 sulliciens.
3005 3017 3143 3073 Sed
3206 3032 3287 3075 et
3350 3020 3497 3072 alibi
3528 3022 3574 3052 “
3608 3022 3683 3072 de

1953 3105 2241 3171 semetipso
2262 3104 2414 3167 dicit,
2446 3103 2578 3168 quia
2604 3104 2679 3156 sit
2707 3121 2728 3154 ι
2771 3107 3177 3171 praedicator
3212 3121 3284 3164 et
3321 3113 3520 3182 328
3545 3127 3675 3179 apo-

1953 3196 2139 3255 stolus,
2177 3203 2231 3245 et
2290 3192 2553 3259 magister
2603 3193 2897 3261 gentium.
2952 3215 2977 3247 ›
3041 3196 3115 3252 In
3182 3217 3320 3268 quo
3375 3204 3677 3272 apostolus

1952 3284 2164 3351 quidem
2199 3280 2451 3350 generale
2480 3281 2694 3335 indicat
2723 3298 2953 3338 nomen
2988 3287 3229 3352 ofﬁcii,
3284 3294 3397 3358 qui
3428 3308 3546 3345 non
3582 3307 3673 3345 so-

1951 3373 2057 3426 lum
2084 3371 2358 3441 praedicet,
2383 3370 2476 3424 sed
2504 3382 2559 3423 et
2587 3372 2795 3426 doceat
2828 3388 2845 3428 :
2882 3380 3210 3444 praedicet
3240 3383 3506 3449 quidem
3540 3384 3674 3435 sim-

1950 3462 2140 3530 plicem
2175 3461 2357 3527 (idem,
2381 3471 2443 3513 ut
2495 3461 2607 3516 illis
2636 3464 2858 3531 quibus
2887 3468 2982 3520 ait
3024 3485 3042 3521 :
3089 3490 3113 3521 ε
3159 3471 3343 3527 Nihil
3392 3476 3556 3527 enim
3581 3476 3675 3542 ju—

1952 3555 2121 3609 dicavi
2160 3567 2245 3607 me
2279 3554 2418 3607 scire
2456 3554 2601 3606 inter
2633 3566 2760 3620 vos,
2806 3558 2927 3611 nisi
2969 3559 3208 3617 Iesum
3238 3566 3593 3631 Christum,
3621 3576 3675 3619 et

1953 3647 2094 3699 hunc
2121 3645 2433 3699 cruciﬁxum
2457 3645 2538 3711 ⁶²;
2577 3664 2598 3697 ι
2631 3646 2847 3701 doceat
2878 3666 3040 3706 vero
3073 3670 3195 3710 eos
3235 3659 3476 3726 quibus
3533 3662 3688 3716 dices

1952 3740 2045 3791 bat
2085 3750 2099 3787 :
2153 3755 2172 3787 r
2221 3735 2558 3803 Sapientiam
2604 3728 2806 3791 'autem
2860 3741 3204 3809 loquimur
3278 3750 3450 3819 inter
3487 3752 3675 3818 perfe-

1953 3836 2068 3878 ctos
2098 3824 2164 3877 “.
2197 3841 2217 3877 ι
2250 3823 2306 3876 lu
2335 3824 2535 3891 quibus
2588 3827 2936 3880 ostenditur
2994 3836 3179 3899 quod
3248 3838 3385 3892 illis
3442 3840 3677 3908 quidem

1953 3928 2140 3968 sonum
2165 3912 2566 3981 praedicationis
2601 3917 2872 3982 protulit,
2926 3919 3032 3974 his
3104 3938 3275 3979 vero
3316 3929 3674 3996 sapientiam

1954 4004 2048 4087 Dei
2094 4016 2191 4087 per
2244 4002 2410 4055 verba
2461 4001 2751 4056 disseruit.
2795 4022 2816 4054 ι
2902 4006 3036 4062 Sed
3108 4014 3267 4069 dico
3322 4035 3341 4071 :
3405 4017 3685 4087 Nunquid

1952 4085 2111 4140 lsrael
2142 4101 2245 4140 non
2270 4088 2557 4155 cognovit?
2579 4088 2811 4145 Primus
2839 4091 3098 4165 Moyses
3130 4102 3303 4157 dicit
3367 4120 3382 4155 :
3455 4085 3578 4175 Ego
3605 4107 3677 4160 ad

1953 4174 2346 4231 aemulationem
2374 4193 2469 4232 vos
2501 4179 2780 4234 adducam
2811 4184 2873 4239 in
2920 4203 3047 4242 non
3079 4206 3386 4261 gentem,
3446 4199 3509 4252 in
3543 4215 3679 4268 geu-

1954 4280 2058 4323 tem
2091 4269 2457 4337 insensatam;
2488 4270 2544 4324 in
2576 4272 2724 4326 iram
2760 4290 2870 4330 vos
2903 4279 3225 4340 inducam
3268 4289 3436 4359 (60).
3465 4311 3489 4343 ι
3520 4292 3683 4346 Vide-

2644 4431 2693 4462 ⁸⁸
2734 4432 2911 4490 Joau.
2969 4454 3088 4501 xx,
3140 4444 3261 4500 29.
3356 4450 3411 4482 δ’
3470 4454 3494 4504 I
3543 4451 3677 4507 Cor.

409 4637 519 4704 (49)
552 4636 710 4707 Editi,
741 4654 760 4685 ‹
796 4635 1157 4707 Dornjnfmon
1194 4634 1437 4707 habetur,
1482 4633 1571 4707 sed
1601 4630 1743 4707 iuxta
1774 4631 1850 4683 in-

2031 4631 2156 4707 trent
2186 4635 2528 4707 g_apo_stolus
2561 4654 2583 4687 ι
2620 4652 2726 4704 pro
2763 4658 2785 4691 ε
2824 4650 3120 4707 apostoli.
3169 4674 3192 4706 ι

335 4698 767 4771 terpretationem
810 4701 946 4756 LXX
976 4698 1253 4771 seniorum
1279 4716 1292 4753 :
1319 4702 1397 4754 sic
1424 4710 1475 4753 et
1502 4698 1803 4764 Apostolus,
1837 4718 1856 4750 ι

336 4768 442 4826 etc.
476 4772 578 4826 Sed
612 4786 796 4825 omnes
820 4786 951 4826 mss.
976 4780 1022 4822 et
1051 4768 1297 4823 Rabanus
1324 4779 1380 4821 ut
1408 4771 1458 4821 in
1490 4778 1670 4820 nostro
1700 4776 1866 4828 textu,

337 4841 445 4894 nisi
477 4843 617 4907 quod
668 4837 805 4893 alius
836 4839 1031 4892 habeat
1089 4855 1107 4887 ι
1160 4853 1223 4889 ex
1265 4834 1719 4907 interpretatione,
1757 4852 1776 4884 ›
1818 4843 1874 4887 et

339 4909 428 4960 alii
460 4905 711 4976 emittant
742 4907 1059 4976 particulam
1096 4924 1114 4955 ι
1146 4907 1197 4958 in
1231 4924 1251 4958 ι
1280 4905 1360 4959 vel
1392 4924 1411 4957 ι
1445 4918 1531 4957 ex.
1568 4921 1588 4954 ι

412 4976 524 5041 (50)
570 4975 787 5035 Editi,:
822 4975 1020 5029 vident.
1061 4991 1081 5024 ι
1321 4986 1339 4997 ’

412 5037 527 5111 (51)
558 5042 696 5111 Editi
726 5043 982 5111 plerique,
1017 5060 1035 5092 ι
1075 5057 1138 5095 ex
1169 5054 1390 5108 persona
1418 5040 1623 5093 illorum
1649 5037 1873 5103 dicitur;

312 5111 436 5178 ,ιιυῆ
466 5129 487 5178 »ν
509 5110 637 5178 (³1..
669 5127 687 5160 r
728 5110 870 5178 quia)
898 5110 1291 5172 anntnitiamus,
1334 5127 1351 5159 ι
1376 5118 1478 5162 etc.

418 5175 535 5242 (52)
562 5179 720 5231 Deest
750 5175 771 5228 a
805 5175 896 5230 illo
932 5196 952 5228 ι
985 5178 1209 5231 inlibris
1234 5188 1385 5230 antea
1415 5177 1590 5229 editis.

344 5238 519 5358 ὶῖςῶὃ)
547 5246 744 5299 Christo
769 5248 908 5300 Jesu.
942 5246 1065 5299 Haec
1091 5246 1249 5299 verba
1274 5246 1640 5300 desiderantur
1672 5241 1725 5294 in
1753 5238 1871 5295 edi-s

557 5382 646 5437 Sic
675 5392 804 5438 mss.
825 5390 879 5437 et
906 5380 1178 5451 Rabauus.
1223 5379 1358 5451 Edjti
1388 5397 1532 5443 vero,
1565 5398 1583 5430 ι
1618 5383 1754 5437 beati
1779 5378 1869 5449 qui

361 5448 464 5499 non
493 5448 736 5519 viderunt
765 5462 818 5519 et
847 5450 1199 5519 crediderunt.
1237 5468 1255 5499 ι
1284 5448 1481 5504 Deinde
1527 5465 1625 5503 ms.
1676 5448 1881 5519 Regius.

365 5528 507 5566 Imm.
537 5510 679 5587 1539
701 5526 755 5587 et
776 5518 1046 5587 Rabanus,
1088 5534 1106 5566 ι
1146 5517 1311 5587 anc
1337 5534 1460 5585 ergo
1485 5521 1703 5573 verbum
1733 5510 1881 5587 qvuod

364 5582 602 5646 hpostoli,
627 5593 679 5635 et
716 5586 760 5636 si
790 5585 898 5651 qui,
951 5603 973 5636 ι
1022 5594 1124 5638 etc.
1159 5585 1262 5638 Sed
1293 5582 1461 5639 caueri
1509 5604 1635 5641 mss.
1667 5598 1720 5642 ct
1747 5582 1872 5641 editi

1882 5364 1887 5371 κ
1967 5334 1986 5364 σ
2016 5317 2325 5385 sapientire;
2358 5317 2380 5371 3
2410 5327 2507 5379 sed
2541 5344 2651 5383 vox
2679 5350 2699 5382 ι
2739 5317 3064 5391 humanae":

1961 4699 2534 4829 diﬁﬁzrllfalctegius
2583 4699 2742 4763 num.
2794 4699 2973 4778 1639,
3024 4699 3367 4792 ίηίιῖιίιωε
3414 4744 3539 4785 non
3582 4746 3681 4785 au.

1963 4836 2443 4974 prgsb)dilzg.t.upus
2484 4840 2698 4914 Regius
2721 4864 2884 4905 num.
2912 4854 3077 4912 1639
3110 4860 3320 4920 habet
3357 4886 3381 4919 ι
3420 4870 3678 4925 indicati

2035 4972 2146 5063 £57}
2304 4975 2513 5063 ἱξεᾞῖυξδ
2541 4997 2702 5063 ῐὶνῐῐι-
2738 4987 2917 5052 1659.
2960 5011 2995 5063 ς
3029 5011 3159 5053 non
3219 5006 3434 5061 solum
3476 5024 3651 5062 voces

2394 5043 2412 5059 τ
2552 5052 2563 5063 ,
2902 5043 2916 5052 .
3033 5043 3159 5053 η..--
3219 5043 3434 5061 ww...
3485 5043 3651 5062 ...ιω

1968 5043 2081 5145 ita.
2178 5044 2711 5145 (itﬁmqstuf‘l‘e‘tdfm.
2736 5072 2848 5145 ms.
2881 5060 3319 5145 etlﬁabatnus,
3362 5095 3385 5126 ‹
3423 5081 3527 5145 qui
3565 5050 3675 5130 uti:

1969 5125 2092 5178 que.
2129 5129 2147 5161 ι
2188 5110 2379 5192 Gtc-teri
2430 5132 2569 5173 vero
2598 5137 2734 5177 mss.
2777 5110 2839 5180 et
2884 5110 3328 5207 éiti‘dﬁTEiiii’E.
3362 5110 3671 5201 hiHi";

2032 5178 2144 5247 (58)
2168 5178 2330 5244 Edlll,
2363 5201 2381 5233 ι
2421 5202 2531 5241 non
2560 5202 2694 5244 sunt
2740 5194 2797 5247 in
2852 5205 3152 5247 suasor-ii:
3224 5229 3247 5247 ι
3286 5223 3392 5247 ..ιη
3460 5164 3671 5247 annus

2315 5202 2531 5269 ἶχηοιι
2560 5202 3247 5269 sunt_i_nAsuasnriis,'p
3286 5223 3416 5269 etc.
3460 5202 3674 5269 Deinde

1961 5261 2067 5336 ms:
2080 5263 2240 5336 unus!
2256 5248 2474 5336 Allegius
2494 5274 2642 5336 .num
2653 5300 2666 5312 .
2700 5263 2845 5336 1639
2878 5248 3052 5323 addit
3197 5248 3673 5336 dnTJEEcTL'KIZ

1964 5345 2325 5437 ἰυίἒμιῐῖὲιιωξ
2362 5345 2382 5402 »_
2410 5345 2507 5379 seu
2535 5345 2651 5410 _vox
2679 5350 2699 5382 ι
2740 5345 3007 5390 humana:
3043 5360 3064 5391 ι
3106 5345 3298 5402 deest
3330 5353 3394 5405 in
3431 5355 3672 5422 reliquis

2020 5423 2094 5458 μ..
2200 5402 2338 5440 cuon
2370 5397 2648 5471 medius.
2675 5411 2734 5455 et
2758 5406 2903 5470 apud
2937 5407 3269 5470 Rabanum
3306 5424 3317 5446 ‘

2171 5451 2285 5500 Εεῑ.
2317 5455 2612 5500 (lmllltlnr
2644 5466 2698 5500 in
2735 5470 2897 5500 ηιΙῖιῖε-
2959 5456 3300 5500 ῐ)..ιυ.-.---.
3446 5486 3485 5500 ’-

2028 5448 2137 5584 ἓὲἓ)
2171 5448 3300 5546 ιδῃριηίςιίιρξἶιῖεὲἰίἷξ.’ἰξὶῖιῖἑὲὶὶἱὲξ
3342 5502 3365 5533 ι
3409 5486 3515 5540 sit.
3560 5504 3582 5537 ι

2126 5521 2338 5584 )Edlu.
2374 5545 2393 5575 ί
2447 5545 2833 5584 lllsmtenmnr
2878 5541 2934 5584 in
2975 5543 3126 5584 ἰνιιηι
3169 5565 3295 5584 una
3351 5556 3582 5584 mh.--

2030 5517 2141 5584 (60')
2170 5521 2338 5584 Editi,
2374 5545 2393 5575 ί
2447 5517 2936 5604 ἱιιδίρίέῆιέῆἶξῖέι
2958 5517 3299 5605 ’i‘rBBTG'S;
3650 5573 3677 5607 ι

1961 5586 2052 5640 sed
2083 5602 2276 5647 omnes
2303 5610 2437 5652 mss.
2470 5613 2537 5658 ut
2562 5606 2621 5661 in
2657 5617 2842 5665 textu.
3600 5596 3626 5624 ι

3891 4084 3894 4215 λ

3892 5532 3894 5681 |
