  <div class='ocr_page' id='page_1' title='image "/cluster/home/n/w/nwhite01/storage/ocr_20150623/14 (Origen; pt. 4)/nyp.33433081862280/602.png"; bbox 0 0 3894 6214; ppageno 0'>
   <div class='ocr_carea' id='block_1_1' title="bbox 349 267 502 323">
    <p class='ocr_par' dir='ltr' id='par_1_1' title="bbox 349 267 502 323">
     <span class='ocr_line' id='line_1_1' title="bbox 349 267 502 323; baseline 0.02 -3"><span class='ocrx_word' id='word_1_1' title='bbox 349 267 502 323; x_wconf 71' lang='grc'><strong>1175</strong></span> 
     </span>
    </p>
   </div>
   <div class='ocr_carea' id='block_1_2' title="bbox 1267 269 2614 334">
    <p class='ocr_par' dir='ltr' id='par_1_2' title="bbox 1267 269 2614 334">
     <span class='ocr_line' id='line_1_2' title="bbox 1267 269 2614 334; baseline -0.003 -9"><span class='ocrx_word' id='word_1_2' title='bbox 1267 271 1608 326; x_wconf 77' lang='lat' dir='ltr'><strong>COMMENT.</strong></span> <span class='ocrx_word' id='word_1_3' title='bbox 1644 270 1709 324; x_wconf 84' lang='lat' dir='ltr'><strong>IN</strong></span> <span class='ocrx_word' id='word_1_4' title='bbox 1742 271 1954 324; x_wconf 82' lang='lat' dir='ltr'><strong>EPIST.</strong></span> <span class='ocrx_word' id='word_1_5' title='bbox 1988 270 2076 323; x_wconf 82' lang='lat' dir='ltr'><strong>AI)</strong></span> <span class='ocrx_word' id='word_1_6' title='bbox 2113 271 2276 324; x_wconf 82' lang='lat' dir='ltr'><strong>ROM.</strong></span> <span class='ocrx_word' id='word_1_7' title='bbox 2310 270 2440 334; x_wconf 50' lang='lat' dir='ltr'><strong>.LIB.</strong></span> <span class='ocrx_word' id='word_1_8' title='bbox 2485 269 2614 323; x_wconf 87' lang='lat' dir='ltr'><strong>VIII.</strong></span> 
     </span>
    </p>
   </div>
   <div class='ocr_carea' id='block_1_3' title="bbox 3375 277 3513 331">
    <p class='ocr_par' dir='ltr' id='par_1_3' title="bbox 3375 277 3513 331">
     <span class='ocr_line' id='line_1_3' title="bbox 3375 277 3513 331; baseline 0.014 -2"><span class='ocrx_word' id='word_1_9' title='bbox 3375 277 3513 331; x_wconf 62' lang='grc'><strong>1174</strong></span> 
     </span>
    </p>
   </div>
   <div class='ocr_carea' id='block_1_4' title="bbox 350 389 3508 458">
    <p class='ocr_par' dir='ltr' id='par_1_4' title="bbox 350 389 3508 458">
     <span class='ocr_line' id='line_1_4' title="bbox 350 389 3508 458; baseline 0.003 -23"><span class='ocrx_word' id='word_1_10' title='bbox 350 397 446 438; x_wconf 84' lang='grc' dir='ltr'>ιιιι·</span> <span class='ocrx_word' id='word_1_11' title='bbox 473 401 538 440; x_wconf 88' lang='lat' dir='ltr'><strong>ea</strong></span> <span class='ocrx_word' id='word_1_12' title='bbox 567 402 682 456; x_wconf 75' lang='lat' dir='ltr'><strong>qua:</strong></span> <span class='ocrx_word' id='word_1_13' title='bbox 705 389 949 456; x_wconf 83' lang='lat' dir='ltr'><strong>superius</strong></span> <span class='ocrx_word' id='word_1_14' title='bbox 979 391 1134 454; x_wconf 83' lang='lat' dir='ltr'><strong>dixit,</strong></span> <span class='ocrx_word' id='word_1_15' title='bbox 1166 391 1230 444; x_wconf 83' lang='lat' dir='ltr'><strong>de</strong></span> <span class='ocrx_word' id='word_1_16' title='bbox 1279 395 1520 458; x_wconf 84' lang='lat' dir='ltr'><strong>gentibus</strong></span> <span class='ocrx_word' id='word_1_17' title='bbox 1549 391 1882 458; x_wconf 75' lang='lat' dir='ltr'><strong>prolocutus;</strong></span> <span class='ocrx_word' id='word_1_18' title='bbox 1912 396 1959 452; x_wconf 78' lang='grc' dir='ltr'><strong>Δ</strong></span> <span class='ocrx_word' id='word_1_19' title='bbox 1987 391 2104 454; x_wconf 90' lang='lat' dir='ltr'><strong>bus,</strong></span> <span class='ocrx_word' id='word_1_20' title='bbox 2131 405 2267 442; x_wconf 91' lang='lat' dir='ltr'><strong>nunc</strong></span> <span class='ocrx_word' id='word_1_21' title='bbox 2306 392 2370 442; x_wconf 93' lang='lat' dir='ltr'><strong>de</strong></span> <span class='ocrx_word' id='word_1_22' title='bbox 2397 391 2555 444; x_wconf 91' lang='lat' dir='ltr'><strong>Israel</strong></span> <span class='ocrx_word' id='word_1_23' title='bbox 2605 390 2782 442; x_wconf 74' lang='lat' dir='ltr'><strong>facere</strong></span> <span class='ocrx_word' id='word_1_24' title='bbox 2826 403 3145 454; x_wconf 84' lang='lat' dir='ltr'><strong>sermonem,</strong></span> <span class='ocrx_word' id='word_1_25' title='bbox 3191 393 3304 456; x_wconf 51' lang='lat' dir='ltr'><strong>necf</strong></span> <span class='ocrx_word' id='word_1_26' title='bbox 3333 401 3508 447; x_wconf 89' lang='lat' dir='ltr'><strong>tamen</strong></span> 
     </span>
    </p>
   </div>
   <div class='ocr_carea' id='block_1_5' title="bbox 348 478 1890 542">
    <p class='ocr_par' dir='ltr' id='par_1_5' title="bbox 348 478 1890 542">
     <span class='ocr_line' id='line_1_5' title="bbox 348 478 1890 542; baseline 0.005 -18"><span class='ocrx_word' id='word_1_27' title='bbox 348 491 504 528; x_wconf 91' lang='lat' dir='ltr'><strong>nunc</strong></span> <span class='ocrx_word' id='word_1_28' title='bbox 536 491 680 540; x_wconf 92' lang='lat' dir='ltr'><strong>vero,</strong></span> <span class='ocrx_word' id='word_1_29' title='bbox 713 487 768 529; x_wconf 93' lang='lat' dir='ltr'><strong>ut</strong></span> <span class='ocrx_word' id='word_1_30' title='bbox 800 478 896 530; x_wconf 81' lang='lat' dir='ltr'><strong>sibi</strong></span> <span class='ocrx_word' id='word_1_31' title='bbox 931 481 1093 533; x_wconf 88' lang='lat' dir='ltr'><strong>moris</strong></span> <span class='ocrx_word' id='word_1_32' title='bbox 1123 489 1224 542; x_wconf 86' lang='lat' dir='ltr'><strong>est,</strong></span> <span class='ocrx_word' id='word_1_33' title='bbox 1263 480 1420 533; x_wconf 87' lang='lat' dir='ltr'><strong>etiam</strong></span> <span class='ocrx_word' id='word_1_34' title='bbox 1461 481 1526 532; x_wconf 90' lang='lat' dir='ltr'><strong>de</strong></span> <span class='ocrx_word' id='word_1_35' title='bbox 1559 478 1717 532; x_wconf 84' lang='lat' dir='ltr'><strong>Israel</strong></span> <span class='ocrx_word' id='word_1_36' title='bbox 1764 479 1890 532; x_wconf 87' lang='lat' dir='ltr'><strong>sub-</strong></span> 
     </span>
    </p>
   </div>
   <div class='ocr_carea' id='block_1_6' title="bbox 339 563 1888 635">
    <p class='ocr_par' dir='ltr' id='par_1_6' title="bbox 339 563 1888 635">
     <span class='ocr_line' id='line_1_6' title="bbox 339 563 1888 635; baseline 0.005 -19"><span class='ocrx_word' id='word_1_37' title='bbox 339 563 584 632; x_wconf 78' lang='lat' dir='ltr'><strong>jungere</strong></span> <span class='ocrx_word' id='word_1_38' title='bbox 609 584 622 619; x_wconf 87' lang='lat'><strong>:</strong></span> <span class='ocrx_word' id='word_1_39' title='bbox 651 568 837 620; x_wconf 75' lang='lat' dir='ltr'><strong>et&#39;vult</strong></span> <span class='ocrx_word' id='word_1_40' title='bbox 864 570 1002 635; x_wconf 92' lang='lat' dir='ltr'><strong>quod</strong></span> <span class='ocrx_word' id='word_1_41' title='bbox 1032 569 1406 622; x_wconf 82' lang='lat' dir='ltr'><strong>inexcusabilis</strong></span> <span class='ocrx_word' id='word_1_42' title='bbox 1443 571 1514 621; x_wconf 93' lang='lat' dir='ltr'><strong>sit</strong></span> <span class='ocrx_word' id='word_1_43' title='bbox 1544 568 1705 621; x_wconf 89' lang='lat' dir='ltr'><strong>Israel</strong></span> <span class='ocrx_word' id='word_1_44' title='bbox 1739 571 1888 623; x_wconf 88' lang='lat' dir='ltr'><strong>testi-</strong></span> 
     </span>
    </p>
   </div>
   <div class='ocr_carea' id='block_1_7' title="bbox 347 656 1892 728">
    <p class='ocr_par' dir='ltr' id='par_1_7' title="bbox 347 656 1892 728">
     <span class='ocr_line' id='line_1_7' title="bbox 347 656 1892 728; baseline 0.005 -23"><span class='ocrx_word' id='word_1_45' title='bbox 347 656 460 708; x_wconf 85' lang='lat' dir='ltr'><strong>lms</strong></span> <span class='ocrx_word' id='word_1_46' title='bbox 491 657 698 710; x_wconf 84' lang='lat' dir='ltr'><strong>idoneis</strong></span> <span class='ocrx_word' id='word_1_47' title='bbox 725 659 1087 726; x_wconf 88' lang='lat' dir='ltr'><strong>comprobare.</strong></span> <span class='ocrx_word' id='word_1_48' title='bbox 1121 660 1254 726; x_wconf 91' lang='lat' dir='ltr'><strong>Ipse,</strong></span> <span class='ocrx_word' id='word_1_49' title='bbox 1306 660 1495 727; x_wconf 93' lang='lat' dir='ltr'><strong>inquit,</strong></span> <span class='ocrx_word' id='word_1_50' title='bbox 1524 657 1726 728; x_wconf 80' lang='lat' dir='ltr'><strong>Moyses</strong></span> <span class='ocrx_word' id='word_1_51' title='bbox 1762 660 1892 713; x_wconf 90' lang='lat' dir='ltr'><strong>dicit</strong></span> 
     </span>
    </p>
   </div>
   <div class='ocr_carea' id='block_1_8' title="bbox 344 747 1890 817">
    <p class='ocr_par' dir='ltr' id='par_1_8' title="bbox 344 747 1890 817">
     <span class='ocr_line' id='line_1_8' title="bbox 344 747 1890 817; baseline 0.005 -25"><span class='ocrx_word' id='word_1_52' title='bbox 344 759 418 796; x_wconf 78' lang='lat' dir='ltr'><strong>ex</strong></span> <span class='ocrx_word' id='word_1_53' title='bbox 456 759 689 811; x_wconf 85' lang='lat' dir='ltr'><strong>persona</strong></span> <span class='ocrx_word' id='word_1_54' title='bbox 722 748 813 800; x_wconf 88' lang='lat' dir='ltr'><strong>Dei</strong></span> <span class='ocrx_word' id='word_1_55' title='bbox 845 764 857 799; x_wconf 90' lang='lat'><strong>:</strong></span> <span class='ocrx_word' id='word_1_56' title='bbox 888 765 906 798; x_wconf 79' lang='grc' dir='ltr'><strong>ι</strong></span> <span class='ocrx_word' id='word_1_57' title='bbox 939 749 1048 817; x_wconf 86' lang='lat' dir='ltr'><strong>Ego</strong></span> <span class='ocrx_word' id='word_1_58' title='bbox 1076 751 1139 801; x_wconf 91' lang='lat' dir='ltr'><strong>ad</strong></span> <span class='ocrx_word' id='word_1_59' title='bbox 1184 751 1571 803; x_wconf 72' lang='lat' dir='ltr'><strong>aunulatiouem</strong></span> <span class='ocrx_word' id='word_1_60' title='bbox 1600 763 1696 802; x_wconf 87' lang='lat' dir='ltr'><strong>vos</strong></span> <span class='ocrx_word' id='word_1_61' title='bbox 1724 747 1890 801; x_wconf 88' lang='lat' dir='ltr'><strong>addu-</strong></span> 
     </span>
    </p>
   </div>
   <div class='ocr_carea' id='block_1_9' title="bbox 340 836 1889 905">
    <p class='ocr_par' dir='ltr' id='par_1_9' title="bbox 340 836 1889 905">
     <span class='ocr_line' id='line_1_9' title="bbox 340 836 1889 905; baseline 0.005 -21"><span class='ocrx_word' id='word_1_62' title='bbox 340 849 476 884; x_wconf 80' lang='lat' dir='ltr'><strong>cam</strong></span> <span class='ocrx_word' id='word_1_63' title='bbox 513 836 566 887; x_wconf 88' lang='lat' dir='ltr'><strong>in</strong></span> <span class='ocrx_word' id='word_1_64' title='bbox 611 851 714 889; x_wconf 92' lang='lat' dir='ltr'><strong>non</strong></span> <span class='ocrx_word' id='word_1_65' title='bbox 759 846 1001 905; x_wconf 85' lang='lat' dir='ltr'><strong>gentem:</strong></span> <span class='ocrx_word' id='word_1_66' title='bbox 1037 857 1056 890; x_wconf 75' lang='grc' dir='ltr'><strong>ι</strong></span> <span class='ocrx_word' id='word_1_67' title='bbox 1090 840 1154 892; x_wconf 87' lang='lat' dir='ltr'><strong>de</strong></span> <span class='ocrx_word' id='word_1_68' title='bbox 1197 841 1510 893; x_wconf 75' lang='lat' dir='ltr'><strong>Christianis</strong></span> <span class='ocrx_word' id='word_1_69' title='bbox 1560 843 1676 894; x_wconf 91' lang='lat' dir='ltr'><strong>sine</strong></span> <span class='ocrx_word' id='word_1_70' title='bbox 1732 839 1889 892; x_wconf 91' lang='lat' dir='ltr'><strong>dubio</strong></span> 
     </span>
    </p>
   </div>
   <div class='ocr_carea' id='block_1_10' title="bbox 345 922 1886 996">
    <p class='ocr_par' dir='ltr' id='par_1_10' title="bbox 345 922 1886 996">
     <span class='ocr_line' id='line_1_10' title="bbox 345 922 1886 996; baseline 0.006 -26"><span class='ocrx_word' id='word_1_71' title='bbox 345 922 575 991; x_wconf 83' lang='lat' dir='ltr'><strong>dicens,</strong></span> <span class='ocrx_word' id='word_1_72' title='bbox 605 924 748 990; x_wconf 88' lang='lat' dir='ltr'><strong>quia</strong></span> <span class='ocrx_word' id='word_1_73' title='bbox 794 925 898 977; x_wconf 90' lang='lat' dir='ltr'><strong>Deo</strong></span> <span class='ocrx_word' id='word_1_74' title='bbox 925 926 989 978; x_wconf 91' lang='lat' dir='ltr'><strong>ad</strong></span> <span class='ocrx_word' id='word_1_75' title='bbox 1036 927 1425 980; x_wconf 62' lang='lat' dir='ltr'><strong>simulationem</strong></span> <span class='ocrx_word' id='word_1_76' title='bbox 1475 929 1668 996; x_wconf 87' lang='lat' dir='ltr'><strong>prioris</strong></span> <span class='ocrx_word' id='word_1_77' title='bbox 1711 927 1886 996; x_wconf 91' lang='lat' dir='ltr'><strong>populi</strong></span> 
     </span>
    </p>
   </div>
   <div class='ocr_carea' id='block_1_11' title="bbox 340 1009 1890 1081">
    <p class='ocr_par' dir='ltr' id='par_1_11' title="bbox 340 1009 1890 1081">
     <span class='ocr_line' id='line_1_11' title="bbox 340 1009 1890 1081; baseline 0.005 -22"><span class='ocrx_word' id='word_1_78' title='bbox 340 1009 624 1063; x_wconf 85' lang='lat' dir='ltr'><strong>increduli</strong></span> <span class='ocrx_word' id='word_1_79' title='bbox 658 1021 711 1065; x_wconf 92' lang='lat' dir='ltr'><strong>et</strong></span> <span class='ocrx_word' id='word_1_80' title='bbox 758 1013 1135 1080; x_wconf 89' lang='lat' dir='ltr'><strong>contemptoris</strong></span> <span class='ocrx_word' id='word_1_81' title='bbox 1190 1016 1442 1081; x_wconf 89' lang='lat' dir='ltr'><strong>assutnpti</strong></span> <span class='ocrx_word' id='word_1_82' title='bbox 1477 1025 1618 1069; x_wconf 91' lang='lat' dir='ltr'><strong>sunt.</strong></span> <span class='ocrx_word' id='word_1_83' title='bbox 1678 1015 1782 1069; x_wconf 90' lang='lat' dir='ltr'><strong>Sed</strong></span> <span class='ocrx_word' id='word_1_84' title='bbox 1813 1015 1890 1067; x_wconf 60' lang='lat' dir='ltr'><strong>vi.</strong></span> 
     </span>
    </p>
   </div>
   <div class='ocr_carea' id='block_1_12' title="bbox 340 1101 1886 1170">
    <p class='ocr_par' dir='ltr' id='par_1_12' title="bbox 340 1101 1886 1170">
     <span class='ocr_line' id='line_1_12' title="bbox 340 1101 1886 1170; baseline 0.003 -19"><span class='ocrx_word' id='word_1_85' title='bbox 340 1101 550 1154; x_wconf 84' lang='lat' dir='ltr'><strong>deatur</strong></span> <span class='ocrx_word' id='word_1_86' title='bbox 578 1102 826 1155; x_wconf 80' lang='lat' dir='ltr'><strong>fortassis</strong></span> <span class='ocrx_word' id='word_1_87' title='bbox 854 1113 1058 1170; x_wconf 79' lang='lat' dir='ltr'><strong>gentem</strong></span> <span class='ocrx_word' id='word_1_88' title='bbox 1089 1118 1117 1154; x_wconf 93' lang='lat' dir='ltr'><strong>a</strong></span> <span class='ocrx_word' id='word_1_89' title='bbox 1147 1103 1254 1156; x_wconf 89' lang='lat' dir='ltr'><strong>Deo</strong></span> <span class='ocrx_word' id='word_1_90' title='bbox 1280 1103 1400 1156; x_wconf 82' lang='lat' dir='ltr'><strong>ﬁdei</strong></span> <span class='ocrx_word' id='word_1_91' title='bbox 1433 1106 1620 1157; x_wconf 89' lang='lat' dir='ltr'><strong>merito</strong></span> <span class='ocrx_word' id='word_1_92' title='bbox 1647 1115 1702 1157; x_wconf 89' lang='lat' dir='ltr'><strong>et</strong></span> <span class='ocrx_word' id='word_1_93' title='bbox 1728 1104 1886 1158; x_wconf 89' lang='lat' dir='ltr'><strong>devo-</strong></span> 
     </span>
    </p>
   </div>
   <div class='ocr_carea' id='block_1_13' title="bbox 340 1190 1888 1260">
    <p class='ocr_par' dir='ltr' id='par_1_13' title="bbox 340 1190 1888 1260">
     <span class='ocr_line' id='line_1_13' title="bbox 340 1190 1888 1260; baseline 0.003 -19"><span class='ocrx_word' id='word_1_94' title='bbox 340 1190 520 1244; x_wconf 83' lang='lat' dir='ltr'><strong>tionis</strong></span> <span class='ocrx_word' id='word_1_95' title='bbox 551 1191 775 1245; x_wconf 89' lang='lat' dir='ltr'><strong>electam</strong></span> <span class='ocrx_word' id='word_1_96' title='bbox 811 1191 1014 1260; x_wconf 84' lang='lat' dir='ltr'><strong>Moyses</strong></span> <span class='ocrx_word' id='word_1_97' title='bbox 1044 1192 1350 1258; x_wconf 90' lang='lat' dir='ltr'><strong>injuriosius</strong></span> <span class='ocrx_word' id='word_1_98' title='bbox 1380 1193 1747 1260; x_wconf 89' lang='lat' dir='ltr'><strong>compellassc,</strong></span> <span class='ocrx_word' id='word_1_99' title='bbox 1771 1208 1888 1246; x_wconf 91' lang='lat' dir='ltr'><strong>cum</strong></span> 
     </span>
    </p>
   </div>
   <div class='ocr_carea' id='block_1_14' title="bbox 337 1277 1887 1348">
    <p class='ocr_par' dir='ltr' id='par_1_14' title="bbox 337 1277 1887 1348">
     <span class='ocr_line' id='line_1_14' title="bbox 337 1277 1887 1348; baseline 0.001 -18"><span class='ocrx_word' id='word_1_100' title='bbox 337 1279 510 1342; x_wconf 84' lang='lat' dir='ltr'><strong>dicit,</strong></span> <span class='ocrx_word' id='word_1_101' title='bbox 547 1297 568 1329; x_wconf 77' lang='grc' dir='ltr'><strong>ι</strong></span> <span class='ocrx_word' id='word_1_102' title='bbox 608 1277 664 1331; x_wconf 89' lang='lat' dir='ltr'><strong>In</strong></span> <span class='ocrx_word' id='word_1_103' title='bbox 723 1295 824 1332; x_wconf 88' lang='lat' dir='ltr'><strong>non</strong></span> <span class='ocrx_word' id='word_1_104' title='bbox 853 1291 1083 1348; x_wconf 78' lang='lat' dir='ltr'><strong>gentem,</strong></span> <span class='ocrx_word' id='word_1_105' title='bbox 1117 1299 1136 1329; x_wconf 74' lang='grc' dir='ltr'><strong>ι</strong></span> <span class='ocrx_word' id='word_1_106' title='bbox 1183 1289 1237 1333; x_wconf 88' lang='lat' dir='ltr'><strong>et</strong></span> <span class='ocrx_word' id='word_1_107' title='bbox 1265 1280 1372 1348; x_wconf 83' lang='lat'><strong>(6|)</strong></span> <span class='ocrx_word' id='word_1_108' title='bbox 1409 1280 1478 1332; x_wconf 89' lang='lat' dir='ltr'><strong>ita</strong></span> <span class='ocrx_word' id='word_1_109' title='bbox 1503 1279 1652 1332; x_wconf 79' lang='lat' dir='ltr'><strong>nihili</strong></span> <span class='ocrx_word' id='word_1_110' title='bbox 1679 1280 1887 1339; x_wconf 89' lang='lat' dir='ltr'><strong>ducere,</strong></span> 
     </span>
    </p>
   </div>
   <div class='ocr_carea' id='block_1_15' title="bbox 337 1369 1890 1437">
    <p class='ocr_par' dir='ltr' id='par_1_15' title="bbox 337 1369 1890 1437">
     <span class='ocr_line' id='line_1_15' title="bbox 337 1369 1890 1437; baseline 0 -17"><span class='ocrx_word' id='word_1_111' title='bbox 337 1377 403 1420; x_wconf 90' lang='lat' dir='ltr'><strong>ut</strong></span> <span class='ocrx_word' id='word_1_112' title='bbox 440 1383 546 1422; x_wconf 88' lang='lat' dir='ltr'><strong>nec</strong></span> <span class='ocrx_word' id='word_1_113' title='bbox 573 1378 782 1436; x_wconf 78' lang='lat' dir='ltr'><strong>gentem</strong></span> <span class='ocrx_word' id='word_1_114' title='bbox 810 1385 927 1422; x_wconf 90' lang='lat' dir='ltr'><strong>eam</strong></span> <span class='ocrx_word' id='word_1_115' title='bbox 963 1369 1225 1436; x_wconf 88' lang='lat' dir='ltr'><strong>appellare</strong></span> <span class='ocrx_word' id='word_1_116' title='bbox 1269 1370 1541 1437; x_wconf 76' lang='lat' dir='ltr'><strong>dignetur;</strong></span> <span class='ocrx_word' id='word_1_117' title='bbox 1580 1377 1671 1422; x_wconf 88' lang='lat' dir='ltr'><strong>aut</strong></span> <span class='ocrx_word' id='word_1_118' title='bbox 1709 1369 1752 1422; x_wconf 89' lang='lat' dir='ltr'><strong>si</strong></span> <span class='ocrx_word' id='word_1_119' title='bbox 1801 1383 1890 1434; x_wconf 89' lang='lat' dir='ltr'><strong>ap-</strong></span> 
     </span>
    </p>
   </div>
   <div class='ocr_carea' id='block_1_16' title="bbox 336 1457 1891 1528">
    <p class='ocr_par' dir='ltr' id='par_1_16' title="bbox 336 1457 1891 1528">
     <span class='ocr_line' id='line_1_16' title="bbox 336 1457 1891 1528; baseline -0.001 -19"><span class='ocrx_word' id='word_1_120' title='bbox 336 1458 538 1524; x_wconf 84' lang='lat' dir='ltr'><strong>pellet,</strong></span> <span class='ocrx_word' id='word_1_121' title='bbox 569 1459 904 1525; x_wconf 86' lang='lat' dir='ltr'><strong>insipientem</strong></span> <span class='ocrx_word' id='word_1_122' title='bbox 931 1458 1037 1528; x_wconf 71' lang='lat'><strong>(62)</strong></span> <span class='ocrx_word' id='word_1_123' title='bbox 1073 1460 1366 1511; x_wconf 87' lang='lat' dir='ltr'><strong>nominare.</strong></span> <span class='ocrx_word' id='word_1_124' title='bbox 1404 1457 1505 1510; x_wconf 90' lang='lat' dir='ltr'><strong>Sed</strong></span> <span class='ocrx_word' id='word_1_125' title='bbox 1535 1471 1638 1511; x_wconf 89' lang='lat' dir='ltr'><strong>non</strong></span> <span class='ocrx_word' id='word_1_126' title='bbox 1679 1466 1758 1510; x_wconf 89' lang='lat' dir='ltr'><strong>est</strong></span> <span class='ocrx_word' id='word_1_127' title='bbox 1812 1457 1891 1508; x_wconf 88' lang='lat' dir='ltr'><strong>iu-</strong></span> 
     </span>
    </p>
   </div>
   <div class='ocr_carea' id='block_1_17' title="bbox 1987 478 3512 551">
    <p class='ocr_par' dir='ltr' id='par_1_17' title="bbox 1987 478 3512 551">
     <span class='ocr_line' id='line_1_17' title="bbox 1987 478 3512 551; baseline 0.002 -20"><span class='ocrx_word' id='word_1_128' title='bbox 1987 479 2257 532; x_wconf 87' lang='lat' dir='ltr'><strong>evidenter</strong></span> <span class='ocrx_word' id='word_1_129' title='bbox 2283 487 2336 532; x_wconf 89' lang='lat' dir='ltr'><strong>et</strong></span> <span class='ocrx_word' id='word_1_130' title='bbox 2362 480 2532 548; x_wconf 82' lang='lat' dir='ltr'><strong>palam</strong></span> <span class='ocrx_word' id='word_1_131' title='bbox 2566 478 2990 533; x_wconf 85' lang='lat' dir='ltr'><strong>immutationem</strong></span> <span class='ocrx_word' id='word_1_132' title='bbox 3023 480 3295 536; x_wconf 86' lang='lat' dir='ltr'><strong>declarare</strong></span> <span class='ocrx_word' id='word_1_133' title='bbox 3325 498 3512 551; x_wconf 88' lang='lat' dir='ltr'><strong>perso-</strong></span> 
     </span>
    </p>
   </div>
   <div class='ocr_carea' id='block_1_18' title="bbox 1989 566 3511 637">
    <p class='ocr_par' dir='ltr' id='par_1_18' title="bbox 1989 566 3511 637">
     <span class='ocr_line' id='line_1_18' title="bbox 1989 566 3511 637; baseline 0.005 -18"><span class='ocrx_word' id='word_1_134' title='bbox 1989 582 2069 620; x_wconf 60' lang='lat' dir='ltr'><strong>nae</strong></span> <span class='ocrx_word' id='word_1_135' title='bbox 2097 566 2203 637; x_wconf 89' lang='lat'><strong>(68)</strong></span> <span class='ocrx_word' id='word_1_136' title='bbox 2227 575 2240 620; x_wconf 84' lang='grc'>;</span> <span class='ocrx_word' id='word_1_137' title='bbox 2267 570 2336 620; x_wconf 84' lang='lat' dir='ltr'><strong>ita</strong></span> <span class='ocrx_word' id='word_1_138' title='bbox 2369 579 2422 620; x_wconf 91' lang='lat' dir='ltr'><strong>et</strong></span> <span class='ocrx_word' id='word_1_139' title='bbox 2453 569 2615 622; x_wconf 83' lang='lat' dir='ltr'><strong>Isaias</strong></span> <span class='ocrx_word' id='word_1_140' title='bbox 2639 570 2688 622; x_wconf 93' lang='lat' dir='ltr'><strong>in</strong></span> <span class='ocrx_word' id='word_1_141' title='bbox 2727 569 2808 622; x_wconf 86' lang='lat' dir='ltr'><strong>his</strong></span> <span class='ocrx_word' id='word_1_142' title='bbox 2840 570 3171 623; x_wconf 89' lang='lat' dir='ltr'><strong>sermonibus</strong></span> <span class='ocrx_word' id='word_1_143' title='bbox 3195 571 3350 634; x_wconf 81' lang='lat' dir='ltr'><strong>facit,</strong></span> <span class='ocrx_word' id='word_1_144' title='bbox 3378 588 3511 637; x_wconf 89' lang='lat' dir='ltr'><strong>quos</strong></span> 
     </span>
    </p>
   </div>
   <div class='ocr_carea' id='block_1_19' title="bbox 1990 658 3510 728">
    <p class='ocr_par' dir='ltr' id='par_1_19' title="bbox 1990 658 3510 728">
     <span class='ocr_line' id='line_1_19' title="bbox 1990 658 3510 728; baseline 0.004 -19"><span class='ocrx_word' id='word_1_145' title='bbox 1990 659 2053 710; x_wconf 86' lang='lat' dir='ltr'><strong>ad</strong></span> <span class='ocrx_word' id='word_1_146' title='bbox 2079 658 2372 724; x_wconf 77' lang='lat' dir='ltr'><strong>exernplnm</strong></span> <span class='ocrx_word' id='word_1_147' title='bbox 2398 659 2678 726; x_wconf 78' lang='lat' dir='ltr'><strong>Aposmlus</strong></span> <span class='ocrx_word' id='word_1_148' title='bbox 2709 661 2958 728; x_wconf 89' lang='lat' dir='ltr'><strong>protulit;</strong></span> <span class='ocrx_word' id='word_1_149' title='bbox 2997 670 3048 712; x_wconf 83' lang='lat' dir='ltr'><strong>et</strong></span> <span class='ocrx_word' id='word_1_150' title='bbox 3074 663 3274 728; x_wconf 89' lang='lat' dir='ltr'><strong>primas</strong></span> <span class='ocrx_word' id='word_1_151' title='bbox 3301 663 3510 726; x_wconf 88' lang='lat' dir='ltr'><strong>quidem</strong></span> 
     </span>
    </p>
   </div>
   <div class='ocr_carea' id='block_1_20' title="bbox 1990 747 3514 818">
    <p class='ocr_par' dir='ltr' id='par_1_20' title="bbox 1990 747 3514 818">
     <span class='ocr_line' id='line_1_20' title="bbox 1990 747 3514 818; baseline 0.005 -18"><span class='ocrx_word' id='word_1_152' title='bbox 1990 755 2185 814; x_wconf 88' lang='lat' dir='ltr'><strong>partes,</strong></span> <span class='ocrx_word' id='word_1_153' title='bbox 2223 747 2271 798; x_wconf 92' lang='lat' dir='ltr'><strong>id</strong></span> <span class='ocrx_word' id='word_1_154' title='bbox 2323 759 2423 809; x_wconf 92' lang='lat' dir='ltr'><strong>est,</strong></span> <span class='ocrx_word' id='word_1_155' title='bbox 2463 766 2482 798; x_wconf 79' lang='grc' dir='ltr'><strong>ι</strong></span> <span class='ocrx_word' id='word_1_156' title='bbox 2520 751 2766 802; x_wconf 86' lang='lat' dir='ltr'><strong>inventus</strong></span> <span class='ocrx_word' id='word_1_157' title='bbox 2792 766 2906 803; x_wconf 91' lang='lat' dir='ltr'><strong>smn</strong></span> <span class='ocrx_word' id='word_1_158' title='bbox 2954 765 2982 802; x_wconf 86' lang='lat' dir='ltr'><strong>a</strong></span> <span class='ocrx_word' id='word_1_159' title='bbox 3017 766 3118 804; x_wconf 92' lang='lat' dir='ltr'><strong>non</strong></span> <span class='ocrx_word' id='word_1_160' title='bbox 3155 753 3514 818; x_wconf 71' lang='lat' dir='ltr'><strong>quazreutibus</strong></span> 
     </span>
    </p>
   </div>
   <div class='ocr_carea' id='block_1_21' title="bbox 1990 837 3515 906">
    <p class='ocr_par' dir='ltr' id='par_1_21' title="bbox 1990 837 3515 906">
     <span class='ocr_line' id='line_1_21' title="bbox 1990 837 3515 906; baseline 0.003 -19"><span class='ocrx_word' id='word_1_161' title='bbox 1990 850 2104 898; x_wconf 88' lang='lat' dir='ltr'><strong>me;</strong></span> <span class='ocrx_word' id='word_1_162' title='bbox 2142 837 2312 903; x_wconf 81' lang='lat' dir='ltr'><strong>palam</strong></span> <span class='ocrx_word' id='word_1_163' title='bbox 2345 838 2562 904; x_wconf 82' lang='lat' dir='ltr'><strong>appnrni</strong></span> <span class='ocrx_word' id='word_1_164' title='bbox 2604 837 2743 890; x_wconf 91' lang='lat' dir='ltr'><strong>inter</strong></span> <span class='ocrx_word' id='word_1_165' title='bbox 2776 839 2892 891; x_wconf 88' lang='lat' dir='ltr'><strong>illos</strong></span> <span class='ocrx_word' id='word_1_166' title='bbox 2950 841 3038 906; x_wconf 89' lang='lat' dir='ltr'><strong>qui</strong></span> <span class='ocrx_word' id='word_1_167' title='bbox 3079 854 3182 892; x_wconf 91' lang='lat' dir='ltr'><strong>non</strong></span> <span class='ocrx_word' id='word_1_168' title='bbox 3222 840 3515 906; x_wconf 61' lang='lat' dir='ltr'><strong>interroga-</strong></span> 
     </span>
    </p>
   </div>
   <div class='ocr_carea' id='block_1_22' title="bbox 1991 925 3514 995">
    <p class='ocr_par' dir='ltr' id='par_1_22' title="bbox 1991 925 3514 995">
     <span class='ocr_line' id='line_1_22' title="bbox 1991 925 3514 995; baseline 0.005 -21"><span class='ocrx_word' id='word_1_169' title='bbox 1991 925 2117 976; x_wconf 88' lang='lat' dir='ltr'><strong>bant</strong></span> <span class='ocrx_word' id='word_1_170' title='bbox 2151 941 2252 985; x_wconf 85' lang='lat' dir='ltr'><strong>nte,</strong></span> <span class='ocrx_word' id='word_1_171' title='bbox 2296 943 2314 976; x_wconf 76' lang='grc' dir='ltr'><strong>ι</strong></span> <span class='ocrx_word' id='word_1_172' title='bbox 2343 941 2455 978; x_wconf 90' lang='lat' dir='ltr'><strong>sme</strong></span> <span class='ocrx_word' id='word_1_173' title='bbox 2481 925 2635 977; x_wconf 92' lang='lat' dir='ltr'><strong>dubio</strong></span> <span class='ocrx_word' id='word_1_174' title='bbox 2659 928 2725 979; x_wconf 91' lang='lat' dir='ltr'><strong>de</strong></span> <span class='ocrx_word' id='word_1_175' title='bbox 2756 931 3000 995; x_wconf 84' lang='lat' dir='ltr'><strong>gentibus</strong></span> <span class='ocrx_word' id='word_1_176' title='bbox 3026 930 3152 982; x_wconf 84' lang='lat' dir='ltr'><strong>dicit</strong></span> <span class='ocrx_word' id='word_1_177' title='bbox 3183 948 3197 982; x_wconf 86' lang='lat'><strong>:</strong></span> <span class='ocrx_word' id='word_1_178' title='bbox 3234 941 3289 982; x_wconf 89' lang='lat' dir='ltr'><strong>et</strong></span> <span class='ocrx_word' id='word_1_179' title='bbox 3314 930 3400 982; x_wconf 90' lang='lat' dir='ltr'><strong>ubi</strong></span> <span class='ocrx_word' id='word_1_180' title='bbox 3429 931 3514 983; x_wconf 91' lang='lat' dir='ltr'><strong>ille</strong></span> 
     </span>
    </p>
   </div>
   <div class='ocr_carea' id='block_1_23' title="bbox 1990 1013 3515 1084">
    <p class='ocr_par' dir='ltr' id='par_1_23' title="bbox 1990 1013 3515 1084">
     <span class='ocr_line' id='line_1_23' title="bbox 1990 1013 3515 1084; baseline 0.006 -21"><span class='ocrx_word' id='word_1_181' title='bbox 1990 1025 2266 1078; x_wconf 86' lang='lat' dir='ltr'><strong>personam</strong></span> <span class='ocrx_word' id='word_1_182' title='bbox 2322 1013 2545 1067; x_wconf 89' lang='lat' dir='ltr'><strong>latenter</strong></span> <span class='ocrx_word' id='word_1_183' title='bbox 2572 1017 2834 1079; x_wconf 85' lang='lat' dir='ltr'><strong>immutat,</strong></span> <span class='ocrx_word' id='word_1_184' title='bbox 2884 1019 3163 1084; x_wconf 84' lang='lat' dir='ltr'><strong>Apostolus</strong></span> <span class='ocrx_word' id='word_1_185' title='bbox 3216 1019 3515 1073; x_wconf 75' lang='lat' dir='ltr'><strong>evidentem</strong></span> 
     </span>
    </p>
   </div>
   <div class='ocr_carea' id='block_1_24' title="bbox 1991 1100 3515 1176">
    <p class='ocr_par' dir='ltr' id='par_1_24' title="bbox 1991 1100 3515 1176">
     <span class='ocr_line' id='line_1_24' title="bbox 1991 1100 3515 1176; baseline 0.007 -23"><span class='ocrx_word' id='word_1_186' title='bbox 1991 1100 2379 1156; x_wconf 86' lang='lat' dir='ltr'><strong>distinctionem</strong></span> <span class='ocrx_word' id='word_1_187' title='bbox 2404 1104 2739 1158; x_wconf 87' lang='lat' dir='ltr'><strong>sermonibus</strong></span> <span class='ocrx_word' id='word_1_188' title='bbox 2763 1107 2870 1159; x_wconf 83' lang='lat' dir='ltr'><strong>suis</strong></span> <span class='ocrx_word' id='word_1_189' title='bbox 2905 1108 3044 1160; x_wconf 88' lang='lat' dir='ltr'><strong>dedit</strong></span> <span class='ocrx_word' id='word_1_190' title='bbox 3079 1108 3132 1161; x_wconf 92' lang='lat' dir='ltr'><strong>in</strong></span> <span class='ocrx_word' id='word_1_191' title='bbox 3153 1122 3216 1162; x_wconf 89' lang='lat' dir='ltr'><strong>eo</strong></span> <span class='ocrx_word' id='word_1_192' title='bbox 3248 1111 3386 1176; x_wconf 89' lang='lat' dir='ltr'><strong>quod</strong></span> <span class='ocrx_word' id='word_1_193' title='bbox 3418 1112 3515 1162; x_wconf 81' lang='lat' dir='ltr'><strong>ad-</strong></span> 
     </span>
    </p>
   </div>
   <div class='ocr_carea' id='block_1_25' title="bbox 1992 1190 3512 1263">
    <p class='ocr_par' dir='ltr' id='par_1_25' title="bbox 1992 1190 3512 1263">
     <span class='ocr_line' id='line_1_25' title="bbox 1992 1190 3512 1263; baseline 0.005 -21"><span class='ocrx_word' id='word_1_194' title='bbox 1992 1190 2121 1242; x_wconf 84' lang='lat' dir='ltr'><strong>didit</strong></span> <span class='ocrx_word' id='word_1_195' title='bbox 2149 1209 2161 1242; x_wconf 88' lang='lat'>:</span> <span class='ocrx_word' id='word_1_196' title='bbox 2199 1192 2323 1260; x_wconf 52' lang='lat' dir='ltr'><strong>Q‘Ad</strong></span> <span class='ocrx_word' id='word_1_197' title='bbox 2355 1192 2512 1245; x_wconf 90' lang='lat' dir='ltr'><strong>Israel</strong></span> <span class='ocrx_word' id='word_1_198' title='bbox 2536 1205 2710 1247; x_wconf 89' lang='lat' dir='ltr'><strong>autem</strong></span> <span class='ocrx_word' id='word_1_199' title='bbox 2739 1196 2865 1262; x_wconf 89' lang='lat' dir='ltr'><strong>quid</strong></span> <span class='ocrx_word' id='word_1_200' title='bbox 2910 1197 3067 1248; x_wconf 87' lang='lat' dir='ltr'><strong>dicit?</strong></span> <span class='ocrx_word' id='word_1_201' title='bbox 3107 1216 3126 1246; x_wconf 71' lang='grc' dir='ltr'><strong>ι</strong></span> <span class='ocrx_word' id='word_1_202' title='bbox 3159 1209 3211 1250; x_wconf 91' lang='lat' dir='ltr'><strong>et</strong></span> <span class='ocrx_word' id='word_1_203' title='bbox 3241 1199 3512 1263; x_wconf 87' lang='lat' dir='ltr'><strong>superiora</strong></span> 
     </span>
    </p>
   </div>
   <div class='ocr_carea' id='block_1_26' title="bbox 1989 1276 3514 1350">
    <p class='ocr_par' dir='ltr' id='par_1_26' title="bbox 1989 1276 3514 1350">
     <span class='ocr_line' id='line_1_26' title="bbox 1989 1276 3514 1350; baseline 0.005 -22"><span class='ocrx_word' id='word_1_204' title='bbox 1989 1276 2198 1344; x_wconf 86' lang='lat' dir='ltr'><strong>quidem</strong></span> <span class='ocrx_word' id='word_1_205' title='bbox 2230 1279 2294 1330; x_wconf 90' lang='lat' dir='ltr'><strong>ad</strong></span> <span class='ocrx_word' id='word_1_206' title='bbox 2317 1291 2531 1347; x_wconf 79' lang='lat' dir='ltr'><strong>gentes;</strong></span> <span class='ocrx_word' id='word_1_207' title='bbox 2572 1282 2848 1348; x_wconf 82' lang='lat' dir='ltr'><strong>sequentia</strong></span> <span class='ocrx_word' id='word_1_208' title='bbox 2877 1297 3002 1336; x_wconf 91' lang='lat' dir='ltr'><strong>vero</strong></span> <span class='ocrx_word' id='word_1_209' title='bbox 3024 1286 3240 1350; x_wconf 86' lang='lat' dir='ltr'><strong>exponit</strong></span> <span class='ocrx_word' id='word_1_210' title='bbox 3269 1287 3331 1338; x_wconf 91' lang='lat' dir='ltr'><strong>ad</strong></span> <span class='ocrx_word' id='word_1_211' title='bbox 3353 1286 3514 1338; x_wconf 81' lang='lat' dir='ltr'><strong>Israel</strong></span> 
     </span>
    </p>
   </div>
   <div class='ocr_carea' id='block_1_27' title="bbox 1990 1367 3513 1442">
    <p class='ocr_par' dir='ltr' id='par_1_27' title="bbox 1990 1367 3513 1442">
     <span class='ocr_line' id='line_1_27' title="bbox 1990 1367 3513 1442; baseline 0.004 -22"><span class='ocrx_word' id='word_1_212' title='bbox 1990 1381 2105 1420; x_wconf 89' lang='lat' dir='ltr'><strong>esse</strong></span> <span class='ocrx_word' id='word_1_213' title='bbox 2158 1367 2447 1432; x_wconf 79' lang='lat' dir='ltr'><strong>referenda,</strong></span> <span class='ocrx_word' id='word_1_214' title='bbox 2483 1370 2537 1422; x_wconf 92' lang='lat' dir='ltr'><strong>in</strong></span> <span class='ocrx_word' id='word_1_215' title='bbox 2570 1371 2762 1438; x_wconf 88' lang='lat' dir='ltr'><strong>quibus</strong></span> <span class='ocrx_word' id='word_1_216' title='bbox 2788 1372 2903 1424; x_wconf 86' lang='lat' dir='ltr'><strong>ait:</strong></span> <span class='ocrx_word' id='word_1_217' title='bbox 2936 1390 2954 1421; x_wconf 82' lang='grc' dir='ltr'><strong>ι</strong></span> <span class='ocrx_word' id='word_1_218' title='bbox 2986 1371 3113 1426; x_wconf 89' lang='lat' dir='ltr'><strong>&#39;l‘ota</strong></span> <span class='ocrx_word' id='word_1_219' title='bbox 3154 1374 3238 1426; x_wconf 92' lang='lat' dir='ltr'><strong>die</strong></span> <span class='ocrx_word' id='word_1_220' title='bbox 3288 1375 3513 1442; x_wconf 82' lang='lat' dir='ltr'><strong>expandi</strong></span> 
     </span>
    </p>
   </div>
   <div class='ocr_carea' id='block_1_28' title="bbox 1991 1459 3517 1526">
    <p class='ocr_par' dir='ltr' id='par_1_28' title="bbox 1991 1459 3517 1526">
     <span class='ocr_line' id='line_1_28' title="bbox 1991 1459 3517 1526; baseline 0.004 -19"><span class='ocrx_word' id='word_1_221' title='bbox 1991 1471 2178 1509; x_wconf 87' lang='lat' dir='ltr'><strong>manus</strong></span> <span class='ocrx_word' id='word_1_222' title='bbox 2211 1472 2356 1510; x_wconf 89' lang='lat' dir='ltr'><strong>meas</strong></span> <span class='ocrx_word' id='word_1_223' title='bbox 2375 1460 2440 1511; x_wconf 89' lang='lat' dir='ltr'><strong>ad</strong></span> <span class='ocrx_word' id='word_1_224' title='bbox 2471 1459 2714 1526; x_wconf 86' lang='lat' dir='ltr'><strong>populum</strong></span> <span class='ocrx_word' id='word_1_225' title='bbox 2741 1475 2844 1514; x_wconf 86' lang='lat' dir='ltr'><strong>non</strong></span> <span class='ocrx_word' id='word_1_226' title='bbox 2864 1462 3184 1523; x_wconf 87' lang='lat' dir='ltr'><strong>credentem,</strong></span> <span class='ocrx_word' id='word_1_227' title='bbox 3213 1469 3268 1514; x_wconf 87' lang='lat' dir='ltr'><strong>et</strong></span> <span class='ocrx_word' id='word_1_228' title='bbox 3305 1473 3517 1516; x_wconf 90' lang='lat' dir='ltr'><strong>contra-</strong></span> 
     </span>
    </p>
   </div>
   <div class='ocr_carea' id='block_1_29' title="bbox 327 1544 3515 1618">
    <p class='ocr_par' dir='ltr' id='par_1_29' title="bbox 327 1544 3515 1618">
     <span class='ocr_line' id='line_1_29' title="bbox 327 1544 3515 1618; baseline 0.001 -17"><span class='ocrx_word' id='word_1_229' title='bbox 327 1549 593 1615; x_wconf 88' lang='lat' dir='ltr'><strong>jnriosus</strong></span> <span class='ocrx_word' id='word_1_230' title='bbox 642 1548 870 1618; x_wconf 78' lang='lat' dir='ltr'><strong>Moyses,</strong></span> <span class='ocrx_word' id='word_1_231' title='bbox 919 1558 1099 1616; x_wconf 89' lang='lat' dir='ltr'><strong>utpote</strong></span> <span class='ocrx_word' id='word_1_232' title='bbox 1145 1549 1348 1602; x_wconf 86' lang='lat' dir='ltr'><strong>amicus</strong></span> <span class='ocrx_word' id='word_1_233' title='bbox 1382 1548 1495 1611; x_wconf 84' lang='lat' dir='ltr'><strong>Dei,</strong></span> <span class='ocrx_word' id='word_1_234' title='bbox 1528 1562 1652 1616; x_wconf 87' lang='lat' dir='ltr'><strong>erga</strong></span> <span class='ocrx_word' id='word_1_235' title='bbox 1695 1548 1891 1600; x_wconf 91' lang='lat' dir='ltr'><strong>electos</strong></span> <span class='ocrx_word' id='word_1_236' title='bbox 1991 1544 2271 1597; x_wconf 83' lang='lat' dir='ltr'><strong>dicentem.</strong></span> <span class='ocrx_word' id='word_1_237' title='bbox 2317 1563 2336 1596; x_wconf 76' lang='grc' dir='ltr'><strong>ι</strong></span> <span class='ocrx_word' id='word_1_238' title='bbox 2379 1546 2482 1599; x_wconf 87' lang='lat' dir='ltr'><strong>Sed</strong></span> <span class='ocrx_word' id='word_1_239' title='bbox 2509 1549 2680 1614; x_wconf 91' lang='lat' dir='ltr'><strong>primo</strong></span> <span class='ocrx_word' id='word_1_240' title='bbox 2723 1549 2957 1601; x_wconf 91' lang='lat' dir='ltr'><strong>omnium</strong></span> <span class='ocrx_word' id='word_1_241' title='bbox 2985 1554 3122 1616; x_wconf 90' lang='lat' dir='ltr'><strong>quod</strong></span> <span class='ocrx_word' id='word_1_242' title='bbox 3153 1551 3256 1614; x_wconf 88' lang='lat' dir='ltr'><strong>ait,</strong></span> <span class='ocrx_word' id='word_1_243' title='bbox 3293 1570 3311 1602; x_wconf 88' lang='grc' dir='ltr'><strong>ι</strong></span> <span class='ocrx_word' id='word_1_244' title='bbox 3353 1552 3515 1605; x_wconf 87' lang='lat' dir='ltr'><strong>Isaias</strong></span> 
     </span>
    </p>
   </div>
   <div class='ocr_carea' id='block_1_30' title="bbox 333 1633 3516 1707">
    <p class='ocr_par' dir='ltr' id='par_1_30' title="bbox 333 1633 3516 1707">
     <span class='ocr_line' id='line_1_30' title="bbox 333 1633 3516 1707; baseline 0.001 -19"><span class='ocrx_word' id='word_1_245' title='bbox 333 1639 471 1704; x_wconf 75' lang='lat' dir='ltr'><strong>ejus</strong></span> <span class='ocrx_word' id='word_1_246' title='bbox 509 1655 525 1690; x_wconf 89' lang='lat'><strong>:</strong></span> <span class='ocrx_word' id='word_1_247' title='bbox 568 1653 667 1691; x_wconf 89' lang='lat' dir='ltr'><strong>nec</strong></span> <span class='ocrx_word' id='word_1_248' title='bbox 693 1637 1014 1692; x_wconf 90' lang='lat' dir='ltr'><strong>contumelia</strong></span> <span class='ocrx_word' id='word_1_249' title='bbox 1049 1637 1316 1692; x_wconf 83' lang='lat' dir='ltr'><strong>videbitur</strong></span> <span class='ocrx_word' id='word_1_250' title='bbox 1354 1639 1407 1690; x_wconf 89' lang='lat' dir='ltr'><strong>in</strong></span> <span class='ocrx_word' id='word_1_251' title='bbox 1435 1651 1696 1700; x_wconf 87' lang='lat' dir='ltr'><strong>sermone,</strong></span> <span class='ocrx_word' id='word_1_252' title='bbox 1729 1638 1771 1689; x_wconf 90' lang='lat' dir='ltr'><strong>si</strong></span> <span class='ocrx_word' id='word_1_253' title='bbox 1801 1651 1890 1689; x_wconf 91' lang='lat' dir='ltr'><strong>ra-</strong></span> <span class='ocrx_word' id='word_1_254' title='bbox 1918 1701 1956 1707; x_wconf 86' lang='lat'><strong><em>_</em></strong></span> <span class='ocrx_word' id='word_1_255' title='bbox 1989 1633 2148 1686; x_wconf 79' lang='lat' dir='ltr'><strong>audet</strong></span> <span class='ocrx_word' id='word_1_256' title='bbox 2192 1641 2246 1686; x_wconf 86' lang='lat' dir='ltr'><strong>et</strong></span> <span class='ocrx_word' id='word_1_257' title='bbox 2279 1634 2429 1694; x_wconf 88' lang='lat' dir='ltr'><strong>dicit,</strong></span> <span class='ocrx_word' id='word_1_258' title='bbox 2471 1653 2489 1684; x_wconf 78' lang='grc' dir='ltr'><strong>ι</strong></span> <span class='ocrx_word' id='word_1_259' title='bbox 2545 1636 2814 1689; x_wconf 76' lang='lat' dir='ltr'><strong>videamus</strong></span> <span class='ocrx_word' id='word_1_260' title='bbox 2847 1637 2970 1704; x_wconf 90' lang='lat' dir='ltr'><strong>quid</strong></span> <span class='ocrx_word' id='word_1_261' title='bbox 3024 1638 3236 1701; x_wconf 83' lang='lat' dir='ltr'><strong>audeat,</strong></span> <span class='ocrx_word' id='word_1_262' title='bbox 3286 1639 3363 1691; x_wconf 86' lang='lat' dir='ltr'><strong>vel</strong></span> <span class='ocrx_word' id='word_1_263' title='bbox 3397 1655 3516 1707; x_wconf 63' lang='lat' dir='ltr'><strong>qua:</strong></span> 
     </span>
    </p>
   </div>
   <div class='ocr_carea' id='block_1_31' title="bbox 335 1701 3514 1798">
    <p class='ocr_par' dir='ltr' id='par_1_31' title="bbox 335 1701 3514 1798">
     <span class='ocr_line' id='line_1_31' title="bbox 335 1701 3514 1798; baseline 0.001 -19"><span class='ocrx_word' id='word_1_264' title='bbox 335 1701 423 1780; x_wconf 71' lang='lat' dir='ltr'><strong>tio</strong></span> <span class='ocrx_word' id='word_1_265' title='bbox 479 1728 752 1782; x_wconf 88' lang='lat' dir='ltr'><strong>sermonis</strong></span> <span class='ocrx_word' id='word_1_266' title='bbox 795 1735 1062 1795; x_wconf 87' lang='lat' dir='ltr'><strong>appareat.</strong></span> <span class='ocrx_word' id='word_1_267' title='bbox 1126 1726 1464 1795; x_wconf 65' lang='lat' dir='ltr'><strong>Unaquaeque</strong></span> <span class='ocrx_word' id='word_1_268' title='bbox 1507 1742 1666 1795; x_wconf 89' lang='lat' dir='ltr'><strong>gens,</strong></span> <span class='ocrx_word' id='word_1_269' title='bbox 1738 1726 1888 1780; x_wconf 89' lang='lat' dir='ltr'><strong>verbi</strong></span> <span class='ocrx_word' id='word_1_270' title='bbox 1917 1701 1961 1758; x_wconf 78' lang='grc' dir='ltr'><strong>Β</strong></span> <span class='ocrx_word' id='word_1_271' title='bbox 1990 1725 2075 1776; x_wconf 91' lang='lat' dir='ltr'><strong>hic</strong></span> <span class='ocrx_word' id='word_1_272' title='bbox 2108 1724 2379 1791; x_wconf 71' lang='lat' dir='ltr'><strong>propheta:</strong></span> <span class='ocrx_word' id='word_1_273' title='bbox 2413 1726 2663 1780; x_wconf 88' lang='lat' dir='ltr'><strong>doceatur</strong></span> <span class='ocrx_word' id='word_1_274' title='bbox 2686 1701 2926 1778; x_wconf 84' lang='lat' dir='ltr'><strong>audacia.</strong></span> <span class='ocrx_word' id='word_1_275' title='bbox 2955 1727 3009 1780; x_wconf 92' lang='lat' dir='ltr'><strong>Si</strong></span> <span class='ocrx_word' id='word_1_276' title='bbox 3045 1728 3375 1783; x_wconf 80' lang='lat' dir='ltr'><strong>intendamus</strong></span> <span class='ocrx_word' id='word_1_277' title='bbox 3405 1701 3514 1798; x_wconf 80' lang='grc'><strong>(69)</strong></span> 
     </span>
    </p>
   </div>
   <div class='ocr_carea' id='block_1_32' title="bbox 332 1813 3516 1888">
    <p class='ocr_par' dir='ltr' id='par_1_32' title="bbox 332 1813 3516 1888">
     <span class='ocr_line' id='line_1_32' title="bbox 332 1813 3516 1888; baseline 0.001 -17"><span class='ocrx_word' id='word_1_278' title='bbox 332 1832 542 1880; x_wconf 84' lang='lat' dir='ltr'><strong>causa,</strong></span> <span class='ocrx_word' id='word_1_279' title='bbox 574 1816 966 1886; x_wconf 65' lang='lat' dir='ltr'><strong>Egyptiorum,</strong></span> <span class='ocrx_word' id='word_1_280' title='bbox 991 1825 1082 1868; x_wconf 89' lang='lat' dir='ltr'><strong>aut</strong></span> <span class='ocrx_word' id='word_1_281' title='bbox 1108 1815 1381 1886; x_wconf 89' lang='lat' dir='ltr'><strong>Syrorum,</strong></span> <span class='ocrx_word' id='word_1_282' title='bbox 1407 1826 1496 1868; x_wconf 89' lang='lat' dir='ltr'><strong>aut</strong></span> <span class='ocrx_word' id='word_1_283' title='bbox 1517 1815 1884 1881; x_wconf 82' lang='lat' dir='ltr'><strong>Moabitarum,</strong></span> <span class='ocrx_word' id='word_1_284' title='bbox 1986 1813 2164 1866; x_wconf 79' lang='lat' dir='ltr'><strong>verbis</strong></span> <span class='ocrx_word' id='word_1_285' title='bbox 2194 1813 2333 1867; x_wconf 86' lang='lat' dir='ltr'><strong>beati</strong></span> <span class='ocrx_word' id='word_1_286' title='bbox 2357 1815 2610 1882; x_wconf 85' lang='lat' dir='ltr'><strong>Stephani</strong></span> <span class='ocrx_word' id='word_1_287' title='bbox 2634 1816 2858 1870; x_wconf 88' lang='lat' dir='ltr'><strong>dicentis</strong></span> <span class='ocrx_word' id='word_1_288' title='bbox 2883 1818 2954 1868; x_wconf 71' lang='grc' dir='ltr'><strong>δτι</strong></span> <span class='ocrx_word' id='word_1_289' title='bbox 2993 1835 3012 1866; x_wconf 83' lang='grc' dir='ltr'><strong>ι</strong></span> <span class='ocrx_word' id='word_1_290' title='bbox 3043 1819 3207 1882; x_wconf 84' lang='lat' dir='ltr'><strong>Quem</strong></span> <span class='ocrx_word' id='word_1_291' title='bbox 3231 1821 3370 1872; x_wconf 91' lang='lat' dir='ltr'><strong>enim</strong></span> <span class='ocrx_word' id='word_1_292' title='bbox 3392 1835 3516 1888; x_wconf 87' lang='lat' dir='ltr'><strong>pro-</strong></span> 
     </span>
    </p>
   </div>
   <div class='ocr_carea' id='block_1_33' title="bbox 331 1902 3514 1976">
    <p class='ocr_par' dir='ltr' id='par_1_33' title="bbox 331 1902 3514 1976">
     <span class='ocr_line' id='line_1_33' title="bbox 331 1902 3514 1976; baseline 0.001 -19"><span class='ocrx_word' id='word_1_293' title='bbox 331 1924 445 1975; x_wconf 84' lang='lat' dir='ltr'><strong>pro</strong></span> <span class='ocrx_word' id='word_1_294' title='bbox 480 1923 548 1962; x_wconf 89' lang='lat' dir='ltr'><strong>eo</strong></span> <span class='ocrx_word' id='word_1_295' title='bbox 574 1909 716 1975; x_wconf 89' lang='lat' dir='ltr'><strong>quod</strong></span> <span class='ocrx_word' id='word_1_296' title='bbox 742 1906 968 1974; x_wconf 91' lang='lat' dir='ltr'><strong>propriis</strong></span> <span class='ocrx_word' id='word_1_297' title='bbox 1003 1907 1262 1970; x_wconf 89' lang='lat' dir='ltr'><strong>terminis,</strong></span> <span class='ocrx_word' id='word_1_298' title='bbox 1291 1915 1341 1959; x_wconf 89' lang='lat' dir='ltr'><strong>et</strong></span> <span class='ocrx_word' id='word_1_299' title='bbox 1368 1907 1565 1974; x_wconf 90' lang='lat' dir='ltr'><strong>lingua,</strong></span> <span class='ocrx_word' id='word_1_300' title='bbox 1599 1916 1652 1959; x_wconf 90' lang='lat' dir='ltr'><strong>et</strong></span> <span class='ocrx_word' id='word_1_301' title='bbox 1683 1906 1887 1969; x_wconf 89' lang='lat' dir='ltr'><strong>habitu,</strong></span> <span class='ocrx_word' id='word_1_302' title='bbox 1985 1902 2265 1967; x_wconf 81' lang='lat' dir='ltr'><strong>phetarum</strong></span> <span class='ocrx_word' id='word_1_303' title='bbox 2298 1918 2401 1958; x_wconf 92' lang='lat' dir='ltr'><strong>non</strong></span> <span class='ocrx_word' id='word_1_304' title='bbox 2444 1907 2706 1972; x_wconf 85' lang='lat' dir='ltr'><strong>persecuti</strong></span> <span class='ocrx_word' id='word_1_305' title='bbox 2736 1917 2860 1958; x_wconf 89' lang='lat' dir='ltr'><strong>sunt</strong></span> <span class='ocrx_word' id='word_1_306' title='bbox 2892 1917 3070 1974; x_wconf 87' lang='lat' dir='ltr'><strong>patres</strong></span> <span class='ocrx_word' id='word_1_307' title='bbox 3101 1909 3285 1973; x_wconf 84' lang='lat' dir='ltr'><strong>vestri,</strong></span> <span class='ocrx_word' id='word_1_308' title='bbox 3310 1911 3396 1976; x_wconf 89' lang='lat' dir='ltr'><strong>qui</strong></span> <span class='ocrx_word' id='word_1_309' title='bbox 3419 1925 3514 1961; x_wconf 85' lang='lat' dir='ltr'><strong>an-</strong></span> 
     </span>
    </p>
   </div>
   <div class='ocr_carea' id='block_1_34' title="bbox 330 1989 3514 2063">
    <p class='ocr_par' dir='ltr' id='par_1_34' title="bbox 330 1989 3514 2063">
     <span class='ocr_line' id='line_1_34' title="bbox 330 1989 3514 2063; baseline 0.001 -15"><span class='ocrx_word' id='word_1_310' title='bbox 330 2007 392 2048; x_wconf 88' lang='lat' dir='ltr'><strong>et</strong></span> <span class='ocrx_word' id='word_1_311' title='bbox 453 1995 700 2049; x_wconf 90' lang='lat' dir='ltr'><strong>moribus</strong></span> <span class='ocrx_word' id='word_1_312' title='bbox 743 2005 907 2063; x_wconf 89' lang='lat' dir='ltr'><strong>atque</strong></span> <span class='ocrx_word' id='word_1_313' title='bbox 955 1995 1208 2048; x_wconf 89' lang='lat' dir='ltr'><strong>institutis</strong></span> <span class='ocrx_word' id='word_1_314' title='bbox 1255 1995 1598 2058; x_wconf 79' lang='lat' dir='ltr'><strong>discernitur,</strong></span> <span class='ocrx_word' id='word_1_315' title='bbox 1629 2011 1758 2062; x_wconf 80' lang='lat' dir='ltr'><strong>gens</strong></span> <span class='ocrx_word' id='word_1_316' title='bbox 1802 1994 1886 2046; x_wconf 91' lang='lat' dir='ltr'><strong>illa</strong></span> <span class='ocrx_word' id='word_1_317' title='bbox 1986 1989 2304 2043; x_wconf 83' lang='lat' dir='ltr'><strong>nuntiabant</strong></span> <span class='ocrx_word' id='word_1_318' title='bbox 2339 1991 2404 2044; x_wconf 92' lang='lat' dir='ltr'><strong>de</strong></span> <span class='ocrx_word' id='word_1_319' title='bbox 2435 1992 2661 2046; x_wconf 89' lang='lat' dir='ltr'><strong>adventu</strong></span> <span class='ocrx_word' id='word_1_320' title='bbox 2693 1991 2862 2046; x_wconf 72' lang='lat' dir='ltr'><strong>Iusti?</strong></span> <span class='ocrx_word' id='word_1_321' title='bbox 2899 2013 2917 2045; x_wconf 74' lang='grc' dir='ltr'><strong>ι</strong></span> <span class='ocrx_word' id='word_1_322' title='bbox 2957 2004 3080 2048; x_wconf 90' lang='lat' dir='ltr'><strong>tunc</strong></span> <span class='ocrx_word' id='word_1_323' title='bbox 3123 1995 3273 2050; x_wconf 76' lang='lat' dir='ltr'><strong>Isaiae</strong></span> <span class='ocrx_word' id='word_1_324' title='bbox 3322 1997 3514 2050; x_wconf 72' lang='lat' dir='ltr'><strong>intelli~</strong></span> 
     </span>
    </p>
   </div>
   <div class='ocr_carea' id='block_1_35' title="bbox 332 2079 3512 2155">
    <p class='ocr_par' dir='ltr' id='par_1_35' title="bbox 332 2079 3512 2155">
     <span class='ocr_line' id='line_1_35' title="bbox 332 2079 3512 2155; baseline 0.001 -19"><span class='ocrx_word' id='word_1_325' title='bbox 332 2089 430 2139; x_wconf 88' lang='lat' dir='ltr'><strong>vel</strong></span> <span class='ocrx_word' id='word_1_326' title='bbox 488 2086 580 2139; x_wconf 89' lang='lat' dir='ltr'><strong>illa</strong></span> <span class='ocrx_word' id='word_1_327' title='bbox 627 2085 970 2154; x_wconf 87' lang='lat' dir='ltr'><strong>appellatur:</strong></span> <span class='ocrx_word' id='word_1_328' title='bbox 1005 2094 1060 2138; x_wconf 91' lang='lat' dir='ltr'><strong>et</strong></span> <span class='ocrx_word' id='word_1_329' title='bbox 1111 2100 1280 2152; x_wconf 85' lang='lat' dir='ltr'><strong>neque</strong></span> <span class='ocrx_word' id='word_1_330' title='bbox 1330 2085 1468 2154; x_wconf 84' lang='lat' dir='ltr'><strong>Syri,</strong></span> <span class='ocrx_word' id='word_1_331' title='bbox 1515 2084 1744 2154; x_wconf 66' lang='lat' dir='ltr'><strong>Egyptii</strong></span> <span class='ocrx_word' id='word_1_332' title='bbox 1791 2085 1890 2137; x_wconf 85' lang='lat' dir='ltr'><strong>ali-</strong></span> <span class='ocrx_word' id='word_1_333' title='bbox 1985 2079 2158 2147; x_wconf 87' lang='lat' dir='ltr'><strong>gimus</strong></span> <span class='ocrx_word' id='word_1_334' title='bbox 2183 2081 2480 2144; x_wconf 89' lang='lat' dir='ltr'><strong>audaciam,</strong></span> <span class='ocrx_word' id='word_1_335' title='bbox 2511 2083 3076 2150; x_wconf 86' lang='lat' dir='ltr'><strong>quipersecutionibus</strong></span> <span class='ocrx_word' id='word_1_336' title='bbox 3121 2095 3175 2138; x_wconf 91' lang='lat' dir='ltr'><strong>et</strong></span> <span class='ocrx_word' id='word_1_337' title='bbox 3199 2098 3366 2140; x_wconf 88' lang='lat' dir='ltr'><strong>tnorte</strong></span> <span class='ocrx_word' id='word_1_338' title='bbox 3389 2103 3512 2155; x_wconf 89' lang='lat' dir='ltr'><strong>pro-</strong></span> 
     </span>
    </p>
   </div>
   <div class='ocr_carea' id='block_1_36' title="bbox 330 2169 3506 2244">
    <p class='ocr_par' dir='ltr' id='par_1_36' title="bbox 330 2169 3506 2244">
     <span class='ocr_line' id='line_1_36' title="bbox 330 2169 3506 2244; baseline 0.001 -18"><span class='ocrx_word' id='word_1_339' title='bbox 330 2174 574 2241; x_wconf 82' lang='lat' dir='ltr'><strong>quaudo</strong></span> <span class='ocrx_word' id='word_1_340' title='bbox 619 2173 870 2226; x_wconf 87' lang='lat' dir='ltr'><strong>dicuntur</strong></span> <span class='ocrx_word' id='word_1_341' title='bbox 900 2190 914 2225; x_wconf 90' lang='lat'><strong>:</strong></span> <span class='ocrx_word' id='word_1_342' title='bbox 947 2187 1116 2240; x_wconf 91' lang='lat' dir='ltr'><strong>neque</strong></span> <span class='ocrx_word' id='word_1_343' title='bbox 1160 2172 1422 2237; x_wconf 74' lang='lat' dir='ltr'><strong>Moabitze,</strong></span> <span class='ocrx_word' id='word_1_344' title='bbox 1456 2173 1663 2226; x_wconf 70' lang='lat' dir='ltr'><strong>Idumaei</strong></span> <span class='ocrx_word' id='word_1_345' title='bbox 1711 2173 1890 2241; x_wconf 91' lang='lat' dir='ltr'><strong>appel-</strong></span> <span class='ocrx_word' id='word_1_346' title='bbox 1985 2169 2156 2236; x_wconf 89' lang='lat' dir='ltr'><strong>posita</strong></span> <span class='ocrx_word' id='word_1_347' title='bbox 2185 2183 2343 2222; x_wconf 85' lang='lat' dir='ltr'><strong>ausus</strong></span> <span class='ocrx_word' id='word_1_348' title='bbox 2371 2177 2450 2222; x_wconf 85' lang='lat' dir='ltr'><strong>est</strong></span> <span class='ocrx_word' id='word_1_349' title='bbox 2484 2179 2657 2224; x_wconf 88' lang='lat' dir='ltr'><strong>tamen</strong></span> <span class='ocrx_word' id='word_1_350' title='bbox 2686 2171 2752 2224; x_wconf 86' lang='lat' dir='ltr'><strong>de</strong></span> <span class='ocrx_word' id='word_1_351' title='bbox 2781 2174 3009 2226; x_wconf 88' lang='lat' dir='ltr'><strong>adventu</strong></span> <span class='ocrx_word' id='word_1_352' title='bbox 3041 2174 3173 2228; x_wconf 81' lang='lat' dir='ltr'><strong>Justi</strong></span> <span class='ocrx_word' id='word_1_353' title='bbox 3200 2179 3506 2244; x_wconf 69' lang='lat' dir='ltr'><strong>praedicare,</strong></span> 
     </span>
    </p>
   </div>
   <div class='ocr_carea' id='block_1_37' title="bbox 331 2260 3512 2335">
    <p class='ocr_par' dir='ltr' id='par_1_37' title="bbox 331 2260 3512 2335">
     <span class='ocr_line' id='line_1_37' title="bbox 331 2260 3512 2335; baseline 0.002 -20"><span class='ocrx_word' id='word_1_354' title='bbox 331 2264 570 2326; x_wconf 80' lang='lat' dir='ltr'><strong>lantur;</strong></span> <span class='ocrx_word' id='word_1_355' title='bbox 619 2271 710 2315; x_wconf 88' lang='lat' dir='ltr'><strong>aut</strong></span> <span class='ocrx_word' id='word_1_356' title='bbox 752 2265 957 2316; x_wconf 82' lang='lat' dir='ltr'><strong>Arabes</strong></span> <span class='ocrx_word' id='word_1_357' title='bbox 1011 2263 1223 2334; x_wconf 82' lang='lat' dir='ltr'><strong>Scythae</strong></span> <span class='ocrx_word' id='word_1_358' title='bbox 1259 2265 1393 2335; x_wconf 79' lang='lat'><strong>(63).</strong></span> <span class='ocrx_word' id='word_1_359' title='bbox 1424 2266 1706 2319; x_wconf 81' lang='lat' dir='ltr'><strong>Christiani</strong></span> <span class='ocrx_word' id='word_1_360' title='bbox 1762 2280 1887 2319; x_wconf 91' lang='lat' dir='ltr'><strong>vero</strong></span> <span class='ocrx_word' id='word_1_361' title='bbox 1985 2269 2036 2312; x_wconf 82' lang='lat' dir='ltr'><strong>el</strong></span> <span class='ocrx_word' id='word_1_362' title='bbox 2063 2275 2156 2328; x_wconf 80' lang='lat' dir='ltr'><strong>pro</strong></span> <span class='ocrx_word' id='word_1_363' title='bbox 2183 2260 2318 2313; x_wconf 81' lang='lat' dir='ltr'><strong>bono</strong></span> <span class='ocrx_word' id='word_1_364' title='bbox 2347 2260 2504 2312; x_wconf 74' lang='lat' dir='ltr'><strong>audet</strong></span> <span class='ocrx_word' id='word_1_365' title='bbox 2539 2261 2698 2314; x_wconf 69' lang='lat' dir='ltr'><strong>etiam</strong></span> <span class='ocrx_word' id='word_1_366' title='bbox 2736 2264 2868 2314; x_wconf 87' lang='lat' dir='ltr'><strong>mori</strong></span> <span class='ocrx_word' id='word_1_367' title='bbox 2891 2263 2954 2318; x_wconf 75' lang='grc'><strong>⁸⁸.</strong></span> <span class='ocrx_word' id='word_1_368' title='bbox 2998 2263 3052 2315; x_wconf 92' lang='lat' dir='ltr'><strong>In</strong></span> <span class='ocrx_word' id='word_1_369' title='bbox 3090 2280 3192 2330; x_wconf 87' lang='lat' dir='ltr'><strong>quo</strong></span> <span class='ocrx_word' id='word_1_370' title='bbox 3236 2275 3405 2318; x_wconf 87' lang='lat' dir='ltr'><strong>tamen</strong></span> <span class='ocrx_word' id='word_1_371' title='bbox 3438 2267 3512 2320; x_wconf 86' lang='lat' dir='ltr'><strong>si-</strong></span> 
     </span>
    </p>
   </div>
   <div class='ocr_carea' id='block_1_38' title="bbox 329 2349 3510 2423">
    <p class='ocr_par' dir='ltr' id='par_1_38' title="bbox 329 2349 3510 2423">
     <span class='ocr_line' id='line_1_38' title="bbox 329 2349 3510 2423; baseline -0.001 -16"><span class='ocrx_word' id='word_1_372' title='bbox 329 2369 454 2408; x_wconf 85' lang='lat' dir='ltr'><strong>non</strong></span> <span class='ocrx_word' id='word_1_373' title='bbox 494 2362 580 2405; x_wconf 88' lang='lat' dir='ltr'><strong>est</strong></span> <span class='ocrx_word' id='word_1_374' title='bbox 611 2367 716 2404; x_wconf 88' lang='lat' dir='ltr'><strong>una</strong></span> <span class='ocrx_word' id='word_1_375' title='bbox 770 2367 919 2420; x_wconf 87' lang='lat' dir='ltr'><strong>gens,</strong></span> <span class='ocrx_word' id='word_1_376' title='bbox 957 2356 1050 2407; x_wconf 89' lang='lat' dir='ltr'><strong>sed</strong></span> <span class='ocrx_word' id='word_1_377' title='bbox 1079 2370 1146 2407; x_wconf 79' lang='lat' dir='ltr'><strong>ex</strong></span> <span class='ocrx_word' id='word_1_378' title='bbox 1189 2354 1436 2406; x_wconf 89' lang='lat' dir='ltr'><strong>onmibus</strong></span> <span class='ocrx_word' id='word_1_379' title='bbox 1479 2355 1723 2423; x_wconf 82' lang='lat' dir='ltr'><strong>gentibus</strong></span> <span class='ocrx_word' id='word_1_380' title='bbox 1753 2370 1888 2408; x_wconf 92' lang='lat' dir='ltr'><strong>unus</strong></span> <span class='ocrx_word' id='word_1_381' title='bbox 1987 2349 2095 2402; x_wconf 91' lang='lat' dir='ltr'><strong>mul</strong></span> <span class='ocrx_word' id='word_1_382' title='bbox 2129 2359 2180 2402; x_wconf 87' lang='lat' dir='ltr'><strong>et</strong></span> <span class='ocrx_word' id='word_1_383' title='bbox 2214 2350 2337 2403; x_wconf 90' lang='lat' dir='ltr'><strong>illud</strong></span> <span class='ocrx_word' id='word_1_384' title='bbox 2365 2352 2682 2413; x_wconf 89' lang='lat' dir='ltr'><strong>ostenditur,</strong></span> <span class='ocrx_word' id='word_1_385' title='bbox 2706 2353 2979 2418; x_wconf 87' lang='lat' dir='ltr'><strong>quianon,</strong></span> <span class='ocrx_word' id='word_1_386' title='bbox 3015 2365 3073 2406; x_wconf 92' lang='lat' dir='ltr'><strong>ut</strong></span> <span class='ocrx_word' id='word_1_387' title='bbox 3099 2354 3257 2422; x_wconf 86' lang='lat' dir='ltr'><strong>aliqui</strong></span> <span class='ocrx_word' id='word_1_388' title='bbox 3303 2362 3510 2422; x_wconf 84' lang='lat' dir='ltr'><strong>putant,</strong></span> 
     </span>
    </p>
   </div>
   <div class='ocr_carea' id='block_1_39' title="bbox 329 2441 3513 2511">
    <p class='ocr_par' dir='ltr' id='par_1_39' title="bbox 329 2441 3513 2511">
     <span class='ocr_line' id='line_1_39' title="bbox 329 2441 3513 2511; baseline 0.001 -17"><span class='ocrx_word' id='word_1_389' title='bbox 329 2443 584 2511; x_wconf 87' lang='lat' dir='ltr'><strong>populus</strong></span> <span class='ocrx_word' id='word_1_390' title='bbox 621 2459 636 2497; x_wconf 90' lang='lat'><strong>:</strong></span> <span class='ocrx_word' id='word_1_391' title='bbox 665 2453 717 2496; x_wconf 91' lang='lat' dir='ltr'><strong>et</strong></span> <span class='ocrx_word' id='word_1_392' title='bbox 751 2444 868 2495; x_wconf 91' lang='lat' dir='ltr'><strong>ideo</strong></span> <span class='ocrx_word' id='word_1_393' title='bbox 898 2442 1102 2511; x_wconf 80' lang='lat' dir='ltr'><strong>Moyses</strong></span> <span class='ocrx_word' id='word_1_394' title='bbox 1139 2458 1231 2510; x_wconf 86' lang='lat' dir='ltr'><strong>pro</strong></span> <span class='ocrx_word' id='word_1_395' title='bbox 1264 2459 1473 2496; x_wconf 87' lang='lat' dir='ltr'><strong>summo</strong></span> <span class='ocrx_word' id='word_1_396' title='bbox 1505 2444 1707 2497; x_wconf 90' lang='lat' dir='ltr'><strong>honore</strong></span> <span class='ocrx_word' id='word_1_397' title='bbox 1733 2461 1751 2493; x_wconf 85' lang='grc' dir='ltr'><strong>ι</strong></span> <span class='ocrx_word' id='word_1_398' title='bbox 1783 2460 1885 2498; x_wconf 92' lang='lat' dir='ltr'><strong>non</strong></span> <span class='ocrx_word' id='word_1_399' title='bbox 1986 2441 2254 2506; x_wconf 81' lang='lat' dir='ltr'><strong>prophetae</strong></span> <span class='ocrx_word' id='word_1_400' title='bbox 2289 2441 2592 2494; x_wconf 71' lang='lat' dir='ltr'><strong>nesciebant</strong></span> <span class='ocrx_word' id='word_1_401' title='bbox 2617 2443 2740 2509; x_wconf 88' lang='lat' dir='ltr'><strong>quid</strong></span> <span class='ocrx_word' id='word_1_402' title='bbox 2771 2443 3032 2506; x_wconf 88' lang='lat' dir='ltr'><strong>dicereut,</strong></span> <span class='ocrx_word' id='word_1_403' title='bbox 3057 2454 3112 2496; x_wconf 91' lang='lat' dir='ltr'><strong>et</strong></span> <span class='ocrx_word' id='word_1_404' title='bbox 3137 2445 3285 2511; x_wconf 90' lang='lat' dir='ltr'><strong>quasi</strong></span> <span class='ocrx_word' id='word_1_405' title='bbox 3313 2445 3513 2498; x_wconf 81' lang='lat' dir='ltr'><strong>aliena-</strong></span> 
     </span>
    </p>
   </div>
   <div class='ocr_carea' id='block_1_40' title="bbox 328 2532 3513 2602">
    <p class='ocr_par' dir='ltr' id='par_1_40' title="bbox 328 2532 3513 2602">
     <span class='ocr_line' id='line_1_40' title="bbox 328 2532 3513 2602; baseline 0.001 -18"><span class='ocrx_word' id='word_1_406' title='bbox 328 2543 568 2598; x_wconf 75' lang='lat' dir='ltr'><strong>gcntem</strong></span> <span class='ocrx_word' id='word_1_407' title='bbox 603 2551 621 2584; x_wconf 76' lang='grc' dir='ltr'><strong>ι</strong></span> <span class='ocrx_word' id='word_1_408' title='bbox 657 2548 774 2585; x_wconf 91' lang='lat' dir='ltr'><strong>eam</strong></span> <span class='ocrx_word' id='word_1_409' title='bbox 806 2535 1119 2596; x_wconf 80' lang='lat' dir='ltr'><strong>nominavit,</strong></span> <span class='ocrx_word' id='word_1_410' title='bbox 1164 2535 1287 2601; x_wconf 86' lang='lat' dir='ltr'><strong>quia</strong></span> <span class='ocrx_word' id='word_1_411' title='bbox 1317 2550 1419 2588; x_wconf 90' lang='lat' dir='ltr'><strong>nou</strong></span> <span class='ocrx_word' id='word_1_412' title='bbox 1445 2543 1564 2586; x_wconf 88' lang='lat' dir='ltr'><strong>erat</strong></span> <span class='ocrx_word' id='word_1_413' title='bbox 1607 2551 1705 2587; x_wconf 89' lang='lat' dir='ltr'><strong>una</strong></span> <span class='ocrx_word' id='word_1_414' title='bbox 1736 2549 1883 2602; x_wconf 88' lang='lat' dir='ltr'><strong>gens,</strong></span> <span class='ocrx_word' id='word_1_415' title='bbox 1991 2539 2042 2581; x_wconf 85' lang='grc' dir='ltr'>ιο</span> <span class='ocrx_word' id='word_1_416' title='bbox 2070 2543 2225 2582; x_wconf 83' lang='lat' dir='ltr'><strong>sensu</strong></span> <span class='ocrx_word' id='word_1_417' title='bbox 2259 2545 2358 2583; x_wconf 87' lang='lat' dir='ltr'><strong>suo</strong></span> <span class='ocrx_word' id='word_1_418' title='bbox 2387 2532 2789 2598; x_wconf 79' lang='lat' dir='ltr'><strong>propltelabaut.</strong></span> <span class='ocrx_word' id='word_1_419' title='bbox 2827 2532 2975 2596; x_wconf 84' lang='lat' dir='ltr'><strong>Quod</strong></span> <span class='ocrx_word' id='word_1_420' title='bbox 3024 2534 3164 2585; x_wconf 87' lang='lat' dir='ltr'><strong>enim</strong></span> <span class='ocrx_word' id='word_1_421' title='bbox 3198 2534 3327 2586; x_wconf 89' lang='lat' dir='ltr'><strong>dicit</strong></span> <span class='ocrx_word' id='word_1_422' title='bbox 3373 2535 3513 2598; x_wconf 84' lang='lat' dir='ltr'><strong>Apo-</strong></span> 
     </span>
    </p>
   </div>
   <div class='ocr_carea' id='block_1_41' title="bbox 330 2617 3513 2690">
    <p class='ocr_par' dir='ltr' id='par_1_41' title="bbox 330 2617 3513 2690">
     <span class='ocr_line' id='line_1_41' title="bbox 330 2617 3513 2690; baseline 0.001 -19"><span class='ocrx_word' id='word_1_423' title='bbox 330 2620 466 2680; x_wconf 87' lang='lat' dir='ltr'><strong>sed,</strong></span> <span class='ocrx_word' id='word_1_424' title='bbox 502 2621 548 2674; x_wconf 92' lang='lat' dir='ltr'><strong>si</strong></span> <span class='ocrx_word' id='word_1_425' title='bbox 591 2623 662 2672; x_wconf 91' lang='lat' dir='ltr'><strong>ita</strong></span> <span class='ocrx_word' id='word_1_426' title='bbox 705 2621 807 2673; x_wconf 89' lang='lat' dir='ltr'><strong>dici</strong></span> <span class='ocrx_word' id='word_1_427' title='bbox 837 2631 1026 2688; x_wconf 87' lang='lat' dir='ltr'><strong>potest,</strong></span> <span class='ocrx_word' id='word_1_428' title='bbox 1060 2622 1295 2674; x_wconf 91' lang='lat' dir='ltr'><strong>omnium</strong></span> <span class='ocrx_word' id='word_1_429' title='bbox 1327 2622 1561 2690; x_wconf 85' lang='lat' dir='ltr'><strong>gentium</strong></span> <span class='ocrx_word' id='word_1_430' title='bbox 1595 2637 1722 2689; x_wconf 83' lang='lat' dir='ltr'><strong>gens</strong></span> <span class='ocrx_word' id='word_1_431' title='bbox 1753 2622 1884 2690; x_wconf 72' lang='grc'><strong>(64).</strong></span> <span class='ocrx_word' id='word_1_432' title='bbox 1987 2618 2154 2671; x_wconf 90' lang='lat' dir='ltr'><strong>stolus</strong></span> <span class='ocrx_word' id='word_1_433' title='bbox 2189 2620 2252 2671; x_wconf 90' lang='lat' dir='ltr'><strong>de</strong></span> <span class='ocrx_word' id='word_1_434' title='bbox 2287 2617 2442 2682; x_wconf 88' lang='lat' dir='ltr'><strong>Isaia,</strong></span> <span class='ocrx_word' id='word_1_435' title='bbox 2474 2620 2596 2687; x_wconf 90' lang='lat' dir='ltr'><strong>quia</strong></span> <span class='ocrx_word' id='word_1_436' title='bbox 2619 2638 2638 2670; x_wconf 80' lang='grc' dir='ltr'><strong>ι</strong></span> <span class='ocrx_word' id='word_1_437' title='bbox 2669 2621 2822 2672; x_wconf 85' lang='lat' dir='ltr'><strong>audet</strong></span> <span class='ocrx_word' id='word_1_438' title='bbox 2846 2629 2898 2672; x_wconf 91' lang='lat' dir='ltr'><strong>et</strong></span> <span class='ocrx_word' id='word_1_439' title='bbox 2920 2621 3064 2685; x_wconf 92' lang='lat' dir='ltr'><strong>dicit,</strong></span> <span class='ocrx_word' id='word_1_440' title='bbox 3104 2639 3123 2672; x_wconf 71' lang='grc' dir='ltr'><strong>ι</strong></span> <span class='ocrx_word' id='word_1_441' title='bbox 3158 2621 3258 2674; x_wconf 90' lang='lat' dir='ltr'><strong>hoc</strong></span> <span class='ocrx_word' id='word_1_442' title='bbox 3286 2622 3513 2688; x_wconf 81' lang='lat' dir='ltr'><strong>iudicat,</strong></span> 
     </span>
    </p>
   </div>
   <div class='ocr_carea' id='block_1_42' title="bbox 331 2707 3513 2778">
    <p class='ocr_par' dir='ltr' id='par_1_42' title="bbox 331 2707 3513 2778">
     <span class='ocr_line' id='line_1_42' title="bbox 331 2707 3513 2778; baseline 0.001 -18"><span class='ocrx_word' id='word_1_443' title='bbox 331 2707 556 2760; x_wconf 75' lang='lat' dir='ltr'><strong>Verum</strong></span> <span class='ocrx_word' id='word_1_444' title='bbox 588 2707 797 2760; x_wconf 80' lang='lat' dir='ltr'><strong>excludi</strong></span> <span class='ocrx_word' id='word_1_445' title='bbox 831 2707 1127 2760; x_wconf 87' lang='lat' dir='ltr'><strong>videbimur</strong></span> <span class='ocrx_word' id='word_1_446' title='bbox 1150 2712 1203 2760; x_wconf 88' lang='lat' dir='ltr'><strong>in</strong></span> <span class='ocrx_word' id='word_1_447' title='bbox 1231 2709 1312 2761; x_wconf 91' lang='lat' dir='ltr'><strong>his</strong></span> <span class='ocrx_word' id='word_1_448' title='bbox 1333 2724 1448 2775; x_wconf 84' lang='lat' dir='ltr'><strong>quae</strong></span> <span class='ocrx_word' id='word_1_449' title='bbox 1471 2710 1883 2777; x_wconf 89' lang='lat' dir='ltr'><strong>subsequuntur,</strong></span> <span class='ocrx_word' id='word_1_450' title='bbox 1987 2707 2109 2773; x_wconf 88' lang='lat' dir='ltr'><strong>quia</strong></span> <span class='ocrx_word' id='word_1_451' title='bbox 2141 2716 2362 2761; x_wconf 90' lang='lat' dir='ltr'><strong>mortem</strong></span> <span class='ocrx_word' id='word_1_452' title='bbox 2390 2717 2735 2761; x_wconf 89' lang='lat' dir='ltr'><strong>contemnens</strong></span> <span class='ocrx_word' id='word_1_453' title='bbox 2775 2718 2827 2762; x_wconf 87' lang='lat' dir='ltr'><strong>et</strong></span> <span class='ocrx_word' id='word_1_454' title='bbox 2858 2710 3254 2776; x_wconf 91' lang='lat' dir='ltr'><strong>persecutiones</strong></span> <span class='ocrx_word' id='word_1_455' title='bbox 3283 2725 3400 2778; x_wconf 82' lang='lat' dir='ltr'><strong>quae</strong></span> <span class='ocrx_word' id='word_1_456' title='bbox 3427 2711 3513 2764; x_wconf 84' lang='lat' dir='ltr'><strong>in-</strong></span> 
     </span>
    </p>
   </div>
   <div class='ocr_carea' id='block_1_43' title="bbox 327 2792 3517 2867">
    <p class='ocr_par' dir='ltr' id='par_1_43' title="bbox 327 2792 3517 2867">
     <span class='ocr_line' id='line_1_43' title="bbox 327 2792 3517 2867; baseline 0.002 -21"><span class='ocrx_word' id='word_1_457' title='bbox 327 2797 442 2849; x_wconf 83' lang='lat' dir='ltr'><strong>nbi</strong></span> <span class='ocrx_word' id='word_1_458' title='bbox 479 2792 616 2846; x_wconf 90' lang='lat' dir='ltr'><strong>dicit</strong></span> <span class='ocrx_word' id='word_1_459' title='bbox 650 2810 664 2846; x_wconf 90' lang='lat'><strong>:</strong></span> <span class='ocrx_word' id='word_1_460' title='bbox 707 2810 726 2842; x_wconf 75' lang='grc' dir='ltr'><strong>ι</strong></span> <span class='ocrx_word' id='word_1_461' title='bbox 763 2793 814 2844; x_wconf 93' lang='lat' dir='ltr'><strong>In</strong></span> <span class='ocrx_word' id='word_1_462' title='bbox 839 2804 1049 2862; x_wconf 81' lang='lat' dir='ltr'><strong>gentem</strong></span> <span class='ocrx_word' id='word_1_463' title='bbox 1081 2796 1420 2860; x_wconf 85' lang='lat' dir='ltr'><strong>insensatam,</strong></span> <span class='ocrx_word' id='word_1_464' title='bbox 1450 2796 1501 2847; x_wconf 94' lang='lat' dir='ltr'><strong>in</strong></span> <span class='ocrx_word' id='word_1_465' title='bbox 1528 2797 1661 2849; x_wconf 89' lang='lat' dir='ltr'><strong>iram</strong></span> <span class='ocrx_word' id='word_1_466' title='bbox 1685 2812 1776 2851; x_wconf 91' lang='lat' dir='ltr'><strong>vos</strong></span> <span class='ocrx_word' id='word_1_467' title='bbox 1809 2798 1888 2849; x_wconf 88' lang='lat' dir='ltr'><strong>in-</strong></span> <span class='ocrx_word' id='word_1_468' title='bbox 1986 2793 2315 2864; x_wconf 81' lang='lat' dir='ltr'><strong>ferebantur,</strong></span> <span class='ocrx_word' id='word_1_469' title='bbox 2365 2799 2606 2863; x_wconf 87' lang='lat' dir='ltr'><strong>quamvis</strong></span> <span class='ocrx_word' id='word_1_470' title='bbox 2635 2799 2796 2852; x_wconf 88' lang='lat' dir='ltr'><strong>sciret</strong></span> <span class='ocrx_word' id='word_1_471' title='bbox 2843 2800 2940 2852; x_wconf 86' lang='lat' dir='ltr'><strong>sibi</strong></span> <span class='ocrx_word' id='word_1_472' title='bbox 2989 2800 3261 2852; x_wconf 90' lang='lat' dir='ltr'><strong>imminere</strong></span> <span class='ocrx_word' id='word_1_473' title='bbox 3303 2801 3517 2867; x_wconf 82' lang='lat' dir='ltr'><strong>pericu-</strong></span> 
     </span>
    </p>
   </div>
   <div class='ocr_carea' id='block_1_44' title="bbox 327 2886 3515 2954">
    <p class='ocr_par' dir='ltr' id='par_1_44' title="bbox 327 2886 3515 2954">
     <span class='ocr_line' id='line_1_44' title="bbox 327 2886 3515 2954; baseline 0.001 -17"><span class='ocrx_word' id='word_1_474' title='bbox 327 2889 543 2940; x_wconf 86' lang='lat' dir='ltr'><strong>ducam</strong></span> <span class='ocrx_word' id='word_1_475' title='bbox 577 2901 592 2937; x_wconf 87' lang='lat'><strong>:</strong></span> <span class='ocrx_word' id='word_1_476' title='bbox 633 2903 650 2934; x_wconf 75' lang='grc' dir='ltr'><strong>ι</strong></span> <span class='ocrx_word' id='word_1_477' title='bbox 679 2887 818 2951; x_wconf 78' lang='lat' dir='ltr'><strong>quod</strong></span> <span class='ocrx_word' id='word_1_478' title='bbox 852 2893 906 2938; x_wconf 91' lang='lat' dir='ltr'><strong>et</strong></span> <span class='ocrx_word' id='word_1_479' title='bbox 939 2897 1144 2951; x_wconf 88' lang='lat' dir='ltr'><strong>gentem</strong></span> <span class='ocrx_word' id='word_1_480' title='bbox 1182 2901 1322 2950; x_wconf 90' lang='lat' dir='ltr'><strong>eam,</strong></span> <span class='ocrx_word' id='word_1_481' title='bbox 1347 2896 1399 2940; x_wconf 90' lang='lat' dir='ltr'><strong>et</strong></span> <span class='ocrx_word' id='word_1_482' title='bbox 1427 2886 1758 2954; x_wconf 89' lang='lat' dir='ltr'><strong>insipientem</strong></span> <span class='ocrx_word' id='word_1_483' title='bbox 1793 2903 1887 2942; x_wconf 82' lang='lat' dir='ltr'><strong>no--</strong></span> <span class='ocrx_word' id='word_1_484' title='bbox 1986 2889 2118 2952; x_wconf 91' lang='lat' dir='ltr'><strong>lum,</strong></span> <span class='ocrx_word' id='word_1_485' title='bbox 2152 2887 2311 2942; x_wconf 88' lang='lat' dir='ltr'><strong>audet</strong></span> <span class='ocrx_word' id='word_1_486' title='bbox 2341 2897 2516 2942; x_wconf 88' lang='lat' dir='ltr'><strong>tamen</strong></span> <span class='ocrx_word' id='word_1_487' title='bbox 2547 2895 2599 2938; x_wconf 92' lang='lat' dir='ltr'><strong>et</strong></span> <span class='ocrx_word' id='word_1_488' title='bbox 2643 2887 2894 2953; x_wconf 74' lang='lat' dir='ltr'><strong>prazdicat</strong></span> <span class='ocrx_word' id='word_1_489' title='bbox 2942 2889 3159 2939; x_wconf 83' lang='lat' dir='ltr'><strong>verbum</strong></span> <span class='ocrx_word' id='word_1_490' title='bbox 3213 2887 3324 2951; x_wconf 88' lang='lat' dir='ltr'><strong>Dei,</strong></span> <span class='ocrx_word' id='word_1_491' title='bbox 3377 2888 3515 2941; x_wconf 82' lang='lat' dir='ltr'><strong>sicut</strong></span> 
     </span>
    </p>
   </div>
   <div class='ocr_carea' id='block_1_45' title="bbox 329 2972 3509 3065">
    <p class='ocr_par' dir='ltr' id='par_1_45' title="bbox 329 2972 3509 3065">
     <span class='ocr_line' id='line_1_45' title="bbox 329 2972 3509 3065; baseline 0 -39"><span class='ocrx_word' id='word_1_492' title='bbox 329 2972 664 3026; x_wconf 84' lang='lat' dir='ltr'><strong>tnlnaverit.</strong></span> <span class='ocrx_word' id='word_1_493' title='bbox 703 2974 897 3027; x_wconf 80' lang='lat' dir='ltr'><strong>Verum</strong></span> <span class='ocrx_word' id='word_1_494' title='bbox 938 2990 1005 3027; x_wconf 91' lang='lat' dir='ltr'><strong>ne</strong></span> <span class='ocrx_word' id='word_1_495' title='bbox 1040 2975 1090 3026; x_wconf 91' lang='lat' dir='ltr'><strong>in</strong></span> <span class='ocrx_word' id='word_1_496' title='bbox 1130 2975 1230 3028; x_wconf 90' lang='lat' dir='ltr'><strong>hoc</strong></span> <span class='ocrx_word' id='word_1_497' title='bbox 1277 2977 1489 3043; x_wconf 87' lang='lat' dir='ltr'><strong>quidem</strong></span> <span class='ocrx_word' id='word_1_498' title='bbox 1534 2977 1766 3031; x_wconf 80' lang='lat' dir='ltr'><strong>famulus</strong></span> <span class='ocrx_word' id='word_1_499' title='bbox 1798 2979 1886 3030; x_wconf 90' lang='lat' dir='ltr'><strong>Dei</strong></span> <span class='ocrx_word' id='word_1_500' title='bbox 1915 3011 1957 3065; x_wconf 63' lang='grc' dir='ltr'><em>ε</em></span> <span class='ocrx_word' id='word_1_501' title='bbox 1987 2989 2038 3032; x_wconf 88' lang='lat' dir='ltr'><strong>et</strong></span> <span class='ocrx_word' id='word_1_502' title='bbox 2067 2980 2177 3045; x_wconf 85' lang='lat' dir='ltr'><strong>ipse</strong></span> <span class='ocrx_word' id='word_1_503' title='bbox 2204 2977 2397 3030; x_wconf 82' lang='lat' dir='ltr'><strong>Paulus</strong></span> <span class='ocrx_word' id='word_1_504' title='bbox 2423 2977 2668 3030; x_wconf 87' lang='lat' dir='ltr'><strong>dicebat:</strong></span> <span class='ocrx_word' id='word_1_505' title='bbox 2699 2994 2718 3025; x_wconf 84' lang='grc'><strong>(</strong></span> <span class='ocrx_word' id='word_1_506' title='bbox 2749 2975 2872 3028; x_wconf 92' lang='lat' dir='ltr'><strong>Scio</strong></span> <span class='ocrx_word' id='word_1_507' title='bbox 2903 2975 3022 3042; x_wconf 86' lang='lat' dir='ltr'><strong>quia</strong></span> <span class='ocrx_word' id='word_1_508' title='bbox 3057 2977 3264 3028; x_wconf 86' lang='lat' dir='ltr'><strong>vincula</strong></span> <span class='ocrx_word' id='word_1_509' title='bbox 3306 2987 3358 3029; x_wconf 93' lang='lat' dir='ltr'><strong>ct</strong></span> <span class='ocrx_word' id='word_1_510' title='bbox 3387 2992 3509 3028; x_wconf 90' lang='lat' dir='ltr'><strong>car-</strong></span> 
     </span>
    </p>
   </div>
   <div class='ocr_carea' id='block_1_46' title="bbox 328 3063 3513 3134">
    <p class='ocr_par' dir='ltr' id='par_1_46' title="bbox 328 3063 3513 3134">
     <span class='ocr_line' id='line_1_46' title="bbox 328 3063 3513 3134; baseline 0.001 -19"><span class='ocrx_word' id='word_1_511' title='bbox 328 3063 568 3133; x_wconf 72' lang='lat' dir='ltr'><strong>Moyses</strong></span> <span class='ocrx_word' id='word_1_512' title='bbox 598 3064 976 3116; x_wconf 68' lang='lat' dir='ltr'><strong>contumeliam</strong></span> <span class='ocrx_word' id='word_1_513' title='bbox 1005 3063 1130 3115; x_wconf 70' lang='lat' dir='ltr'><strong>facit</strong></span> <span class='ocrx_word' id='word_1_514' title='bbox 1162 3065 1348 3132; x_wconf 88' lang='lat' dir='ltr'><strong>popqu</strong></span> <span class='ocrx_word' id='word_1_515' title='bbox 1368 3064 1490 3130; x_wconf 87' lang='lat' dir='ltr'><strong>Dei;</strong></span> <span class='ocrx_word' id='word_1_516' title='bbox 1515 3065 1604 3118; x_wconf 86' lang='lat' dir='ltr'><strong>sed</strong></span> <span class='ocrx_word' id='word_1_517' title='bbox 1635 3067 1887 3132; x_wconf 77' lang='lat' dir='ltr'><strong>praevidc-</strong></span> <span class='ocrx_word' id='word_1_518' title='bbox 1930 3063 1942 3065; x_wconf 16' lang='grc' dir='ltr'>ἡ</span> <span class='ocrx_word' id='word_1_519' title='bbox 1989 3083 2137 3122; x_wconf 89' lang='lat' dir='ltr'><strong>ceres</strong></span> <span class='ocrx_word' id='word_1_520' title='bbox 2161 3075 2374 3121; x_wconf 89' lang='lat' dir='ltr'><strong>manent</strong></span> <span class='ocrx_word' id='word_1_521' title='bbox 2403 3081 2486 3120; x_wconf 90' lang='lat' dir='ltr'><strong>me</strong></span> <span class='ocrx_word' id='word_1_522' title='bbox 2524 3068 2576 3120; x_wconf 89' lang='lat' dir='ltr'><strong>in</strong></span> <span class='ocrx_word' id='word_1_523' title='bbox 2603 3065 2974 3134; x_wconf 84' lang='lat' dir='ltr'><strong>Jerosolymis;</strong></span> <span class='ocrx_word' id='word_1_524' title='bbox 3006 3066 3096 3118; x_wconf 88' lang='lat' dir='ltr'><strong>sed</strong></span> <span class='ocrx_word' id='word_1_525' title='bbox 3118 3081 3214 3133; x_wconf 90' lang='lat' dir='ltr'><strong>ego</strong></span> <span class='ocrx_word' id='word_1_526' title='bbox 3244 3081 3345 3120; x_wconf 93' lang='lat' dir='ltr'><strong>non</strong></span> <span class='ocrx_word' id='word_1_527' title='bbox 3375 3068 3513 3120; x_wconf 83' lang='lat' dir='ltr'><strong>Incio</strong></span> 
     </span>
    </p>
   </div>
   <div class='ocr_carea' id='block_1_47' title="bbox 329 3153 3516 3226">
    <p class='ocr_par' dir='ltr' id='par_1_47' title="bbox 329 3153 3516 3226">
     <span class='ocr_line' id='line_1_47' title="bbox 329 3153 3516 3226; baseline -0 -19"><span class='ocrx_word' id='word_1_528' title='bbox 329 3156 440 3208; x_wconf 83' lang='lat' dir='ltr'><strong>bat</strong></span> <span class='ocrx_word' id='word_1_529' title='bbox 474 3153 531 3205; x_wconf 92' lang='lat' dir='ltr'><strong>in</strong></span> <span class='ocrx_word' id='word_1_530' title='bbox 566 3153 759 3220; x_wconf 89' lang='lat' dir='ltr'><strong>spiritu</strong></span> <span class='ocrx_word' id='word_1_531' title='bbox 788 3153 1036 3219; x_wconf 89' lang='lat' dir='ltr'><strong>quoniam</strong></span> <span class='ocrx_word' id='word_1_532' title='bbox 1068 3154 1112 3206; x_wconf 92' lang='lat' dir='ltr'><strong>si</strong></span> <span class='ocrx_word' id='word_1_533' title='bbox 1144 3156 1262 3220; x_wconf 87' lang='lat' dir='ltr'><strong>quis</strong></span> <span class='ocrx_word' id='word_1_534' title='bbox 1301 3155 1404 3206; x_wconf 90' lang='lat' dir='ltr'><strong>vult</strong></span> <span class='ocrx_word' id='word_1_535' title='bbox 1448 3157 1661 3221; x_wconf 75' lang='lat' dir='ltr'><strong>sapiens</strong></span> <span class='ocrx_word' id='word_1_536' title='bbox 1689 3169 1805 3208; x_wconf 90' lang='lat' dir='ltr'><strong>esse</strong></span> <span class='ocrx_word' id='word_1_537' title='bbox 1836 3156 1886 3208; x_wconf 93' lang='lat' dir='ltr'><strong>in</strong></span> <span class='ocrx_word' id='word_1_538' title='bbox 1988 3156 2284 3210; x_wconf 89' lang='lat' dir='ltr'><strong>chariorem</strong></span> <span class='ocrx_word' id='word_1_539' title='bbox 2327 3155 2556 3212; x_wconf 87' lang='lat' dir='ltr'><strong>animam</strong></span> <span class='ocrx_word' id='word_1_540' title='bbox 2584 3175 2753 3214; x_wconf 88' lang='lat' dir='ltr'><strong>meam</strong></span> <span class='ocrx_word' id='word_1_541' title='bbox 2779 3157 2905 3210; x_wconf 88' lang='lat' dir='ltr'><strong>mihi</strong></span> <span class='ocrx_word' id='word_1_542' title='bbox 2928 3157 2990 3208; x_wconf 69' lang='grc' dir='ltr'><strong>θ’.</strong></span> <span class='ocrx_word' id='word_1_543' title='bbox 3026 3177 3043 3207; x_wconf 72' lang='grc' dir='ltr'><strong>ι</strong></span> <span class='ocrx_word' id='word_1_544' title='bbox 3073 3156 3159 3211; x_wconf 89' lang='lat' dir='ltr'><strong>Sic</strong></span> <span class='ocrx_word' id='word_1_545' title='bbox 3178 3170 3303 3225; x_wconf 88' lang='lat' dir='ltr'><strong>ergo</strong></span> <span class='ocrx_word' id='word_1_546' title='bbox 3329 3155 3436 3226; x_wconf 81' lang='lat'><strong>(70)</strong></span> <span class='ocrx_word' id='word_1_547' title='bbox 3461 3166 3516 3207; x_wconf 90' lang='lat' dir='ltr'><strong>et</strong></span> 
     </span>
    </p>
   </div>
   <div class='ocr_carea' id='block_1_48' title="bbox 331 3244 3513 3319">
    <p class='ocr_par' dir='ltr' id='par_1_48' title="bbox 331 3244 3513 3319">
     <span class='ocr_line' id='line_1_48' title="bbox 331 3244 3513 3319; baseline -0.001 -21"><span class='ocrx_word' id='word_1_548' title='bbox 331 3246 452 3298; x_wconf 77' lang='lat' dir='ltr'><strong>hoc</strong></span> <span class='ocrx_word' id='word_1_549' title='bbox 503 3249 725 3308; x_wconf 88' lang='lat' dir='ltr'><strong>mundo,</strong></span> <span class='ocrx_word' id='word_1_550' title='bbox 782 3245 1038 3310; x_wconf 88' lang='lat' dir='ltr'><strong>insipiens</strong></span> <span class='ocrx_word' id='word_1_551' title='bbox 1081 3244 1195 3297; x_wconf 90' lang='lat' dir='ltr'><strong>Iieri</strong></span> <span class='ocrx_word' id='word_1_552' title='bbox 1252 3245 1426 3308; x_wconf 88' lang='lat' dir='ltr'><strong>debet,</strong></span> <span class='ocrx_word' id='word_1_553' title='bbox 1461 3255 1519 3298; x_wconf 92' lang='lat' dir='ltr'><strong>ut</strong></span> <span class='ocrx_word' id='word_1_554' title='bbox 1567 3246 1636 3297; x_wconf 92' lang='lat' dir='ltr'><strong>sit</strong></span> <span class='ocrx_word' id='word_1_555' title='bbox 1677 3245 1890 3312; x_wconf 84' lang='lat' dir='ltr'><strong>sapiens</strong></span> <span class='ocrx_word' id='word_1_556' title='bbox 1989 3247 2152 3300; x_wconf 85' lang='lat' dir='ltr'><strong>Isaias</strong></span> <span class='ocrx_word' id='word_1_557' title='bbox 2170 3244 2594 3319; x_wconf 83' lang='lat' dir='ltr'><strong>sciebatquidem</strong></span> <span class='ocrx_word' id='word_1_558' title='bbox 2618 3247 2902 3298; x_wconf 87' lang='lat' dir='ltr'><strong>secandum</strong></span> <span class='ocrx_word' id='word_1_559' title='bbox 2923 3244 3513 3299; x_wconf 77' lang='lat' dir='ltr'><strong>seesseetinterticien-</strong></span> 
     </span>
    </p>
   </div>
   <div class='ocr_carea' id='block_1_49' title="bbox 328 3331 3511 3403">
    <p class='ocr_par' dir='ltr' id='par_1_49' title="bbox 328 3331 3511 3403">
     <span class='ocr_line' id='line_1_49' title="bbox 328 3331 3511 3403; baseline -0.001 -13"><span class='ocrx_word' id='word_1_560' title='bbox 328 3335 492 3403; x_wconf 82' lang='lat' dir='ltr'><strong>apud</strong></span> <span class='ocrx_word' id='word_1_561' title='bbox 525 3334 690 3386; x_wconf 92' lang='lat' dir='ltr'><strong>Deum</strong></span> <span class='ocrx_word' id='word_1_562' title='bbox 722 3331 802 3398; x_wconf 55' lang='lat'><strong>‘5;</strong></span> <span class='ocrx_word' id='word_1_563' title='bbox 833 3342 886 3385; x_wconf 92' lang='lat' dir='ltr'><strong>et</strong></span> <span class='ocrx_word' id='word_1_564' title='bbox 917 3351 933 3382; x_wconf 84' lang='grc' dir='ltr'><strong>ι</strong></span> <span class='ocrx_word' id='word_1_565' title='bbox 966 3335 1091 3399; x_wconf 87' lang='lat' dir='ltr'><strong>quia</strong></span> <span class='ocrx_word' id='word_1_566' title='bbox 1118 3348 1222 3386; x_wconf 93' lang='lat' dir='ltr'><strong>non</strong></span> <span class='ocrx_word' id='word_1_567' title='bbox 1256 3334 1498 3400; x_wconf 85' lang='lat' dir='ltr'><strong>cognovit</strong></span> <span class='ocrx_word' id='word_1_568' title='bbox 1544 3335 1770 3387; x_wconf 90' lang='lat' dir='ltr'><strong>mundus</strong></span> <span class='ocrx_word' id='word_1_569' title='bbox 1795 3349 1890 3400; x_wconf 91' lang='lat' dir='ltr'><strong>per</strong></span> <span class='ocrx_word' id='word_1_570' title='bbox 1988 3337 2110 3388; x_wconf 83' lang='lat' dir='ltr'><strong>dum</strong></span> <span class='ocrx_word' id='word_1_571' title='bbox 2139 3333 2299 3402; x_wconf 76' lang='lat'><strong>629</strong></span> <span class='ocrx_word' id='word_1_572' title='bbox 2326 3334 2391 3386; x_wconf 88' lang='lat' dir='ltr'><strong>ab</strong></span> <span class='ocrx_word' id='word_1_573' title='bbox 2417 3333 2590 3401; x_wconf 90' lang='lat' dir='ltr'><strong>impiis</strong></span> <span class='ocrx_word' id='word_1_574' title='bbox 2615 3372 2630 3396; x_wconf 93' lang='lat'><strong>,</strong></span> <span class='ocrx_word' id='word_1_575' title='bbox 2657 3334 2816 3386; x_wconf 90' lang='lat' dir='ltr'><strong>audet</strong></span> <span class='ocrx_word' id='word_1_576' title='bbox 2849 3343 3022 3387; x_wconf 91' lang='lat' dir='ltr'><strong>tamen</strong></span> <span class='ocrx_word' id='word_1_577' title='bbox 3051 3374 3066 3397; x_wconf 94' lang='lat'><strong>,</strong></span> <span class='ocrx_word' id='word_1_578' title='bbox 3092 3343 3146 3387; x_wconf 92' lang='lat' dir='ltr'><strong>et</strong></span> <span class='ocrx_word' id='word_1_579' title='bbox 3171 3349 3238 3387; x_wconf 82' lang='lat' dir='ltr'><strong>ex</strong></span> <span class='ocrx_word' id='word_1_580' title='bbox 3285 3348 3511 3400; x_wconf 90' lang='lat' dir='ltr'><strong>persona</strong></span> 
     </span>
    </p>
   </div>
   <div class='ocr_carea' id='block_1_50' title="bbox 327 3421 3514 3490">
    <p class='ocr_par' dir='ltr' id='par_1_50' title="bbox 327 3421 3514 3490">
     <span class='ocr_line' id='line_1_50' title="bbox 327 3421 3514 3490; baseline -0.002 -11"><span class='ocrx_word' id='word_1_581' title='bbox 327 3423 675 3489; x_wconf 75' lang='lat' dir='ltr'><strong>sapientiam</strong></span> <span class='ocrx_word' id='word_1_582' title='bbox 705 3422 901 3482; x_wconf 91' lang='lat' dir='ltr'><strong>Deum,</strong></span> <span class='ocrx_word' id='word_1_583' title='bbox 942 3422 1137 3490; x_wconf 86' lang='lat' dir='ltr'><strong>placuit</strong></span> <span class='ocrx_word' id='word_1_584' title='bbox 1170 3422 1278 3474; x_wconf 88' lang='lat' dir='ltr'><strong>Deo</strong></span> <span class='ocrx_word' id='word_1_585' title='bbox 1309 3436 1400 3490; x_wconf 93' lang='lat' dir='ltr'><strong>per</strong></span> <span class='ocrx_word' id='word_1_586' title='bbox 1428 3423 1706 3476; x_wconf 88' lang='lat' dir='ltr'><strong>stultitiam</strong></span> <span class='ocrx_word' id='word_1_587' title='bbox 1752 3438 1887 3490; x_wconf 71' lang='lat' dir='ltr'><strong>praa-</strong></span> <span class='ocrx_word' id='word_1_588' title='bbox 1988 3422 2184 3476; x_wconf 87' lang='lat' dir='ltr'><strong>Christi</strong></span> <span class='ocrx_word' id='word_1_589' title='bbox 2225 3423 2397 3476; x_wconf 89' lang='lat' dir='ltr'><strong>dicit:</strong></span> <span class='ocrx_word' id='word_1_590' title='bbox 2431 3438 2449 3470; x_wconf 78' lang='grc' dir='ltr'><strong>ι</strong></span> <span class='ocrx_word' id='word_1_591' title='bbox 2489 3421 2741 3474; x_wconf 87' lang='lat' dir='ltr'><strong>Iuventus</strong></span> <span class='ocrx_word' id='word_1_592' title='bbox 2784 3436 2901 3473; x_wconf 90' lang='lat' dir='ltr'><strong>sum</strong></span> <span class='ocrx_word' id='word_1_593' title='bbox 2945 3435 2973 3472; x_wconf 92' lang='lat' dir='ltr'><strong>a</strong></span> <span class='ocrx_word' id='word_1_594' title='bbox 3010 3436 3111 3474; x_wconf 91' lang='lat' dir='ltr'><strong>non</strong></span> <span class='ocrx_word' id='word_1_595' title='bbox 3155 3422 3514 3489; x_wconf 66' lang='lat' dir='ltr'><strong>quaerentibus</strong></span> 
     </span>
    </p>
   </div>
   <div class='ocr_carea' id='block_1_51' title="bbox 331 3511 3514 3583">
    <p class='ocr_par' dir='ltr' id='par_1_51' title="bbox 331 3511 3514 3583">
     <span class='ocr_line' id='line_1_51' title="bbox 331 3511 3514 3583; baseline -0.003 -13"><span class='ocrx_word' id='word_1_596' title='bbox 331 3514 646 3570; x_wconf 84' lang='lat' dir='ltr'><strong>dicationis</strong></span> <span class='ocrx_word' id='word_1_597' title='bbox 674 3513 852 3567; x_wconf 88' lang='lat' dir='ltr'><strong>salvos</strong></span> <span class='ocrx_word' id='word_1_598' title='bbox 878 3512 1054 3566; x_wconf 82' lang='lat' dir='ltr'><strong>facere</strong></span> <span class='ocrx_word' id='word_1_599' title='bbox 1079 3514 1357 3566; x_wconf 90' lang='lat' dir='ltr'><strong>credentes</strong></span> <span class='ocrx_word' id='word_1_600' title='bbox 1382 3514 1424 3544; x_wconf 76' lang='lat'><strong>“</strong></span> <span class='ocrx_word' id='word_1_601' title='bbox 1461 3533 1474 3566; x_wconf 87' lang='lat'><strong>:</strong></span> <span class='ocrx_word' id='word_1_602' title='bbox 1512 3533 1532 3566; x_wconf 73' lang='grc' dir='ltr'><strong>ι</strong></span> <span class='ocrx_word' id='word_1_603' title='bbox 1567 3526 1620 3568; x_wconf 91' lang='lat' dir='ltr'><strong>et</strong></span> <span class='ocrx_word' id='word_1_604' title='bbox 1647 3516 1766 3583; x_wconf 86' lang='lat' dir='ltr'><strong>quia</strong></span> <span class='ocrx_word' id='word_1_605' title='bbox 1797 3531 1890 3582; x_wconf 88' lang='lat' dir='ltr'><strong>per</strong></span> <span class='ocrx_word' id='word_1_606' title='bbox 1989 3526 2073 3565; x_wconf 92' lang='lat' dir='ltr'><strong>me</strong></span> <span class='ocrx_word' id='word_1_607' title='bbox 2099 3511 2166 3563; x_wconf 70' lang='lat'><strong>7°.</strong></span> <span class='ocrx_word' id='word_1_608' title='bbox 2211 3529 2227 3562; x_wconf 75' lang='grc' dir='ltr'><strong>ι</strong></span> <span class='ocrx_word' id='word_1_609' title='bbox 2262 3511 2474 3563; x_wconf 90' lang='lat' dir='ltr'><strong>Certum</strong></span> <span class='ocrx_word' id='word_1_610' title='bbox 2508 3519 2589 3563; x_wconf 90' lang='lat' dir='ltr'><strong>est</strong></span> <span class='ocrx_word' id='word_1_611' title='bbox 2629 3521 2800 3563; x_wconf 83' lang='lat' dir='ltr'><strong>autem</strong></span> <span class='ocrx_word' id='word_1_612' title='bbox 2829 3511 2966 3576; x_wconf 89' lang='lat' dir='ltr'><strong>quod</strong></span> <span class='ocrx_word' id='word_1_613' title='bbox 2997 3521 3182 3578; x_wconf 86' lang='lat' dir='ltr'><strong>gentes</strong></span> <span class='ocrx_word' id='word_1_614' title='bbox 3209 3519 3361 3563; x_wconf 90' lang='lat' dir='ltr'><strong>erant</strong></span> <span class='ocrx_word' id='word_1_615' title='bbox 3395 3524 3514 3576; x_wconf 65' lang='lat' dir='ltr'><strong>qua:</strong></span> 
     </span>
    </p>
   </div>
   <div class='ocr_carea' id='block_1_52' title="bbox 332 3600 3514 3676">
    <p class='ocr_par' dir='ltr' id='par_1_52' title="bbox 332 3600 3514 3676">
     <span class='ocr_line' id='line_1_52' title="bbox 332 3600 3514 3676; baseline -0.002 -19"><span class='ocrx_word' id='word_1_616' title='bbox 332 3605 796 3676; x_wconf 58' lang='lat' dir='ltr'><strong>praedicationem</strong></span> <span class='ocrx_word' id='word_1_617' title='bbox 819 3603 993 3655; x_wconf 87' lang='lat' dir='ltr'><strong>crucis</strong></span> <span class='ocrx_word' id='word_1_618' title='bbox 1025 3601 1244 3666; x_wconf 90' lang='lat' dir='ltr'><strong>Christi,</strong></span> <span class='ocrx_word' id='word_1_619' title='bbox 1265 3618 1382 3670; x_wconf 74' lang='lat' dir='ltr'><strong>qua:</strong></span> <span class='ocrx_word' id='word_1_620' title='bbox 1407 3613 1491 3656; x_wconf 90' lang='lat' dir='ltr'><strong>est</strong></span> <span class='ocrx_word' id='word_1_621' title='bbox 1513 3603 1734 3657; x_wconf 89' lang='lat' dir='ltr'><strong>stultitia</strong></span> <span class='ocrx_word' id='word_1_622' title='bbox 1758 3620 1888 3672; x_wconf 83' lang='lat' dir='ltr'><strong>gen-</strong></span> <span class='ocrx_word' id='word_1_623' title='bbox 1989 3601 2252 3656; x_wconf 67' lang='lat' dir='ltr'><strong>Christum</strong></span> <span class='ocrx_word' id='word_1_624' title='bbox 2290 3615 2387 3654; x_wconf 91' lang='lat' dir='ltr'><strong>nec</strong></span> <span class='ocrx_word' id='word_1_625' title='bbox 2412 3615 2650 3668; x_wconf 63' lang='lat' dir='ltr'><strong>quaerere</strong></span> <span class='ocrx_word' id='word_1_626' title='bbox 2698 3609 2952 3652; x_wconf 80' lang='lat' dir='ltr'><strong>noverant</strong></span> <span class='ocrx_word' id='word_1_627' title='bbox 2976 3638 2991 3662; x_wconf 94' lang='lat'><strong>,</strong></span> <span class='ocrx_word' id='word_1_628' title='bbox 3027 3615 3126 3652; x_wconf 92' lang='lat' dir='ltr'><strong>nec</strong></span> <span class='ocrx_word' id='word_1_629' title='bbox 3166 3601 3231 3653; x_wconf 87' lang='lat' dir='ltr'><strong>de</strong></span> <span class='ocrx_word' id='word_1_630' title='bbox 3254 3616 3318 3653; x_wconf 91' lang='lat' dir='ltr'><strong>eo</strong></span> <span class='ocrx_word' id='word_1_631' title='bbox 3345 3600 3514 3674; x_wconf 79' lang='lat' dir='ltr'><strong>inter-</strong></span> 
     </span>
    </p>
   </div>
   <div class='ocr_carea' id='block_1_53' title="bbox 334 3691 3513 3760">
    <p class='ocr_par' dir='ltr' id='par_1_53' title="bbox 334 3691 3513 3760">
     <span class='ocr_line' id='line_1_53' title="bbox 334 3691 3513 3760; baseline -0.003 -10"><span class='ocrx_word' id='word_1_632' title='bbox 334 3699 494 3750; x_wconf 85' lang='lat' dir='ltr'><strong>tibus</strong></span> <span class='ocrx_word' id='word_1_633' title='bbox 515 3693 584 3757; x_wconf 81' lang='lat'><strong>“,</strong></span> <span class='ocrx_word' id='word_1_634' title='bbox 605 3691 1257 3760; x_wconf 58' lang='lat' dir='ltr'><strong>congrrgabiturpopulus</strong></span> <span class='ocrx_word' id='word_1_635' title='bbox 1277 3693 1362 3756; x_wconf 91' lang='lat' dir='ltr'><strong>qui</strong></span> <span class='ocrx_word' id='word_1_636' title='bbox 1391 3693 1552 3744; x_wconf 83' lang='lat' dir='ltr'><strong>Iiatin</strong></span> <span class='ocrx_word' id='word_1_637' title='bbox 1575 3693 1675 3746; x_wconf 94' lang='lat' dir='ltr'><strong>hoc</strong></span> <span class='ocrx_word' id='word_1_638' title='bbox 1698 3695 1891 3746; x_wconf 87' lang='lat' dir='ltr'><strong>mundo</strong></span> <span class='ocrx_word' id='word_1_639' title='bbox 1988 3704 2174 3759; x_wconf 81' lang='lat' dir='ltr'><strong>rogare</strong></span> <span class='ocrx_word' id='word_1_640' title='bbox 2229 3691 2542 3743; x_wconf 85' lang='lat' dir='ltr'><strong>didicerant.</strong></span> <span class='ocrx_word' id='word_1_641' title='bbox 2601 3691 2917 3743; x_wconf 88' lang='lat' dir='ltr'><strong>Invenerunt</strong></span> <span class='ocrx_word' id='word_1_642' title='bbox 2966 3701 3142 3744; x_wconf 84' lang='lat' dir='ltr'><strong>tamen</strong></span> <span class='ocrx_word' id='word_1_643' title='bbox 3197 3706 3354 3758; x_wconf 91' lang='lat' dir='ltr'><strong>quem</strong></span> <span class='ocrx_word' id='word_1_644' title='bbox 3409 3705 3513 3741; x_wconf 94' lang='lat' dir='ltr'><strong>non</strong></span> 
     </span>
    </p>
   </div>
   <div class='ocr_carea' id='block_1_54' title="bbox 333 3781 3514 3850">
    <p class='ocr_par' dir='ltr' id='par_1_54' title="bbox 333 3781 3514 3850">
     <span class='ocr_line' id='line_1_54' title="bbox 333 3781 3514 3850; baseline -0.002 -10"><span class='ocrx_word' id='word_1_645' title='bbox 333 3787 576 3846; x_wconf 82' lang='lat' dir='ltr'><strong>stultus,</strong></span> <span class='ocrx_word' id='word_1_646' title='bbox 620 3794 679 3836; x_wconf 92' lang='lat' dir='ltr'><strong>ut</strong></span> <span class='ocrx_word' id='word_1_647' title='bbox 715 3783 790 3835; x_wconf 85' lang='lat' dir='ltr'><strong>sit</strong></span> <span class='ocrx_word' id='word_1_648' title='bbox 817 3783 1028 3850; x_wconf 87' lang='lat' dir='ltr'><strong>sapiens</strong></span> <span class='ocrx_word' id='word_1_649' title='bbox 1061 3784 1198 3848; x_wconf 87' lang='lat' dir='ltr'><strong>apud</strong></span> <span class='ocrx_word' id='word_1_650' title='bbox 1231 3782 1414 3835; x_wconf 90' lang='lat' dir='ltr'><strong>Deum.</strong></span> <span class='ocrx_word' id='word_1_651' title='bbox 1458 3783 1764 3837; x_wconf 84' lang='lat' dir='ltr'><strong>Irascuntur</strong></span> <span class='ocrx_word' id='word_1_652' title='bbox 1801 3799 1891 3837; x_wconf 82' lang='lat' dir='ltr'><strong>er-</strong></span> <span class='ocrx_word' id='word_1_653' title='bbox 1987 3781 2328 3849; x_wconf 70' lang='lat' dir='ltr'><strong>quaesierunt,</strong></span> <span class='ocrx_word' id='word_1_654' title='bbox 2354 3781 2476 3847; x_wconf 90' lang='lat' dir='ltr'><strong>quia</strong></span> <span class='ocrx_word' id='word_1_655' title='bbox 2507 3781 2619 3848; x_wconf 90' lang='lat' dir='ltr'><strong>ipse</strong></span> <span class='ocrx_word' id='word_1_656' title='bbox 2645 3795 2736 3834; x_wconf 88' lang='lat' dir='ltr'><strong>eos</strong></span> <span class='ocrx_word' id='word_1_657' title='bbox 2764 3781 2908 3848; x_wconf 91' lang='lat' dir='ltr'><strong>prior</strong></span> <span class='ocrx_word' id='word_1_658' title='bbox 2929 3782 3192 3847; x_wconf 66' lang='lat' dir='ltr'><strong>quaesivit.</strong></span> <span class='ocrx_word' id='word_1_659' title='bbox 3221 3781 3412 3836; x_wconf 88' lang='lat' dir='ltr'><strong>Pastor</strong></span> <span class='ocrx_word' id='word_1_660' title='bbox 3429 3795 3514 3835; x_wconf 88' lang='lat' dir='ltr'><strong>est</strong></span> 
     </span>
    </p>
   </div>
   <div class='ocr_carea' id='block_1_55' title="bbox 333 3870 3530 3946">
    <p class='ocr_par' dir='ltr' id='par_1_55' title="bbox 333 3870 3530 3946">
     <span class='ocr_line' id='line_1_55' title="bbox 333 3870 3530 3946; baseline -0.003 -17"><span class='ocrx_word' id='word_1_661' title='bbox 333 3895 410 3945; x_wconf 76' lang='lat' dir='ltr'><strong>go</strong></span> <span class='ocrx_word' id='word_1_662' title='bbox 447 3874 565 3946; x_wconf 82' lang='grc'><strong>(65)</strong></span> <span class='ocrx_word' id='word_1_663' title='bbox 595 3873 759 3928; x_wconf 78' lang='lat' dir='ltr'><strong>Judaei</strong></span> <span class='ocrx_word' id='word_1_664' title='bbox 787 3874 926 3942; x_wconf 92' lang='lat' dir='ltr'><strong>quod</strong></span> <span class='ocrx_word' id='word_1_665' title='bbox 959 3874 1086 3941; x_wconf 91' lang='lat' dir='ltr'><strong>ipsis</strong></span> <span class='ocrx_word' id='word_1_666' title='bbox 1111 3875 1486 3928; x_wconf 80' lang='lat' dir='ltr'><strong>excusantibus</strong></span> <span class='ocrx_word' id='word_1_667' title='bbox 1520 3881 1574 3927; x_wconf 91' lang='lat' dir='ltr'><strong>et</strong></span> <span class='ocrx_word' id='word_1_668' title='bbox 1609 3874 1888 3928; x_wconf 79' lang='lat' dir='ltr'><strong>refutanti-</strong></span> <span class='ocrx_word' id='word_1_669' title='bbox 1990 3870 2132 3922; x_wconf 89' lang='lat' dir='ltr'><strong>enim</strong></span> <span class='ocrx_word' id='word_1_670' title='bbox 2167 3871 2332 3922; x_wconf 92' lang='lat' dir='ltr'><strong>bonus</strong></span> <span class='ocrx_word' id='word_1_671' title='bbox 2360 3870 2426 3933; x_wconf 80' lang='grc'><strong>⁷⁸,</strong></span> <span class='ocrx_word' id='word_1_672' title='bbox 2458 3877 2511 3921; x_wconf 89' lang='lat' dir='ltr'><strong>et</strong></span> <span class='ocrx_word' id='word_1_673' title='bbox 2550 3884 2700 3922; x_wconf 91' lang='lat' dir='ltr'><strong>ovem</strong></span> <span class='ocrx_word' id='word_1_674' title='bbox 2727 3885 2842 3936; x_wconf 79' lang='lat' dir='ltr'><strong>qua:</strong></span> <span class='ocrx_word' id='word_1_675' title='bbox 2864 3870 3096 3936; x_wconf 89' lang='lat' dir='ltr'><strong>perierat</strong></span> <span class='ocrx_word' id='word_1_676' title='bbox 3120 3870 3400 3938; x_wconf 88' lang='lat' dir='ltr'><strong>requisivit</strong></span> <span class='ocrx_word' id='word_1_677' title='bbox 3431 3871 3473 3899; x_wconf 84' lang='lat'>&quot;</span> <span class='ocrx_word' id='word_1_678' title='bbox 3494 3885 3530 3932; x_wconf 55' lang='grc'><strong>;,</strong></span> 
     </span>
    </p>
   </div>
   <div class='ocr_carea' id='block_1_56' title="bbox 332 3959 3512 4031">
    <p class='ocr_par' dir='ltr' id='par_1_56' title="bbox 332 3959 3512 4031">
     <span class='ocr_line' id='line_1_56' title="bbox 332 3959 3512 4031; baseline -0.001 -15"><span class='ocrx_word' id='word_1_679' title='bbox 332 3970 471 4028; x_wconf 71' lang='lat' dir='ltr'><strong>ltus,</strong></span> <span class='ocrx_word' id='word_1_680' title='bbox 508 3967 576 4018; x_wconf 89' lang='lat' dir='ltr'><strong>ad</strong></span> <span class='ocrx_word' id='word_1_681' title='bbox 609 3965 908 4017; x_wconf 91' lang='lat' dir='ltr'><strong>convivium</strong></span> <span class='ocrx_word' id='word_1_682' title='bbox 935 3965 1071 4031; x_wconf 89' lang='lat' dir='ltr'><strong>regis</strong></span> <span class='ocrx_word' id='word_1_683' title='bbox 1100 3964 1332 4017; x_wconf 73' lang='lat' dir='ltr'><strong>invitata:</strong></span> <span class='ocrx_word' id='word_1_684' title='bbox 1359 3974 1481 4016; x_wconf 89' lang='lat' dir='ltr'><strong>sunt</strong></span> <span class='ocrx_word' id='word_1_685' title='bbox 1525 3975 1729 4030; x_wconf 82' lang='lat' dir='ltr'><strong>gentes,</strong></span> <span class='ocrx_word' id='word_1_686' title='bbox 1778 3979 1881 4016; x_wconf 92' lang='lat' dir='ltr'><strong>non</strong></span> <span class='ocrx_word' id='word_1_687' title='bbox 1986 3967 2040 4012; x_wconf 87' lang='lat' dir='ltr'><strong>et</strong></span> <span class='ocrx_word' id='word_1_688' title='bbox 2065 3959 2324 4024; x_wconf 88' lang='lat' dir='ltr'><strong>sapientia</strong></span> <span class='ocrx_word' id='word_1_689' title='bbox 2369 3968 2447 4011; x_wconf 93' lang='lat' dir='ltr'><strong>est</strong></span> <span class='ocrx_word' id='word_1_690' title='bbox 2471 3974 2588 4030; x_wconf 74' lang='lat' dir='ltr'><strong>qua:</strong></span> <span class='ocrx_word' id='word_1_691' title='bbox 2625 3959 2937 4012; x_wconf 88' lang='lat' dir='ltr'><strong>drachmam</strong></span> <span class='ocrx_word' id='word_1_692' title='bbox 2962 3959 3220 4026; x_wconf 89' lang='lat' dir='ltr'><strong>perditam</strong></span> <span class='ocrx_word' id='word_1_693' title='bbox 3248 3959 3512 4026; x_wconf 64' lang='lat' dir='ltr'><strong>quaesivit,</strong></span> 
     </span>
    </p>
   </div>
   <div class='ocr_carea' id='block_1_57' title="bbox 331 4047 3511 4126">
    <p class='ocr_par' dir='ltr' id='par_1_57' title="bbox 331 4047 3511 4126">
     <span class='ocr_line' id='line_1_57' title="bbox 331 4047 3511 4126; baseline -0.003 -14"><span class='ocrx_word' id='word_1_694' title='bbox 331 4059 679 4126; x_wconf 86' lang='lat' dir='ltr'><strong>aspicientes</strong></span> <span class='ocrx_word' id='word_1_695' title='bbox 724 4057 789 4106; x_wconf 89' lang='lat' dir='ltr'><strong>ad</strong></span> <span class='ocrx_word' id='word_1_696' title='bbox 836 4068 896 4106; x_wconf 90' lang='lat' dir='ltr'><strong>ea</strong></span> <span class='ocrx_word' id='word_1_697' title='bbox 949 4069 1067 4122; x_wconf 74' lang='lat' dir='ltr'><strong>qua:</strong></span> <span class='ocrx_word' id='word_1_698' title='bbox 1124 4053 1318 4106; x_wconf 90' lang='lat' dir='ltr'><strong>dudum</strong></span> <span class='ocrx_word' id='word_1_699' title='bbox 1365 4054 1429 4106; x_wconf 92' lang='lat' dir='ltr'><strong>de</strong></span> <span class='ocrx_word' id='word_1_700' title='bbox 1483 4055 1583 4106; x_wconf 90' lang='lat' dir='ltr'><strong>hoc</strong></span> <span class='ocrx_word' id='word_1_701' title='bbox 1637 4053 1888 4122; x_wconf 88' lang='lat' dir='ltr'><strong>mysterio</strong></span> <span class='ocrx_word' id='word_1_702' title='bbox 1987 4060 2041 4101; x_wconf 89' lang='lat' dir='ltr'><strong>et</strong></span> <span class='ocrx_word' id='word_1_703' title='bbox 2083 4063 2322 4116; x_wconf 69' lang='lat' dir='ltr'><strong>qrmrens</strong></span> <span class='ocrx_word' id='word_1_704' title='bbox 2367 4049 2565 4100; x_wconf 88' lang='lat' dir='ltr'><strong>invenit</strong></span> <span class='ocrx_word' id='word_1_705' title='bbox 2607 4048 2672 4102; x_wconf 79' lang='grc'><strong>⁷³.</strong></span> <span class='ocrx_word' id='word_1_706' title='bbox 2706 4047 2870 4100; x_wconf 72' lang='lat' dir='ltr'><strong>Judzci</strong></span> <span class='ocrx_word' id='word_1_707' title='bbox 2916 4058 3092 4101; x_wconf 89' lang='lat' dir='ltr'><strong>autem</strong></span> <span class='ocrx_word' id='word_1_708' title='bbox 3141 4064 3307 4115; x_wconf 88' lang='lat' dir='ltr'><strong>usque</strong></span> <span class='ocrx_word' id='word_1_709' title='bbox 3342 4050 3511 4102; x_wconf 87' lang='lat' dir='ltr'><strong>adhuc</strong></span> 
     </span>
    </p>
   </div>
   <div class='ocr_carea' id='block_1_58' title="bbox 336 4138 3509 4210">
    <p class='ocr_par' dir='ltr' id='par_1_58' title="bbox 336 4138 3509 4210">
     <span class='ocr_line' id='line_1_58' title="bbox 336 4138 3509 4210; baseline -0.003 -10"><span class='ocrx_word' id='word_1_710' title='bbox 336 4168 360 4200; x_wconf 74' lang='grc' dir='ltr'>σ</span> <span class='ocrx_word' id='word_1_711' title='bbox 407 4146 588 4200; x_wconf 87' lang='lat' dir='ltr'><strong>Isaias</strong></span> <span class='ocrx_word' id='word_1_712' title='bbox 638 4143 796 4196; x_wconf 88' lang='lat' dir='ltr'><strong>audet</strong></span> <span class='ocrx_word' id='word_1_713' title='bbox 842 4152 898 4195; x_wconf 91' lang='lat' dir='ltr'><strong>et</strong></span> <span class='ocrx_word' id='word_1_714' title='bbox 936 4143 1066 4196; x_wconf 89' lang='lat' dir='ltr'><strong>dicit</strong></span> <span class='ocrx_word' id='word_1_715' title='bbox 1097 4159 1109 4194; x_wconf 94' lang='lat'>:</span> <span class='ocrx_word' id='word_1_716' title='bbox 1138 4142 1386 4195; x_wconf 90' lang='lat' dir='ltr'><strong>Inventus</strong></span> <span class='ocrx_word' id='word_1_717' title='bbox 1429 4157 1544 4194; x_wconf 89' lang='lat' dir='ltr'><strong>sum</strong></span> <span class='ocrx_word' id='word_1_718' title='bbox 1577 4141 1686 4210; x_wconf 86' lang='lat'><strong>(66)</strong></span> <span class='ocrx_word' id='word_1_719' title='bbox 1719 4156 1746 4193; x_wconf 89' lang='lat' dir='ltr'><strong>a</strong></span> <span class='ocrx_word' id='word_1_720' title='bbox 1784 4157 1884 4194; x_wconf 91' lang='lat' dir='ltr'><strong>non</strong></span> <span class='ocrx_word' id='word_1_721' title='bbox 1986 4148 2232 4204; x_wconf 66' lang='lat' dir='ltr'><strong>quairunt</strong></span> <span class='ocrx_word' id='word_1_722' title='bbox 2265 4139 2329 4190; x_wconf 90' lang='lat' dir='ltr'><strong>de</strong></span> <span class='ocrx_word' id='word_1_723' title='bbox 2359 4139 2568 4190; x_wconf 89' lang='lat' dir='ltr'><strong>Christo</strong></span> <span class='ocrx_word' id='word_1_724' title='bbox 2591 4179 2605 4202; x_wconf 93' lang='lat'><strong>,</strong></span> <span class='ocrx_word' id='word_1_725' title='bbox 2635 4148 2688 4190; x_wconf 90' lang='lat' dir='ltr'><strong>et</strong></span> <span class='ocrx_word' id='word_1_726' title='bbox 2737 4138 3066 4206; x_wconf 80' lang='lat' dir='ltr'><strong>interrOgant</strong></span> <span class='ocrx_word' id='word_1_727' title='bbox 3108 4139 3408 4206; x_wconf 87' lang='lat' dir='ltr'><strong>Scripturas</strong></span> <span class='ocrx_word' id='word_1_728' title='bbox 3444 4142 3509 4192; x_wconf 89' lang='lat' dir='ltr'><strong>de</strong></span> 
     </span>
    </p>
   </div>
   <div class='ocr_carea' id='block_1_59' title="bbox 328 4226 3532 4306">
    <p class='ocr_par' dir='ltr' id='par_1_59' title="bbox 328 4226 3532 4306">
     <span class='ocr_line' id='line_1_59' title="bbox 328 4226 3532 4306; baseline -0.004 -16"><span class='ocrx_word' id='word_1_729' title='bbox 328 4232 719 4306; x_wconf 68' lang='lat' dir='ltr'><strong>qumrentibus</strong></span> <span class='ocrx_word' id='word_1_730' title='bbox 742 4231 1047 4298; x_wconf 86' lang='lat' dir='ltr'><strong>me:palam</strong></span> <span class='ocrx_word' id='word_1_731' title='bbox 1069 4230 1284 4298; x_wconf 90' lang='lat' dir='ltr'><strong>apparui</strong></span> <span class='ocrx_word' id='word_1_732' title='bbox 1305 4230 1545 4288; x_wconf 88' lang='lat' dir='ltr'><strong>intereos</strong></span> <span class='ocrx_word' id='word_1_733' title='bbox 1566 4230 1654 4296; x_wconf 90' lang='lat' dir='ltr'><strong>qui</strong></span> <span class='ocrx_word' id='word_1_734' title='bbox 1681 4228 1884 4297; x_wconf 90' lang='lat' dir='ltr'><strong>me(67)</strong></span> <span class='ocrx_word' id='word_1_735' title='bbox 1987 4241 2068 4291; x_wconf 89' lang='lat' dir='ltr'><strong>eo,</strong></span> <span class='ocrx_word' id='word_1_736' title='bbox 2118 4235 2170 4278; x_wconf 94' lang='lat' dir='ltr'><strong>et</strong></span> <span class='ocrx_word' id='word_1_737' title='bbox 2217 4241 2317 4279; x_wconf 90' lang='lat' dir='ltr'><strong>non</strong></span> <span class='ocrx_word' id='word_1_738' title='bbox 2351 4227 2654 4288; x_wconf 89' lang='lat' dir='ltr'><strong>inveniunt;</strong></span> <span class='ocrx_word' id='word_1_739' title='bbox 2698 4227 2818 4292; x_wconf 87' lang='lat' dir='ltr'><strong>quia</strong></span> <span class='ocrx_word' id='word_1_740' title='bbox 2867 4241 2992 4278; x_wconf 71' lang='lat' dir='ltr'><strong>crux</strong></span> <span class='ocrx_word' id='word_1_741' title='bbox 3042 4228 3156 4291; x_wconf 81' lang='lat' dir='ltr'><strong>ejus</strong></span> <span class='ocrx_word' id='word_1_742' title='bbox 3197 4226 3392 4279; x_wconf 66' lang='lat' dir='ltr'><strong>Judaais</strong></span> <span class='ocrx_word' id='word_1_743' title='bbox 3433 4231 3532 4279; x_wconf 85' lang='lat' dir='ltr'><strong>est‘</strong></span> 
     </span>
    </p>
   </div>
   <div class='ocr_carea' id='block_1_60' title="bbox 328 4316 3530 4388">
    <p class='ocr_par' dir='ltr' id='par_1_60' title="bbox 328 4316 3530 4388">
     <span class='ocr_line' id='line_1_60' title="bbox 328 4316 3530 4388; baseline -0.003 -12"><span class='ocrx_word' id='word_1_744' title='bbox 328 4342 455 4380; x_wconf 77' lang='lat' dir='ltr'><strong>non</strong></span> <span class='ocrx_word' id='word_1_745' title='bbox 493 4318 915 4388; x_wconf 81' lang='lat' dir='ltr'><strong>interrogabant.</strong></span> <span class='ocrx_word' id='word_1_746' title='bbox 941 4318 1019 4370; x_wconf 80' lang='lat' dir='ltr'><strong>Ad</strong></span> <span class='ocrx_word' id='word_1_747' title='bbox 1045 4318 1201 4370; x_wconf 90' lang='lat' dir='ltr'><strong>Israel</strong></span> <span class='ocrx_word' id='word_1_748' title='bbox 1228 4326 1404 4370; x_wconf 88' lang='lat' dir='ltr'><strong>autem</strong></span> <span class='ocrx_word' id='word_1_749' title='bbox 1427 4318 1552 4386; x_wconf 90' lang='lat' dir='ltr'><strong>quid</strong></span> <span class='ocrx_word' id='word_1_750' title='bbox 1577 4317 1734 4371; x_wconf 86' lang='lat' dir='ltr'><strong>dicit?</strong></span> <span class='ocrx_word' id='word_1_751' title='bbox 1755 4317 1884 4368; x_wconf 87' lang='lat' dir='ltr'><strong>Tota</strong></span> <span class='ocrx_word' id='word_1_752' title='bbox 1918 4337 1961 4388; x_wconf 80' lang='grc' dir='ltr'><strong>ι)</strong></span> <span class='ocrx_word' id='word_1_753' title='bbox 1989 4317 2297 4370; x_wconf 88' lang='lat' dir='ltr'><strong>scandalum</strong></span> <span class='ocrx_word' id='word_1_754' title='bbox 2325 4317 2368 4346; x_wconf 74' lang='grc'><strong>⁷⁸</strong></span> <span class='ocrx_word' id='word_1_755' title='bbox 2400 4316 2506 4386; x_wconf 89' lang='grc'><strong>(71)</strong></span> <span class='ocrx_word' id='word_1_756' title='bbox 2536 4335 2547 4370; x_wconf 93' lang='lat'>:</span> <span class='ocrx_word' id='word_1_757' title='bbox 2575 4326 2628 4370; x_wconf 86' lang='lat' dir='ltr'><strong>et</strong></span> <span class='ocrx_word' id='word_1_758' title='bbox 2654 4318 2768 4370; x_wconf 92' lang='lat' dir='ltr'><strong>ideo</strong></span> <span class='ocrx_word' id='word_1_759' title='bbox 2793 4317 2921 4370; x_wconf 90' lang='lat' dir='ltr'><strong>dicit</strong></span> <span class='ocrx_word' id='word_1_760' title='bbox 2944 4322 3007 4370; x_wconf 88' lang='lat' dir='ltr'><strong>ad</strong></span> <span class='ocrx_word' id='word_1_761' title='bbox 3038 4335 3126 4370; x_wconf 86' lang='lat' dir='ltr'><strong>eos</strong></span> <span class='ocrx_word' id='word_1_762' title='bbox 3159 4336 3172 4369; x_wconf 87' lang='lat'><strong>:</strong></span> <span class='ocrx_word' id='word_1_763' title='bbox 3208 4337 3224 4366; x_wconf 81' lang='grc' dir='ltr'><strong>ι</strong></span> <span class='ocrx_word' id='word_1_764' title='bbox 3267 4317 3397 4369; x_wconf 85' lang='lat' dir='ltr'><strong>Tota</strong></span> <span class='ocrx_word' id='word_1_765' title='bbox 3430 4319 3530 4374; x_wconf 67' lang='lat' dir='ltr'><strong>die~</strong></span> 
     </span>
    </p>
   </div>
   <div class='ocr_carea' id='block_1_61' title="bbox 329 4407 3512 4480">
    <p class='ocr_par' dir='ltr' id='par_1_61' title="bbox 329 4407 3512 4480">
     <span class='ocr_line' id='line_1_61' title="bbox 329 4407 3512 4480; baseline -0.002 -12"><span class='ocrx_word' id='word_1_766' title='bbox 329 4416 433 4468; x_wconf 85' lang='lat' dir='ltr'><strong>die</strong></span> <span class='ocrx_word' id='word_1_767' title='bbox 461 4410 696 4480; x_wconf 80' lang='lat' dir='ltr'><strong>expandi</strong></span> <span class='ocrx_word' id='word_1_768' title='bbox 729 4424 915 4462; x_wconf 88' lang='lat' dir='ltr'><strong>manus</strong></span> <span class='ocrx_word' id='word_1_769' title='bbox 957 4421 1100 4460; x_wconf 89' lang='lat' dir='ltr'><strong>meas</strong></span> <span class='ocrx_word' id='word_1_770' title='bbox 1126 4408 1191 4459; x_wconf 88' lang='lat' dir='ltr'><strong>ad</strong></span> <span class='ocrx_word' id='word_1_771' title='bbox 1223 4408 1469 4473; x_wconf 90' lang='lat' dir='ltr'><strong>populum</strong></span> <span class='ocrx_word' id='word_1_772' title='bbox 1515 4420 1616 4458; x_wconf 92' lang='lat' dir='ltr'><strong>non</strong></span> <span class='ocrx_word' id='word_1_773' title='bbox 1657 4407 1881 4458; x_wconf 90' lang='lat' dir='ltr'><strong>creden-</strong></span> <span class='ocrx_word' id='word_1_774' title='bbox 1989 4408 2215 4473; x_wconf 85' lang='lat' dir='ltr'><strong>expandi</strong></span> <span class='ocrx_word' id='word_1_775' title='bbox 2247 4422 2431 4460; x_wconf 89' lang='lat' dir='ltr'><strong>manus</strong></span> <span class='ocrx_word' id='word_1_776' title='bbox 2478 4423 2620 4460; x_wconf 90' lang='lat' dir='ltr'><strong>meas</strong></span> <span class='ocrx_word' id='word_1_777' title='bbox 2645 4409 2711 4461; x_wconf 91' lang='lat' dir='ltr'><strong>ad</strong></span> <span class='ocrx_word' id='word_1_778' title='bbox 2754 4409 2998 4476; x_wconf 89' lang='lat' dir='ltr'><strong>populum</strong></span> <span class='ocrx_word' id='word_1_779' title='bbox 3043 4427 3147 4462; x_wconf 92' lang='lat' dir='ltr'><strong>non</strong></span> <span class='ocrx_word' id='word_1_780' title='bbox 3189 4410 3512 4472; x_wconf 84' lang='lat' dir='ltr'><strong>credentem,</strong></span> 
     </span>
    </p>
   </div>
   <div class='ocr_carea' id='block_1_62' title="bbox 333 4492 1885 4559">
    <p class='ocr_par' dir='ltr' id='par_1_62' title="bbox 333 4492 1885 4559">
     <span class='ocr_line' id='line_1_62' title="bbox 333 4492 1885 4559; baseline -0.005 -8"><span class='ocrx_word' id='word_1_781' title='bbox 333 4513 456 4553; x_wconf 79' lang='lat' dir='ltr'><strong>tem</strong></span> <span class='ocrx_word' id='word_1_782' title='bbox 516 4507 572 4550; x_wconf 90' lang='lat' dir='ltr'><strong>et</strong></span> <span class='ocrx_word' id='word_1_783' title='bbox 628 4495 1102 4548; x_wconf 87' lang='lat' dir='ltr'><strong>contradicentem.</strong></span> <span class='ocrx_word' id='word_1_784' title='bbox 1155 4512 1174 4543; x_wconf 70' lang='grc' dir='ltr'><strong>ι</strong></span> <span class='ocrx_word' id='word_1_785' title='bbox 1217 4494 1364 4546; x_wconf 85' lang='lat' dir='ltr'><strong>Sicut</strong></span> <span class='ocrx_word' id='word_1_786' title='bbox 1412 4496 1463 4545; x_wconf 94' lang='lat' dir='ltr'><strong>in</strong></span> <span class='ocrx_word' id='word_1_787' title='bbox 1519 4492 1885 4559; x_wconf 90' lang='lat' dir='ltr'><strong>superioribus</strong></span> 
     </span>
    </p>
   </div>
   <div class='ocr_carea' id='block_1_63' title="bbox 329 4583 1881 4660">
    <p class='ocr_par' dir='ltr' id='par_1_63' title="bbox 329 4583 1881 4660">
     <span class='ocr_line' id='line_1_63' title="bbox 329 4583 1881 4660; baseline -0.005 -16"><span class='ocrx_word' id='word_1_788' title='bbox 329 4604 495 4660; x_wconf 68' lang='lat' dir='ltr'><strong>smpe</strong></span> <span class='ocrx_word' id='word_1_789' title='bbox 523 4587 854 4640; x_wconf 87' lang='lat' dir='ltr'><strong>ostendimus</strong></span> <span class='ocrx_word' id='word_1_790' title='bbox 880 4584 1173 4652; x_wconf 85' lang='lat' dir='ltr'><strong>apostolum</strong></span> <span class='ocrx_word' id='word_1_791' title='bbox 1205 4583 1418 4636; x_wconf 84' lang='lat' dir='ltr'><strong>Paulum</strong></span> <span class='ocrx_word' id='word_1_792' title='bbox 1451 4599 1590 4636; x_wconf 90' lang='lat' dir='ltr'><strong>nunc</strong></span> <span class='ocrx_word' id='word_1_793' title='bbox 1614 4585 1678 4636; x_wconf 89' lang='lat' dir='ltr'><strong>de</strong></span> <span class='ocrx_word' id='word_1_794' title='bbox 1708 4585 1881 4651; x_wconf 80' lang='lat' dir='ltr'><strong>genti-</strong></span> 
     </span>
    </p>
   </div>
   <div class='ocr_carea' id='block_1_64' title="bbox 413 4719 1444 4784">
    <p class='ocr_par' dir='ltr' id='par_1_64' title="bbox 413 4719 1444 4784">
     <span class='ocr_line' id='line_1_64' title="bbox 413 4719 1444 4784; baseline -0.005 -7"><span class='ocrx_word' id='word_1_795' title='bbox 413 4728 463 4756; x_wconf 71' lang='lat'><strong>“</strong></span> <span class='ocrx_word' id='word_1_796' title='bbox 503 4725 521 4776; x_wconf 94' lang='lat' dir='ltr'><strong>I</strong></span> <span class='ocrx_word' id='word_1_797' title='bbox 569 4723 692 4776; x_wconf 90' lang='lat' dir='ltr'><strong>Cor.</strong></span> <span class='ocrx_word' id='word_1_798' title='bbox 725 4737 805 4784; x_wconf 85' lang='grc' dir='ltr'><strong>ιιι,</strong></span> <span class='ocrx_word' id='word_1_799' title='bbox 855 4721 937 4776; x_wconf 76' lang='grc'><strong>18.</strong></span> <span class='ocrx_word' id='word_1_800' title='bbox 1015 4720 1244 4772; x_wconf 71' lang='lat' dir='ltr'><strong>&quot;lCor.</strong></span> <span class='ocrx_word' id='word_1_801' title='bbox 1279 4735 1317 4784; x_wconf 85' lang='lat' dir='ltr'><strong>I,</strong></span> <span class='ocrx_word' id='word_1_802' title='bbox 1356 4719 1444 4772; x_wconf 72' lang='lat' dir='ltr'><strong>2i.</strong></span> 
     </span>
    </p>
   </div>
   <div class='ocr_carea' id='block_1_65' title="bbox 331 4788 1284 4856">
    <p class='ocr_par' dir='ltr' id='par_1_65' title="bbox 331 4788 1284 4856">
     <span class='ocr_line' id='line_1_65' title="bbox 331 4788 1284 4856; baseline -0.01 -7"><span class='ocrx_word' id='word_1_803' title='bbox 331 4798 386 4829; x_wconf 80' lang='grc' dir='ltr'>ὀ</span> <span class='ocrx_word' id='word_1_804' title='bbox 421 4797 530 4848; x_wconf 74' lang='lat' dir='ltr'><strong>lsa.</strong></span> <span class='ocrx_word' id='word_1_805' title='bbox 559 4807 685 4856; x_wconf 69' lang='grc' dir='ltr'><strong>ων,</strong></span> <span class='ocrx_word' id='word_1_806' title='bbox 726 4792 771 4843; x_wconf 88' lang='grc' dir='ltr'>ι.</span> <span class='ocrx_word' id='word_1_807' title='bbox 862 4790 905 4820; x_wconf 77' lang='grc'>⁷⁸</span> <span class='ocrx_word' id='word_1_808' title='bbox 934 4789 1086 4842; x_wconf 87' lang='lat' dir='ltr'><strong>.loan.</strong></span> <span class='ocrx_word' id='word_1_809' title='bbox 1115 4803 1169 4852; x_wconf 71' lang='grc' dir='ltr'>ι,</span> <span class='ocrx_word' id='word_1_810' title='bbox 1197 4788 1284 4840; x_wconf 80' lang='grc'><strong>14.</strong></span> 
     </span>
    </p>
   </div>
   <div class='ocr_carea' id='block_1_66' title="bbox 413 4926 1220 5000">
    <p class='ocr_par' dir='ltr' id='par_1_66' title="bbox 413 4926 1220 5000">
     <span class='ocr_line' id='line_1_66' title="bbox 413 4926 1220 5000; baseline -0.009 -15"><span class='ocrx_word' id='word_1_811' title='bbox 413 4929 540 5000; x_wconf 85' lang='lat'><strong>(6|)</strong></span> <span class='ocrx_word' id='word_1_812' title='bbox 572 4929 734 5000; x_wconf 64' lang='lat' dir='ltr'><strong>Deest</strong></span> <span class='ocrx_word' id='word_1_813' title='bbox 768 4945 788 4979; x_wconf 81' lang='grc' dir='ltr'><strong>ι</strong></span> <span class='ocrx_word' id='word_1_814' title='bbox 825 4935 880 5000; x_wconf 79' lang='lat' dir='ltr'><strong>et</strong></span> <span class='ocrx_word' id='word_1_815' title='bbox 910 4945 928 5000; x_wconf 59' lang='grc' dir='ltr'><strong>ρ</strong></span> <span class='ocrx_word' id='word_1_816' title='bbox 961 4927 1011 4980; x_wconf 94' lang='lat' dir='ltr'><strong>in</strong></span> <span class='ocrx_word' id='word_1_817' title='bbox 1043 4926 1220 4980; x_wconf 88' lang='lat' dir='ltr'><strong>editis.</strong></span> 
     </span>
    </p>
   </div>
   <div class='ocr_carea' id='block_1_67' title="bbox 420 4993 1396 5066">
    <p class='ocr_par' dir='ltr' id='par_1_67' title="bbox 420 4993 1396 5066">
     <span class='ocr_line' id='line_1_67' title="bbox 420 4993 1396 5066; baseline -0.011 -12"><span class='ocrx_word' id='word_1_818' title='bbox 420 4993 538 5066; x_wconf 69' lang='grc'><strong>(69.)</strong></span> <span class='ocrx_word' id='word_1_819' title='bbox 567 4996 734 5066; x_wconf 80' lang='lat' dir='ltr'><strong>Editi,</strong></span> <span class='ocrx_word' id='word_1_820' title='bbox 770 5013 789 5048; x_wconf 87' lang='grc' dir='ltr'><strong>ι</strong></span> <span class='ocrx_word' id='word_1_821' title='bbox 830 4995 1159 5066; x_wconf 77' lang='lat' dir='ltr'><strong>insipientes,</strong></span> <span class='ocrx_word' id='word_1_822' title='bbox 1193 5014 1210 5046; x_wconf 71' lang='grc' dir='ltr'><strong>ι</strong></span> <span class='ocrx_word' id='word_1_823' title='bbox 1248 4993 1396 5066; x_wconf 72' lang='lat' dir='ltr'><strong>male.</strong></span> 
     </span>
    </p>
   </div>
   <div class='ocr_carea' id='block_1_68' title="bbox 421 5061 1888 5136">
    <p class='ocr_par' dir='ltr' id='par_1_68' title="bbox 421 5061 1888 5136">
     <span class='ocr_line' id='line_1_68' title="bbox 421 5061 1888 5136; baseline 0.003 -19"><span class='ocrx_word' id='word_1_824' title='bbox 421 5061 538 5136; x_wconf 74' lang='lat'><strong>(65)</strong></span> <span class='ocrx_word' id='word_1_825' title='bbox 572 5065 670 5136; x_wconf 77' lang='lat' dir='ltr'><strong>Ms.</strong></span> <span class='ocrx_word' id='word_1_826' title='bbox 697 5080 834 5118; x_wconf 89' lang='lat' dir='ltr'><strong>unus</strong></span> <span class='ocrx_word' id='word_1_827' title='bbox 861 5061 1052 5136; x_wconf 73' lang='lat' dir='ltr'><strong>Regius</strong></span> <span class='ocrx_word' id='word_1_828' title='bbox 1085 5078 1229 5116; x_wconf 92' lang='lat' dir='ltr'><strong>num.</strong></span> <span class='ocrx_word' id='word_1_829' title='bbox 1261 5061 1393 5136; x_wconf 65' lang='lat' dir='ltr'><strong>I6§9</strong></span> <span class='ocrx_word' id='word_1_830' title='bbox 1429 5067 1588 5123; x_wconf 87' lang='lat' dir='ltr'><strong>habet</strong></span> <span class='ocrx_word' id='word_1_831' title='bbox 1617 5091 1633 5120; x_wconf 82' lang='grc' dir='ltr'><strong>ι</strong></span> <span class='ocrx_word' id='word_1_832' title='bbox 1665 5067 1832 5126; x_wconf 73' lang='lat' dir='ltr'><strong>Gette.</strong></span> <span class='ocrx_word' id='word_1_833' title='bbox 1868 5089 1888 5120; x_wconf 68' lang='grc' dir='ltr'><strong>ι</strong></span> 
     </span>
    </p>
   </div>
   <div class='ocr_carea' id='block_1_69' title="bbox 335 5131 1592 5205">
    <p class='ocr_par' dir='ltr' id='par_1_69' title="bbox 335 5131 1592 5205">
     <span class='ocr_line' id='line_1_69' title="bbox 335 5131 1592 5205; baseline 0.004 -23"><span class='ocrx_word' id='word_1_834' title='bbox 335 5131 461 5192; x_wconf 55' lang='lat' dir='ltr'><strong>sui]</strong></span> <span class='ocrx_word' id='word_1_835' title='bbox 485 5131 666 5205; x_wconf 52' lang='lat' dir='ltr'><strong>caeteri</strong></span> <span class='ocrx_word' id='word_1_836' title='bbox 691 5149 824 5205; x_wconf 83' lang='lat' dir='ltr'><strong>mss.</strong></span> <span class='ocrx_word' id='word_1_837' title='bbox 863 5144 916 5186; x_wconf 88' lang='lat' dir='ltr'><strong>et</strong></span> <span class='ocrx_word' id='word_1_838' title='bbox 943 5131 1215 5205; x_wconf 23' lang='lat' dir='ltr'><strong>‘Ilabanus‘,</strong></span> <span class='ocrx_word' id='word_1_839' title='bbox 1256 5151 1273 5182; x_wconf 84' lang='grc' dir='ltr'><strong>ι</strong></span> <span class='ocrx_word' id='word_1_840' title='bbox 1317 5133 1543 5205; x_wconf 74' lang='lat' dir='ltr'><strong>Scythze.</strong></span> <span class='ocrx_word' id='word_1_841' title='bbox 1574 5155 1592 5187; x_wconf 76' lang='grc' dir='ltr'><strong>ι</strong></span> 
     </span>
    </p>
   </div>
   <div class='ocr_carea' id='block_1_70' title="bbox 421 5201 1583 5274">
    <p class='ocr_par' dir='ltr' id='par_1_70' title="bbox 421 5201 1583 5274">
     <span class='ocr_line' id='line_1_70' title="bbox 421 5201 1583 5274; baseline -0.001 -19"><span class='ocrx_word' id='word_1_842' title='bbox 421 5203 537 5274; x_wconf 76' lang='grc'><strong>(64)</strong></span> <span class='ocrx_word' id='word_1_843' title='bbox 565 5201 739 5274; x_wconf 56' lang='lat' dir='ltr'><strong>Editi,</strong></span> <span class='ocrx_word' id='word_1_844' title='bbox 763 5220 782 5252; x_wconf 83' lang='grc' dir='ltr'><strong>ι</strong></span> <span class='ocrx_word' id='word_1_845' title='bbox 815 5201 1045 5274; x_wconf 79' lang='lat' dir='ltr'><strong>omnium</strong></span> <span class='ocrx_word' id='word_1_846' title='bbox 1069 5201 1543 5274; x_wconf 39' lang='lat' dir='ltr'><strong>gentiumgentes,</strong></span> <span class='ocrx_word' id='word_1_847' title='bbox 1565 5224 1583 5254; x_wconf 86' lang='grc'><strong>›</strong></span> 
     </span>
    </p>
   </div>
   <div class='ocr_carea' id='block_1_71' title="bbox 422 5269 1900 5346">
    <p class='ocr_par' dir='ltr' id='par_1_71' title="bbox 422 5269 1900 5346">
     <span class='ocr_line' id='line_1_71' title="bbox 422 5269 1900 5346; baseline 0.003 -22"><span class='ocrx_word' id='word_1_848' title='bbox 422 5269 540 5344; x_wconf 83' lang='grc'><strong>(65)</strong></span> <span class='ocrx_word' id='word_1_849' title='bbox 577 5271 667 5323; x_wconf 87' lang='lat' dir='ltr'><strong>Sic</strong></span> <span class='ocrx_word' id='word_1_850' title='bbox 692 5269 788 5324; x_wconf 83' lang='lat' dir='ltr'><strong>Ms.</strong></span> <span class='ocrx_word' id='word_1_851' title='bbox 809 5270 1015 5346; x_wconf 79' lang='lat' dir='ltr'><strong>_Begius</strong></span> <span class='ocrx_word' id='word_1_852' title='bbox 1045 5283 1187 5345; x_wconf 63' lang='lat' dir='ltr'><strong>nutu.</strong></span> <span class='ocrx_word' id='word_1_853' title='bbox 1216 5269 1346 5322; x_wconf 74' lang='grc'><strong>1639</strong></span> <span class='ocrx_word' id='word_1_854' title='bbox 1374 5281 1424 5323; x_wconf 88' lang='lat' dir='ltr'><strong>et</strong></span> <span class='ocrx_word' id='word_1_855' title='bbox 1453 5272 1722 5327; x_wconf 81' lang='lat' dir='ltr'><strong>Rabanus.</strong></span> <span class='ocrx_word' id='word_1_856' title='bbox 1746 5274 1900 5329; x_wconf 83' lang='lat' dir='ltr'><strong>Edili</strong></span> 
     </span>
    </p>
   </div>
   <div class='ocr_carea' id='block_1_72' title="bbox 337 5336 1745 5407">
    <p class='ocr_par' dir='ltr' id='par_1_72' title="bbox 337 5336 1745 5407">
     <span class='ocr_line' id='line_1_72' title="bbox 337 5336 1745 5407; baseline 0.006 -20"><span class='ocrx_word' id='word_1_857' title='bbox 337 5336 487 5398; x_wconf 59' lang='lat' dir='ltr'><strong>vei-0</strong></span> <span class='ocrx_word' id='word_1_858' title='bbox 522 5336 578 5394; x_wconf 82' lang='lat' dir='ltr'><strong>et</strong></span> <span class='ocrx_word' id='word_1_859' title='bbox 608 5353 735 5407; x_wconf 89' lang='lat' dir='ltr'><strong>mss.</strong></span> <span class='ocrx_word' id='word_1_860' title='bbox 772 5338 1026 5404; x_wconf 87' lang='lat' dir='ltr'><strong>plerique,</strong></span> <span class='ocrx_word' id='word_1_861' title='bbox 1057 5354 1074 5384; x_wconf 85' lang='grc' dir='ltr'><strong>ι</strong></span> <span class='ocrx_word' id='word_1_862' title='bbox 1113 5336 1404 5407; x_wconf 84' lang='lat' dir='ltr'><strong>irascantur</strong></span> <span class='ocrx_word' id='word_1_863' title='bbox 1425 5354 1567 5407; x_wconf 80' lang='lat' dir='ltr'><strong>ergo,</strong></span> <span class='ocrx_word' id='word_1_864' title='bbox 1599 5360 1618 5390; x_wconf 83' lang='grc'><strong>›</strong></span> <span class='ocrx_word' id='word_1_865' title='bbox 1646 5352 1745 5396; x_wconf 89' lang='lat' dir='ltr'><strong>etc.</strong></span> 
     </span>
    </p>
   </div>
   <div class='ocr_carea' id='block_1_73' title="bbox 423 5405 1894 5479">
    <p class='ocr_par' dir='ltr' id='par_1_73' title="bbox 423 5405 1894 5479">
     <span class='ocr_line' id='line_1_73' title="bbox 423 5405 1894 5479; baseline 0.001 -14"><span class='ocrx_word' id='word_1_866' title='bbox 423 5409 542 5479; x_wconf 79' lang='lat'><strong>(66)</strong></span> <span class='ocrx_word' id='word_1_867' title='bbox 575 5406 736 5479; x_wconf 82' lang='lat' dir='ltr'><strong>Editi,</strong></span> <span class='ocrx_word' id='word_1_868' title='bbox 771 5423 790 5455; x_wconf 84' lang='grc' dir='ltr'><strong>ι</strong></span> <span class='ocrx_word' id='word_1_869' title='bbox 823 5409 885 5458; x_wconf 88' lang='lat' dir='ltr'><strong>de</strong></span> <span class='ocrx_word' id='word_1_870' title='bbox 910 5407 1008 5458; x_wconf 91' lang='lat' dir='ltr'><strong>hoc</strong></span> <span class='ocrx_word' id='word_1_871' title='bbox 1036 5405 1503 5479; x_wconf 73' lang='lat' dir='ltr'><strong>mysuerio._lsaias</strong></span> <span class='ocrx_word' id='word_1_872' title='bbox 1525 5419 1698 5463; x_wconf 90' lang='lat' dir='ltr'><strong>autem</strong></span> <span class='ocrx_word' id='word_1_873' title='bbox 1727 5412 1894 5466; x_wconf 80' lang='lat' dir='ltr'><strong>audet</strong></span> 
     </span>
    </p>
   </div>
   <div class='ocr_carea' id='block_1_74' title="bbox 331 5474 1904 5538">
    <p class='ocr_par' dir='ltr' id='par_1_74' title="bbox 331 5474 1904 5538">
     <span class='ocr_line' id='line_1_74' title="bbox 331 5474 1904 5538; baseline -0.004 -4"><span class='ocrx_word' id='word_1_874' title='bbox 331 5493 400 5538; x_wconf 78' lang='lat' dir='ltr'><strong>ct</strong></span> <span class='ocrx_word' id='word_1_875' title='bbox 434 5474 572 5532; x_wconf 83' lang='lat' dir='ltr'><strong>dicit</strong></span> <span class='ocrx_word' id='word_1_876' title='bbox 600 5491 614 5526; x_wconf 93' lang='lat'><strong>:</strong></span> <span class='ocrx_word' id='word_1_877' title='bbox 639 5475 887 5526; x_wconf 92' lang='lat' dir='ltr'><strong>Inventus</strong></span> <span class='ocrx_word' id='word_1_878' title='bbox 933 5488 1071 5536; x_wconf 89' lang='lat' dir='ltr'><strong>sum,</strong></span> <span class='ocrx_word' id='word_1_879' title='bbox 1111 5489 1127 5521; x_wconf 80' lang='grc' dir='ltr'><strong>ι</strong></span> <span class='ocrx_word' id='word_1_880' title='bbox 1166 5483 1268 5528; x_wconf 90' lang='lat' dir='ltr'><strong>etc.</strong></span> <span class='ocrx_word' id='word_1_881' title='bbox 1314 5474 1416 5530; x_wconf 88' lang='lat' dir='ltr'><strong>Sed</strong></span> <span class='ocrx_word' id='word_1_882' title='bbox 1449 5491 1633 5532; x_wconf 87' lang='lat' dir='ltr'><strong>omnes</strong></span> <span class='ocrx_word' id='word_1_883' title='bbox 1675 5495 1802 5536; x_wconf 84' lang='lat' dir='ltr'><strong>mss.</strong></span> <span class='ocrx_word' id='word_1_884' title='bbox 1838 5490 1904 5537; x_wconf 70' lang='lat' dir='ltr'><strong>et.</strong></span> 
     </span>
    </p>
   </div>
   <div class='ocr_carea' id='block_1_75' title="bbox 337 5541 1178 5606">
    <p class='ocr_par' dir='ltr' id='par_1_75' title="bbox 337 5541 1178 5606">
     <span class='ocr_line' id='line_1_75' title="bbox 337 5541 1178 5606; baseline -0.017 0"><span class='ocrx_word' id='word_1_885' title='bbox 337 5551 615 5606; x_wconf 69' lang='lat' dir='ltr'><strong>ttabanus</strong></span> <span class='ocrx_word' id='word_1_886' title='bbox 643 5541 773 5596; x_wconf 86' lang='lat' dir='ltr'><strong>utin</strong></span> <span class='ocrx_word' id='word_1_887' title='bbox 803 5549 979 5596; x_wconf 80' lang='lat' dir='ltr'><strong>nostra</strong></span> <span class='ocrx_word' id='word_1_888' title='bbox 1010 5548 1178 5595; x_wconf 76' lang='lat' dir='ltr'><strong>textu.</strong></span> 
     </span>
    </p>
   </div>
   <div class='ocr_carea' id='block_1_76' title="bbox 1522 4718 2382 4782">
    <p class='ocr_par' dir='ltr' id='par_1_76' title="bbox 1522 4718 2382 4782">
     <span class='ocr_line' id='line_1_76' title="bbox 1522 4718 2382 4782; baseline 0.002 -14"><span class='ocrx_word' id='word_1_889' title='bbox 1522 4718 1566 4748; x_wconf 75' lang='lat'><strong>“</strong></span> <span class='ocrx_word' id='word_1_890' title='bbox 1605 4718 1730 4771; x_wconf 90' lang='lat' dir='ltr'><strong>ibid.</strong></span> <span class='ocrx_word' id='word_1_891' title='bbox 1782 4718 1869 4773; x_wconf 73' lang='lat'><strong>25.</strong></span> <span class='ocrx_word' id='word_1_892' title='bbox 1941 4721 1981 4751; x_wconf 78' lang='grc'><strong>⁸⁷</strong></span> <span class='ocrx_word' id='word_1_893' title='bbox 2013 4723 2130 4773; x_wconf 84' lang='lat' dir='ltr'><strong>Act.</strong></span> <span class='ocrx_word' id='word_1_894' title='bbox 2182 4722 2382 4782; x_wconf 70' lang='lat' dir='ltr'><strong>vn,52.</strong></span> 
     </span>
    </p>
   </div>
   <div class='ocr_carea' id='block_1_77' title="bbox 1371 4786 2126 4852">
    <p class='ocr_par' dir='ltr' id='par_1_77' title="bbox 1371 4786 2126 4852">
     <span class='ocr_line' id='line_1_77' title="bbox 1371 4786 2126 4852; baseline 0.005 -13"><span class='ocrx_word' id='word_1_895' title='bbox 1371 4789 1415 4817; x_wconf 76' lang='grc'><strong>⁷³</strong></span> <span class='ocrx_word' id='word_1_896' title='bbox 1444 4786 1571 4840; x_wconf 89' lang='lat' dir='ltr'><strong>Luc.</strong></span> <span class='ocrx_word' id='word_1_897' title='bbox 1605 4801 1694 4852; x_wconf 75' lang='lat' dir='ltr'><strong>XV,</strong></span> <span class='ocrx_word' id='word_1_898' title='bbox 1728 4787 1781 4840; x_wconf 71' lang='grc'><strong>4.</strong></span> <span class='ocrx_word' id='word_1_899' title='bbox 1856 4789 2046 4844; x_wconf 79' lang='lat' dir='ltr'><strong>&quot;ibid.</strong></span> <span class='ocrx_word' id='word_1_900' title='bbox 2074 4791 2126 4843; x_wconf 86' lang='lat'><strong>8.</strong></span> 
     </span>
    </p>
   </div>
   <div class='ocr_carea' id='block_1_78' title="bbox 1992 4497 3514 4563">
    <p class='ocr_par' dir='ltr' id='par_1_78' title="bbox 1992 4497 3514 4563">
     <span class='ocr_line' id='line_1_78' title="bbox 1992 4497 3514 4563; baseline 0.001 -16"><span class='ocrx_word' id='word_1_901' title='bbox 1992 4507 2046 4548; x_wconf 90' lang='lat' dir='ltr'><strong>et</strong></span> <span class='ocrx_word' id='word_1_902' title='bbox 2075 4498 2524 4550; x_wconf 89' lang='lat' dir='ltr'><strong>contradicentem</strong></span> <span class='ocrx_word' id='word_1_903' title='bbox 2563 4497 2605 4528; x_wconf 77' lang='grc'><strong>⁷⁵</strong></span> <span class='ocrx_word' id='word_1_904' title='bbox 2637 4516 2649 4550; x_wconf 90' lang='lat'>:</span> <span class='ocrx_word' id='word_1_905' title='bbox 2683 4516 2701 4548; x_wconf 73' lang='grc' dir='ltr'><strong>ο</strong></span> <span class='ocrx_word' id='word_1_906' title='bbox 2740 4499 2837 4551; x_wconf 89' lang='lat' dir='ltr'><strong>hoc</strong></span> <span class='ocrx_word' id='word_1_907' title='bbox 2879 4508 2981 4560; x_wconf 93' lang='lat' dir='ltr'><strong>est,</strong></span> <span class='ocrx_word' id='word_1_908' title='bbox 3013 4514 3131 4551; x_wconf 93' lang='lat' dir='ltr'><strong>cnm</strong></span> <span class='ocrx_word' id='word_1_909' title='bbox 3165 4501 3416 4563; x_wconf 90' lang='lat' dir='ltr'><strong>penderet</strong></span> <span class='ocrx_word' id='word_1_910' title='bbox 3463 4500 3514 4550; x_wconf 93' lang='lat' dir='ltr'><strong>in</strong></span> 
     </span>
    </p>
   </div>
   <div class='ocr_carea' id='block_1_79' title="bbox 1989 4571 3515 4651">
    <p class='ocr_par' dir='ltr' id='par_1_79' title="bbox 1989 4571 3515 4651">
     <span class='ocr_line' id='line_1_79' title="bbox 1989 4571 3515 4651; baseline -0.003 -13"><span class='ocrx_word' id='word_1_911' title='bbox 1989 4571 2167 4650; x_wconf 77' lang='lat' dir='ltr'><strong>cruce,</strong></span> <span class='ocrx_word' id='word_1_912' title='bbox 2203 4585 2276 4637; x_wconf 88' lang='lat' dir='ltr'><strong>illi</strong></span> <span class='ocrx_word' id='word_1_913' title='bbox 2314 4603 2418 4638; x_wconf 88' lang='lat' dir='ltr'><strong>non</strong></span> <span class='ocrx_word' id='word_1_914' title='bbox 2455 4587 2624 4639; x_wconf 89' lang='lat' dir='ltr'><strong>solum</strong></span> <span class='ocrx_word' id='word_1_915' title='bbox 2666 4602 2766 4639; x_wconf 91' lang='lat' dir='ltr'><strong>nou</strong></span> <span class='ocrx_word' id='word_1_916' title='bbox 2801 4589 3112 4640; x_wconf 85' lang='lat' dir='ltr'><strong>invenerunt</strong></span> <span class='ocrx_word' id='word_1_917' title='bbox 3139 4603 3280 4651; x_wconf 90' lang='lat' dir='ltr'><strong>eum,</strong></span> <span class='ocrx_word' id='word_1_918' title='bbox 3317 4589 3406 4640; x_wconf 88' lang='lat' dir='ltr'><strong>sed</strong></span> <span class='ocrx_word' id='word_1_919' title='bbox 3435 4589 3515 4640; x_wconf 51' lang='lat' dir='ltr'><strong>in.</strong></span> 
     </span>
    </p>
   </div>
   <div class='ocr_carea' id='block_1_80' title="bbox 2463 4718 3513 4781">
    <p class='ocr_par' dir='ltr' id='par_1_80' title="bbox 2463 4718 3513 4781">
     <span class='ocr_line' id='line_1_80' title="bbox 2463 4718 3513 4781; baseline -0.003 -9"><span class='ocrx_word' id='word_1_920' title='bbox 2463 4722 2504 4751; x_wconf 76' lang='grc'><strong>⁸⁸</strong></span> <span class='ocrx_word' id='word_1_921' title='bbox 2535 4721 2684 4774; x_wconf 72' lang='lat' dir='ltr'><strong>IIutn.</strong></span> <span class='ocrx_word' id='word_1_922' title='bbox 2731 4736 2782 4778; x_wconf 81' lang='grc' dir='ltr'><strong>ν,</strong></span> <span class='ocrx_word' id='word_1_923' title='bbox 2825 4720 2876 4771; x_wconf 87' lang='grc'><strong>7.</strong></span> <span class='ocrx_word' id='word_1_924' title='bbox 2951 4721 2992 4751; x_wconf 76' lang='grc'><strong>⁶⁹</strong></span> <span class='ocrx_word' id='word_1_925' title='bbox 3021 4723 3136 4771; x_wconf 90' lang='lat' dir='ltr'><strong>Act.</strong></span> <span class='ocrx_word' id='word_1_926' title='bbox 3179 4718 3380 4781; x_wconf 59' lang='lat' dir='ltr'><strong>H.225,</strong></span> <span class='ocrx_word' id='word_1_927' title='bbox 3422 4719 3513 4770; x_wconf 63' lang='grc'><strong>9-4.</strong></span> 
     </span>
    </p>
   </div>
   <div class='ocr_carea' id='block_1_81' title="bbox 2219 4787 3147 4854">
    <p class='ocr_par' dir='ltr' id='par_1_81' title="bbox 2219 4787 3147 4854">
     <span class='ocr_line' id='line_1_81' title="bbox 2219 4787 3147 4854; baseline -0.005 -12"><span class='ocrx_word' id='word_1_928' title='bbox 2219 4790 2262 4819; x_wconf 66' lang='grc'><strong>⁷⁸</strong></span> <span class='ocrx_word' id='word_1_929' title='bbox 2298 4792 2457 4844; x_wconf 88' lang='lat' dir='ltr'><strong>lCor.</strong></span> <span class='ocrx_word' id='word_1_930' title='bbox 2491 4806 2530 4854; x_wconf 84' lang='grc' dir='ltr'>ι,</span> <span class='ocrx_word' id='word_1_931' title='bbox 2560 4789 2645 4840; x_wconf 70' lang='grc'><strong>25.</strong></span> <span class='ocrx_word' id='word_1_932' title='bbox 2737 4789 2780 4818; x_wconf 82' lang='grc'><strong>⁷⁵</strong></span> <span class='ocrx_word' id='word_1_933' title='bbox 2812 4788 2914 4842; x_wconf 89' lang='lat' dir='ltr'><strong>lsa.</strong></span> <span class='ocrx_word' id='word_1_934' title='bbox 2940 4803 3061 4849; x_wconf 80' lang='lat' dir='ltr'><strong>va,</strong></span> <span class='ocrx_word' id='word_1_935' title='bbox 3093 4787 3147 4837; x_wconf 70' lang='grc'><strong>2.</strong></span> 
     </span>
    </p>
   </div>
   <div class='ocr_carea' id='block_1_82' title="bbox 2067 4924 3218 4996">
    <p class='ocr_par' dir='ltr' id='par_1_82' title="bbox 2067 4924 3218 4996">
     <span class='ocr_line' id='line_1_82' title="bbox 2067 4924 3218 4996; baseline -0.003 -18"><span class='ocrx_word' id='word_1_936' title='bbox 2067 4924 2172 4996; x_wconf 84' lang='grc'><strong>(67)</strong></span> <span class='ocrx_word' id='word_1_937' title='bbox 2199 4925 2358 4990; x_wconf 89' lang='lat' dir='ltr'><strong>Editi,</strong></span> <span class='ocrx_word' id='word_1_938' title='bbox 2399 4942 2418 4976; x_wconf 86' lang='grc'><em>‹</em></span> <span class='ocrx_word' id='word_1_939' title='bbox 2450 4926 2665 4996; x_wconf 87' lang='lat' dir='ltr'><strong>apparui</strong></span> <span class='ocrx_word' id='word_1_940' title='bbox 2697 4925 2782 4996; x_wconf 81' lang='lat' dir='ltr'><strong>his</strong></span> <span class='ocrx_word' id='word_1_941' title='bbox 2809 4925 3026 4996; x_wconf 76' lang='lat' dir='ltr'><strong>qulme,</strong></span> <span class='ocrx_word' id='word_1_942' title='bbox 3065 4941 3085 4975; x_wconf 74' lang='grc' dir='ltr'><strong>ι</strong></span> <span class='ocrx_word' id='word_1_943' title='bbox 3117 4932 3218 4976; x_wconf 91' lang='lat' dir='ltr'><strong>etc.</strong></span> 
     </span>
    </p>
   </div>
   <div class='ocr_carea' id='block_1_83' title="bbox 2067 4991 3512 5066">
    <p class='ocr_par' dir='ltr' id='par_1_83' title="bbox 2067 4991 3512 5066">
     <span class='ocr_line' id='line_1_83' title="bbox 2067 4991 3512 5066; baseline -0.003 -18"><span class='ocrx_word' id='word_1_944' title='bbox 2067 4991 2172 5066; x_wconf 85' lang='lat'><strong>(68)</strong></span> <span class='ocrx_word' id='word_1_945' title='bbox 2199 4995 2354 5058; x_wconf 85' lang='lat' dir='ltr'><strong>Editi,</strong></span> <span class='ocrx_word' id='word_1_946' title='bbox 2388 5012 2405 5044; x_wconf 76' lang='grc' dir='ltr'><strong>ι</strong></span> <span class='ocrx_word' id='word_1_947' title='bbox 2446 4991 2868 5066; x_wconf 81' lang='lat' dir='ltr'><strong>inmutationem</strong></span> <span class='ocrx_word' id='word_1_948' title='bbox 2898 4991 3162 5044; x_wconf 88' lang='lat' dir='ltr'><strong>declinare</strong></span> <span class='ocrx_word' id='word_1_949' title='bbox 3191 5004 3448 5060; x_wconf 64' lang='lat' dir='ltr'><strong>personae.</strong></span> <span class='ocrx_word' id='word_1_950' title='bbox 3488 5011 3512 5044; x_wconf 74' lang='grc' dir='ltr'><strong>ι</strong></span> 
     </span>
    </p>
   </div>
   <div class='ocr_carea' id='block_1_84' title="bbox 1999 5062 3012 5118">
    <p class='ocr_par' dir='ltr' id='par_1_84' title="bbox 1999 5062 3012 5118">
     <span class='ocr_line' id='line_1_84' title="bbox 1999 5062 3012 5118; baseline -0.006 -1"><span class='ocrx_word' id='word_1_951' title='bbox 1999 5062 2099 5118; x_wconf 77' lang='lat' dir='ltr'><strong>Sed</strong></span> <span class='ocrx_word' id='word_1_952' title='bbox 2124 5062 2306 5116; x_wconf 84' lang='lat' dir='ltr'><strong>omnes</strong></span> <span class='ocrx_word' id='word_1_953' title='bbox 2335 5076 2458 5115; x_wconf 90' lang='lat' dir='ltr'><strong>mss.</strong></span> <span class='ocrx_word' id='word_1_954' title='bbox 2493 5070 2549 5112; x_wconf 94' lang='lat' dir='ltr'><strong>ut</strong></span> <span class='ocrx_word' id='word_1_955' title='bbox 2570 5062 2618 5112; x_wconf 89' lang='lat' dir='ltr'><strong>in</strong></span> <span class='ocrx_word' id='word_1_956' title='bbox 2646 5071 2821 5112; x_wconf 91' lang='lat' dir='ltr'><strong>nostro</strong></span> <span class='ocrx_word' id='word_1_957' title='bbox 2851 5068 3012 5111; x_wconf 85' lang='lat' dir='ltr'><strong>textu.</strong></span> 
     </span>
    </p>
   </div>
   <div class='ocr_carea' id='block_1_85' title="bbox 2065 5125 3514 5200">
    <p class='ocr_par' dir='ltr' id='par_1_85' title="bbox 2065 5125 3514 5200">
     <span class='ocr_line' id='line_1_85' title="bbox 2065 5125 3514 5200; baseline -0.002 -15"><span class='ocrx_word' id='word_1_958' title='bbox 2065 5133 2175 5200; x_wconf 89' lang='lat'><strong>(69)</strong></span> <span class='ocrx_word' id='word_1_959' title='bbox 2201 5130 2290 5200; x_wconf 80' lang='lat' dir='ltr'><strong>Sic</strong></span> <span class='ocrx_word' id='word_1_960' title='bbox 2324 5146 2421 5200; x_wconf 78' lang='lat' dir='ltr'><strong>ms.</strong></span> <span class='ocrx_word' id='word_1_961' title='bbox 2449 5129 2640 5200; x_wconf 77' lang='lat' dir='ltr'><strong>Regius</strong></span> <span class='ocrx_word' id='word_1_962' title='bbox 2669 5143 2814 5200; x_wconf 77' lang='lat' dir='ltr'><strong>uuln.</strong></span> <span class='ocrx_word' id='word_1_963' title='bbox 2844 5127 2975 5179; x_wconf 82' lang='grc'><strong>1659</strong></span> <span class='ocrx_word' id='word_1_964' title='bbox 2999 5125 3344 5200; x_wconf 11' lang='grc' dir='ltr'>οιὲῐὶιιιιιιηιιε.</span> <span class='ocrx_word' id='word_1_965' title='bbox 3377 5128 3514 5200; x_wconf 80' lang='lat' dir='ltr'><strong>Editi</strong></span> 
     </span>
    </p>
   </div>
   <div class='ocr_carea' id='block_1_86' title="bbox 1996 5195 3516 5265">
    <p class='ocr_par' dir='ltr' id='par_1_86' title="bbox 1996 5195 3516 5265">
     <span class='ocr_line' id='line_1_86' title="bbox 1996 5195 3516 5265; baseline -0.005 -8"><span class='ocrx_word' id='word_1_966' title='bbox 1996 5197 2120 5257; x_wconf 77' lang='lat' dir='ltr'><strong>vero</strong></span> <span class='ocrx_word' id='word_1_967' title='bbox 2142 5195 2194 5252; x_wconf 83' lang='lat' dir='ltr'><strong>et</strong></span> <span class='ocrx_word' id='word_1_968' title='bbox 2223 5198 2346 5250; x_wconf 85' lang='lat' dir='ltr'><strong>Mss.</strong></span> <span class='ocrx_word' id='word_1_969' title='bbox 2375 5198 2631 5265; x_wconf 89' lang='lat' dir='ltr'><strong>plerique,</strong></span> <span class='ocrx_word' id='word_1_970' title='bbox 2670 5213 2687 5245; x_wconf 84' lang='grc' dir='ltr'><strong>ι</strong></span> <span class='ocrx_word' id='word_1_971' title='bbox 2717 5195 3009 5265; x_wconf 78' lang='lat' dir='ltr'><strong>videamus.</strong></span> <span class='ocrx_word' id='word_1_972' title='bbox 3036 5196 3171 5265; x_wconf 80' lang='lat' dir='ltr'><strong>Quid</strong></span> <span class='ocrx_word' id='word_1_973' title='bbox 3201 5199 3394 5249; x_wconf 77' lang='lat' dir='ltr'><strong>audet?</strong></span> <span class='ocrx_word' id='word_1_974' title='bbox 3435 5200 3516 5250; x_wconf 87' lang='lat' dir='ltr'><strong>vel</strong></span> 
     </span>
    </p>
   </div>
   <div class='ocr_carea' id='block_1_87' title="bbox 1997 5263 3512 5341">
    <p class='ocr_par' dir='ltr' id='par_1_87' title="bbox 1997 5263 3512 5341">
     <span class='ocr_line' id='line_1_87' title="bbox 1997 5263 3512 5341; baseline -0.003 -18"><span class='ocrx_word' id='word_1_975' title='bbox 1997 5285 2113 5341; x_wconf 67' lang='lat' dir='ltr'><strong>qua:</strong></span> <span class='ocrx_word' id='word_1_976' title='bbox 2143 5269 2234 5341; x_wconf 70' lang='lat' dir='ltr'><strong>hic</strong></span> <span class='ocrx_word' id='word_1_977' title='bbox 2270 5263 2541 5341; x_wconf 69' lang='lat' dir='ltr'><strong>Prophetaé</strong></span> <span class='ocrx_word' id='word_1_978' title='bbox 2576 5263 3316 5341; x_wconf 33' lang='lat' dir='ltr'><strong>audacia?Si‘intendlamus,</strong></span> <span class='ocrx_word' id='word_1_979' title='bbox 3360 5283 3378 5314; x_wconf 73' lang='grc' dir='ltr'><strong>ι</strong></span> <span class='ocrx_word' id='word_1_980' title='bbox 3411 5275 3512 5318; x_wconf 86' lang='lat' dir='ltr'><strong>etc.</strong></span> 
     </span>
    </p>
   </div>
   <div class='ocr_carea' id='block_1_88' title="bbox 2067 5330 3513 5406">
    <p class='ocr_par' dir='ltr' id='par_1_88' title="bbox 2067 5330 3513 5406">
     <span class='ocr_line' id='line_1_88' title="bbox 2067 5330 3513 5406; baseline -0.002 -18"><span class='ocrx_word' id='word_1_981' title='bbox 2067 5336 2172 5406; x_wconf 81' lang='lat'><strong>(‘70)</strong></span> <span class='ocrx_word' id='word_1_982' title='bbox 2191 5335 2285 5387; x_wconf 81' lang='lat' dir='ltr'><strong>Ms.</strong></span> <span class='ocrx_word' id='word_1_983' title='bbox 2309 5330 2442 5406; x_wconf 62' lang='lat' dir='ltr'><strong>unus</strong></span> <span class='ocrx_word' id='word_1_984' title='bbox 2461 5333 2822 5406; x_wconf 72' lang='lat' dir='ltr'><strong>llegiusnum.</strong></span> <span class='ocrx_word' id='word_1_985' title='bbox 2847 5330 3005 5406; x_wconf 59' lang='lat' dir='ltr'><strong>I639,</strong></span> <span class='ocrx_word' id='word_1_986' title='bbox 3025 5348 3042 5380; x_wconf 83' lang='grc' dir='ltr'><strong>ι</strong></span> <span class='ocrx_word' id='word_1_987' title='bbox 3068 5333 3294 5386; x_wconf 90' lang='lat' dir='ltr'><strong>animam</strong></span> <span class='ocrx_word' id='word_1_988' title='bbox 3319 5347 3513 5398; x_wconf 87' lang='lat' dir='ltr'><strong>meam,</strong></span> 
     </span>
    </p>
   </div>
   <div class='ocr_carea' id='block_1_89' title="bbox 2003 5399 3268 5478">
    <p class='ocr_par' dir='ltr' id='par_1_89' title="bbox 2003 5399 3268 5478">
     <span class='ocr_line' id='line_1_89' title="bbox 2003 5399 3268 5478; baseline -0.007 -20"><span class='ocrx_word' id='word_1_989' title='bbox 2003 5399 2293 5478; x_wconf 47' lang='lat' dir='ltr'><strong>quanto-ne.</strong></span> <span class='ocrx_word' id='word_1_990' title='bbox 2322 5420 2350 5478; x_wconf 70' lang='lat' dir='ltr'><strong>_i</strong></span> <span class='ocrx_word' id='word_1_991' title='bbox 2385 5399 2578 5478; x_wconf 79' lang='lat' dir='ltr'><strong>Deinde</strong></span> <span class='ocrx_word' id='word_1_992' title='bbox 2605 5399 2752 5461; x_wconf 86' lang='lat' dir='ltr'><strong>editi,</strong></span> <span class='ocrx_word' id='word_1_993' title='bbox 2786 5415 2815 5478; x_wconf 77' lang='grc' dir='ltr'><strong>ι⁹</strong></span> <span class='ocrx_word' id='word_1_994' title='bbox 2836 5399 2890 5451; x_wconf 80' lang='lat' dir='ltr'><strong>Si</strong></span> <span class='ocrx_word' id='word_1_995' title='bbox 2926 5413 3077 5478; x_wconf 78' lang='lat' dir='ltr'><strong>ergo,</strong></span> <span class='ocrx_word' id='word_1_996' title='bbox 3111 5419 3129 5450; x_wconf 76' lang='grc' dir='ltr'><strong>ι</strong></span> <span class='ocrx_word' id='word_1_997' title='bbox 3167 5413 3268 5454; x_wconf 88' lang='lat' dir='ltr'><strong>etc.</strong></span> 
     </span>
    </p>
   </div>
   <div class='ocr_carea' id='block_1_90' title="bbox 2071 5466 3507 5546">
    <p class='ocr_par' dir='ltr' id='par_1_90' title="bbox 2071 5466 3507 5546">
     <span class='ocr_line' id='line_1_90' title="bbox 2071 5466 3507 5546; baseline 0.001 -20"><span class='ocrx_word' id='word_1_998' title='bbox 2071 5472 2181 5546; x_wconf 83' lang='grc'><strong>(71)</strong></span> <span class='ocrx_word' id='word_1_999' title='bbox 2201 5469 2336 5528; x_wconf 73' lang='lat' dir='ltr'><strong>Eliti</strong></span> <span class='ocrx_word' id='word_1_1000' title='bbox 2361 5509 2378 5540; x_wconf 92' lang='lat'><strong>,</strong></span> <span class='ocrx_word' id='word_1_1001' title='bbox 2413 5488 2432 5522; x_wconf 88' lang='grc' dir='ltr'><strong>ι</strong></span> <span class='ocrx_word' id='word_1_1002' title='bbox 2459 5470 2580 5541; x_wconf 90' lang='lat' dir='ltr'><strong>quia</strong></span> <span class='ocrx_word' id='word_1_1003' title='bbox 2613 5481 2743 5524; x_wconf 80' lang='lat' dir='ltr'><strong>crux</strong></span> <span class='ocrx_word' id='word_1_1004' title='bbox 2769 5466 2883 5541; x_wconf 82' lang='lat' dir='ltr'><strong>ejus</strong></span> <span class='ocrx_word' id='word_1_1005' title='bbox 2904 5469 2981 5523; x_wconf 89' lang='lat' dir='ltr'><strong>eis</strong></span> <span class='ocrx_word' id='word_1_1006' title='bbox 3006 5477 3087 5524; x_wconf 84' lang='lat' dir='ltr'><strong>est</strong></span> <span class='ocrx_word' id='word_1_1007' title='bbox 3121 5471 3453 5528; x_wconf 86' lang='lat' dir='ltr'><strong>scandalum.</strong></span> <span class='ocrx_word' id='word_1_1008' title='bbox 3487 5487 3507 5528; x_wconf 84' lang='grc' dir='ltr'><strong>ι</strong></span> 
     </span>
    </p>
   </div>
  </div>
