3894 6238
301 275 324 325 l
343 272 438 326 I75
1733 265 2049 320 ORIGENIS

3518 253 3673 308 “76

300 408 460 460 super
485 392 728 444 dixerunt
755 404 767 439 :
808 405 828 437 ‹
877 387 930 440 Si
965 385 1132 438 Filius
1161 384 1252 436 Dei
1287 399 1366 447 es,
1395 384 1656 438 descende
1685 399 1829 437 nunc
1858 393 1904 444 Α
1936 385 2110 435 minus
2151 380 2362 436 Christo
2394 379 2695 434 crederem
2722 415 2739 438 ,
2791 380 2855 426 et
2886 386 2964 426 ex
3003 369 3128 422 title
3177 367 3325 435 ejus
3351 364 3666 460 justilira-

299 483 364 535 de
388 497 562 543 cruce,
588 489 640 532 et
660 479 922 531 credimus
950 477 1038 529 tibi
1071 476 1139 529 ⁷⁸.
1170 494 1188 526 ›
1225 475 1330 529 Sed
1357 474 1477 527 audi
1511 475 1636 542 quid
1668 476 1828 526 etiam

302 580 355 630 in
392 574 659 640 Sapientia
686 568 982 623 Salomonis
1018 567 1226 620 dicatur
1247 567 1314 629 ⁷⁷,
1339 568 1459 633 quia
1496 586 1514 617 ι
1545 567 1830 619 non'inve-

301 668 472 717 nietur
506 663 572 714 ab
605 660 685 712 his
720 659 808 726 qui
844 667 1048 710 tentant
1089 672 1208 710 eum
1243 658 1559 725 :apparebit
1587 673 1714 709 vero
1746 657 1828 708 his

296 753 384 822 qui
414 766 517 804 non
559 759 680 802 sunt
709 748 966 801 increduli
1013 750 1078 798 ad
1113 761 1256 799 eum.
1299 767 1318 796 ρ
1355 746 1458 798 Sed
1487 762 1553 799 ne
1584 748 1682 800 hoc
1709 747 1830 813 qui-

296 845 412 894 dem
438 856 466 893 a
496 840 648 892 nobis
675 839 925 893 convenit
973 837 1224 905 ignorari.
1263 837 1401 904 quod
1428 838 1477 889 in
1504 837 1841 904 exetnplario.

295 933 392 985 bus
413 930 876 983 Hebrteorumnoa
901 928 1122 980 habetur
1158 945 1175 976 ι
1207 937 1259 979 et
1295 929 1770 980 contradicentem.
1803 946 1821 977 ι

293 1021 580 1090 Apostolus
605 1029 781 1073 autem
822 1029 1036 1073 secutus
1063 1029 1144 1072 est
1179 1018 1522 1085 Septuaginta
1566 1018 1828 1085 Interpre-

296 1124 403 1164 lum
459 1112 736 1164 veritatem
759 1108 761 1111 ’
783 1109 834 1162 in
867 1109 978 1162 suis
1016 1109 1230 1176 scriptis
1253 1147 1268 1172 ,
1321 1120 1374 1162 et
1399 1111 1535 1163 sicut
1559 1109 1633 1162 illi
1662 1109 1827 1162 inter-

292 1201 484 1269 pretati
507 1210 634 1254 sunt
654 1199 804 1267 ponit
835 1198 966 1268 (72).

363 1291 412 1342 7.
463 1307 482 1338 ‹
540 1289 668 1342 Dico
693 1288 853 1356 igitur
889 1288 1176 1354 :Nunquid
1221 1290 1410 1354 repulit
1441 1289 1578 1341 Dens
1617 1289 1824 1357 plebem

290 1381 485 1434 snam?
514 1378 689 1431 Absit.
720 1377 850 1430 Nam
877 1389 931 1430 et
961 1393 1058 1444 ego
1087 1379 1322 1430 Israelita
1353 1393 1468 1429 sum
1503 1377 1610 1446 (73)
1642 1394 1708 1431 ex
1737 1391 1825 1430 se-

291 1474 434 1526 mine
462 1470 709 1530 Abrahte,
734 1479 788 1522 et
821 1470 957 1521 tribu
990 1469 1278 1536 lleujatuiu.
1313 1469 1426 1522 Non
1460 1471 1653 1537 repulit
1688 1470 1828 1523 Deus

289 1563 497 1627 plebem
533 1576 683 1613 suam
719 1575 877 1628 quam
917 1560 1200 1626 prtescivit.
1230 1560 1307 1610 An
1355 1562 1573 1613 nescitis
1627 1561 1680 1613 in
1716 1561 1826 1613 Elia

293 1655 420 1722 quid
456 1655 590 1707 dicit
642 1653 918 1720 Scriptura
955 1669 968 1703 :
1005 1652 1273 1719 quomodo
1319 1652 1615 1718 interpellat
1659 1654 1822 1705 Deum

289 1746 573 1798 adversum
602 1743 808 1797 Israel?
849 1743 1069 1795 Domine
1097 1781 1112 1804 ,
1139 1743 1422 1809 prophetas
1456 1752 1573 1794 tuos
1610 1744 1824 1795 occide-

291 1843 433 1897 runt,
463 1835 648 1887 altaria
679 1846 769 1886 tua
815 1833 1142 1888 sull‘oderunt
1164 1878 1178 1901 ,
1230 1846 1279 1889 et
1313 1852 1410 1906 ego
1439 1835 1656 1888 relictus
1704 1850 1819 1886 sum

287 1924 452 1985 solus,
491 1935 545 1978 et
576 1935 818 1993 quaerunt
862 1927 1093 1979 animam
1147 1942 1338 1981 meam.
1386 1927 1489 1979 Sed
1537 1927 1660 1992 quid
1693 1925 1824 1979 dicit

289 2015 365 2066 illi
396 2029 706 2083 responsum
745 2016 1029 2069 divinum?
1063 2017 1269 2085 Reliqui
1317 2018 1442 2069 mihi
1471 2028 1670 2084 septem
1707 2017 1822 2068 mil-

288 2105 356 2157 lia
388 2107 622 2158 virorum
653 2107 740 2173 qui
796 2122 901 2159 non
946 2116 1302 2159 curvaverant
1335 2122 1502 2175 genua
1547 2108 1693 2160 Baal.
1733 2107 1822 2160 Sic

288 2195 448 2262 igitur
470 2205 523 2249 et
549 2196 612 2274 in.
635 2197 734 2249 hoc
766 2206 1000 2263 tempore
1030 2196 1262 2263 reliquiae
1285 2198 1573 2250 secundum
1602 2197 1824 2268 electio-

289 2301 409 2338 nem
438 2288 619 2352 gratia“:
649 2285 807 2340 salva:
829 2287 984 2339 facta?
1010 2298 1149 2340 sunt.
1189 2287 1243 2339 Si
1278 2297 1453 2340 autem
1489 2288 1684 2355 gratia,
1709 2289 1820 2356 jam

287 2389 391 2427 non
417 2389 485 2428 ex
515 2376 807 2442 operibus:
841 2377 1076 2443 alioquin
1102 2377 1272 2443 gratia
1315 2376 1425 2441 jam
1458 2391 1560 2429 non
1594 2378 1649 2426 lit
1697 2394 1821 2445 gra-

287 2467 359 2516 tia
387 2465 450 2518 '3.
492 2483 510 2514 ι
543 2465 803 2530 Quoniam
829 2481 892 2518 ex
944 2467 1024 2518 his
1053 2482 1166 2532 qua}
1195 2482 1352 2534 supra
1382 2467 1520 2518 dicta
1551 2476 1694 2528 sunt,
1742 2468 1821 2519 vi-

285 2557 500 2608 deretur
529 2555 749 2608 forsitan
781 2557 1005 2623 populus
1025 2555 1331 2609 Iudaeorum
1375 2557 1618 2624 repulsus
1641 2572 1758 2610 esse
1789 2573 1817 2609 a

287 2643 416 2706 Deo,
460 2657 556 2697 nec
579 2643 776 2710 aliquid
815 2644 924 2709 spei
959 2658 1170 2710 gerere,
1196 2644 1241 2696 si
1280 2645 1491 2711 quidem
1527 2644 1577 2695 in
1604 2645 1821 2696 armala-

286 2733 486 2783 tionem
517 2731 785 2784 induxerit
819 2745 938 2784 eum
982 2732 1118 2784 Deus
1152 2731 1203 2784 in
1249 2747 1356 2784 non
1381 2741 1588 2801 gentem
1614 2771 1628 2795 ,
1677 2742 1733 2785 et
1767 2735 1819 2786 in

287 2821 420 2871 iram
447 2859 462 2883 ,
499 2819 548 2871 in
578 2828 790 2888 gentem
837 2819 1162 2871 insensatam
1193 2819 1258 2882 ⁷⁸,
1283 2828 1337 2872 et
1381 2819 1692 2873 manifestus
1740 2820 1821 2872 fa-

285 2919 404 2962 rtus
423 2908 540 2976 (74)
568 2907 744 2962 sit'his
771 2908 860 2975 qni
895 2923 1015 2961 eum
1049 2922 1149 2960 non
1179 2907 1511 2975 qurerebant,
1543 2918 1596 2961 et
1635 2909 1820 2960 inven-

288 3008 372 3052 tus
413 2999 483 3052 sit
509 2999 576 3050 ab
605 2999 686 3052 his
733 2999 820 3061 qui
866 2999 932 3051 de
975 3013 1039 3050 eo
1084 3013 1187 3051 non
1230 2999 1632 3065 interrogabant
1659 2998 1816 3066 (75):

286 3095 570 3152 propterea
615 3088 920 3156 Apostolus,
953 3087 1133 3141 volens
1168 3086 1265 3139 ista
1292 3103 1503 3150 curare,
1547 3098 1600 3140 et
1637 3097 1818 3139 osten-

285 3181 412 3231 dere
449 3178 573 3246 quia
600 3179 832 3245 supersit
863 3178 1047 3230 salntis
1083 3177 1166 3229 via
1202 3177 1394 3244 populo
1423 3177 1533 3246 (76)
1581 3178 1740 3230 Israel
1773 3180 1816 3231 si

285 3268 528 3331 credant,
567 3275 622 3321 et
656 3267 779 3335 quia
807 3283 908 3320 non
945 3268 1144 3322 idcirco
1174 3268 1370 3334 repulsi
1405 3277 1526 3320 sunt
1553 3268 1678 3335 quia
1727 3282 1819 3335 ge-

285 3373 387 3412 nus
410 3358 518 3411 sint
549 3357 710 3410 Israel
740 3355 970 3426 (77),sed
1003 3357 1128 3424 quia
1161 3357 1419 3410 increduli
1441 3356 1668 3420 fuerint,
1701 3359 1775 3408 ait
1801 3373 1815 3410 :

291 3465 310 3495 ι
345 3445 456 3499 Non
484 3446 676 3514 repulit
717 3446 856 3500 Deus
890 3447 1092 3515 plebem
1121 3461 1270 3501 suam
1299 3461 1458 3515 quam
1485 3447 1768 3515 pt-zescivit.
1791 3465 1810 3498 ι

285 3535 354 3589 Et
383 3545 436 3587 ut
482 3536 582 3588 hoc
610 3537 855 3602 praesenti
901 3536 1150 3603 probaret
1179 3537 1423 3603 exemplo
1448 3577 1464 3602 ,
1499 3538 1770 3604 subiungit
1799 3552 1815 3590 :

291 3646 310 3678 ‹
349 3626 481 3680 Nam
514 3636 567 3681 et
609 3641 706 3694 ego
742 3626 981 3681 Israelita
1023 3644 1137 3681 sum
1175 3642 1238 3681 ex
1287 3630 1492 3683 semine
1523 3629 1814 3692 Abraham,

286 3729 341 3769 et
373 3717 512 3770 tribu
545 3715 843 3783 Beniamin,
882 3737 900 3768 ι
931 3727 982 3771 et
1008 3728 1182 3770 tamen
1218 3718 1373 3770 ﬁdem
1405 3717 1527 3770 .Iesn
1553 3719 1736 3779 doceo,
1767 3727 1820 3772 et

286 3808 542 3863 annuntio
581 3811 704 3878 quia
738 3810 848 3877 ipse
882 3819 963 3862 est
993 3810 1258 3863 Christus.
1288 3809 1435 3874 Quod
1470 3810 1515 3862 si
1553 3809 1678 3862 mihi
1708 3825 1815 3862 non

284 3897 456 3953 obluit
494 3900 617 3968 quia
643 3915 758 3953 sum
788 3899 1026 3953 Israelita
1053 3915 1116 3951 ex
1157 3900 1362 3952 semine
1382 3899 1670 3961 Abraham,
1690 3913 1821 3965 quo-

353 4017 400 4047 ⁷⁸
433 4015 619 4069 Matth.
646 4031 813 4080 xxvu,
847 4015 940 4078 ιο,
972 4015 1058 4068 49..
1152 4016 1193 4044 ⁷⁷
1232 4015 1356 4082 Sap.
1394 4032 1444 4079 I,
1475 4015 1528 4067 2.

353 4151 654 4231 (72)LEditi,
689 4169 708 4200 ι
750 4152 960 4220 scriptis
994 4169 1010 4205 :
1039 4153 1175 4206 sicut
1200 4152 1273 4205 illi
1304 4151 1640 4220 interpretati
1663 4161 1813 4216 sunt,

284 4230 704 4359 θέῗῗὲἶιλὶΝεηη
747 4297 800 4341 et
826 4303 925 4359 ego
958 4288 1192 4359 Israelita
1234 4304 1348 4340 sum
1374 4329 1388 4352 ,
1431 4307 1449 4337 ι
1477 4299 1613 4354 etc.,
1649 4304 1816 4356 usque

285 4357 350 4407 ad
370 4357 390 4420 ‘,
439 4373 457 4404 ι
496 4357 733 4450 alioquin
775 4358 945 4450 gratia
986 4357 1095 4438 jam
1124 4372 1225 4408 non
1271 4359 1327 4408 lit
1359 4359 1583 4450 gratia,
1606 4377 1624 4409 ι
1659 4361 1816 4411 omit-
1849 4371 1891 4425 ι)
1922 4357 2416 4450 η]εδ.ιςις)διι·ἰέ.ιιοιι
2443 4357 2796 4435 comparent.

285 4434 469 4476 tantur
506 4426 555 4476 in
582 4425 740 4477 editis
772 4440 786 4485 ;
821 4425 913 4477 sed
950 4426 1299 4478 restituuntur
1323 4441 1385 4478 ex
1408 4428 1651 4479 omnibus
1680 4443 1812 4480 mss.

355 4492 467 4558 (74)
504 4491 718 4544 Factus.
759 4493 913 4545 Deest
942 4495 993 4545 in
1019 4494 1200 4556 editis,
1235 4503 1287 4543 et
1319 4495 1368 4545 in
1394 4494 1636 4561 pluribus
1662 4511 1814 4558 mss.,

284 4563 378 4624 sed
405 4561 658 4624 exstatin
705 4576 804 4614 ms.
845 4561 1014 4629 Regio
1044 4578 1190 4614 num.
1226 4562 1358 4615 1659
1387 4573 1441 4616 et
1461 4563 1598 4630 apud
1641 4565 1816 4618 Ralm-

285 4655 435 4693 num.

355 4709 465 4778 (75)
504 4699 666 4778 Editi,
692 4716 710 4747 ε
749 4700 814 4752 ab
834 4715 896 4754 eo
912 4700 1000 4764 qui
1027 4713 1129 4750 non
1161 4699 1545 4778 interrogabat.
1588 4719 1606 4751 ι

359 4768 472 4842 (76)
512 4769 648 4828 Edjti
675 4807 690 4830 ,
721 4785 741 4818 ι
772 4777 1032 4842 quantum
1064 4770 1292 4835 supersit
1318 4769 1505 4821 salutis
1545 4768 1756 4842 populo,
1793 4788 1811 4820 ι

285 4835 393 4900 etc.
425 4835 599 4900 Codex
623 4854 754 4894 vero
772 4835 1150 4896 Vallis-Clarae,
1176 4854 1194 4885 ‹
1228 4853 1383 4904 quam
1425 4835 1655 4904 supersit
1677 4839 1819 4888 salu-

289 4916 360 4966 tis
385 4929 494 4967 sua:
518 4916 730 4980 populo,
755 4923 884 4967 «etc.
909 4906 1159 4980 [tabanus
1187 4919 1205 4960 ς
1243 4925 1259 4957 ι
1293 4921 1408 4976 qua:
1451 4908 1684 4980 supersit
1726 4921 1818 4980 sa~

289 4984 385 5034 luti
411 4976 818 5047 suae—apopulo,
847 4999 866 5031 ›
891 4990 994 5032 etc.
1025 4976 1128 5030 Sed
1157 4990 1299 5031 reete
1327 4994 1424 5030 ms.
1455 4994 1590 5028 unus
1622 4978 1817 5047 Regius

289 5065 435 5103 Itum.
471 5045 645 5111 165ξῖἱ
675 5045 704 5097 ἰ
747 5050 866 5115 quia
917 5048 1151 5114 supersit
1192 5047 1379 5098 Salutis
1405 5047 1486 5098 via
1523 5045 1712 5112 popqu
1739 5085 1754 5108 ,
1794 5063 1814 5094 ι

289 5131 392 5171 etc.
425 5119 613 5170 Casteri
643 5133 767 5169 mss.
794 5118 988 5169 habent
1018 5117 1195 5167 itidem
1229 5133 1244 5163 ι
1275 5116 1420 5184 quia,
1449 5133 1466 5164 ι
1495 5120 1583 5166 sed
1611 5129 1765 5184 «sua:
1791 5130 1813 5164 ›

291 5201 385 5247 pro
429 5203 447 5234 ι
481 5187 585 5237 via.
631 5205 650 5235 ι
689 5184 889 5237 Deinde
914 5201 1044 5236 mss.
1084 5184 1322 5252 plerique
1362 5197 1414 5237 et
1450 5185 1575 5235 editi
1604 5183 1823 5244 habent,

298 5271 315 5299 ι
374 5263 427 5306 et
478 5268 578 5304 non
620 5254 858 5316 idcirco,
898 5272 916 5304 ι
947 5263 1054 5304 etc.
1082 5291 1097 5314 ,
1128 5256 1324 5306 omisso
1360 5273 1376 5300 ι
1427 5254 1550 5318 quia
1576 5292 1590 5315 ,
1643 5270 1661 5301 ι
1705 5265 1821 5315 quae

297 5333 392 5435 rex
433 5323 730 5372 restituitur
769 5337 836 5374 ex
881 5335 982 5374 ms.
1029 5320 1195 5388 Regio
1239 5337 1384 5376 nunt.
1429 5321 1561 5374 1659
1609 5329 1661 5374 et
1709 5318 1820 5370 Ra-

316 5403 451 5435 lill|(l.

316 5403 451 5436 »ειιι(ι.

367 5453 477 5524 (Π)
507 5453 667 5524 Editi,
701 5474 717 5505 ι
749 5458 869 5524 quia
901 5472 1028 5524 gens
1060 5458 1128 5511 sit
1153 5458 1329 5510 Israel.
1364 5477 1382 5506 ›

371 5519 479 5581 (78)
510 5521 642 5597 Editi
670 5560 684 5583 ,
721 5519 938 5597 (Deum
969 5564 983 5587 ,
1017 5542 1118 5578 non
1158 5538 1359 5578 tantum
1387 5565 1400 5589 ,
1447 5545 1463 5575 ι
1491 5538 1590 5581 etc.
1627 5525 1821 5579 Omnes

301 5599 430 5637 mss.
458 5589 639 5647 nostri.
677 5607 698 5643 ι
728 5589 886 5652 Deus,
911 5609 1012 5646 non
1037 5603 1162 5654 tam,
1209 5614 1225 5646 ι
1260 5605 1367 5652 etc.

1619 4014 1664 4044 ⁷⁸
1689 4015 1839 4068 Rom.
1869 4017 1998 4081 κω,
2026 4032 2138 4086 seq.
2212 4017 2258 4049 ’⁷⁸
2284 4019 2444 4077 Rom.
2481 4037 2542 4088 x,
2573 4024 2643 4079 l9
2663 4067 2681 4092 ,
2703 4029 2801 4085 20.

1933 487 2062 534 rer;
2109 481 2314 525 certum
2362 480 2445 524 est
2489 470 2630 538 quia
2684 485 2706 516 ι
2763 481 2883 518 non
2933 461 3171 531 repulit
3221 461 3394 512 Deus
3432 457 3666 526 plebem

1931 578 2083 614 suam
2137 575 2297 628 quam
2344 560 2653 628 praescivit.
2706 577 2727 609 ι
2763 554 3095 620 Quomodo
3158 559 3388 603 autem
3451 567 3475 598 α
3518 565 3667 617 quos

1931 651 2220 718 praescivit,
2250 651 2370 703 illos
2410 661 2460 702 et
2496 648 2769 710 vocavit;
2808 654 2868 698 et
2907 659 3067 709 quos
3109 641 3401 703 vaeavit,
3445 639 3583 693 illos
3613 650 3671 693 et

1923 740 2239 807 justiﬁcavit
2279 741 2346 802 3°,
2409 758 2428 790 ι
2474 755 2642 806 supra
2689 737 2812 803 jam
2868 738 3112 788 dictum
3177 742 3282 786 est
3319 750 3338 784 :
3382 742 3448 784 et
3511 735 3667 797 quod

1931 833 2185 898 [lftBSCIl'e
2208 830 2374 892 Deus,
2415 845 2521 882 non
2563 841 2786 882 tantum
2832 827 2968 896 (78)
3007 839 3433 893 praenoscere
3467 821 3669 875 futura

1931 923 2096 988 (quod
2131 935 2230 974 nec
2261 919 2496 973 dubitari
2529 920 2767 986 potest),
2796 917 2901 971 sed
2953 917 3266 984 probare,
3318 923 3388 966 et
3413 914 3667 966 scientia

1929 1028 2022 1063 sua
2062 1014 2220 1080 digna
2268 1015 2490 1075 ducere,
2525 1013 2577 1063 in
2606 1010 2941 1076 Scripturis
2979 1016 3298 1074 ponatur.
3333 1003 3566 1058 Verum
3596 1019 3670 1059 ne

1928 1119 2152 1169 parvum
2200 1104 2482 1158 videretur
2523 1104 2674 1168 quod
2705 1101 2998 1168 exemplo
3035 1099 3134 1151 sui
3177 1099 3322 1167 ('79)
3363 1112 3492 1150 non
3540 1112 3672 1150 esse

1930 1194 2201 1261 repulsam
2247 1196 2461 1261 plebem
2515 1195 2608 1246 Dei
2646 1195 2898 1246 ducebat
2933 1191 3327 1258 Apostolus,
3367 1190 3665 1242 validiora

1930 1285 2155 1349 requirit
2193 1285 2468 1352 exempia,
2515 1294 2571 1338 et
2603 1286 2743 1336 dicit
2781 1301 2797 1336 :
2833 1301 2853 1333 ι
2886 1283 2986 1334 An
3092 1281 3376 1332 nescitis
3428 1281 3491 1332 in
3541 1279 3665 1332 Elia

1927 1378 2053 1444 quid
2099 1377 2232 1429 dicit
2274 1377 2567 1443 Scriptura
2595 1375 2620 1427 ?
2664 1375 2990 1440 Quomodo
3051 1371 3440 1440 interpellat
3483 1372 3664 1424 Deum

1927 1470 2210 1521 adversum
2246 1468 2460 1522 Israel?
2500 1467 2765 1526 Domine,
2799 1467 3166 1532 prophetas
3211 1473 3369 1517 tuos
3427 1466 3667 1518 occide—

1929 1567 2089 1625 runt,
2118 1560 2310 1612 altaria
2355 1567 2450 1612 tua
2501 1557 2865 1612 suﬂ'oderunt
2896 1595 2913 1618 ,
2953 1567 3020 1608 et
3055 1570 3183 1626 ego
3218 1556 3493 1610 relictus
3537 1571 3664 1610 sum

1927 1651 2073 1703 solus
2102 1690 2117 1712 ,
2151 1659 2206 1702 et
2235 1659 2492 1718 quaerunt
2543 1650 2795 1702 animant
2844 1662 3091 1700 meam.
3137 1647 3272 1702 Sed
3313 1648 3469 1716 quid
3527 1651 3664 1704 dicit

1928 1740 2002 1793 illi
2033 1755 2356 1808 responsum
2389 1742 2638 1792 divinum
2670 1741 2793 1806 (80)
2822 1740 2849 1791 ?
2890 1758 2914 1790 ι
2966 1740 3038 1792 1η
3103 1740 3361 1808 quibus
3418 1743 3665 1798 docetur

1929 1832 2186 1898 propheta
2239 1832 2529 1899 aliquando
2580 1831 2704 1884 zelo
2753 1833 2856 1884 Dei
2902 1831 3229 1899 repletus,
3302 1847 3453 1885 cum
3513 1838 3664 1902 apud

1928 1922 2092 1974 Deum
2127 1921 2240 1991 (8|)
2272 1922 2556 1989 querelam
2591 1922 2783 1990 populi
2815 1923 3364 1990 praevaricatoris
3398 1940 3662 1994 expone-

1926 2019 2006 2062 ret
2034 2049 2048 2072 ,
2077 2013 2168 2078 qui
2202 2026 2312 2065 non
2347 2011 2524 2064 solum
2559 2012 2883 2080 prephetas
2920 2015 3311 2078 occidisset,
3353 2027 3418 2070 et
3452 2017 3656 2070 altaria

1925 2098 2314 2165 subvertisset,
2349 2117 2537 2154 verum
2595 2111 2653 2155 et
2703 2101 2899 2155 Eliam
2952 2106 3070 2172 qui
3118 2106 3472 2161 videbatur
3508 2111 3660 2163 solus

1923 2205 2208 2257 superesse
2242 2201 2295 2245 et
2327 2193 2615 2259 prophetis
2671 2193 2907 2245 Domini
2942 2233 2962 2258 ,
3016 2206 3386 2252 conaretur
3431 2201 3658 2254 exstin.

1922 2297 2104 2349 gnere.
2154 2282 2222 2336 Et
2271 2283 2373 2336 hoc
2422 2285 2536 2336 Elia
2572 2285 2720 2351 apud
2770 2285 2971 2338 Deum
3032 2288 3474 2357 deplorante,
3529 2294 3658 2345 audi

1921 2372 2046 2438 quid
2077 2373 2142 2424 ad
2173 2387 2294 2425 eum
2328 2377 2550 2426 oracula
2583 2376 2779 2428 divina
2815 2380 3276 2445 respondeant
3311 2398 3330 2433 :
3370 2401 3391 2431 ς
3427 2381 3656 2451 Reliqui

1922 2465 2048 2518 tnihi
2085 2465 2196 2535 (8‘2)
2230 2476 2434 2534 septem
2475 2468 2648 2520 millia
2704 2472 2990 2524 virorum
3035 2474 3152 2540 qui
3200 2490 3330 2528 non
3369 2491 3656 2529 curvave-

1921 2563 2044 2606 runt
2071 2570 2242 2622 genua
2267 2555 2415 2609 Baal.
2459 2575 2478 2607 ›
2511 2558 2643 2610 Baal
2683 2560 2827 2612 idoli
2888 2578 3138 2617 nomen
3202 2577 3332 2626 est.
3380 2571 3459 2621 ad
3494 2571 3655 2638 cujus

1921 2645 2116 2696 cultum
2142 2646 2368 2712 populus
2390 2647 2502 2710 ille,
2543 2649 2743 2701 relicta
2785 2650 2892 2704 Dei
2923 2654 3100 2721 lege,
3136 2656 3494 2712 deciderat.
3525 2659 3652 2712 llaec

1921 2743 2042 2786 sunt
2069 2749 2188 2802 quae
2217 2735 2510 2803 Apostolus
2542 2739 2611 2790 ad
2638 2742 3001 2806 exemplum
3041 2749 3370 2816 temporis
3402 2767 3655 2816 praesen-

1923 2823 1987 2875 tis
2021 2821 2260 2875 adducit.
2291 2822 2359 2874 Et
2387 2825 2581 2878 addit:
2623 2846 2642 2876 r
2681 2828 2786 2882 Sic
2839 2831 3051 2898 igitur
3086 2849 3158 2889 et
3212 2839 3272 2890 in
3333 2839 3456 2894 hoc
3509 2852 3650 2895 tem-

1923 2924 2049 2974 pore
2071 2912 2310 2980 reliquiae
2335 2915 2637 2968 secundum
2679 2918 3068 2977 electionem
3117 2931 3353 2996 gratiae
3384 2932 3514 3000 (85)
3540 2932 3649 2985 sal-

1926 3016 2002 3053 va:
2030 3001 2184 3055 factm
2213 3013 2358 3059 sunt.
2392 3001 2447 3058 Si
2487 3019 2674 3060 autem
2724 3014 2958 3080 gratia,
2991 3015 3137 3081 jam
3184 3035 3310 3073 non
3346 3038 3427 3075 ex
3466 3025 3652 3090 operi-

1926 3094 2024 3148 bus
2062 3119 2072 3149 ;
2107 3095 2343 3162 alioquin
2372 3098 2545 3162 gratia
2583 3099 2701 3166 jam
2753 3116 2878 3156 non
2925 3107 2999 3162 [it
3047 3112 3298 3176 gratia.
3367 3132 3390 3162 ι
3445 3114 3652 3169 Osten-

1925 3185 2155 3239 deudum
2195 3199 2324 3254 ergo
2356 3201 2454 3254 pro
2484 3188 2702 3244 viribus
2755 3195 2942 3249 nobis
2975 3212 3106 3262 est,
3140 3207 3470 3271 quomodo
3502 3208 3652 3260 sicut

1925 3274 2122 3368 factum
2155 3271 2371 3368 éstsub
2414 3275 2578 3342 Elia,
2634 3281 2726 3333 ubi
2783 3299 3050 3341 omnem
3107 3294 3423 3362 populum
3480 3296 3658 3368 630

1925 3367 2181 3432 propheta
2217 3366 2374 3419 simul
2401 3379 2699 3436 potaverat
2735 3374 3092 3434 refutatum
3133 3385 3298 3452 (84),
3341 3366 3652 3442 inveniun-

1926 3463 2010 3506 tur
2041 3463 2242 3520 septem
2286 3455 2453 3509 millia
2483 3459 2612 3521 viri,
2641 3464 2742 3528 qul
2797 3476 3301 3532 permanserint
3343 3479 3407 3530 in
3465 3487 3648 3533 testa-

1916 3553 2098 3597 mento
2123 3544 2248 3609 Dei;
2285 3545 2366 3598 sic
2397 3545 2604 3601 factum
2630 3562 2718 3605 est
2745 3555 2938 3610 etiam
2982 3560 3047 3613 in
3071 3565 3363 3620 adventu
3405 3569 3650 3635 Christi,

1917 3644 1972 3687 et
2017 3635 2102 3687 his
2157 3636 2491 3703 temporibus
2540 3643 2753 3707 quibus
2797 3650 3211 3714 praedicabat
3266 3657 3531 3715 Paulus.
3583 3661 3651 3716 Et

1927 3724 2112 3822 vide
2145 3724 2282 3778 forte
2309 3741 2600 3822 possumus
2622 3731 2917 3791 Joannem
2951 3740 3354 3819 Baptistam,
3396 3754 3504 3820 qui
3532 3753 3650 3806 Sal-

1924 3816 2127 3866 valoris
2175 3816 2451 3880 praecessit
2504 3820 2818 3875 adventum
2850 3863 2869 3888 ,
2933 3844 3194 3896 ponere
3251 3816 3644 3896 loco—Elite:

1926 3902 2358 3970 quandoquidem
2387 3914 2444 3957 et
2465 3905 2844 3978 Evangelium
2887 3918 3033 3986 (85)
3080 3926 3214 3982 tale
3251 3931 3315 3984 ei
3373 3935 3649 3988 lestimo.

2905 4035 2961 4066 ⁶⁰
3009 4042 3204 4098 Rom.
3244 4064 3402 4116 vnn,
3431 4051 3535 4107 50.

1921 4152 2103 4281 sug92
2300 4195 2318 4224 ,
2365 4177 2388 4211 ι
2423 4175 2494 4216 ne
2522 4177 2727 4231 parum
2763 4170 3096 4234 videretur
3143 4189 3321 4254 quod
3363 4177 3653 4264 exemplo

1991 4289 2548 4385 .(ISOZISedﬂufdud-icit
2579 4318 2942 4385 responsuﬁmi
2973 4317 3150 4373 divin
3164 4309 3266 4378 nm
3298 4329 3331 4381 .9
3386 4329 3531 4385 Hmc
3589 4335 3640 4385 in

1921 4437 1972 4500 et
2009 4429 2135 4500 _edili
2177 4447 2196 4500 εξ
2233 4448 2250 4478 ο
2290 4431 2342 4483 In
2389 4429 2592 4500 quibus
2622 4442 2793 4495 docet.

2080 5049 2091 5058 τ
2767 5049 2775 5050 κ
2821 5049 3112 5061 nmmo...
3169 5049 3260 5068 μ...
3330 5049 3380 5075 ὴ,
3495 5049 3511 5074 _._

1919 5049 2163 5147 ῗῐῖίρῗθῖι
2631 5069 2811 5147 ’κβ-ιβ
2863 5083 2924 5124 ει
2973 5049 3632 5147 Ιῆιιηιῗῖιιευέιιῗῖἴιιιέηἶ

2064 5115 2072 5124 .
2271 5121 2279 5129 Ι
2433 5124 2463 5134 μ
2710 5115 2811 5146 ce..-
2867 5115 2924 5124 ν-
2973 5115 3276 5140 ...ιιιαιιιιδ
3336 5115 3627 5147 οιιιιιιιεηι

1927 5115 2408 5230 3.533.333.2122“.
2433 5125 2915 5230 L':i'."!3.f“.',“.:f£
3129 5154 3401 5230 ιιιειςςε.
3444 5180 3464 5211 ι

1922 5196 2947 5326 Εξέἕβῗξῃξῖῗι,ι³ὗ;05ῗάθέῗ.ιιὶεὲἰυε,
2981 5196 3156 5275 num‘.
3191 5196 3634 5302 rose'u'm’é'u'é

1993 5319 2101 5411 (fit)
2136 5319 2440 5411 δῖ²¹ἷ³ἰὶ¹ἒί¹⁵ν
2481 5352 2498 5384 ⁸
2547 5319 2883 5411 ίΐέὺυτάῑητη

1922 5399 2099 5469 nestit
2130 5403 2181 5469 et
2213 5399 2374 5464 editi,
2398 5421 2438 5469 Δε
2483 5399 2883 5469 relabuntur;

3014 5503 3072 5547 et
3109 5495 3447 5560 Ralmnus.
3489 5507 3628 5562 Ca:—

2061 5542 2192 5585 vero
2232 5552 2365 5593 mss.
2406 5531 2584 5603 nostri
2626 5563 2685 5607 el
2715 5531 3627 5647 eum:Tef‘tiilii'igéiiiiabﬁ

2944 5370 2963 5401 ›
3017 5359 3122 5410 sed
3181 5376 3421 5422 on‘mes
3479 5387 3634 5424 mss.
