3894 6222
283 289 434 344 H77

1193 292 1544 347 COMMENT.
1586 291 1651 344 IN
1691 291 1904 347 EPIST.
1941 292 2029 344 AD
2067 291 2226 348 ROM.
2267 292 2389 345 LIB.
2433 289 2562 344 VIII.

3309 291 3444 346 11⁸78

277 403 442 454 nium
470 405 735 471 perhibet,
754 404 876 471 quia
907 424 926 456 ι
961 407 1012 459 in
1040 407 1228 476 spiritu
1257 419 1310 462 et
1331 409 1524 460 virtute
1564 427 1582 460 ι
1619 411 1818 462 venerit
1853 417 1896 468 Α
1926 421 2017 472 per
2045 406 2286 473 gratiam,
2317 406 2405 457 sed
2441 420 2532 472 per
2567 421 2584 453 t
2628 401 2940 455 electionem
2971 402 3152 470 gratiae
3186 421 3206 452 ι
3240 403 3439 455 salvati

281 509 304 539 ε
353 491 492 546 Elite
518 496 596 558 ⁸¹;
633 516 651 547 ι
682 504 735 547 et
773 496 882 563 ipse
933 499 1184 551 Dominus
1230 499 1422 550 dixerit
1455 500 1520 552 de
1556 515 1620 552 eo
1652 518 1664 552 :
1701 519 1720 550 ‹
1763 501 1824 553 Et

271 586 324 637 si
360 589 535 642 vultis
573 591 711 644 scire
735 631 750 654 ,
775 592 886 658 ipse
909 602 989 645 est
1021 592 1184 646 Elias.
1219 591 1316 657 Qui
1350 593 1508 644 habet
1533 607 1688 646 aures
1727 607 1822 644 au-

272 677 498 742 diendi,
529 681 709 732 audiat
732 682 796 734 8’.
841 700 859 730 ι
892 681 988 735 llic
1031 697 1158 749 ergo
1191 684 1279 749 qui
1314 683 1364 736 in
1405 684 1590 750 spiritu
1627 692 1680 736 et
1716 684 1825 735 vir-

270 771 398 818 tute
430 779 656 821 venerat
675 769 881 831 Eliae,in
903 779 1108 822 tantum
1143 772 1516 836 desperaverat
1543 772 1604 823 de
1632 771 1823 838 populo

269 852 374 906 illo
407 891 426 917 ,
463 865 526 907 ut
574 873 677 910 non
707 874 799 912 eos
838 861 1037 913 diceret
1061 876 1176 913 esse
1222 861 1613 926 generationem
1653 861 1820 913 Abra-

267 943 358 996 hae
409 945 532 1012 (86)
562 987 577 1011 ,
612 949 703 1000 sed
744 952 1137 1016 generationem
1173 952 1502 1017 viperarum;
1534 959 1588 1003 et
1619 950 1699 1002 his
1727 952 1820 1001 ad-

267 1037 439 1085 deret
481 1053 495 1088 :
542 1054 560 1086 ι
604 1036 775 1090 Nolite
799 1039 975 1092 dicere
1000 1041 1123 1107 quia
1149 1050 1347 1104 patrem
1375 1041 1632 1092 habemus
1659 1042 1824 1091 Abra-

269 1122 432 1174 ham.
494 1125 622 1178 Dico
671 1129 813 1180 enim
861 1131 1012 1182 vobis
1036 1169 1050 1192 ,
1089 1131 1232 1195 quia
1257 1139 1443 1195 potens
1480 1140 1559 1182 est
1595 1130 1729 1182 Deus
1761 1131 1823 1182 de

265 1212 563 1279 lapidibus
615 1216 728 1270 istis
776 1219 1036 1272 suscitare
1067 1221 1201 1272 filios
1241 1220 1467 1272 Abrahae
1508 1220 1571 1273 ³³.
1625 1239 1640 1269 ι
1693 1219 1822 1271 IIuic

264 1317 412 1369 ergo
465 1303 572 1356 ista
623 1307 688 1358 de
733 1308 924 1372 populo
971 1310 1314 1375 conquerenti
1365 1311 1747 1375 respondeatur
1791 1323 1818 1359 a

263 1389 518 1443 Domino
561 1403 614 1444 et
655 1393 929 1448 Salvatore
955 1405 1142 1449 nostro
1173 1410 1188 1447 :
1238 1413 1256 1444 ι
1294 1395 1402 1462 Ego
1429 1399 1539 1448 scio
1565 1411 1694 1462 quos
1717 1397 1822 1446 ele-

261 1479 450 1542 gerint
492 1479 574 1540 εις
618 1499 636 1530 i
677 1490 728 1534 et
758 1481 947 1534 iterum
980 1496 996 1535 :
1025 1500 1042 1531 ι
1085 1481 1222 1534 ()ves
1269 1496 1397 1533 meae
1429 1495 1606 1533 vocem
1653 1495 1820 1533 meam

260 1568 546 1634 audiunt,
589 1579 644 1622 et
690 1585 791 1636 ego
837 1572 1076 1637 praecedo
1125 1586 1249 1635 eas,
1297 1581 1350 1624 et
1399 1579 1692 1638 Sequuntur
1740 1585 1822 1623 me

262 1672 412 1710 mea:
443 1658 525 1720 ⁸³;
563 1678 582 1709 ι
619 1669 674 1712 et
708 1660 938 1712 iterum:
977 1679 995 1710 ‹
1035 1659 1213 1714 Habeo
1257 1660 1390 1712 alias
1419 1675 1542 1713 oves
1567 1674 1683 1727 qum
1715 1675 1817 1712 non

260 1756 402 1798 sunt
442 1749 514 1801 de
543 1750 644 1801 hoc
677 1750 804 1803 ovili
831 1767 843 1801 :
874 1759 1084 1815 oportet
1111 1764 1192 1802 me
1209 1762 1260 1804 et
1295 1750 1412 1802 illas
1438 1750 1699 1803 adducere
1715 1751 1813 1803 ⁸⁸.»
1849 1727 1890 1779 Β

259 1835 413 1898 Quid
455 1845 640 1890 autem
667 1846 721 1890 et
757 1839 869 1900 ipse
891 1852 1140 1889 numerus
1173 1847 1371 1906 septem
1400 1837 1561 1889 millia
1587 1839 1818 1890 virorum

260 1910 486 1976 indicet
540 1924 839 1982 videamus.
885 1927 1234 1992 Septenarius
1281 1942 1534 1981 numerus
1575 1927 1704 1995 (87)
1753 1927 1817 1978 ad

257 2014 524 2080 requiem
564 2015 818 2082 pertinet.
849 2034 867 2064 ι
907 2016 958 2068 In
985 2017 1203 2083 septima
1235 2035 1253 2067 ›
1287 2017 1428 2070 enim
1453 2035 1470 2066 ι
1504 2017 1586 2069 die
1614 2017 1820 2082 requie-

259 2103 343 2155 vit
381 2104 535 2156 Deus
558 2104 624 2156 ⁸⁷.
664 2123 683 2154 ι
732 2105 867 2157 Audi
892 2119 1021 2172 ergo
1047 2117 1103 2160 et
1146 2108 1385 2161 Christus
1419 2110 1693 2160 credentes
1719 2106 1816 2158 sibi

256 2193 559 2258 quomodo
587 2195 654 2246 ad
682 2195 918 2260 requiem
955 2196 1177 2258 invitat,
1203 2206 1256 2249 et
1285 2197 1411 2250 dicit
1443 2215 1456 2247 :
1491 2213 1508 2243 ι
1549 2194 1729 2248 Venite
1753 2193 1820 2247 ad

257 2297 351 2335 me
400 2297 606 2336 omnes
635 2285 725 2350 qni
772 2284 1054 2346 laboratis,
1082 2295 1136 2337 et
1166 2286 1368 2338 onerati
1395 2286 1521 2338 estis
1552 2301 1564 2337 :
1594 2293 1645 2336 et
1678 2285 1819 2336 inve-

257 2373 435 2426 nietis
473 2373 712 2440 requiem
748 2376 1028 2428 animabus
1054 2375 1247 2426 vestris
1277 2375 1342 2426 ⁸⁸.
1370 2393 1387 2424 i
1414 2375 1489 2425 Ad
1516 2375 1669 2426 istum
1693 2388 1818 2438 ergo

253 2465 645 2530 septenariqu
695 2479 971 2516 numerum
1008 2466 1235 2530 pertinet
1276 2465 1448 2516 omnis
1477 2464 1567 2529 qui
1596 2465 1816 2515 veniens

253 2554 325 2606 ad
375 2553 672 2607 Christum
725 2555 967 2620 deposuit
1011 2569 1173 2606 onera
1218 2554 1458 2620 peccati,
1491 2562 1546 2606 et
1583 2554 1815 2620 requiem

254 2643 477 2696 salutis
530 2644 729 2696 invenit
783 2644 916 2713 (88).
971 2643 1132 2696 Recte
1179 2658 1305 2711 ergo
1334 2643 1610 2710 Apostolus
1648 2645 1817 2706 dicit,

253 2734 390 2800 quia
445 2751 466 2782 ι
522 2733 603 2786 sic
633 2741 687 2784 et
736 2732 788 2784 in
833 2734 931 2785 hoc
976 2743 1214 2800 tempore
1263 2733 1497 2800 reliquis:
1531 2733 1815 2787 secundmu

252 2823 606 2877 electionem
641 2824 825 2891 gratia:
853 2823 1010 2876 salva:
1034 2823 1185 2875 facta:
1213 2832 1370 2882 sunt;
1399 2841 1420 2874 ι
1462 2825 1707 2892 reliquias
1738 2825 1818 2877 tli-

253 2929 398 2967 cens
456 2927 558 2966 eos
597 2915 687 2978 qui
727 2928 793 2965 ex
835 2913 1242 2965 circumcisione
1288 2911 1670 2975 crediderunt,
1715 2923 1816 2965 tam

252 3003 554 3072 apostolos
586 3017 707 3055 cum
738 3002 932 3070 quibus
964 3017 1024 3054 se
1057 3016 1268 3069 quoque
1303 3012 1632 3062 annumerat,
1659 3019 1814 3069 quam

251 3105 311 3148 et
362 3103 615 3148 caeteros
655 3094 744 3160 qui
781 3107 900 3146 cum
936 3093 1064 3159 ipsis
1107 3093 1274 3144 secuti
1319 3101 1444 3144 sunt
1493 3092 1646 3144 fidem
1694 3090 1817 3143 Jesu

252 3183 506 3235 Christi.
557 3179 664 3234 Sed
705 3182 845 3246 quod
882 3181 1053 3243 dicit,
1099 3199 1117 3230 ι
1171 3181 1456 3232 secundum
1508 3181 1818 3234 electionem

253 3272 466 3338 gratiae
507 3287 528 3320 ι
565 3269 740 3322 salvas
773 3269 939 3321 factas
962 3283 1078 3321 esse
1116 3268 1390 3335 reliquias,
1422 3269 1528 3320 haec
1557 3269 1682 3320 mihi
1718 3282 1818 3319 non

254 3363 498 3414 videtur
549 3358 817 3425 superﬂua
848 3373 964 3410 esse
998 3358 1276 3410 electionis
1307 3358 1532 3425 adjectio
1562 3356 1692 3426 (89).
1722 3356 1822 3408 Po-

253 3455 368 3507 tuit
399 3451 562 3503 enim
608 3449 830 3502 dicere:
869 3464 888 3496 ει
923 3447 1182 3515 Reliquize
1217 3467 1236 3498 ι
1280 3463 1370 3514 per
1401 3448 1630 3514 gratiam
1664 3465 1681 3497 t
1717 3447 1821 3499 sal-

255 3558 342 3597 va:
377 3541 555 3594 facta:
589 3548 746 3602 sunt;
793 3555 813 3588 ι
849 3537 943 3589 sed
971 3538 1200 3590 ostendit
1247 3551 1338 3603 per
1385 3537 1496 3588 haec
1537 3551 1654 3589 esse
1703 3551 1824 3603 gra-

253 3636 396 3686 tiam
438 3639 501 3683 et
538 3628 658 3681 sine
684 3627 964 3690 electione,
1011 3634 1208 3678 etcum
1243 3625 1524 3678 electione.
1550 3624 1680 3677 Nam
1709 3639 1822 3676 orn-

257 3739 362 3777 nes
392 3719 628 3789 quidem
665 3717 755 3784 qui
799 3730 895 3785 per
937 3715 1090 3768 ﬁdem
1141 3714 1436 3778 salvantur,
1470 3730 1565 3782 per
1605 3715 1821 3783 gratiam

253 3815 386 3866 sine
419 3809 598 3865 dubio
633 3806 907 3860 salvantur
952 3824 966 3859 :
1009 3805 1097 3872 qui
1128 3814 1304 3856 autem
1334 3819 1430 3872 per
1459 3823 1478 3854 ‹
1511 3805 1822 3857 electionem

254 3903 463 3970 gratiae
527 3917 548 3948 ι
601 3897 898 3959 salvantur,
946 3894 1278 3962 perfectioris
1329 3893 1437 3964 (90)
1478 3894 1665 3946 animae
1695 3894 1822 3945 mibi

254 3993 539 4044 videntur
569 3985 804 4039 ostendi.
841 3984 993 4037 Sicut
1030 3984 1169 4036 enim
1217 3983 1377 4036 Israel
1417 3983 1614 4037 dicitur
1653 3984 1824 4036 omnis

253 4080 352 4146 qui
411 4072 706 4130 descendit
749 4072 815 4124 de
841 4085 1039 4139 genere
1067 4071 1225 4124 Israel
1267 4071 1402 4125 :ille
1444 4080 1621 4124 autem
1668 4085 1825 4123 verus

253 4169 441 4227 Israel
471 4174 584 4229 est,
621 4163 711 4231 qui
743 4173 918 4215 mente
959 4177 1086 4228 pura
1127 4171 1182 4215 et
1235 4163 1395 4215 corde
1445 4162 1655 4222 sincero
1685 4163 1826 4214 videt

255 4263 444 4315 Deum
483 4278 496 4311 :
534 4257 610 4309 ita
650 4264 703 4307 et
729 4253 795 4304 de
819 4253 918 4304 hoc
950 4253 1198 4318 accipere
1224 4268 1504 4320 possumus
1531 4253 1666 4320 (91),
1686 4252 1822 4319 quod

1921 494 2128 545 dicetur
2171 491 2278 560 (9'2)
2315 507 2341 542 a
2374 491 2611 546 Christo.
2656 491 2889 557 Denique
2933 499 2984 544 et
3028 491 3137 558 ipse
3172 491 3442 557 apostolus

1919 583 2112 636 Paulus
2136 621 2152 644 ,
2195 583 2240 635 si
2273 584 2393 650 quis
2417 598 2535 635 eum
2572 585 2622 636 in
2662 583 2840 635 verbis
2878 583 2990 634 suis
3023 581 3304 648 diligenter
3345 582 3444 634 ob-

1920 684 2093 728 servet
2142 675 2286 726 videt
2327 679 2592 742 quomodo
2657 673 2957 742 hujusmodi
3016 673 3444 725 distinctionibus

1919 766 2120 828 utitur;
2170 765 2294 816 alibi
2330 765 2617 817 secundum
2667 779 2880 816 carnem
2915 752 3192 816 nominans
3243 762 3399 814 Israel
3427 753 3470 826 ,’

1919 855 2041 908 alibi
2089 871 2246 922 super
2275 870 2338 907 eo
2365 855 2544 908 carnis
2586 856 2800 907 omnino
2829 870 2928 907 non
2975 855 3176 907 faciens
3223 853 3446 904 mentio-

1919 962 2060 1007 nem,
2083 947 2220 998 sicut
2248 946 2298 998 in
2327 946 2571 1013 prmsenti
2609 946 2724 997 loco
2744 984 2758 1006 ,
2790 946 2877 997 tibi
2901 961 3018 998 cum
3051 945 3270 1004 diceret,
3321 945 3446 1009 quia

1927 1055 1944 1087 r
1992 1051 2092 1088 non
2122 1036 2312 1103 repulit
2357 1037 2492 1089 Deus
2529 1037 2732 1103 plebem
2774 1051 2945 1100 suam,
2994 1054 3012 1086 )
3044 1047 3096 1088 et
3121 1035 3443 1087 nobilitatem

1918 1125 2222 1181 Israelitica:
2257 1126 2446 1178 anima:
2475 1126 2632 1178 vellet
2673 1139 2936 1191 exponere
2961 1163 2975 1185 ,
3023 1125 3096 1175 ait
3126 1142 3139 1176 :
3186 1141 3204 1172 ‹
3235 1121 3364 1173 Nam
3392 1131 3447 1174 et

1919 1234 2015 1287 ego
2040 1221 2272 1274 Israelita
2295 1237 2430 1273 smn.
2475 1240 2493 1270 ι
2530 1220 2584 1273 In
2610 1221 2837 1273 secunda
2865 1235 2990 1272 vero
3029 1222 3092 1272 ad
3119 1219 3442 1282 Corinthios,

1918 1312 2006 1362 tibi
2040 1312 2348 1378 quibusdam
2371 1312 2436 1364 de
2468 1309 2763 1362 Israelitico
2794 1325 2986 1378 genere
3007 1310 3292 1361 secundum
3323 1323 3446 1361 car-

1919 1412 2037 1451 nem
2067 1400 2414 1466 gloriantibus
2446 1400 2649 1466 cogitur
2672 1399 3011 1466 respondere,
3041 1400 3158 1450 vide
3180 1414 3295 1464 qum
3315 1411 3445 1463 prse-

1919 1487 2063 1540 misit
2095 1505 2108 1540 :
2147 1506 2164 1538 ι
2207 1488 2331 1553 Qua:
2354 1489 2556 1555 loquor,
2583 1489 2774 1554 inquit,
2815 1503 2917 1540 non
2963 1487 3246 1539 secundum
3280 1485 3441 1538 Deum

1919 1574 2130 1644 loquor,
2161 1579 2251 1630 sed
2290 1579 2438 1644 quasi
2479 1579 2528 1630 iti
2573 1579 2868 1644 insipientia
2915 1579 2964 1629 in
3011 1578 3108 1630 hac
3150 1576 3441 1629 substantia

1923 1666 2209 1732 gloriandi.
2240 1666 2497 1731 Quoniam
2524 1669 2732 1733 quidem
2759 1667 2904 1720 multi
2931 1667 3226 1734 gloriantur
3249 1681 3440 1718 secun-

1923 1755 2044 1806 dum
2075 1771 2326 1819 carnem;
2361 1766 2414 1808 et
2460 1771 2557 1822 ego
2601 1757 2870 1822 gloriabor
2898 1758 2963 1808 ⁸⁸.
3017 1775 3034 1804 ι
3078 1756 3143 1808 Et
3183 1764 3302 1820 post
3345 1755 3445 1806 ali-

1923 1854 2117 1912 quanta
2139 1846 2300 1900 dicit:
2339 1863 2356 1894 ‹
2392 1846 2593 1898 lIebrari
2618 1857 2763 1909 sunt,
2795 1856 2850 1898 et
2876 1861 3000 1914 ego;
3029 1844 3282 1898 Israelita:
3299 1854 3444 1904 sunt,

1923 1942 1974 1985 et
2008 1948 2140 2000 ego;
2185 1947 2362 1986 semen
2397 1934 2623 1986 Abrahae
2647 1946 2812 1996 sunt,
2844 1945 2896 1986 et
2917 1949 3014 2001 ego
3039 1935 3102 1985 °°.
3145 1952 3161 1984 ι
3197 1933 3284 1985 Sic
3320 1949 3448 2000 ergo

1925 2022 2010 2073 ubi
2047 2023 2108 2074 de
2143 2022 2300 2075 Israel
2327 2023 2670 2090 loquebatur,
2711 2025 2796 2076 illo
2829 2025 3084 2075 interiore
3109 2024 3320 2074 homine
3345 2029 3448 2084 (ta-

1925 2107 1986 2161 lis
2009 2111 2148 2161 enim
2176 2123 2258 2162 est
2281 2111 2430 2175 plebs
2475 2113 2560 2164 illa
2590 2128 2745 2178 quam
2784 2113 3046 2177 prrescivit
3077 2112 3233 2173 Deus,
3265 2121 3317 2162 et
3345 2127 3446 2162 noti

1926 2200 2179 2264 repulit),
2224 2216 2326 2252 non
2361 2201 2490 2251 dicit
2527 2217 2544 2250 t
2591 2203 2880 2253 secundum
2923 2215 3136 2253 carnem
3185 2219 3202 2250 ι
3243 2198 3445 2260 Israel;

1925 2289 1988 2340 ad
2021 2304 2111 2342 eos
2134 2304 2257 2342 vero
2292 2291 2378 2356 qui
2416 2291 2466 2342 in
2494 2289 2670 2343 carnis
2707 2304 2898 2358 genere
2921 2290 3284 2357 gloriabantur
3311 2304 3444 2356 prte-

1923 2379 2083 2442 misit,
2107 2379 2245 2444 quod
2273 2378 2336 2431 de
2358 2379 2652 2446 hujusmodi
2678 2379 2992 2447 gloriatione
3014 2393 3182 2445 neque
3207 2397 3225 2428 ι
3261 2394 3450 2432 secun-

1926 2466 2048 2518 dutn
2094 2468 2256 2519 Deum
2302 2486 2320 2518 ι
2354 2467 2680 2534 loqueretur,
2716 2482 2886 2533 neque
2927 2467 2975 2518 in
3005 2466 3298 2532 sapientia;
3332 2466 3446 2529 sed,

1925 2566 1982 2608 ut
2009 2559 2119 2623 ipse
2151 2557 2318 2619 dicit,
2367 2576 2386 2608 ε
2420 2558 2470 2610 in
2513 2557 2838 2626 insipientia.
2888 2575 2906 2606 ι
2954 2557 3112 2609 Tales
3155 2568 3280 2609 sunt
3319 2571 3447 2624 ergo

1929 2665 1948 2697 ι
1984 2647 2220 2712 reliquiae
2275 2665 2290 2698 ι
2342 2661 2457 2714 qua:
2506 2664 2523 2695 ι
2563 2646 2853 2699 secundum
2900 2645 3215 2699 electionem
3263 2645 3447 2711 gratiae

1923 2736 2080 2789 salva:
2103 2737 2254 2790 factae
2294 2747 2434 2790 sunt.
2469 2755 2486 2787 ι
2526 2735 2590 2789 Et
2615 2737 2812 2790 addidit
2842 2755 2855 2789 :
2886 2754 2904 2786 ί
2939 2737 2994 2789 Si
3036 2745 3211 2789 autem
3242 2735 3446 2803 gratia,

1919 2829 2026 2893 jam
2076 2843 2177 2878 non
2223 2842 2286 2879 ex
2333 2827 2602 2894 operibus.
2646 2845 2666 2878 ι
2709 2826 2991 2880 Sciendum
3023 2835 3104 2878 est
3141 2841 3300 2892 opera
3331 2840 3448 2891 qua}

1923 2914 2118 2968 Paulus
2145 2917 2407 2981 repudiat,
2450 2926 2506 2969 et
2532 2917 2843 2983 frequenter
2864 2917 3149 2980 vituperat,
3183 2930 3288 2968 non
3331 2929 3449 2967 esse

1921 3019 2078 3072 Opera
2113 3005 2336 3072 iustitia:
2368 3021 2482 3071 qum
2514 3006 2832 3059 mandantur
2864 3005 2916 3057 in
2952 3005 3090 3072 lege,
3116 3005 3207 3057 sed
3234 3018 3292 3054 ea
3328 3005 3448 3071 qui-

1919 3093 2034 3145 dem
2067 3095 2118 3145 ia
2141 3096 2331 3161 quibus
2371 3096 2423 3148 hi
2458 3095 2549 3163 qui
2581 3095 2872 3148 secundum
2899 3108 3113 3148 carnem
3159 3093 3322 3160 legem
3355 3107 3449 3144 cu-

1919 3183 2176 3245 stodiunt,
2203 3182 2518 3249 gloriantur,
2558 3183 2607 3237 id
2636 3191 2737 3243 est,
2767 3185 2846 3234 vel
2875 3181 3210 3236 circumcisio
3251 3181 3446 3243 carnis,

1919 3269 2000 3321 vel
2033 3269 2414 3323 sacrificiorum
2455 3270 2608 3333 ritus,
2651 3271 2733 3324 vel
2757 3268 3062 3323 observatio
3107 3268 3446 3321 sabbatorum

1919 3369 1972 3412 et
2005 3360 2424 3417 neomeniarum.
2465 3361 2588 3415 Haec
2619 3370 2672 3414 et
2709 3359 3012 3428 huiusmodi
3037 3374 3166 3429 ergo
3200 3359 3449 3430 (95)sunt

1920 3461 2078 3514 opera
2109 3462 2172 3500 ex
2195 3448 2387 3514 quibus
2407 3449 2535 3503 dicit
2553 3451 2814 3504 neminem
2837 3449 3068 3515 potuisse
3083 3449 3298 3509 salvari,
3315 3448 3452 3501 etde

1921 3537 2110 3602 quibus
2134 3537 2184 3589 in
2203 3538 2442 3604 praesenti
2461 3537 2575 3592 loco
2595 3538 2882 3606 dicit,quia
2900 3555 2917 3586 ι
2946 3551 3049 3590 nou
3071 3551 3135 3588 ex
3160 3535 3446 3602 operibus:

1922 3625 2154 3693 alioquin
2187 3627 2520 3694 gratia,jam
2554 3642 2659 3680 non
2693 3627 2750 3678 Iit
2793 3625 2988 3694 gratia.
3027 3643 3046 3675 ο
3091 3623 3146 3678 Si
3177 3625 3319 3678 enim
3353 3638 3450 3692 per
3485 3660 3490 3661 ν

1923 3711 2032 3767 haec
2060 3715 2181 3782 quis
2200 3715 2544 3782 justificatur,
2570 3730 2672 3766 non
2695 3712 2860 3781 gratis
2879 3711 3222 3778 justifieatur.
3239 3709 3336 3775 Qui
3355 3726 3448 3762 au—

1923 3819 2031 3863 tem
2053 3821 2152 3874 per
2182 3805 2407 3873 gratiam
2435 3802 2782 3870 justiﬁcatur,
2815 3802 2913 3852 ista
2951 3800 3161 3866 quidem
3193 3813 3352 3866 opera
3383 3799 3450 3850 ab

1921 3913 1984 3952 eo
2010 3894 2225 3948 minime
2245 3902 2582 3960 quaeruntur;
2623 3892 2713 3944 sed
2738 3889 3024 3942 observare
3064 3888 3220 3940 debet
3259 3901 3325 3940 ne
3360 3903 3450 3940 ac-

1923 3999 2070 4056 cepta
2110 3987 2275 4056 gratia
2306 3983 2478 4036 inanis
2511 3981 2603 4034 fiat
2630 3982 2680 4033 in
2708 3995 2794 4041 eo,
2818 3981 2956 4032 sicut
2977 3987 3029 4030 et
3056 3977 3252 4030 Paulus
3275 3977 3441 4034 dicit.

1923 4076 2077 4145 631
2109 4073 2229 4140 quia
2265 4089 2282 4120 t
2317 4069 2483 4138 gratia
2530 4067 2644 4131 eius
2679 4067 2728 4118 in
2755 4079 2836 4117 me
2859 4064 3036 4116 inanis
3061 4077 3162 4115 non
3207 4060 3328 4123 fuit,
3359 4059 3450 4114 sed

1924 4164 2148 4230 amplius
2164 4176 2320 4228 quam
2339 4173 2521 4212 omnes
2538 4156 2608 4209 illi
2629 4155 2860 4208 laboravi
2877 4154 2944 4207 ".
2971 4173 2990 4205 ι
3022 4154 3085 4206 Ει
3107 4155 3292 4204 iterum
3308 4150 3455 4204 addit

1926 4263 2174 4319 tanquam
2197 4265 2399 4302 memor
2427 4248 2648 4316 gratiae:
2685 4265 2702 4296 ι
2728 4245 2836 4298 Non
2865 4261 2983 4312 ego,
3009 4263 3026 4296 ι
3079 4243 3270 4310 inquit,
3313 4259 3332 4292 ε
3357 4243 3450 4296 sed

253 4362 472 4402 omnes
505 4344 726 4413 quidem
757 4343 844 4409 qui
887 4341 950 4392 ad
997 4339 1153 4392 fidem
1200 4341 1422 4392 veniunt
1465 4341 1661 4394 Christi
1689 4379 1703 4402 ,
1733 4355 1826 4406 per
1861 4365 1900 4417 ι)
1929 4344 2097 4412 gratia
2130 4341 2219 4394 Dei
2245 4355 2504 4392 mecum.»
2535 4337 2650 4390 Non
2685 4337 2812 4388 facit
2834 4351 2962 4402 ergo
2985 4335 3192 4386 inanem
3223 4334 3454 4400 gratiam

253 4437 515 4506 gratiam
544 4432 771 4484 veniunt
798 4446 812 4480 :
845 4429 933 4496 qui
971 4444 1096 4480 vero
1141 4428 1334 4480 donum
1365 4430 1548 4495 gratim
1572 4431 1819 4496 operibus

256 4525 503 4579 virtutis
529 4529 586 4574 et
611 4520 843 4587 puritate
872 4517 1048 4568 cordis
1078 4527 1295 4569 exornat
1324 4557 1338 4576 ,
1382 4519 1480 4571 iste
1525 4535 1626 4569 non
1652 4518 1817 4570 solum

337 4637 389 4668 ει
421 4635 560 4688 an.
594 4645 635 4692 ι,
666 4628 751 4680 17.
845 4628 888 4658 ⁸³
923 4626 1104 4677 Matth.
1140 4641 1215 4688 ιι,
1256 4628 1352 4689 14,
1390 4629 1472 4680 15.

260 4709 355 4761 16.
447 4703 495 4733 ⁸⁷
528 4699 666 4752 Gen.
700 4712 753 4755 ti,
790 4698 842 4748 2.
917 4696 960 4725 ³⁸
987 4693 1170 4745 Matth.
1198 4711 1272 4758 xi,
1303 4695 1492 4754 28,29.

340 4785 684 4862 (86)_Edili_,
723 4803 741 4834 ι
762 4786 906 4862 _quia
949 4784 1008 4862 in.
1033 4784 1311 4862 spiritu..."
1347 4795 1404 4836 ut
1433 4802 1534 4862 non
1565 4803 1655 4840 eos
1683 4787 1826 4862 ilice-

261 4851 361 4916 ret
413 4851 564 4911 filios
611 4855 932 4905 Abrahw....
979 4854 1043 4905 de
1087 4851 1346 4918 lapidibus
1395 4856 1652 4908 suscitare
1693 4855 1830 4907 ﬁlios

260 4929 591 4984 Abraham.
629 4940 648 4970 ›
1177 4939 1181 4944 “

347 4995 480 5068 (87)
515 4987 1031 5068 Εςιίιίηρδρριίιιιυε
1063 5005 1332 5043 numerus.
1374 5008 1391 5039 ι
1433 4991 1646 5052 Deinde,
1676 5008 1694 5040 ς
1739 4989 1835 5042 Se-

261 5058 635 5139 ριίξῃίιίεεξξιη
665 5058 770 5119 die.
815 5076 833 5107 ι
871 5068 972 5110 etc.

346 5131 478 5203 (88)
510 5128 621 5203 ‘Sic
655 5141 840 5203 omnes
863 5142 988 5179 mss.
1018 5125 1205 5178 nostri.
1249 5125 1384 5178 Editi
1421 5140 1543 5178 vero
1572 5134 1626 5178 et
1655 5123 1835 5178 Raba-

264 5196 412 5259 nus,
452 5196 473 5247 ὰ
510 5196 768 5248 inveniet.
802 5212 820 5243 ι

349 5264 604 5339 (89)“5ἰ(ξ
629 5271 771 5314 recte
814 5259 1512 5339 tuiss.__plcriqtte..Rabanus
1535 5276 1684 5339 vero,
1721 5278 1833 5339 inSt

265 5330 431 5394 unus
458 5330 674 5394 Regius
699 5345 847 5380 num.
885 5330 1008 5380 Ili/tl
1050 5341 1099 5380 et
1133 5331 1283 5388 editi,
1315 5348 1331 5378 ‹
1373 5330 1480 5380 ba-c
1518 5330 1646 5380 Inibi
1687 5332 1834 5382 vide-

266 5419 368 5462 tur
403 5399 685 5467 superflua
719 5411 836 5448 esse
859 5396 1134 5467 electionis
1164 5397 1410 5467 adiectio,
1454 5414 1470 5445 ι
1508 5408 1610 5448 ett.
1635 5396 1836 5451 Deinde

262 5491 383 5530 ms.
427 5464 641 5535 Regius
667 5480 813 5518 num.
851 5464 1005 5528 I659,
1043 5482 1060 5512 ι
1087 5473 1140 5515 et
1165 5465 1277 5516 sine
1304 5465 1560 5517 electione
1587 5480 1702 5518 esse
1722 5470 1830 5520 ele-

262 5552 668 5680 ωιῖθῐδῖὶὶξοῖο
697 5612 794 5652 nis.
820 5597 1016 5666 Regius
1042 5614 1182 5652 num.
1213 5599 1362 5662 I659,
1391 5617 1408 5648 ι
1434 5601 1772 5667 perfectioris.
1800 5621 1822 5653 ι

1563 4629 1608 4660 ⁸³
1642 4628 1822 4679 Matth.
1861 4629 1994 4693 tu,7,
2021 4627 2072 4680 9.

1565 4697 1610 4726 ⁸³
1635 4694 1674 4747 II
1696 4695 1816 4748 Cor.
1854 4712 1927 4761 ιι,
1962 4697 2047 4758 17,
2076 4694 2161 4747 18.
2232 4693 2277 4725 ’⁸
2306 4695 2428 4746 ibid.
2457 4693 2545 4745 22.

1929 4431 2016 4484 ille
2040 4430 2127 4497 qtti
2161 4430 2318 4497 digna
2343 4428 2390 4479 ei
2424 4441 2583 4493 opera
2618 4424 2910 4492 subiungit,
2938 4435 2988 4475 et
3015 4422 3198 4490 gratia:
3232 4422 3321 4474 Dei
3349 4436 3462 4473 nou,

1923 4515 2134 4570 exsistit
2169 4516 2427 4584 ingratus.
2471 4513 2567 4578 Qui
2612 4512 2753 4564 enim
2805 4520 2922 4578 post
2957 4519 3292 4563 consecutam
3335 4523 3452 4577 gra-

2165 4626 2209 4656 ⁸⁸
2237 4624 2385 4677 Joan.
2422 4641 2537 4687 xui,
2563 4625 2646 4678 18.
2737 4624 2779 4653 ⁸⁸
2810 4620 2962 4674 Joan.
2992 4637 3044 4682 κ.
3078 4622 3163 4674 27.
3255 4620 3300 4650 ⁸⁸
3326 4618 3450 4670 ibid.

2621 4693 2661 4723 ⁶¹
2705 4691 2721 4742 I
2761 4690 2880 4744 Cor.
2908 4705 2996 4752 xv,
3030 4691 3110 4742 10.

1930 4787 2114 4840 Caeteri
2155 4801 2281 4838 vero
2328 4800 2455 4838 mss.
2502 4785 2750 4838 Rabanus
2797 4793 2850 4836 et
2907 4783 3076 4844 editi,
3130 4793 3406 4847 perperam
3434 4813 3451 4838 ,

1939 4874 1957 4905 ‹
1991 4855 2346 4923 perfectiores.
2385 4873 2402 4904 ι

2005 4924 2111 4991 (91)
2147 4922 2306 4985 Editi,
2344 4939 2361 4969 ι
2409 4929 2462 4974 et
2503 4921 2601 4974 hoc
2641 4919 2879 4984 accipere
2918 4929 3232 4984 possumus,
3273 4932 3290 4963 ι
3323 4921 3452 4979 etc.,

1937 4993 2132 5044 omisso
2163 5009 2179 5038 ε
2225 4991 2316 5040 ita.
2349 5007 2366 5039 ›

2010 5059 2116 5128 (92)
2143 5059 2277 5110 Editi
2302 5075 2370 5128 ,_t
2404 5063 2684 5128 exornant,
2717 5053 2815 5128 isti_
2837 5067 2940 5128 non
2974 5048 3457 5128 solttm.:._salvari

1943 5118 2205 5179 dimittitur.
2258 5143 2275 5173 ι
2332 5125 2525 5176 Deinde
2585 5138 2710 5174 mss.
2769 5121 3002 5187 plerique
3052 5129 3103 5169 et
3167 5118 3457 5187 Rabauus,

1950 5214 1968 5245 ς
2005 5197 2120 5247 vide
2149 5213 2165 5244 ›
2214 5193 2334 5256 (ms.
2369 5192 2560 5256 Regius
2605 5206 2746 5244 ututi.
2770 5182 2929 5240 ’1659
2953 5198 3005 5240 et
3037 5187 3200 5249 editi,
3233 5205 3254 5236 ι
3292 5182 3458 5255 videt)

1947 5264 2200 5330 quomodo
2218 5259 2517 5330 _l_iujusmodi
2541 5257 2994 5330 distinctionibus,
3029 5273 3046 5304 ι
3077 5263 3184 5330 etc.

2018 5331 2123 5399 (95)
2162 5347 2178 5378 t
2218 5319 2351 5395 Ergo
2400 5325 2726 5399 nornittitur
2772 5324 2822 5399 i_n
2871 5324 3044 5399 editis.
3077 5321 3271 5399 Deinde
3299 5319 3462 5399 iidem

1948 5387 2072 5452 editi
2105 5387 2152 5449 bl
2182 5387 2314 5446 mss:
2336 5395 2562 5461 quidam,
2613 5411 2629 5461 ς
2680 5401 2730 5442 et
2765 5391 2830 5442 de
2858 5389 3046 5461 quibus
3065 5387 3150 5461 Ai_n_
3184 5390 3318 5461 ipsq_
3343 5387 3467 5461 loco

1945 5468 2094 5527 dicit,
2133 5484 2149 5515 ι
2183 5473 2306 5523 etc.,
2354 5453 2443 5514 Sed
2483 5478 2581 5512 ms.
2618 5460 2808 5524 Regius
2839 5453 2981 5514 num.
3024 5455 3158 5511 I659
3200 5453 3254 5511 et
3281 5453 3461 5511 Babae

1948 5552 2071 5598 tius,
2100 5534 2310 5593 rectius,
2341 5541 2394 5583 ut
2427 5531 2475 5582 in
2506 5538 2684 5582 nostro
2709 5535 2878 5581 textu.
