3894 6278
321 291 456 347 “79

1729 275 2041 335 ORIGENIS

3512 250 3655 308 H80

318 418 443 458 nam
490 410 694 472 peccat,
722 398 961 466 ingratus
992 397 1049 450 lit
1077 396 1124 450 ei
1166 384 1264 464 qui
1325 396 1572 464 praestitit
1598 399 1839 466 gratiam.
1870 406 1917 460 Α
1943 393 2113 463 pturis
2138 391 2353 457 divinis,
2386 389 2434 443 si
2475 383 2771 442 invenerit
2812 378 3238 472 manifestet._
3262 372 3426 428 Puto
3467 380 3654 426 tamen

316 495 372 547 Si
405 501 578 545 autem
613 503 717 542 non
750 490 961 540 inanem
1001 486 1196 540 feceris
1224 488 1487 554 gratiam,
1519 487 1835 555 multiplica-

313 583 458 635 bitur
485 579 576 632 tibi
602 578 795 647 gratia,
822 586 876 630 et
913 587 1162 643 tanquam
1188 577 1484 629 mercedem
1516 577 1636 629 boni
1662 578 1836 645 operis

313 672 601 739 gratiarum
637 666 1023 731 nntltitudinem
1055 666 1420 732 consequeris,
1452 666 1594 719 sicut
1640 678 1695 718 et
1725 668 1836 734 ipse

312 759 516 821 scribit,
557 768 610 811 et
645 757 835 811 Petrus
885 758 935 808 in
992 756 1225 823 Epistola
1270 771 1364 808 sua
1399 757 1527 809 dicit
1559 777 1570 810 :
1609 772 1627 806 ι
1655 755 1834 808 Gratia

312 850 461 901 vobis
500 857 553 899 et
608 860 708 913 pax
765 844 1150 909 multiplicetur
1198 844 1306 914 (94)
1372 845 1422 897 in
1476 844 1837 912 recognitione

314 940 402 991 Dei
434 938 505 1000 ";
543 955 562 987 ι
593 946 647 989 ει
688 935 876 988 iterum
908 933 1035 985 alibi
1068 950 1082 986 :
1115 951 1133 984 ι
1168 932 1237 986 Ut
1275 934 1400 987 boni
1447 934 1836 1003 dispensatores

312 1024 619 1091 multiplicis
657 1022 842 1091 gratiae
876 1020 966 1073 Dei
988 1019 1054 1072 ”.
1076 1038 1093 1070 ι

379 1117 430 1168 8.
469 1113 642 1179 ιριήά
690 1127 815 1181 ergo
849 1112 971 1165 est?
1014 1111 1164 1176 Quod
1210 1111 1486 1179 qumrebat
1514 1110 1704 1176 lsrael,
1737 1111 1856 1164 hoc

312 1220 415 1258 non
446 1213 526 1257 est
565 1211 878 1256 consecutus
909 1218 923 1255 :
962 1200 1153 1254 electio
1196 1211 1373 1255 autem
1403 1211 1685 1255 consecuta
1712 1211 1834 1254 est:

309 1295 489 1348 cancri
516 1310 638 1347 vero
664 1293 912 1347 excaacati
946 1300 1096 1356 sunt;
1129 1292 1268 1346 sicut
1296 1293 1548 1360 scriptum
1579 1301 1663 1345 est
1692 1309 1705 1345 :
1737 1291 1837 1345 De—

310 1385 390 1437 dit
427 1384 533 1436 illis
564 1384 702 1436 Deus
743 1383 988 1450 spiritum
1032 1382 1454 1448 compunctionis
1482 1381 1624 1450 (95);
1656 1382 1836 1435 oculos

311 1487 496 1527 utnon
531 1475 759 1536 videant,
785 1481 839 1527 et
880 1487 1033 1525 aures
1079 1482 1135 1524 ut
1168 1488 1272 1525 non
1321 1472 1561 1536 audiant,
1587 1487 1750 1540 usque
1782 1473 1834 1525 in

311 1566 619 1618 hodiernum
646 1564 801 1616 diem.
826 1562 888 1614 Et
915 1562 1077 1614 David
1109 1563 1237 1615 dicit
1260 1579 1272 1614 :
1307 1561 1427 1615 Fiat
1452 1577 1631 1615 mensa
1655 1578 1835 1615 eorum

310 1652 363 1705 in
400 1652 662 1718 laqueum,
693 1662 745 1703 et
775 1652 825 1702 in
857 1652 1178 1717 captionem,
1218 1660 1269 1702 et
1300 1651 1352 1702 in
1401 1651 1735 1717 scandalum,
1784 1662 1838 1704 et

1941 485 2044 538 hoc
2071 482 2225 536 modo
2259 481 2464 535 dixisse
2492 475 2842 546 Apostolum
2880 490 2897 526 :
2940 489 2964 520 ‹
2997 465 3243 523 Caeteri
3291 479 3446 518 vero
3474 479 3658 517 excae-

1941 573 2047 627 cati
2077 579 2232 634 sunt;
2272 580 2328 623 et
2355 570 2500 623 sicut
2529 565 2819 634 scriptum
2858 568 2960 614 est
2989 559 3068 612 de
3118 555 3223 610 eis
3261 569 3280 608 :
3326 554 3510 607 Dedit
3550 553 3659 605 illis

1942 662 2083 715 Deus
2114 660 2359 726 spiritum
2405 652 2924 723 contpunctionis;
2963 667 2987 700 ι
3033 657 3111 700 ιιι
3162 645 3303 699 suis
3343 644 3546 697 verbis
3581 643 3665 695 di-

1940 765 2065 805 cere
2088 750 2333 803 videatur
2371 747 2596 800 dedisse
2637 743 2727 798 eis
2786 742 2987 795 Deum
3024 737 3122 807 (2)
3165 735 3471 804 spiritum
3509 737 3664 786 cem-

1940 839 2264 907 punctiouis.
2294 835 2597 890 secundum
2625 848 2693 888 ea
2724 846 2861 900 quae
2888 831 2968 883 de
2996 827 3306 882 caecitate
3330 822 3666 888 oculorum,

1942 940 1994 983 et
2028 930 2209 982 auditu
2241 929 2453 980 aurium
2477 941 2581 994 per
2612 923 2826 978 Isaiam
2862 922 3038 975 dicta
3066 924 3256 973 sunt.
3292 915 3491 970 Isaias
3516 916 3666 968 enim

1940 1019 2013 1071 ita
2046 1018 2216 1071 dicit:
2252 1034 2271 1066 ί
2304 1017 2477 1080 Vade,
2521 1022 2579 1068 et
2611 1014 2705 1069 die
2756 1011 2991 1081 populo
3031 1010 3199 1063 huic
3237 1025 3253 1060 :
3295 1006 3530 1060 Audito
3571 1019 3671 1058 au-

1942 1109 2121 1169 dietis,
2154 1117 2208 1160 et
2236 1122 2340 1159 non
2386 1104 2711 1173 intelligetis
2742 1116 2759 1155 :
2793 1112 2857 1156 et
2893 1101 3208 1163 videntes
3269 1098 3587 1159 videbitis.
3609 1107 3668 1150 et

1941 1212 2046 1249 non
2073 1196 2343 1249 videbitis.
2375 1196 2757 1247 lncrassatum
2798 1200 2899 1245 est.
2926 1190 3113 1244 enim
3152 1204 3280 1243 cor
3312 1187 3519 1257 populi
3563 1188 3669 1241 Im-

1935 1286 2043 1352 jus,
2075 1294 2129 1337 et
2157 1283 2379 1337 auribus
2427 1283 2545 1336 suis
2587 1281 2856 1350 graviter
2919 1280 3295 1332 audierunt
3327 1295 3343 1328 :
3388 1286 3454 1330 et
3478 1276 3670 1331 oculos

1941 1388 2065 1426 suos
2100 1373 2432 1433 clauserunt,
2460 1386 2529 1425 ne
2557 1372 2707 1424 forte
2735 1370 3001 1424 videant
3043 1368 3296 1433 oculis,
3341 1376 3409 1421 et.
3437 1367 3673 1421 auribus

1941 1464 2181 1525 audiant,
2231 1472 2286 1514 et
2319 1464 2490 1515 corde
2546 1460 2909 1528 intelligant,
2974 1468 3047 1512 et
3100 1468 3591 1523 convertantur,
3620 1468 3675 1512 et

1942 1568 2124 1606 sanem
2155 1566 2249 1605 eos
2277 1552 2348 1604 ".
2374 1570 2393 1602 ι
2428 1552 2582 1604 Νυιιε
2612 1565 2752 1619 ergo
2791 1548 2882 1619 (3)
2910 1563 3201 1603 sensum
3238 1549 3422 1603 Isaiae
3453 1548 3676 1603 videtur

1941 1642 2231 1710 Apostolus
2262 1642 2378 1694 suis
2417 1640 2646 1709 quidem
2678 1642 3098 1694 sermonibus
3160 1641 3552 1708 protulisse;
3578 1643 3674 1694 sed

312 1741 364 1792 in
398 1741 795 1791 retributionem
828 1737 950 1790 illis.
984 1736 1348 1790 Obscurentur
1379 1737 1517 1791 oculi
1556 1753 1736 1790 eorum
1769 1753 1833 1791 ne
1866 1734 1907 1787 Β
1935 1733 2057 1801 quia
2102 1732 2379 1800 prophetae
2417 1745 2646 1783 sensum
2690 1731 2972 1795 dicebat,
3014 1731 3372 1785 addidisse
3408 1749 3426 1784 :
3459 1749 3483 1783 ι
3516 1730 3673 1786 Sicut

309 1830 547 1890 videant,
598 1837 650 1881 et
687 1829 900 1880 dorsum
937 1826 1147 1879 illorum
1194 1841 1405 1894 semper
1458 1827 1674 1880 incurva
1709 1826 1776 1879 “.
1814 1846 1833 1879 ι

311 1919 370 1972 1η
404 1919 487 1971 his
508 1919 784 1984 Apostolus
807 1917 966 1969 Israel
993 1916 1045 1969 in
1080 1917 1211 1970 duas
1238 1916 1425 1969 dividit
1455 1926 1631 1984 partes
1665 1934 1679 1971 :
1707 1932 1840 1985 qna-

313 2020 429 2057 rum
491 2020 647 2057 unam
697 2005 1007 2057 electionem
1053 2012 1230 2067 vocat,
1266 2018 1383 2071 qua:
1435 2014 1719 2058 consecuta
1769 2006 1840 2059 sit

308 2092 450 2161 quod
478 2094 784 2160 quaerebat;
816 2093 972 2144 aliam
990 2102 1220 2145 caeteros
1245 2093 1470 2160 appellat
1493 2094 1580 2161 qui
1616 2109 1718 2147 non
1746 2109 1834 2147 so-

313 2184 417 2235 lum
439 2183 712 2237 consecuti
744 2196 847 2235 non
875 2190 997 2235 sunt
1024 2183 1162 2250 quod
1190 2183 1516 2249 quaerebant,
1545 2183 1638 2236 sed
1667 2198 1835 2236 excas-

311 2270 416 2322 cati
475 2278 599 2323 sunt
657 2270 847 2338 spiritu
913 2271 1356 2337 conipunctionis.
1421 2271 1625 2336 Quibus
1678 2272 1839 2325 etiam

313 2362 475 2413 Deum
506 2360 711 2413 dedisse
734 2360 865 2412 dicit
896 2378 915 2410 ι
943 2360 1145 2426 oculos,
1178 2370 1236 2414 ut
1266 2376 1370 2414 non
1400 2362 1635 2425 videant,
1673 2372 1726 2414 et
1747 2377 1841 2414 an.

310 2465 397 2502 res
440 2458 498 2501 ut
536 2465 634 2500 non
666 2449 919 2511 audiant,
952 2464 1121 2517 usque
1163 2451 1212 2502 in
1259 2451 1568 2505 hodiernum
1619 2451 1781 2514 diem,
1816 2471 1835 2503 ι

309 2536 414 2591 hoc
459 2544 564 2599 est,
609 2552 776 2603 usque
825 2538 890 2590 ad
939 2540 1450 2594 consummationem
1500 2542 1702 2594 saeculi.
1737 2540 1841 2595 Sed

310 2627 532 2693 qumstio
557 2626 707 2679 nobis
737 2637 975 2680 movetur
1006 2631 1275 2695 quomodo
1303 2630 1368 2683 de
1392 2629 1530 2683 bono
1558 2632 1664 2685 Deo
1685 2633 1842 2697 digne

312 2717 508 2768 dictum
527 2714 764 2767 videatur
785 2715 892 2786 (96)
909 2718 1047 2785 quod
1061 2720 1170 2786 ipse
1187 2719 1388 2771 dederit
1433 2719 1614 2772 oculos
1632 2720 1842 2774 residuo

311 2803 468 2857 Israel
490 2804 681 2871 quibus
702 2819 802 2857 non
828 2806 1023 2868 videat,
1048 2816 1101 2858 et
1123 2820 1277 2859 aures
1297 2806 1491 2874 quibus
1515 2821 1614 2858 non
1639 2808 1841 2860 audiat.

306 2895 377 2948 ιιὶι
399 2896 518 2949 vide
550 2908 615 2948 ne
633 2893 770 2948 forte
801 2894 916 2947 haec
949 2896 1115 2963 magis
1145 2895 1428 2949 retributio
1457 2897 1527 2948 sit
1561 2904 1615 2948 et
1640 2911 1841 2949 merces

313 2984 721 3048 incredulitatis,
734 2983 1020 3036 secundum
1034 2999 1092 3036 ea
1108 2998 1225 3052 quae
1240 2985 1288 3036 in
1306 2985 1665 3052 superioribus
1681 3001 1741 3038 ex
1751 3001 1841 3053 po-

309 3075 532 3137 suimus,
547 3076 631 3126 ubi
649 3073 987 3143 dicitur(97),
1005 3075 1126 3141 quia
1146 3090 1164 3124 t
1186 3090 1289 3127 non
1306 3074 1659 3143 probaverunt
1676 3076 1840 3129 Deum

313 3165 507 3215 habere
535 3162 586 3214 in
633 3163 895 3228 notitiam,
929 3162 1148 3215 tradidit
1186 3160 1278 3216 eos
1308 3162 1446 3215 Deus
1475 3164 1525 3215 in
1561 3165 1840 3231 reprobunt

310 3266 522 3305 sensum
546 3252 613 3304 ".
638 3270 657 3304 ι
684 3252 751 3306 Εῑ
777 3253 862 3305 Ιιίε
883 3252 1024 3305 enim
1042 3252 1225 3305 oculos
1243 3262 1297 3306 et
1323 3268 1481 3307 aures
1510 3256 1706 3317 cordis,
1740 3269 1842 3306 non

315 3341 556 3406 corporis
602 3341 748 3404 dicit,
791 3342 986 3409 quibus
1024 3341 1275 3394 excaecati
1309 3353 1432 3395 sunt
1483 3343 1588 3412 (98)
1639 3352 1693 3396 et
1738 3359 1840 3396 non

310 3429 533 3481 audiunt
560 3430 611 3482 hi
639 3432 817 3499 utique
840 3432 930 3498 qui
952 3433 1220 3485 Christum
1246 3433 1484 3485 videntes
1517 3435 1567 3485 in
1593 3446 1839 3502 corpore,

312 3527 365 3570 et
406 3518 675 3573 audientes
724 3521 1015 3573 doctrinam
1058 3519 1173 3586 ejus
1217 3519 1351 3588 (99),
1399 3535 1570 3589 neque
1620 3524 1842 3577 credere

309 3607 558 3676 operibus
581 3622 697 3676 quae
721 3610 1180 3678 videbant,neque
1200 3611 1361 3662 verbo
1385 3612 1523 3677 quod
1556 3610 1840 3666 audiebant

309 3697 529 3751 obedire
577 3698 878 3753 voluerunt.
919 3699 1110 3754 Verum
1161 3702 1227 3751 de
1256 3700 1357 3752 hac
1390 3700 1501 3766 ipsa
1545 3702 1840 3766 quaestione

311 3786 636 3843 sufﬁcienter
662 3805 691 3843 a
725 3791 878 3844 nobis
915 3792 967 3844 in
997 3791 1182 3860 primis
1213 3792 1368 3859 hujus
1396 3791 1643 3859 Epistulae
1669 3791 1838 3859 parti-

308 3874 409 3927 bus
455 3874 651 3929 dictum
696 3883 798 3931 est.
849 3876 948 3930 Ubi
1002 3885 1177 3930 tamen
1216 3875 1291 3946 (1)
1338 3878 1590 3944 scriptum
1636 3876 1705 3928 sit
1739 3875 1839 3929 hoc

309 3962 481 4029 ipsum
511 3963 651 4031 quod
677 3963 805 4017 dicit
832 3963 1118 4033 Apostolus
1147 3980 1160 4016 :
1200 3982 1219 4015 ι
1247 3963 1398 4017 Sicut
1431 3964 1683 4030 scriptum
1709 3973 1791 4016 est
1817 3980 1832 4015 :

309 4051 463 4106 Dedit
488 4052 593 4107 illis
619 4054 756 4107 Deus
784 4055 1026 4122 spiritum
1076 4054 1518 4122 compunctiouis,
1548 4052 1729 4105 oculos
1778 4061 1835 4105 ut

312 4157 417 4195 non
449 4142 684 4208 videant,
706 4153 760 4196 et
787 4158 943 4197 aures
975 4153 1031 4196 ut
1054 4158 1156 4197 non
1184 4144 1424 4205 audiant,
1462 4156 1627 4208 usque
1656 4141 1709 4194 in
1739 4142 1836 4196 ho-

310 4232 553 4283 diernum
587 4231 760 4290 diem;
788 4250 807 4282 ι
840 4245 937 4300 ego
963 4231 1218 4284 hactenus
1261 4230 1500 4284 invenire
1533 4245 1636 4283 non
1663 4232 1830 4298 pomi.

1935 1824 2200 1888 scriptum
2230 1831 2336 1874 est.
2371 1839 2390 1872 ι
2431 1820 2712 1874 Similiter
2739 1831 2958 1875 autem
3000 1830 3073 1875 et.
3110 1823 3202 1876 de
3239 1822 3345 1877 his
3381 1822 3531 1877 facit
3554 1837 3675 1891 qua

1936 1928 2031 1981 per
2065 1912 2226 1965 David
2257 1912 2401 1965 dicta
2425 1926 2552 1965 esse
2581 1913 2972 1979 pronuntiat.
3014 1913 3131 1965 Ait.
3160 1914 3346 1968 enim
3382 1912 3472 1983 (4)
3505 1931 3521 1966 :
3561 1932 3579 1964 ι
3607 1912 3674 1967 Et

1938 2004 2101 2056 David
2139 2003 2272 2056 dicit
2303 2017 2317 2053 .'
2351 2002 2474 2056 Fiat
2521 2018 2718 2056 mensa
2759 2018 2995 2056 eorum
3044 2005 3115 2057 in
3159 2005 3498 2075 laqueum,
3538 2007 3673 2060 etin

1936 2095 2257 2161 captionem,
2295 2102 2349 2146 et
2407 2098 2463 2146 in
2505 2093 2881 2158 scandalum,
2942 2106 3016 2150 et.
3069 2096 3140 2149 in
3205 2097 3673 2150 retributionem

1938 2184 2063 2237 illis.
2088 2182 2469 2236 Obscurentur
2500 2182 2649 2235 oculi
2680 2196 2909 2237 eorum
2961 2201 3054 2239 ne
3104 2187 3419 2251 videant,
3460 2197 3520 2241 et
3555 2189 3678 2240 dor-

1937 2284 2051 2321 sum
2085 2269 2295 2321 illorum
2347 2282 2566 2336 semper
2612 2270 2892 2325 incurva.
2935 2291 2960 2324 ι
3031 2273 3238 2338 Quod
3279 2279 3454 2329 enim
3496 2275 3675 2328 dicit:

1942 2376 1961 2408 ι
1991 2358 2109 2412 Fiat
2133 2374 2318 2411 mensa
2354 2373 2547 2412 eorum
2599 2359 2656 2413 in
2704 2361 3049 2429 laqueum,
3091 2375 3165 2420 et
3214 2367 3285 2419 in
3321 2368 3678 2437 captionem,

1937 2458 1989 2501 et
2021 2449 2071 2500 in
2104 2448 2452 2511 scandalum;
2496 2468 2515 2500 ι
2552 2450 2612 2501 in
2656 2452 3020 2518 captionem
3080 2455 3151 2508 in
3202 2456 3466 2511 Psalmo
3492 2460 3541 2490 ’τ
3576 2475 3681 2512 non

1938 2535 2165 2588 habetur
2189 2535 2473 2603 scriptum,
2500 2551 2686 2605 neque
2726 2539 2789 2591 in
2827 2543 3095 2597 nostris
3139 2545 3567 2615 Septuaginta
3590 2546 3676 2600 ln-

1940 2631 2226 2690 terpretum
2258 2624 2700 2692 exemplaribus,
2735 2642 2978 2697 neque.
3010 2633 3089 2686 in
3126 2635 3575 2692 Heln-morum.
3616 2638 3679 2692 Et

1940 2730 2146 2768 rursum
2177 2714 2229 2766 in
2279 2713 2499 2767 Psalmo
2555 2716 2812 2770 habetur
2854 2736 2873 2773 :
2928 2739 2952 2772 ι
2989 2721 3150 2778 Fiat.
3209 2744 3442 2783 mensa
3489 2746 3676 2784 eorum

1938 2820 2121 2859 coram
2154 2805 2283 2873 ipsis
2312 2806 2362 2857 in
2388 2805 2649 2872 laqueum
2683 2824 2701 2863 :
2727 2826 2748 2859 ι
2780 2809 3159 2878 Apostolus
3187 2831 3414 2875 autem
3442 2837 3557 2877 non
3585 2838 3679 2891 po-

1943 3076 1997 3119 ut
2025 3069 2376 3129 ostendamus
2400 3083 2498 3135 per
2531 3071 2792 3140 singula,
2816 3083 2999 3146 quod
3045 3090 3428 3143 auctoritas
3456 3106 3679 3160 aposto-

1942 3157 2041 3247 lica
2094 3173 2431 3226 nequaquam
2475 3159 2858 3221 Hebraeorum
2939 3179 3455 3247 exemplaribus
3499 3157 3676 3237 itidem

1942 3246 2089 3340 iacit,
2119 3260 2220 3299 nec
2250 3247 2431 3301 verbis
2459 3264 2688 3319 semper
2716 3246 3169 3326 interpretum
3206 3271 3418 3324 servit
3444 3271 3555 3340 (ὅ),
3588 3272 3681 3327 sed

1942 3335 2344 3401 Scripturarum
2379 3351 2609 3393 sensum
2646 3344 2853 3401 verbis
2913 3354 3176 3418 quibus
3233 3335 3549 3428 competit
3584 3379 3679 3416 ex-

1940 3424 2123 3518 plicat.
2157 3424 2310 3480 Nunc
2338 3440 2472 3497 ergo
2494 3431 2797 3489 videamus
2828 3446 3191 3504 quomodo
3225 3424 3547 3518 propositi
3585 3468 3681 3507 ca-

1940 3513 2091 3580 pituli
2140 3528 2334 3605 sensus
2358 3517 2562 3605 debeat
2600 3522 2953 3589 explanari.
3020 3513 3423 3592 Caecitate—nt
3473 3544 3677 3605 cordis,

1938 3616 2042 3668 qua
2077 3603 2315 3671 reliquus
2336 3604 2550 3697 Alsrael,
2589 3610 2696 3664 hoc
2730 3623 2854 3677 est,
2894 3622 3013 3686 qui
3072 3638 3215 3680 non
3265 3632 3566 3697 credidit,
3588 3603 3683 3687 ex;

1938 3701 2166 3793 cascatus
2184 3704 2294 3793 est,
2317 3695 2534 3793 duobus
2568 3702 2951 3769 propheticis
2992 3715 3422 3776 testimoniis
3454 3695 3679 3793 probat,

1936 3780 2020 3834 vel
2056 3782 2200 3849 quod
2232 3798 2298 3838 ex
2325 3785 2488 3886 Isaia,
2521 3790 2612 3843 vel
2640 3795 2798 3860 quod
2826 3811 2910 3851 ex
2965 3802 3190 3860 David
3221 3780 3486 3867 videtur

1936 3883 2305 3941 assumptum;
2337 3886 2394 3930 et
2417 3878 2475 3932 in
2511 3890 2760 3950 utroque
2794 3901 2973 3944 unus
3021 3878 3681 3962 quodammodovsevn—o

1932 4229 2201 4340 laqueum,
2225 4235 2357 4288 etin
2387 4239 2734 4310 captionem,
2758 4256 2824 4301 et
2860 4250 2924 4304 in
2959 4229 3608 4340 retributionem-,2;

309 4317 365 4371 Si
398 4319 517 4387 quis
554 4334 682 4372 vero
703 4319 1006 4388 diligentius
1035 4333 1196 4387 quam
1225 4332 1321 4372 nos
1356 4318 1583 4372 intendit
1611 4318 1661 4372 in
1689 4317 1835 4373 Scri-
1860 4354 1914 4413 Β
1936 4322 2281 4391 scandalum;
2308 4336 2362 4379 et
2399 4335 2461 4380 ut
2493 4329 2897 4394 obscurentur
2948 4350 3140 4406 oculi
3199 4317 3687 4420 ἰι-ί

375 4451 497 4520 ”_ll
532 4450 676 4520 Petri
704 4466 741 4512 I,
769 4450 824 4508 2.
894 4451 982 4503 "I
1013 4447 1152 4520 Pctr.
1178 4466 1248 4516 tv,
1270 4449 1352 4504 I0.
1427 4452 1472 4482 "
1497 4450 1649 4520 Rom.
1675 4467 1750 4512 χι.
1779 4452 1810 4503 7
1838 4467 1920 4520 sq.

305 4518 402 4592 25,.
423 4518 510 4572 24.
584 4502 627 4551 ⁵⁸
647 4502 911 4583 Bonum,
942 4502 1006 4583 8;
1037 4502 1159 4573 lsai.
1181 4502 1371 4584 fullio.

375 4649 481 4717 (9t)
511 4650 667 4711 Editi,
703 4667 723 4701 ι
751 4649 1250 4717 multiplicabimus

372 4718 482 4788 (95)
532 4718 686 4772 Dedit
737 4718 843 4771 illis
898 4721 1034 4772 Deus
1095 4723 1329 4787 spiritum
1384 4719 1813 4786 compunctiouis,

303 4794 430 4849 elc.,
462 4788 632 4856 usque
651 4789 738 4851 ad,
789 4798 846 4856 et
881 4788 1090 4841 dorsum
1131 4789 1334 4841 illorum
1367 4799 1563 4855 semper
1595 4789 1828 4854 incurva,

306 4854 678 4909 desiderantur
701 4857 751 4909 in
788 4854 938 4911 libris
968 4869 1122 4912 antea
1152 4858 1330 4921 editis,
1359 4857 1451 4911 sed
1475 4857 1828 4910 restituuntur

303 4936 367 4975 ex
391 4925 634 4978 omnibus
662 4939 788 4977 mss.

374 4992 483 5058 (96)
516 4992 587 5044 Ita
615 5008 716 5046 ms.
742 4992 937 5052 Regius
958 5008 1103 5047 num.
1136 4994 1290 5059 1659,
1325 4993 1572 5047 [labantis
1599 5001 1652 5045 et
1673 4992 1821 5059 editi,

303 5057 492 5131 Cancri
520 5073 644 5114 vero
676 5075 828 5131 mss.,
858 5084 876 5112 ι
901 5060 1011 5131 Sed,
1047 5057 1283 5131 quaestio
1303 5064 1455 5117 nobis
1499 5061 1707 5131 videtur
1735 5057 1825 5112 ex;

303 5126 721 5200 oriri_quo_modo
742 5126 819 5182 de
836 5132 981 5200 bono,
997 5126 1103 5200 Deo
1120 5134 1276 5200 digne
1299 5134 1492 5185 dictum
1522 5129 1785 5200 videatur,
1800 5149 1818 5179 ι

304 5201 408 5270 etc.
429 5194 524 5270 bis.
545 5196 737 5270 Regius
755 5212 900 5250 num.
927 5194 1263 5270 1639etediti
1289 5200 1543 5253 omittunt
1569 5197 1785 5270 (digne.
1800 5218 1817 5248 ι

308 5258 505 5335 Deinde
542 5258 754 5335 ediwti‘et
779 5280 906 5320 mss.
940 5268 1154 5334 quidam
1192 5270 1409 5333 habent,
1449 5285 1467 5317 ι
1497 5258 1695 5335 quibus
1719 5280 1823 5319 non

308 5327 582 5398 videant...
612 5331 798 5397 quibus
829 5349 931 5386 non
956 5327 1190 5390 audiant.
1217 5356 1235 5389 ι

376 5393 511 5474 (97)“
525 5393 741 5474 Dicitur.
775 5398 1047 5474 omittitur
1075 5404 1128 5456 in
1160 5406 1428 5474 plerisque
1458 5417 1588 5474 mss.
1618 5415 1821 5456 necnon

309 5457 445 5537 aliud
466 5457 838 5537 'Rabattuingt
860 5469 911 5521 in
944 5470 1128 5537 editis;
1160 5457 1262 5527 'se’d
1282 5457 1591 5528 restituitur
1612 5485 1675 5525 cx
1721 5487 1819 5527 ms.

308 5516 473 5584 κνεἱο
506 5542 649 5579 ιιιιιιι.

372 5589 481 5649 (98)
507 5591 663 5653 Editi,
693 5614 712 5646 ι
742 5606 863 5659 quia
891 5609 1137 5662 cxcmcati
1168 5619 1311 5663 sunt.
1338 5629 1356 5662 ι

1458 4520 1502 4551 ⁹⁹
1536 4519 1689 4574 ιὶοιιι.
1714 4536 1789 4585 xt,
1813 4519 1983 4590 9,10;
2014 4523 2155 4579 Psal.
2181 4519 2371 4595 vatit,
2406 4519 2499 4601 ‘25,
2536 4519 2633 4592 24.

2031 4456 2478 4572 ἔζιξῗ.⁰ἔ.¹ὲι3;.2⁵ἷίκ
2521 4467 2711 4572 ’33“-
2751 4476 2929 4545 νινθν
2968 4482 3081 4537 ιον
3182 4492 3243 4524 ’⁷
3283 4494 3458 4553 Psal-
3486 4520 3685 4572 mnu.

2007 4656 2309 4747 (φιλῇ-ξιτεδ.
2344 4663 2510 4747 Deest
2543 4668 2598 4721 in
2632 4672 2835 4732 editis.

2003 4726 2081 4863 (1)
2115 4727 2278 4795 Editi,
2315 4748 2335 4777 ‹
2361 4731 2458 4786 Ubi
2490 4750 2651 4792 vero.
2684 4760 2704 4792 ι

2028 4798 2056 4844 2
2111 4795 2303 4852 Deum.
2348 4799 2405 4853 In
2446 4805 2619 4862 editis
2669 4826 2703 4863 υ

2001 5068 2077 5138 (ὅ)
2111 5071 2203 5125 Sic
2244 5090 2377 5129 mss.
2417 5081 2685 5156 plerique
2724 5104 2784 5149 et

1930 5149 2210 5212 ms.__unys
2246 5142 2489 5212 Regius,
2530 5172 2550 5205 ι
2584 5159 2751 5212 IIunc

1958 5205 2078 5290 ,ω

1931 5282 2273 5360 ⁰Ἰ¹¹ξῐὲκ¹¹ιι¹ἓρᾼξ
2305 5282 2376 5338 Et
2414 5282 2610 5352 David
2637 5282 2849 5360 άίυῖἷῗ»
3104 5282 3128 5300 ’
3192 5282 3256 5306 ⁸’³
3270 5282 3367 5311 ³³’

1931 5343 2082 5486 ναξ)
2115 5345 2699 5486 Ξῑίὲιὶιέἑᾶξῗ.νῗιιιίε
2733 5391 2963 5449 semper
2988 5381 3515 5460 interpretatum
3553 5417 3684 5456 scr-

1999 5479 2082 5550 (6)
2117 5485 2284 5555 Editi,
2321 5512 2339 5544 «
2366 5479 2423 5550 et
2449 5479 2505 5557 in

1929 5517 2423 5626 sugt‘gxﬁgllﬁllb'tfil.
2449 5517 2505 5557 ιιι
2548 5517 2804 5586 utroque
2834 5522 3307 5591 quodammodo
3343 5536 3519 5595 idem
3545 5556 3686 5598 seu-
