3894 6258
325 295 471 354 11⁷31

1230 303 1576 359 COMMEN'I'.
1615 304 1680 357 IN
1720 302 1933 358 EPIST.
1970 304 2058 357 AD
2091 305 2253 359 ROM.
2295 298 2418 373 LII}.
2460 299 2595 358 Vill.

3337 310 3478 367 1182

321 418 516 470 deant.
575 416 638 469 Et
680 419 943 484 quomodo
984 419 1097 471 haec
1140 418 1293 487 digne
1315 420 1600 474 credantur
1647 419 1776 484 dici‘,
1804 430 1856 474 et
1883 426 1926 480 Α
1956 420 2084 484 lum,
2109 419 2238 472 etin
2272 414 2672 472 retributionem
2699 420 2777 473 eis
2798 437 2817 471 ι
2860 419 2971 474 ﬁeri
3007 419 3201 475 dicitur
3218 422 3261 485 ³,
3291 425 3470 477 videa-

322 506 567 557 maxime
590 519 653 557 ex
686 522 907 571 persona
946 508 1138 561 Christi
1169 508 1221 561 in
1247 510 1468 575 psalmo,
1495 524 1599 562 non
1627 510 1852 563 otiosum

320 593 547 645 videtur
575 598 856 649 ostendere
886 597 981 667 (7).
1012 597 1142 650 Vide
1183 613 1310 665 ergo
1347 600 1389 651 si
1423 600 1524 653 hoc
1558 601 1711 652 modo
1735 615 1854 667 pos-

320 696 520 734 sumus
546 685 816 750 explicare
842 687 980 753 quod
1004 686 1283 753 quaeritur.
1303 688 1451 741 Sicut
1481 689 1648 741 oculis
1673 702 1858 754 corpo-

321 772 441 823 reis
495 773 666 825 utitur
715 776 1074 842 unusquisque
1119 776 1201 829 ad
1233 777 1512 829 videndum
1552 778 1662 830 sive
1700 779 1854 838 bona,

323 861 452 913 sive
484 862 650 923 mala,
683 871 736 914 et
765 864 816 915 in
855 872 1111 930 potestate
1140 865 1297 917 habet
1328 865 1407 918 vel
1439 866 1644 919 elevare
1674 865 1858 918 oculos

320 948 397 997 ad
440 948 660 1011 coelum,
690 959 743 1001 et
775 964 867 1017 per
899 951 949 1003 id
998 952 1140 1018 quod
1194 952 1356 1016 videt,
1401 954 1718 1006 conditorem
1746 952 1859 1019 ejus

318 1050 652 1102 agnoscere,
674 1048 722 1089 et
754 1038 1051 1091 collaudare
1074 1048 1388 1105 creatorem,
1420 1040 1499 1093 vel
1517 1040 1759 1094 conferre
1789 1042 1854 1094 ad

318 1126 643 1191 spectacula
678 1127 827 1189 circi,
867 1129 947 1181 vel
983 1130 1199 1190 theatri,
1244 1131 1324 1182 vel
1369 1131 1723 1195 quarumlibet
1747 1146 1861 1184 sor-

318 1216 583 1268 didarum
646 1216 1037 1270 oblectamenta
1083 1218 1365 1281 visionum,
1414 1220 1603 1285 quibus
1654 1228 1744 1271 aut
1793 1218 1858 1270 ad

319 1304 635 1367 libidinem,
688 1313 780 1357 aut
838 1305 901 1356 ad
964 1308 1325 1373 rapacitatem,
1361 1308 1445 1361 vel
1488 1309 1589 1362 alia
1640 1320 1861 1375 qumque

314 1395 463 1445 Vilia
520 1395 732 1448 animus
771 1393 1171 1449 inllamtnetur:
1220 1397 1291 1449 ita
1341 1397 1464 1449 mihi
1511 1397 1741 1465 intellige
1785 1396 1859 1467 (8)

317 1481 499 1533 etiam
529 1482 718 1534 animm
744 1483 948 1546 oculos,
979 1485 1169 1550 quibus
1200 1484 1286 1536 alii
1322 1494 1544 1537 utttntur
1568 1487 1777 1555 quidem
1805 1496 1861 1540 ιιι

316 1572 558 1623 verbum
594 1570 683 1622 Dei
726 1581 779 1624 et
827 1573 1121 1624 doctrinam
1167 1574 1405 1626 veritatis
1451 1583 1757 1641 agnoscant,
1800 1591 1860 1630 ac

318 1658 616 1722 sapientiae
638 1657 753 1723 ejus
773 1659 1010 1723 quotidie
1031 1660 1240 1725 capiant
1264 1659 1552 1725 profectum
1577 1679 1590 1723 ;
1626 1662 1713 1713 alii
1738 1678 1862 1715 vero

316 1753 561 1798 utuntttr
585 1746 668 1798 bis
695 1746 863 1799 oculis
883 1747 933 1798 in
954 1749 1300 1811 contrarium,
1322 1761 1630 1802 exercentes
1656 1751 1860 1804 scilicet

316 1834 656 1901 semetipsos
698 1834 955 1900 quotidie,
1006 1842 1060 1884 et
1109 1834 1434 1902 inquirentes
1484 1836 1559 1903 (9)
1600 1839 1860 1903 quomodo

315 1924 587 1989 dogmata
620 1923 859 1975 veritatis
884 1923 1196 1991 iufringaut,
1223 1934 1271 1976 et
1297 1923 1447 1976 Iidem
1472 1924 1667 1978 Christi
1696 1940 1861 1992 quan-

317 2021 443 2064 tum
502 2011 633 2077 ipsis
682 2011 886 2063 videtur
939 2011 1260 2079 impugnent.
1301 2009 1566 2065 Ponamus
1603 2026 1728 2081 ergo
1761 2013 1859 2066 ali-

314 2114 493 2167 quem
519 2113 675 2152 orare
696 2113 792 2165 pro
817 2098 899 2152 his
926 2100 1014 2167 qui
1046 2100 1373 2166 perspicaces
1410 2109 1464 2152 et
1504 2101 1861 2167 argumentosi

315 2196 460 2239 sunt
489 2188 543 2239 in
570 2186 1231 2248 falsa-scientia,etdiccre
1255 2205 1269 2241 :
1294 2188 1390 2241 Det
1414 2188 1515 2241 illis
1533 2187 1668 2241 Deus
1694 2206 1712 2238 ι
1736 2204 1863 2241 ocu-

314 2277 406 2331 los
442 2285 508 2329 ut
548 2290 653 2328 non
678 2277 889 2328 videant
916 2293 934 2326 ι
968 2277 1198 2343 perversi
1236 2290 1423 2328 sensus
1458 2277 1724 2338 acumina,
1757 2293 1776 2325 ι
1808 2286 1864 2328 et

314 2380 495 2418 aures
528 2374 585 2417 ut
613 2380 716 2416 non
741 2365 960 2415 audiant
984 2382 1002 2414 ι
1036 2363 1293 2417 mendacii
1325 2365 1529 2417 scilicet
1559 2365 1859 2432 magistros,

313 2463 376 2509 et
421 2473 443 2504 r
476 2456 835 2515 obscurentur
887 2453 1022 2506 oculi
1071 2467 1253 2506 eorum
1304 2468 1370 2507 ne
1408 2456 1650 2519 videant;
1687 2474 1705 2506 ι
1760 2470 1860 2508 non

317 2546 424 2599 tibi
452 2544 675 2597 videtur
702 2544 1099 2610 amplectendus
1133 2544 1176 2595 is
1207 2543 1293 2610 qui
1341 2544 1453 2598 haec
1486 2553 1632 2612 optat
1665 2546 1742 2599 eis
1771 2561 1863 2613 per

315 2648 448 2703 qua:
489 2646 680 2684 eorum
711 2639 928 2699 peccata
958 2630 1296 2682 minuantur?
1323 2630 1484 2684 Multo
1506 2631 1644 2684 enim
1674 2634 1863 2687 melius

313 2733 405 2777 est
435 2737 548 2775 non
605 2734 817 2787 sapere,
866 2735 1021 2786 quam
1064 2720 1199 2772 male
1232 2734 1432 2787 sapere.
1460 2719 1597 2784 Non,
1627 2721 1857 2790 inquam,

317 2809 420 2862 tibi
444 2808 667 2861 videtur
693 2806 833 2874 quod
863 2805 1116 2871 Marcion,
1150 2808 1237 2873 qui
1268 2808 1546 2861 adversum
1570 2817 1861 2863 creatorent

316 2899 499 2952 Deum
545 2897 852 2964 blasphetna
882 2896 1076 2963 scripta
1107 2897 1425 2963 composuit,
1456 2897 1536 2948 vel
1586 2897 1858 2963 Basilides,

316 2987 408 3040 vel
441 2984 784 3043 Valentinus,
815 2983 896 3035 vel
928 2983 1103 3034 caueri
1150 2994 1396 3035 auctores
1437 2983 1544 3051 (10)
1581 2999 1856 3050 pravorum

314 3078 665 3143 dogmatum,
686 3074 823 3126 beati
859 3072 1101 3129 fuissent.
1131 3072 1174 3125 si
1207 3087 1308 3124 nou
1349 3073 1483 3137 illos,
1515 3074 1702 3139 quibus
1726 3074 1861 3127 male

319 3168 652 3226 supinorunt,
681 3159 859 3211 cordis
893 3159 1079 3211 oculos
1120 3159 1467 3211 habuissent?
1499 3161 1569 3213 De
1606 3161 1688 3213 his
1723 3161 1860 3213 enim

316 3251 440 3317 (11)
464 3248 636 3301 Isaias
659 3250 785 3301 dicit
814 3268 826 3301 :
855 3249 974 3300 ινδιξ
996 3249 1370 3301 scribentibus!
1399 3250 1702 3304 Scribentes
1719 3252 1860 3304 enim

317 3341 627 3407 nequitiam
667 3340 966 3391 scribuut‘.
999 3358 1016 3389 ι
1061 3337 1319 3391 Similiter
1350 3350 1529 3391 autem
1559 3349 1612 3392 et
1650 3355 1746 3408 pro
1780 3341 1862 3393 his

315 3432 414 3496 qui
459 3428 605 3481 male
633 3429 841 3486 docent,
879 3439 932 3479 et
954 3427 1086 3479 male
1120 3426 1427 3493 loquuntur,
1451 3438 1568 3480 orat
1615 3430 1776 3483 David
1807 3431 1860 3482 in

314 3518 588 3580 Psalmis,
622 3528 675 3571 et
707 3518 835 3571 dicit
855 3519 875 3547 ³
902 3535 915 3571 :
953 3535 970 3567 ι
995 3517 1132 3569 Muta
1160 3517 1456 3570 eliiciantur
1484 3517 1621 3570 labia
1660 3520 1860 3585 iniqua,

316 3624 447 3677 quae
475 3609 771 3675 loquuntur
795 3611 1048 3660 adversus
1085 3607 1311 3671 justum,
1343 3608 1516 3659 scelus
1537 3608 1586 3659 in
1617 3610 1861 3676 superbia

314 3712 373 3753 et
403 3705 745 3763 contemptu.
775 3716 794 3746 ι
826 3697 921 3748 Sic
934 3710 1057 3764 ergo
1073 3706 1126 3749 et
1150 3697 1215 3749 de
1233 3697 1388 3749 Israel
1417 3698 1610 3751 dicitur
1635 3716 1648 3751 :
1684 3716 1702 3748 ι
1729 3698 1888 3752 Οιιε-’

317 3793 601 3838 curentur
640 3782 781 3834 oculi
817 3797 996 3834 eorum
1037 3796 1105 3835 ne
1153 3782 1365 3835 videant
1390 3783 1468 3843 ³,»
1514 3794 1587 3849 et,
1631 3784 1727 3838 Det
1785 3786 1862 3840 eis

319 3876 474 3928 Deus
517 3889 538 3921 ι
568 3871 751 3924 oculos
805 3882 862 3923 ut
907 3886 1014 3924 non
1061 3871 1271 3925 videant
1297 3873 1340 3923 ⁵.
1372 3890 1392 3923 ι
1426 3872 1579 3939 Ilaec,
1608 3885 1860 3942 quantum

315 3966 390 4017 nd
431 3962 718 4016 oculorum
758 3962 1046 4015 caecitatem
1075 3963 1306 4029 pertinet
1351 3978 1468 4029 quas
1498 3963 1633 4016 male
1666 3965 1859 4018 videnti

316 4052 614 4107 incredula
641 4051 803 4104 Israel
832 4061 1080 4118 tanquam
1110 4067 1205 4120 pro
1234 4052 1469 4106 remedio
1494 4054 1721 4120 quodam
1746 4055 1861 4108 dari

315 4157 347 4192 a
380 4141 498 4193 Deo
536 4138 747 4190 videtur
781 4136 911 4207 (12),
934 4137 1073 4191 dicta
1100 4139 1226 4193 sint.
1251 4137 1402 4193 Nunc
1418 4140 1578 4193 etiam
1605 4143 1668 4196 de
1684 4156 1861 4196 mensa

1952 522 2086 561 ntus.
2123 508 2226 561 Sed
2256 507 2423 574 primo
2460 508 2526 557 ad
2554 522 2645 561 eos
2672 523 2839 576 pauca
2873 507 3093 561 dicenda
3120 516 3243 561 sunt
3270 511 3357 578 qui
3386 511 3468 563 al-

1952 596 2179 665 legorias
2205 597 2257 647 iu
2289 594 2576 662 Scripturis
2602 596 2791 649 divinis
2817 596 3070 659 refutant,
3101 606 3153 649 et
3182 598 3357 651 ridere
3383 613 3468 650 so-

1952 684 2061 737 lent
2086 684 2194 752 (15)
2227 696 2319 735 eos
2344 682 2435 749 qui
2462 697 2568 735 non
2599 683 2650 734 in
2680 684 2924 735 onmibus
2945 693 3239 750 sequuntur
3260 684 3472 738 histori-

1954 789 2071 827 cum
2106 788 2335 826 seusmu.
2365 772 2548 823 Dicant
2584 785 2708 838 ergo
2750 772 2897 824 nobis
2927 772 2970 824 si
3006 785 3240 824 mensam
3270 772 3356 824 hic
3377 770 3473 823 .Iu-

1954 864 2182 915 dmorum
2225 862 2367 914 illam
2396 860 2523 913 dicit
2572 860 2830 926 Propheta
2863 863 2914 912 in
2966 875 3064 927 qua
3099 860 3358 927 prandere
3388 861 3470 911 vel

1955 966 2170 1004 cmoare
2194 951 2385 1012 solent,
2413 958 2471 1001 ut
2502 949 2614 1017 ipsa
2641 950 2721 1002 eis
2752 949 2842 1002 fiat
2871 950 2920 1001 in
2949 950 3186 1017 laqueum
3221 959 3276 1001 ut
3300 949 3472 1017 capiat

1955 1056 2083 1094 eos:
2115 1040 2197 1091 vel
2232 1041 2273 1093 si
2306 1040 2415 1105 ipsa
2453 1052 2633 1091 mensa
2677 1038 2928 1091 eﬂiciatur
2968 1041 3045 1091 eis
3079 1040 3129 1091 in
3169 1040 3475 1092 retributio-

1959 1145 2100 1190 nem,
2130 1138 2189 1183 ut
2218 1130 2285 1182 ab
2319 1130 2427 1193 ipsa
2449 1142 2545 1195 pro
2576 1128 2661 1181 his
2696 1142 2811 1195 qua:
2856 1127 3185 1194 deliquerunt
3214 1128 3473 1194 recipiant

1958 1218 2206 1271 ultionem
2232 1235 2245 1269 :
2273 1217 2355 1270 vel
2382 1216 2645 1283 quomodo
2677 1218 2754 1268 eis
2785 1216 2839 1267 in
2871 1216 3173 1268 scandalum
3214 1216 3282 1269 sit
3311 1229 3476 1283 expo-

1959 1316 2105 1359 nant.
2138 1306 2282 1370 Quod
2313 1306 2357 1357 si
2392 1307 2455 1357 de
2499 1306 2579 1357 his
2604 1304 2824 1371 singulis
2850 1304 3117 1368 explicare
3151 1319 3208 1358 se
3237 1319 3338 1357 non
3382 1319 3475 1356 va-

1958 1394 2063 1447 lent
2093 1394 2228 1462 (14),
2266 1402 2318 1446 et
2352 1394 2515 1446 risum
2546 1407 2699 1445 suum
2751 1393 2801 1443 in
2849 1392 3209 1445 confusionem
3246 1394 3475 1447 viderint

1960 1497 2192 1543 versum,
2227 1491 2351 1533 tunc
2391 1479 2667 1533 nobiscum
2710 1479 2911 1546 pariter
2940 1481 3172 1541 veniant,
3215 1490 3267 1533 et
3298 1480 3473 1547 requi-

1962 1580 2081 1623 rant
2106 1571 2170 1623 de
2195 1568 2488 1636 Scripturis
2506 1569 2700 1621 divinis
2716 1567 2949 1635 qualiter
2979 1582 3156 1620 mensa
3180 1569 3287 1620 haec
3316 1567 3477 1621 Israel

1962 1659 2125 1723 possit
2162 1658 2405 1725 intelligi.
2432 1656 2592 1710 Nobis
2622 1658 2783 1724 igitur
2798 1671 2901 1737 pro.
2923 1666 3078 1723 captu
3100 1672 3283 1710 sensus
3303 1658 3478 1710 nostri

1890 1723 1931 1777 Β
1958 1752 2031 1799 ita
2060 1747 2288 1810 videtur,
2305 1723 2443 1815 quod
2465 1723 2964 1814 omnesScripturte
2991 1762 3107 1814 qua:
3135 1758 3259 1799 ante
3280 1747 3480 1800 adven-

1960 1845 2069 1889 tum
2119 1836 2328 1888 Domini
2374 1846 2526 1889 erant
2579 1836 2714 1903 apud
2753 1835 2915 1889 Israel
2972 1834 3028 1904 (ι
3058 1835 3288 1901 primis»
3333 1836 3473 1888 enim

1961 1942 1981 1976 ι
2007 1925 2111 1979 illis
2149 1924 2347 1977 credita
2380 1934 2507 1977 sunt
2542 1924 2748 1991 eloquia
2785 1924 2874 1977 Dei
2902 1923 2962 1975 ⁸)
2985 1923 3025 1992 ),
3061 1932 3115 1976 et
3143 1936 3299 1977 omne
3336 1925 3477 1990 quod

1957 2013 2251 2082 appellatur
2279 2011 2439 2065 Vetus
2469 2012 2899 2075 Testamentum,
2945 2026 3125 2064 mensa
3159 2019 3241 2064 est
3274 2009 3431 2065 Israel
3460 2030 3473 2064 :

1956 2102 2008 2155 in
2056 2116 2157 2167 qua
2200 2116 2377 2155 mensa
2413 2101 2455 2154 si
2494 2102 2612 2167 quis
2650 2100 2862 2153 volebat
2907 2102 3064 2153 edere
3106 2101 3321 2152 verbum
3358 2100 3474 2160 Dei.

1958 2191 2207 2258 appositis
2232 2192 2333 2244 sibi
2362 2190 2494 2258 legis
2515 2200 2567 2243 et
2585 2190 2963 2257 prOphetarum
2993 2189 3331 2242 sermonibus
3354 2203 3476 2254 pas-

1958 2279 2196 2332 cebatur.
2228 2279 2290 2331 Et
2340 2279 2475 2332 hanc
2517 2287 2646 2345 puto
2680 2293 2799 2331 esse
2837 2291 3070 2330 mensam
3110 2277 3172 2328 de
3212 2290 3313 2343 qua
3346 2276 3477 2328 dicit

1959 2367 2204 2420 Salomon
2235 2384 2249 2419 :
2288 2384 2305 2417 ι
2334 2367 2388 2419 Si
2422 2367 2620 2421 sederis
2651 2382 2859 2421 caenare
2882 2366 2945 2419 ad
2967 2379 3201 2418 mensam
3224 2364 3474 2431 potentis,

1961 2456 2361 2523 intelligibiliter
2416 2455 2651 2525 intellige
2677 2456 2789 2525 (15)
2818 2470 2935 2523 quae
2978 2463 3310 2523 apponuntur
3359 2453 3473 2517 tibi,

1959 2553 2012 2599 et
2041 2546 2188 2598 mitte
2227 2561 2438 2599 manum
2475 2555 2641 2607 tuam,
2676 2547 2850 2598 sciens
2886 2547 3007 2613 quia
3048 2545 3171 2599 talia
3204 2552 3255 2597 te
3286 2558 3478 2611 parare

1957 2637 2164 2696 oportet
2184 2631 2224 2681 ".
2254 2648 2272 2681 ι
2305 2630 2407 2683 Sed
2435 2640 2490 2684 et
2518 2631 2763 2683 Salvator
2787 2631 2873 2683 ubi
2900 2631 3062 2685 dicit:
3104 2648 3124 2681 ι
3146 2630 3276 2684 Cum
3320 2644 3476 2683 man-

1959 2720 2281 2774 ducavcritis
2305 2730 2357 2773 et
2382 2720 2624 2774 biberitis
2646 2723 2711 2773 ad
2745 2736 2981 2774 mensam
3013 2736 3178 2775 meam
3206 2721 3267 2786 ';
3298 2740 3318 2774 ι
3349 2722 3477 2789 quid

1958 2806 2096 2858 aliud
2128 2821 2362 2861 mensam
2410 2808 2523 2875 ejus
2558 2807 2931 2874 intelligimus,
2978 2807 3077 2860 nisi
3122 2808 3210 2860 ubi
3256 2807 3365 2874 (16)
3395 2807 3479 2860 di-

1958 2911 2110 2963 gnos,
2142 2906 2193 2950 et
2220 2911 2311 2949 eos
2340 2898 2427 2963 qui
2458 2912 2648 2963 capere
2682 2907 2901 2962 possunt
2934 2896 3151 2948 verbum
3180 2896 3474 2963 sapientiae,

1958 2995 2011 3038 et
2039 3000 2211 3038 rerum
2255 2987 2553 3049 scientiam,
2579 2987 2733 3039 docet
2757 2984 2913 3052 (I7)?
2944 2984 3051 3038 Hoc
3084 2993 3134 3037 et
3170 2985 3223 3037 in
3253 2974 3477 3037 Prover-

1956 3080 2057 3133 biis
2102 3079 2349 3132 Salomon
2409 3079 2474 3131 de
2533 3079 2798 3145 Sapientia
2868 3086 3191 3147 protestatur
3251 3077 3474 3131 dicens:

1960 3187 1979 3219 ι
2011 3170 2277 3236 Sapientia
2299 3168 2581 3221 aedificavit
2602 3169 2700 3221 sibi
2725 3170 2962 3231 domum,
2980 3178 3033 3220 et
3057 3166 3331 3235 supposuit
3356 3180 3478 3233 sep-

1957 3268 2067 3311 tem
2086 3258 2393 3310 columnas:
2429 3256 2720 3310 immolavit
2751 3257 2994 3308 victimas
3014 3270 3159 3315 suas,
3186 3254 3397 3307 miscuit
3421 3254 3474 3305 in

1956 3359 2163 3400 cratere
2198 3346 2381 3399 vinum
2408 3360 2582 3409 suum,
2611 3355 2665 3398 et
2698 3345 2906 3412 paravit
2932 3357 3169 3397 mensam
3209 3357 3358 3396 suam
3380 3340 3420 3394 '.
3452 3360 3473 3392 ι

1956 3436 2141 3490 Omnis
2171 3448 2295 3501 ergo
2354 3434 2623 3501 Scriptura
2676 3448 2857 3486 mensa
2895 3442 2976 3485 est
3017 3431 3324 3499 Sapientiae.
3372 3429 3481 3483 Sed

1958 3526 2227 3577 videamus
2269 3523 2530 3590 quomodo
2573 3523 2710 3576 hanc
2749 3537 2983 3575 mensam
3020 3532 3136 3575 orat
3168 3521 3329 3575 David
3360 3520 3473 3574 lIeri

1956 3611 2205 3664 lsraelitis
2262 3609 2417 3681 (18)
2476 3610 2758 3664 incredulis
2815 3612 2866 3663 io
2946 3623 3231 3678 conspectu
3291 3624 3477 3663 eorum

1963 3701 2121 3770 633
2151 3702 2201 3753 itt
2233 3701 2496 3768 laqueum,
2532 3709 2586 3754 et
2627 3700 2680 3752 in
2714 3700 3031 3766 captionem,
3071 3708 3125 3753 et
3155 3701 3206 3752 in
3249 3702 3481 3753 scandaa

1956 3790 2086 3852 lum,
2119 3798 2173 3842 et
2214 3788 2269 3841 in
2303 3788 2704 3841 retributionem
2746 3789 2809 3842 θ’.
2856 3806 2874 3838 ι
2925 3788 3010 3841 Fit
3046 3789 3204 3842 eisin
3235 3789 3477 3855 laqueum

1962 3878 2238 3943 Scriptura
2275 3876 2474 3940 divina,
2508 3890 2630 3929 cum
2669 3875 2849 3943 legunt
2894 3890 2956 3928 ea
2996 3890 3114 3943 qua:
3160 3877 3225 3929 de
3268 3875 3481 3928 Christo

1963 3966 2274 4034 prophetata
2307 3972 2467 4016 sunt:
2504 3980 2522 4012 ι
2553 3961 2649 4015 Hic
2678 3959 2964 4015 mdiflcztbit
2985 3961 3252 4015 civitatem
3282 3976 3477 4023 meam,

1963 4063 2016 4107 et
2043 4051 2406 4120 captivitatem
2432 4050 2610 4118 populi
2636 4051 2737 4103 mei
2764 4058 3038 4102 convertet
3059 4050 3102 4080 "‘
3127 4067 3141 4101 :
3174 4066 3193 4099 ι
3225 4057 3277 4102 et
3303 4049 3480 4102 dicunt

1964 4157 2066 4195 non
2092 4156 2212 4195 esse
2235 4142 2347 4193 haec
2376 4140 2474 4192 sub
2497 4138 2618 4194 Jcsu
2645 4140 2902 4207 completa
2939 4140 3071 4206 (19).
3122 4138 3301 4207 Neque
3338 4138 3478 4191 enim

314 4243 448 4298 qum
495 4243 517 4277 ι
549 4227 602 4280 in
648 4225 912 4293 laqueum,
939 4228 1068 4280 etin
1107 4229 1430 4297 captionem,
1468 4242 1521 4286 et
1552 4233 1603 4285 in
1638 4235 1862 4287 scanda-
1890 4221 1937 4280 D
1961 4230 2263 4295 aedificavit,
2292 4229 2463 4290 aiunt,
2490 4229 2761 4282 civitatem
2791 4229 2905 4294 Dei,
2929 4243 3099 4298 neque
3119 4227 3479 4297 captivitatem

398 4385 416 4415 ⁸
448 4383 560 4438 Isa.
592 4396 650 4448 ι,
704 4382 757 4434 1.

830 4380 1016 4449 {Psal.
1040 4397 1165 4443 xxx,
1222 4385 1304 4438 19.
1376 4385 1397 4416 ³
1421 4386 1564 4439 Psal.
1616 4402 1798 4449 uvm,
1823 4388 1911 4442 24.

1984 4387 2006 4419 ⁵
2036 4386 2188 4440 Rom.
2246 4401 2321 4448 xl,
2364 4384 2416 4439 8.
2489 4384 2673 4438 'Psal.
2719 4400 2902 4444 mm.
2949 4386 3049 4448 25;
3105 4386 3257 4439 Rom.
3320 4386 3478 4448 x1,9.

316 4454 339 4483 ⁸
375 4452 545 4505 Rom.
570 4466 651 4512 ιιι,
681 4448 735 4503 2.
807 4448 826 4481 ⁷
854 4448 1012 4505 Prov.
1042 4465 1194 4515 mu,
1227 4452 1346 4516 1,2.
1416 4454 1437 4485 ⁸
1469 4455 1594 4509 Luc.
1616 4471 1751 4521 χχιι,
1772 4455 1860 4515 30.
1931 4455 2217 4523 ’Prov..tx,
2240 4457 2290 4522 i,
2316 4456 2370 4508 2.
2433 4456 2476 4486 "
2501 4453 2640 4508 Psal.
2671 4468 2853 4520 vaut,
2882 4455 2969 4508 2'5.
3043 4454 3085 4487 ³ο
3113 4454 3211 4507 Isa.
3244 4468 3364 4518 XLV,
3393 4453 3474 4509 1⁵5.

400 4612 489 4680 (7)
541 4609 642 4663 Ms.
678 4609 873 4680 Regius
916 4624 1060 4680 num.
1100 4608 1255 4672 1639,
1313 4609 1560 4667 Rabanus
1615 4623 1668 4667 et
1710 4615 1859 4679 editi,

330 4701 350 4731 ι
382 4676 705 4734 ostendere.
736 4697 754 4728 ι
788 4676 976 4728 Caeteri
1004 4690 1154 4746 mss.,
1185 4694 1203 4726 ι
1225 4694 1508 4746 exponere.
1535 4698 1555 4732 ι

402 4746 683 4818 (8)»Editi,
712 4763 729 4794 ι
753 4746 941 4818 quibus
964 4755 1053 4796 aut
1076 4745 1365 4818 libidinem,
1391 4760 1480 4801 aut
1502 4749 1860 4818 rapacitatem,

319 4813 421 4870 vel
455 4813 564 4867 alia
590 4813 960 4885 qumqttevitia
990 4827 1173 4885 amans
1198 4831 1226 4885 r
1248 4815 1363 4885 (aL,
1394 4834 1412 4867 ι
1440 4813 1644 4885 amens)
1665 4813 1864 4871 inﬂam-

320 4894 563 4939 utetur:
600 4884 669 4933 ita
705 4883 832 4951 mihi
878 4880 1109 4951 intelligo
1146 4897 1163 4929 ι
1208 4880 1319 4951 (aL,
1367 4901 1386 4933 ι
1415 4880 1667 4951 intelligi:
1706 4904 1725 4933 ι
1760 4887 1863 4939 Ra-

319 4956 531 5015 banus,
561 4969 580 4999 ι
604 4950 894 5016 intelligere
913 4946 988 5017 ›);
1016 4964 1115 5001 ms.
1142 4946 1341 5017 unus,¢
1367 4954 1435 5005 ita
1462 4946 1810 5019 hicintellige,
1841 4975 1860 5007 ι

316 5033 434 5075 θιε.

398 5086 482 5156 (9)
533 5085 695 5146 Editi,
739 5102 758 5135 ι
794 5085 1139 5151 semetipsos,
1184 5088 1420 5156 quotidie
1469 5087 1864 5156 inquirentes,»

318 5156 544 5210 omisso
579 5170 598 5203 ι
621 5161 693 5204 et.
722 5170 740 5202 ι

400 5220 524 5290 (10)
578 5220 1140 5290 Editixcdoctores.»
1181 5223 1381 5276 Deinde
1432 5221 1610 5285 iidem,
1642 5232 1692 5275 et
1736 5239 1865 5279 mss.

318 5287 587 5361 quidam,
619 5305 637 5337 ι
667 5289 709 5339 si
754 5287 925 5361 nullos
960 5288 1311 5361 quibusntale
1356 5291 1624 5361 sapientes
1642 5302 1816 5356 erant,
1842 5313 1861 5345 ι

318 5353 439 5412 etc.
479 5357 589 5409 Sed
622 5370 720 5408 ms.
756 5353 950 5419 Regius
975 5370 1118 5409 num.
1148 5358 1283 5411 1659
1309 5353 1502 5411 rectius
1532 5366 1590 5409 ut
1613 5353 1867 5415 inuostt‘o

319 5436 506 5480 textu.

392 5490 518 5559 (H)
560 5488 737 5559 Enim.
772 5487 1001 5559 Deestin
1038 5490 1213 5547 editis.

393 5556 519 5630 (12)
570 5557 737 5620 Εόίιί,
768 5572 786 5603 ι
816 5556 1167 5622 pertinent....
1205 5562 1492 5617 viventi....
1527 5561 1791 5630 videntur,
1831 5586 1848 5618 ι

1962 4614 2117 4669 male.

2034 4684 2145 4753 (15)
2186 4679 2284 4737 Ms.
2321 4682 2521 4752 Regius
2555 4699 2701 4737 num.
2737 4685 2890 4742 1659.
2923 4703 2958 4753 ι⁸
2973 4683 3074 4735 Sed
3105 4682 3274 4753 primo
3318 4697 3480 4748 pauca

1962 4749 2180 4871 {licenda
2208 4762 2331 4819 sunt
2352 4749 2539 4806 contra
2558 4767 2651 4806 eos
2681 4756 2842 4822 qui...
2877 4750 3165 4803 refutantes
3193 4749 3373 4802 ridere
3393 4764 3479 4802 so-

1980 4829 2088 4871 ent.
2116 4838 2137 4871 ι
2166 4829 2268 4871 etc.

1980 4829 2088 4881 ent,
2116 4838 2137 4871 ι
2166 4829 2268 4873 elc.

2059 4889 2141 4954 14)
2168 4888 2326 4951 Editi,
2358 4905 2377 4937 ι
2401 4888 2666 4954 explicare
2689 4903 2791 4943 non
2813 4885 3054 4954 valeant.
3070 4901 3090 4931 ι

2057 4949 2143 5009 15)
2176 4956 2265 5008 Sic
2300 4949 2483 5007 omnes
2530 4971 2657 5009 mss.
2710 4956 2870 5008 nostri
2916 4960 2970 5003 et
3021 4949 3295 5003 Rabanus.
3348 4949 3488 5005 Editi

1967 5022 2165 5096 vero,'_t
2189 5022 2465 5096 diligenter
2498 5023 2953 5096 intellige,_s_etc;
2994 5084 3006 5096 _

2035 5093 2143 5162 (16)
2186 5109 2204 5140 ι
2228 5084 2326 5143 Ubi
2356 5090 2559 5162 r__tieest
2599 5091 2651 5143 in
2668 5084 2878 5162 “editis.
2919 5084 3113 5162 Deinde
3155 5096 3294 5134 mss.
3319 5084 3497 5162 plures

1963 5171 2012 5213 ct
2045 5156 2312 5221 Rabanus,
2335 5176 2352 5205 ι
2377 5156 2991 5225 Yerbttm,_sapientiam,
3015 5161 3068 5225 et
3087 5163 3286 5225 rerum
3327 5156 3501 5225 sciena

1964 5232 2108 5288 tiam,
2142 5216 2313 5279 docet.
2336 5242 2356 5274 ι
2391 5223 2493 5278 Sed
2510 5216 2831 5292 ms.’Regius
2862 5235 3016 5275 nunt.
3050 5216 3185 5269 1659
3214 5218 3430 5270 rectius
3449 5225 3508 5269 ut

1964 5300 2013 5349 in
2048 5304 2229 5348 nostro
2265 5300 2425 5344 textu.

2033 5364 2139 5429 (17)
2175 5361 2333 5425 Editi,
2366 5359 2665 5429 edocet-eg
2704 5357 2857 5411 male.

2031 5426 2139 5493 (18)
2166 5429 2330 5493 Alias,
2359 5445 2376 5475 ι
2401 5426 2717 5481 Israeliticis.
2743 5445 2762 5477 ι

2032 5432 2117 5491 (18
2166 5431 2330 5493 Alias,
2359 5445 2376 5475 ι
2401 5431 2717 5481 Israeliticis.
2743 5445 2762 5477 ι

2032 5431 2142 5568 (19)
2201 5497 2296 5553 Ms.
2338 5495 2551 5566 ‘Regius
2603 5510 2747 5549 num.
2807 5488 2987 5553 1659,
3027 5503 3047 5536 ι
3095 5499 3125 5537 ιι
3161 5481 3315 5535 Iesu
3380 5492 3539 5535 comp

1966 5571 2117 5623 uicta.
2154 5584 2173 5618 ι
