3894 6246
319 312 454 363 H85

1757 292 2083 351 ORIGENlSi

3527 267 3669 320 “Si

319 423 498 492 populi
551 419 836 473 revocavit.
875 416 978 468 Sed
1022 415 1134 468 haac
1166 412 1374 473 dicunt,
1429 412 1550 478 quia
1601 414 1846 467 sedentes
1875 417 1921 469 A
1948 409 2233 465 immundis
2269 408 2335 461 et'
2369 405 2613 460 sordidis
2642 394 3066 457 vestimentis,
3121 390 3187 444 id
3239 396 3669 492 testiﬁcor-pore

319 515 384 565 ad
423 524 652 565 mensam
694 507 924 574 potentis
952 519 1056 557 non
1097 503 1301 556 faciunt
1333 503 1462 555 illud
1490 504 1630 571 quod
1657 505 1843 556 admo-

320 603 434 654 nuit
469 599 574 668 (-20)
608 597 853 650 Salomon
898 597 962 656 “,
1004 602 1061 646 ut
1104 593 1511 662 intelligibiliter
1549 593 1846 661 intelligant

320 705 433 753 qua:
462 689 696 754 apposita
737 698 863 738 sunt
909 687 1010 739 eis.
1059 686 1172 739 Non
1211 687 1354 740 enim
1399 686 1678 739 visibiliter
1710 686 1843 748 haec,

321 780 410 830 sed
464 778 881 844 intelligibiliter,
934 780 1032 830 hoc
1087 789 1194 836 est,
1245 777 1559 843 spiritaliter
1610 776 1846 828 facturus

320 865 666 931 prophetatus
694 878 773 917 est
805 866 1055 917 Christus
1083 865 1214 928 (2|).
1251 864 1379 915 Nam
1412 863 1690 915 aediﬁcavit
1724 877 1848 914 vere

320 951 588 1002 civitatem
615 951 730 1015 Dei,
753 952 844 1003 sed
874 967 935 1003 ex
961 951 1222 1017 lapidibus
1249 952 1405 1012 vivis,
1431 966 1493 1003 ex
1521 952 1712 1015 quibus
1737 950 1846 1019 (“22)

324 1038 606 1092 suscitavit
635 1041 771 1092 ﬁlios
795 1041 1041 1101 Abrahae,
1074 1050 1127 1092 et
1171 1056 1235 1092 ex
1270 1041 1398 1107 ipsis
1437 1042 1714 1092 aediﬁcavit
1748 1041 1849 1091 Ec-

317 1129 536 1181 clesium
595 1129 688 1180 Dei
736 1145 750 1191 ;
805 1138 856 1182 et
901 1130 1166 1180 convertit
1223 1131 1587 1192 captivitatem
1646 1127 1847 1195 populi,

321 1231 505 1269 eorum
540 1232 673 1284 quos
712 1219 762 1270 in
805 1219 1035 1286 peccatis
1064 1228 1252 1284 captos
1277 1220 1518 1271 diabolus
1558 1219 1847 1270 detinebat.

322 1306 430 1358 lllis
454 1322 582 1375 ergo
611 1325 714 1362 non
748 1310 818 1361 ita
851 1309 1285 1374 intelligentibus,
1327 1324 1510 1370 mensa
1551 1309 1660 1361 lnec
1706 1308 1850 1360 Scri-

323 1408 492 1462 ptura:
523 1398 710 1450 divina:
737 1397 872 1450 facta
916 1406 998 1450 est
1038 1415 1056 1446 ι
1089 1398 1138 1449 in
1172 1399 1434 1464 laqueum,
1467 1407 1519 1449 et
1559 1398 1611 1450 in
1647 1398 1849 1464 captio-

325 1502 460 1538 nem.
494 1506 511 1537 ι
546 1486 724 1540 Potest
769 1495 946 1538 autem
990 1495 1045 1538 et
1087 1487 1173 1540 illa
1219 1489 1393 1553 captio
1441 1500 1634 1540 mensae
1693 1487 1851 1552 hujus

323 1575 511 1636 videri,
560 1589 663 1641 qua
713 1576 965 1628 Dominus
994 1589 1085 1627 eos
1115 1576 1254 1641 cepit
1284 1591 1403 1629 cum
1435 1577 1570 1629 dixit
1611 1575 1676 1626 ad
1715 1590 1808 1628 eos
1838 1595 1849 1628 :

331 1683 350 1715 ι
379 1665 514 1729 Quid
542 1666 693 1718 vobis
724 1666 932 1719 videtur
961 1667 1025 1722 de
1052 1668 1307 1720 Christo?
1334 1667 1498 1732 Cujus
1537 1667 1700 1719 Filius
1728 1665 1856 1719 est?

1951 510 2044 554 aut
2079 501 2241 554 corde
2266 496 2374 566 (26)
2409 494 2626 563 polluto
2657 493 2731 543 ad
2776 497 3062 539 mensam
3108 476 3452 566 sapientiae
3485 475 3676 566 consi-

1952 591 2210 649 deamus;
2249 563 2359 639 sed
2390 583 2638 650 speciem
2677 577 2866 630 l'uturi
2909 575 2970 626 in
3015 570 3210 624 caelis
3248 563 3524 619 convivii
3560 563 3676 628 jam

1952 694 2094 733 nunc
2121 678 2470 736 meditantes,
2499 687 2598 740 per
2635 666 3125 723 conversionem
3153 669 3222 711 et
3248 656 3678 723 pmnitentiam

1954 769 2261 820 indumenta
2297 762 2544 830 quelidie
2588 757 2908 810 mundiora
2960 763 3024 804 et
3094 745 3420 814 nuptialia
3462 756 3683 830 prarpa-

1954 865 2150 907 remus.
2185 829 2379 915 quibus
2407 856 2652 906 utentes,
2688 843 2889 893 aulam
2953 835 3334 902 sapientiae,
3393 839 3457 885 et
3505 829 3685 884 thala—

1954 952 2070 989 mos
2105 936 2196 987 lilii
2234 936 2374 1002 regis
2408 935 2620 986 intrare
2651 941 3008 982 mereamur
3039 924 3120 975 ³⁷.

2025 1025 2076 1077 9.
2124 1042 2142 1075 ι
2185 1023 2313 1075 Dico
2339 1037 2511 1091 ergo:
2553 1019 2832 1084 Nunquid
2876 1016 2971 1069 sic
3017 1011 3451 1066 oﬁ'enderunt
3487 1016 3551 1062 ut
3586 1022 3682 1062 ca-

1958 1112 2192 1166 derent?
2223 1111 2400 1162 Absit.
2442 1109 2550 1162 Sed
2585 1109 2818 1159 illorum
2863 1105 3104 1159 delicto
3157 1101 3351 1154 salus
3389 1099 3685 1168 gentibus,

1958 1215 2012 1254 ut
2044 1203 2165 1254 illos
2195 1200 2546 1253 minulentur.
2581 1199 2748 1262 Quod
2779 1197 2829 1248 si
2870 1195 3194 1248 delictum
3252 1189 3510 1244 illorum
3548 1188 3690 1241 divi-

1960 1294 2043 1344 tiae
2093 1292 2294 1349 mundi,
2341 1300 2397 1342 et
2445 1288 2750 1340 diminutio
2805 1300 3030 1340 eorum
3092 1282 3357 1334 divitiae
3389 1280 3686 1349 gentium:

1957 1389 2160 1447 (punito
2213 1380 2384 1444 magis
2422 1378 2715 1443 plenitudo
2757 1390 2978 1428 eorum
3036 1373 3090 1403 ⁸⁸
3131 1372 3163 1424 ?
3228 1391 3254 1421 ι
3321 1370 3482 1424 Cum
3523 1384 3694 1423 exuo-

1957 1472 2154 1524 suisset
2179 1468 2471 1537 Apostolus
2503 1483 2567 1520 ea
2595 1468 2651 1519 in
2685 1467 2906 1531 quibus
2941 1464 3349 1531 repudiatus
3376 1472 3473 1514 est
3497 1461 3693 1521 Israel,

1958 1569 2012 1612 et
2040 1561 2364 1611 introducta:
2392 1568 2524 1610 sunt
2563 1568 2768 1625 gentes
2819 1572 2838 1619 ;
2888 1565 2958 1608 et
3015 1561 3486 1608 enumerasset
3527 1553 3693 1603 etiarn

1961 1651 2272 1720 prophetias
2302 1665 2421 1716 qua:
2451 1649 2518 1700 de
2547 1649 2813 1701 caecitate
2858 1649 3202 1713 ipsorum.
3250 1653 3321 1698 et
3361 1644 3601 1710 laqueo,
3643 1653 3695 1696 et

325 1755 393 1806 At
425 1754 497 1807 illi
525 1755 918 1820 responderunt
960 1773 974 1810 :
1024 1758 1206 1811 David.
1261 1757 1325 1810 Et
1373 1757 1623 1809 Dominus
1663 1774 1676 1807 :
1715 1756 1861 1819 Quo-

2154 1741 2337 1800 ttione,
2393 1738 2780 1802 scandaloque
2842 1736 3310 1804 prmtlixerant
3373 1733 3568 1802 (27):
3631 1748 3692 1786 ne

325 1843 484 1894 modo
515 1857 642 1911 ergo
673 1844 806 1912 (23),
841 1846 1036 1912 inquit,
1087 1846 1250 1898 David
1303 1845 1578 1898 Dominum
1608 1858 1727 1896 eum
1764 1857 1857 1896 vo-

325 1943 434 1997 cat,
465 1934 651 1988 dicens
680 1951 694 1987 :
727 1935 868 1988 Dixit
896 1937 1150 1991 Dominus
1174 1937 1399 1991 Domino
1431 1950 1550 1990 meo
1576 1953 1589 1989 :
1643 1933 1780 1988 Sede
1827 1949 1858 1986 a

327 2023 530 2076 dextris
558 2025 690 2076 meis
719 2025 874 2092 (ειη
903 2027 967 2079 Ει
1015 2044 1117 2081 non
1162 2035 1413 2095 poterant
1445 2026 1493 2076 ei
1538 2024 1861 2090 respondere

329 2114 546 2164 verbum
579 2114 642 2164 η.
673 2132 690 2162 ι
727 2113 811 2166 Fit
843 2125 1022 2167 autem
1052 2126 1104 2168 et
1146 2134 1165 2166 ι
1201 2117 1253 2168 iu
1290 2116 1690 2167 retributionem
1728 2134 1745 2164 ι
1783 2115 1861 2168 eis

329 2203 442 2254 hzec
478 2215 680 2264 mensa,
720 2214 775 2254 ut
816 2205 1044 2257 breviter
1072 2207 1266 2266 dicam,
1302 2205 1590 2258 secundum
1638 2205 1858 2257 verbum

333 2289 541 2341 Domini
571 2305 674 2357 quo
706 2291 819 2343 ait:
876 2310 894 2342 ι
935 2291 1142 2347 Putatis
1184 2295 1307 2356 quia
1348 2309 1446 2360 ego
1489 2308 1736 2346 accusent
1765 2309 1862 2346 vos

333 2379 470 2442 apud
497 2378 751 2433 Patrem?
785 2381 874 2433 Est
907 2383 995 2446 qui
1030 2397 1121 2434 vos
1151 2392 1360 2435 accuset
1393 2381 1598 2450 Moyses
1621 2381 1704 2443 ¹³;
1753 2399 1770 2430 ³
1809 2391 1863 2432 ει

328 2469 618 2520 secundum
655 2469 776 2520 illud
813 2472 951 2535 quod
983 2473 1260 2539 Apostolus
1297 2472 1429 2524 dicit
1473 2488 1486 2523 :
1541 2489 1557 2520 ι
1595 2472 1866 2538 Quotquot

337 2569 432 2620 per
463 2554 629 2622 legem
659 2556 770 2624 (25)
801 2569 1171 2624 peccaverunt,
1203 2573 1295 2626 per
1320 2558 1486 2624 legem
1531 2557 1858 2624 judicahun-

332 2652 439 2697 tur.
470 2662 490 2694 ι
525 2643 608 2696 Fit
636 2655 810 2698 autem
841 2657 894 2700 et
920 2667 938 2698 ‹
969 2649 1018 2700 in
1051 2649 1354 2701 scandalum
1379 2667 1396 2698 ι
1435 2651 1512 2702 eis
1541 2665 1722 2702 mensa
1755 2651 1866 2703 luec

336 2731 437 2783 hoc
481 2734 656 2786 modo.
695 2734 772 2786 Ex
820 2734 1112 2802 Scripturis
1161 2736 1459 2807 didicerant
1500 2736 1690 2801 .ludaai,
1739 2739 1864 2804 quia

337 2837 358 2869 ι
386 2819 634 2875 Christus
668 2822 718 2874 in
745 2834 999 2876 aeternum
1033 2835 1211 2878 manet
1242 2828 1319 2891 ἰς
1356 2846 1373 2878 ι
1415 2827 1594 2881 Jesum
1631 2843 1759 2881 vero
1789 2829 1867 2879 vi-

335 2912 520 2964 dentes
548 2912 599 2964 in
632 2927 812 2976 carne,
849 2923 1030 2967 etnon
1063 2916 1235 2968 solum
1273 2916 1325 2968 in
1367 2932 1550 2980 carne,
1597 2920 1689 2971 sed
1720 2929 1775 2972 et
1811 2918 1863 2972 in

336 3009 529 3064 morte,
562 3010 615 3054 et
645 3012 816 3056 morte
857 3004 1052 3067 crucis,
1092 3006 1596 3060 scandalizabantur
1641 3009 1692 3061 in
1744 3023 1865 3062 eum

1959 1844 2169 1881 rursum
2203 1827 2456 1895 gentibus
2488 1826 2802 1878 insultandi
2842 1839 3087 1877 caus;as
3133 1832 3207 1875 et
3247 1823 3546 1874 elationis
3583 1839 3694 1873 nia-

1961 1918 2148 1968 teriam
2182 1914 2474 1982 praeberet,
2508 1914 2692 1980 ipsum
2731 1911 2992 1962 lsraclis
3033 1911 3310 1978 lapsum
3351 1911 3510 1962 dicit
3536 1909 3694 1961 talem

1961 2004 2147 2066 fuisse,
2181 2019 2288 2055 non
2324 2011 2380 2054 ut
2408 2001 2482 2053 illi
2513 2001 2826 2061 caderent,
2881 1999 2997 2053 sed
3054 2011 3133 2050 ut
3171 1999 3422 2053 delicto
3456 2015 3565 2052 suo
3608 2015 3694 2051 sa—

1961 2095 2123 2146 lutem
2150 2093 2402 2160 gentibus
2431 2093 2672 2144 darent:
2715 2102 2774 2144 et
2814 2091 2906 2142 ait
2943 2109 2959 2144 :
3007 2109 3030 2140 ι
3082 2089 3254 2143 Dico
3290 2105 3449 2159 ergo
3479 2109 3497 2143 :
3548 2089 3688 2141 Nun-

1961 2184 2087 2251 quid
2117 2184 2194 2235 sic
2232 2180 2581 2234 offenderunt
2617 2191 2677 2233 ut
2705 2180 3018 2232 caderent
3049 2179 3080 2230 ?
3121 2179 3344 2234 Absit.
3415 2179 3535 2232 Sed
3571 2177 3689 2231 illo-

1964 2291 2082 2328 rum
2113 2273 2335 2334 delicto,
2372 2273 2520 2324 salus
2558 2269 2857 2339 gentibus.
2894 2288 2916 2320 ι
2969 2270 3054 2322 Et
3099 2272 3439 2336 quomodo
3478 2285 3552 2320 ex
3583 2270 3697 2320 illo-

1963 2380 2078 2418 rum
2127 2362 2325 2414 dcliclo
2377 2361 2526 2414 salus
2579 2359 2853 2426 gentibus
2897 2359 3142 2424 detur,
3195 2360 3488 2414 ostendit
3525 2379 3540 2413 :
3576 2379 3593 2410 ι
3635 2359 3697 2414 lit

1963 2457 2103 2518 illos,
2137 2472 2154 2503 ι
2178 2454 2374 2521 inquit,
2409 2470 2427 2500 ι
2457 2452 2802 2503 :emulentur
2831 2449 2974 2518 (28)
3007 2467 3024 2502 :
3073 2469 3098 2500 ι
3141 2457 3275 2504 hoc
3313 2459 3441 2515 est,
3475 2463 3539 2502 ut
3569 2465 3698 2502 con-

1964 2546 2265 2600 versionem
2303 2543 2548 2611 gentium
2587 2541 2885 2602 videntes,
2931 2550 3006 2594 et
3073 2551 3540 2596 testamentum
3585 2541 3696 2606 Dei,

1965 2638 2107 2706 quod
2153 2636 2250 2704 ipsi
2302 2634 2456 2701 prius
2518 2640 2905 2698 acceperant,
2965 2631 3109 2686 illis
3154 2633 3498 2694 traditum,
3551 2643 3606 2687 et
3635 2633 3702 2686 le-

1969 2744 2089 2797 gem
2118 2742 2181 2779 ac
2207 2725 2503 2793 prophetas
2531 2722 2684 2788 apud
2715 2735 2821 2774 eos
2856 2721 3122 2788 majore
3171 2733 3241 2776 et
3288 2723 3575 2792 digniore
3611 2725 3698 2777 lia-

1967 2817 2082 2871 beri
2110 2813 2476 2874 observantia,
2509 2812 2698 2865 zelum
2735 2814 3002 2880 capiant
3046 2815 3268 2868 etiam
3340 2816 3464 2881 ipsi
3503 2815 3562 2869 in
3608 2829 3701 2868 no-

1970 2907 2205 2962 vissimis
2229 2903 2423 2958 saltem
2453 2901 2812 2967 temporibus
2865 2920 2882 2954 :
2921 2913 2993 2956 et
3053 2905 3245 2960 sicut
3281 2921 3455 2960 nunc
3489 2905 3702 2960 illorum

1969 2998 2152 3068 lapsus
2195 2994 2424 3047 salutem
2461 2991 2729 3058 gentibus
2784 2992 2996 3058 dedit,
3075 2995 3173 3048 ita
3233 2999 3523 3067 gentium
3580 2998 3704 3049 tidcs

343 3092 644 3145 nescientes
690 3092 811 3158 quia
863 3110 882 3143 ι
927 3095 1027 3146 etsi
1079 3109 1264 3160 passus
1291 3106 1373 3148 est
1404 3111 1469 3149 ex
1499 3097 1806 3151 inﬁrmitate
1845 3118 1864 3150 ι
1895 3085 1937 3143 C
1969 3099 2026 3140 et
2082 3082 2426 3139 conversatio
2465 3077 2666 3133 lsraeli
2714 3080 3225 3140 aemulationem
3299 3086 3706 3142 conversionis

332 3180 533 3244 carnis,
588 3198 608 3230 ι
657 3183 748 3234 sed
803 3182 932 3235 vivit
965 3199 1027 3236 ex
1059 3185 1257 3238 virtute
1308 3185 1400 3239 Dei
1431 3186 1496 3239 ".
1532 3205 1550 3237 ι
1587 3186 1708 3240 Hau:
1737 3203 1868 3252 ergo

336 3268 541 3336 singula
593 3271 713 3338 quia
766 3287 868 3324 non
905 3273 1312 3342 intelligibiliter
1360 3285 1716 3342 acceperunt,
1753 3293 1869 3345 quae

339 3359 575 3425 apposita
629 3370 754 3413 sunt
787 3363 867 3415 eis
907 3364 970 3414 ad
1020 3379 1256 3416 mensam
1302 3366 1556 3431 potentis,
1595 3366 1869 3418 scandali-

337 3444 446 3497 zati
495 3454 641 3508 sunt,
675 3455 728 3499 et
758 3448 871 3515 ipsa
907 3465 1086 3503 mensa
1123 3451 1524 3517 Scripturarum
1565 3455 1868 3508 divinarum

339 3531 478 3586 facta
511 3543 591 3586 est
628 3537 706 3587 eis
734 3537 784 3589 in
815 3540 1150 3603 scandalum,
1181 3551 1235 3594 et
1265 3543 1540 3596 obscurati
1569 3557 1693 3596 sunt
1733 3546 1870 3598 oculi

340 3635 525 3674 eorum
560 3625 848 3677 secundum
875 3641 936 3679 ea
961 3643 1077 3693 qua:
1107 3643 1266 3696 supra
1289 3629 1541 3691 diximus,
1572 3642 1626 3684 et
1653 3633 1869 3684 dorsum

341 3726 524 3765 eorum
561 3723 836 3768 curvatum
872 3728 953 3769 est
987 3732 1195 3784 semper
1222 3719 1282 3770 ¹⁶.
1319 3718 1499 3785 Neque
1535 3722 1682 3774 enim.
1705 3723 1873 3774 debe-

345 3809 464 3853 rent
492 3801 630 3854 ultra
663 3804 853 3856 coelum
885 3807 1145 3873 aspicere,
1193 3808 1286 3879 qui
1331 3808 1384 3862 in
1411 3819 1708 3862 creatorem
1751 3810 1870 3863 caeli

347 3900 718 3954 peccaverunt,
763 3907 817 3946 et
861 3895 910 3946 in
958 3895 1237 3950 Dominum
1288 3898 1606 3966 majestatis.
1670 3899 1773 3951 Sed
1824 3908 1877 3952 et

348 3978 636 4048 unicuique
664 3990 904 4033 nostrum
933 3985 1223 4038 verendum
1265 3995 1346 4038 est
1381 4000 1447 4037 ne
1474 3986 1608 4038 forte
1634 3986 1746 4038 haec
1793 3987 1875 4038 di-

343 4067 589 4119 vinorum
624 4071 906 4122 verborum
936 4085 1139 4131 mensa.
1172 4074 1236 4125 ad
1269 4088 1427 4140 quam
1461 4075 1703 4125 videmur
1743 4090 1869 4128 con-

345 4155 552 4208 sedisse
581 4165 640 4208 ut
669 4158 850 4210 cibmn
881 4159 1027 4212 verbi
1057 4160 1148 4214 Dei
1184 4177 1278 4228 pro
1314 4162 1665 4229 possibilitate
1691 4175 1875 4216 sunta-

353 4259 487 4306 mus,
525 4244 614 4296 ﬁat
644 4248 695 4298 in
726 4236 990 4313 laqueum,
1025 4251 1106 4302 vel
1139 4253 1188 4302 in
1223 4252 1651 4314 retributionem,
1707 4252 1787 4303 vel
1825 4254 1874 4305 in

351 4335 685 4398 scandalum,
715 4337 758 4389 si
792 4354 894 4389 non
923 4339 1341 4408 intelligibiliter,
1367 4349 1420 4392 et
1447 4350 1502 4391 ιιι
1531 4340 1746 4408 dignum
1775 4353 1876 4408 est,

357 4423 584 4476 mundos
607 4438 672 4476 ex
711 4439 792 4487 ea,
821 4437 875 4478 et
910 4444 1069 4493 puros
1097 4444 1157 4482 ac
1190 4429 1456 4495 spiritales
1477 4430 1624 4483 cibos
1665 4431 1878 4499 sapien-

356 4510 443 4563 tia:
476 4515 748 4579 capiamus
781 4527 795 4564 :
839 4515 999 4566 etiam
1030 4517 1154 4570 illud
1188 4521 1389 4585 pariter
1427 4520 1770 4572 observantes
1813 4535 1880 4573 ne

421 4641 461 4670 ¹¹
492 4641 647 4716 Prov.
672 4659 824 4716 χλιιι,
976 4646 1016 4675 ¹²
1038 4646 1229 4716 Matth.
1271 4663 1405 4709 χχιι,
1429 4648 1496 4700 4'2
1524 4664 1582 4716 sq

418 4825 527 4891 (ιο)
554 4826 1153 4908 ΑΙίρξηιιςοιιιιιιριιιιὶι,
1180 4846 1197 4874 ι
1227 4828 1341 4893 (aL,
1377 4813 1396 4880 ἐ
1437 4830 1697 4899 monuit);
1727 4831 1881 4887 Salo-

353 4909 476 4945 mon
508 4897 648 4959 quod
679 4895 1098 4961 intelligibiliter,
1142 4915 1160 4947 ι
1194 4908 1297 4951 etc.
1644 4895 1653 4899 ’
1685 4895 1689 4896 ⁷

356 4961 529 5041 mal)
573 4963 734 5026 Editi,
779 4983 798 5013 ι
854 4966 952 5041 hoc
998 4975 1116 5028 est,
1164 4966 1469 5041 spiritaliter
1519 4965 1751 5041 l'a_cti_irus
1795 4978 1880 5022 est

351 5029 613 5100 Christus,
649 5041 701 5083 et
723 5035 1066 5100 prophetatus
1085 5043 1166 5086 est
1193 5029 1464 5089 Christus.
1503 5053 1520 5086 ι
1559 5036 1754 5088 Deinde
1781 5052 1880 5089 nas.

354 5097 887 5173 unnsRegius'num.
918 5101 1073 5168 1659,
1098 5118 1395 5173 perperam,
1436 5123 1454 5155 ι
1483 5104 1582 5168 Qui
1616 5119 1721 5156 non
1753 5104 1885 5158 tediu

356 5168 530 5219 licavit
555 5181 700 5229 vere,
743 5187 761 5216 ι
799 5178 904 5223 etc.

563 5235 656 5287 Ms.
677 5235 872 5307 Regius
901 5255 1046 5294 num.
1067 5239 1223 5305 1659,
1243 5241 1440 5293 omittit
1470 5258 1489 5290 ι
1522 5255 1588 5294 ex
1617 5240 1829 5307 quibus.
1863 5259 1882 5292 ι

363 5298 673 5354 ιίιιίιινειο
709 5298 928 5378 habent,
976 5329 994 5360 ‹
1034 5312 1083 5362 in
1116 5298 1328 5376 quibus;
1371 5328 1389 5360 ι
1442 5319 1496 5363 et
1534 5298 1739 5378 Ροείθεὶο
1771 5325 1791 5360 ί
1833 5319 1891 5362 ul

364 5379 632 5439 confertat
657 5375 1041 5439 captivitatem,
1083 5396 1100 5428 ι
1133 5375 1238 5430 etc.

427 5432 530 5502 (25‘
563 5432 736 5502 Ergo.
752 5441 906 5496 Deest
928 5447 978 5500 in
1003 5432 1181 5501 editis.

429 5455 538 5565 (2ιῖ
571 5501 702 5556 Sede
748 5523 780 5559 ιι
831 5513 1024 5565 dextris
1073 5518 1181 5565 mei:

429 5494 702 5582 ,δεῖξε
748 5523 780 5559 α
831 5494 1222 5575 αέέῖὲεἷὲἱὶἱίε.
1253 5513 1378 5567 Haec
1417 5513 1796 5574 desiderantur
1839 5513 1892 5566 itt

362 5573 518 5617 antea
546 5569 718 5625 editis.

433 5628 542 5699 (25)
582 5631 676 5688 Ms.
695 5637 890 5712 Regius
916 5667 1060 5715 num,
1091 5651 1250 5716 1659,
1289 5669 1306 5701 ι
1339 5651 1607 5717 Quotquot
1630 5651 1679 5705 in
1706 5650 1840 5710 lczc.
1871 5667 1891 5702 ο

611 4658 647 4716 ζ.
672 4659 824 4716 χλιιι,
844 4647 948 4716 rl_.__
976 4647 1016 4675 "
1038 4647 1229 4716 Matth.
1271 4663 1405 4709 χχιι,
1429 4648 1496 4700 4'2
1524 4664 1643 4716 sqq.
1723 4649 1766 4680 ³³
1808 4647 1960 4702 Joan.
1989 4666 2041 4714 v,
2072 4651 2158 4704 45.

348 4725 535 4772 vanr,
561 4710 652 4774 25,
687 4712 773 4765 24.
839 4713 880 4742 ¹⁷
904 4713 1088 4768 Matth.
1116 4730 1246 4779 xxn,
1283 4717 1364 4768 12.
1432 4718 1472 4747 ¹⁸
1497 4710 1650 4769 Rom.
1673 4720 1854 4782 1st,“,
1884 4742 1886 4748 ·

1116 4717 1364 4779 xxn,12.
1432 4710 1854 4782 "nclitum,
1884 4719 1969 4772 12.
2030 4710 2159 4751 ἰνοίο
2189 4717 2345 4774 Prov.
2378 4737 2532 4787 xxiv,
2565 4710 2654 4778 to.

1971 3175 2221 3230 conferat
2245 3181 2300 3226 et
2327 3171 2546 3224 salutis.
2581 3169 3073 3226 Observandum
3139 3185 3366 3231 tamen
3414 3189 3532 3242 est,
3560 3180 3702 3246 quod

1972 3267 2117 3322 aliud
2149 3265 2298 3335 ponit
2325 3262 2526 3315 Paulus
2557 3262 2679 3332 (29)
2719 3261 3056 3319 oﬂ'eudere
3093 3283 3181 3321 ac
3224 3269 3620 3339 delinquere,
3656 3277 3708 3322 et

1972 3358 2113 3411 aliud
2156 3359 2348 3408 cadere
2387 3371 2401 3405 :
2442 3362 2498 3406 et
2545 3351 2860 3406 oll'ensioni
2901 3356 3187 3422 quidem
3248 3361 3355 3415 vel
3388 3363 3606 3415 delicto
3629 3375 3708 3414 re-

1975 3448 2213 3501 medium
2266 3444 2418 3512 ponit
2444 3463 2458 3496 ;
2487 3443 2772 3496 cecidisse
2828 3455 3061 3499 autem
3103 3463 3255 3514 eos,
3296 3453 3484 3519 quasi
3523 3451 3710 3519 despe-

1977 3540 2112 3592 ratio
2148 3539 2199 3590 in
2236 3537 2338 3588 hoc
2387 3535 2460 3586 sit
2515 3535 2734 3600 aliqua,
2795 3550 2921 3589 non
2991 3542 3276 3611 recipit.
3338 3545 3506 3600 Dicit
3551 3543 3712 3614 635

1972 3631 2114 3682 enim
2163 3647 2176 3680 :
2228 3643 2246 3676 ι
2279 3625 2532 3693 Nunquid
2586 3627 2672 3679 sic
2726 3625 3186 3698 offenderunt,
3268 3645 3341 3689 ut
3403 3636 3711 3689 caderent?

1973 3719 2146 3772 Absit.
2179 3717 2284 3770 Sed
2320 3715 2534 3767 illorum
2577 3715 2790 3768 delicto
2820 3717 3003 3773 salus
3049 3726 3400 3790 gentibus.
3443 3746 3463 3777 ι
3526 3727 3593 3779 Ει
3635 3735 3714 3779 est

1978 3811 2170 3861 mirum
2205 3811 2474 3876 quomodo
2507 3807 2562 3859 in
2593 3815 2678 3858 tot
2709 3817 2768 3858 et
2801 3809 3058 3868 talibus
3105 3830 3263 3883 qua:
3299 3821 3379 3872 de
3408 3819 3503 3872 eis
3534 3821 3714 3872 οιιιιιιε

1978 3896 2227 3962 Epistula:
2261 3905 2440 3948 textus
2484 3897 2739 3962 exponit,
2773 3899 3107 3956 cecidisse
3151 3916 3380 3961 tamen
3416 3924 3525 3962 eos
3559 3920 3714 3978 neget

1977 3981 2289 4046 Apostolus.
2333 3981 2440 4033 Sed
2491 3979 2721 4034 videtur
2773 3985 2930 4038 mihi
2979 3993 3170 4056 quod
3205 3993 3453 4050 Paulus
3482 3999 3718 4051 cadendi

1978 4070 2310 4124 differentias
2370 4071 2511 4124 bene
2559 4076 2812 4139 noverit,
2864 4088 2934 4131 et
2997 4081 3196 4138 aliud
3259 4089 3428 4142 sciat
3465 4105 3600 4143 esse
3631 4105 3717 4141 ca-

1978 4161 2124 4222 dere,
2170 4162 2470 4214 secundum
2500 4163 2638 4216 illud
2675 4167 2833 4231 quod
2867 4173 3214 4239 scriptum
3247 4190 3354 4233 est
3381 4197 3398 4232 :
3443 4199 3466 4231 ι
3503 4182 3720 4248 Septies

1978 4248 2356 4314 cadetjustus,
2391 4260 2447 4303 et
2487 4266 2750 4322 resurget
2798 4262 2973 4325 "-‘0;
3017 4287 3042 4317 ι
3075 4277 3149 4321 ει
3185 4269 3436 4326 iterum
3475 4293 3490 4328 ε
3550 4294 3569 4325 ι
3606 4275 3716 4327 Noli

1984 4341 2114 4392 mihi
2147 4340 2431 4406 insultare,
2465 4343 2692 4398 inimica
2721 4363 2882 4414 mea,
2921 4356 3082 4420 quia
3127 4362 3350 4415 cecidi
3387 4381 3403 4416 :
3439 4374 3505 4417 et
3544 4379 3724 4418 resnr-

1987 4448 2106 4500 gain
2130 4434 2172 4463 ²¹
2203 4449 2218 4497 ;
2253 4451 2271 4484 ι
2308 4444 2362 4487 et
2378 4438 2680 4490 secundum
2711 4444 2872 4508 quod
2906 4443 3252 4506 Jeremias
3282 4456 3440 4509 dicit
3472 4476 3488 4510 :
3523 4477 3543 4508 ι
3578 4457 3720 4509 Nun-

1987 4522 2114 4588 quid
2150 4524 2244 4590 qui
2279 4526 2446 4588 cadit,
2483 4541 2592 4579 non
2630 4530 2875 4596 adjiclet
2934 4545 3006 4587 ut
3074 4555 3392 4613 resurgat
3421 4548 3449 4600 Ἰ
3500 4558 3601 4600 aut
3631 4546 3720 4616 qui

2238 4652 2280 4682 "‘
2307 4651 2462 4706 JOan.
2489 4656 2713 4741 xu_.§4.
2736 4728 2780 4741 υ
2801 4660 3112 4741 1.‘_.II_Cor.
3145 4687 3298 4741 χιιι,
3333 4677 3400 4729 4.

2736 4728 2781 4756 υ
2803 4679 2852 4691 ⁸·-
2879 4679 2932 4741 .u
2959 4679 3112 4720 μοι’.
3145 4687 3298 4741 χιιι,
3333 4679 3400 4729 4.
3493 4681 3542 4710 ¹⁸
3575 4679 3719 4736 Psal.

2816 4727 3008 4786 Much.
3045 4754 3165 4802 vn,
3201 4752 3261 4798 3,

1985 4829 2298 4918 ⁸ίῇιέηέῗῇ
2334 4849 2359 4918 3
2393 4831 2736 4918 Ωθὲθυὶιηιιθ
2767 4854 2878 4906 Pe“
2919 4844 3159 4918 issem.
3213 4872 3240 4903 ι
3288 4867 3418 4918 εις.

2059 4898 2169 4980 ab)
2207 4899 2300 4980 Sic
2333 4916 2439 4980 nis:
2469 4898 2682 4980 Regius
2712 4898 2882 4964 inim.
2915 4898 3563 4980 1639—.wEdiii-Vvero.
3602 4946 3623 4978 ι
3657 4943 3718 4980 ac

1987 4970 2224 5054 comet:
2252 4968 2787 5054 etc:.{vlss.‘quidani
2819 4990 2884 5054 et
2917 4968 3338 5054 “abantis—,"c-
3371 4968 3713 5054 e'tvc‘o'rderi

2344 5038 2508 5130 iidem
2536 5035 2774 5130 habent,
2804 5035 3712 5130 anus,2“éb't'ép'eEiEEl'faiiii

1990 5121 2008 5153 ι
2050 5115 2102 5154 et
2131 5113 2548 5170 speciem,»etc.
2579 5113 2746 5169 Male.

2052 5171 2162 5239 (27)
2198 5174 2291 5253 Sic
2317 5189 2679 5260 ortinesmss.
2712 5190 2932 5243 nostri.
2961 5192 3124 5249 Editi
3152 5215 3338 5266 vero,
3401 5225 3424 5256 ι
3468 5206 3718 5276 PrOphe—

1988 5248 2070 5288 tas
2132 5257 2222 5288 nui
2282 5245 2352 5288 de
2406 5261 2664 5288 ρπιριιοιο
2732 5255 3005 5288 tuum"..-
3171 5280 3224 5288 --
3395 5287 3402 5288 ,
3457 5281 3492 5288 η

2011 5255 2226 5330 iiii":
2265 5245 2362 5330 *ὁμίῖ
2399 5261 2664 5330 Samum"
2732 5255 3088 5324 iPsorum...
3163 5280 3230 5324 et
3315 5245 3710 5330 retributione

1989 5310 2226 5377 scandali
2265 5315 2672 5377 prmdixerant.
2716 5343 2738 5375 δ

2215 5375 2745 5470 Ηιεξῑιρξηὶιιᾳιιὶι,
2791 5401 3165 5459 remittantur.
3223 5410 3380 5468 Haec
3415 5417 3631 5470 desunt
3659 5419 3708 5467 in

2065 5444 2077 5457 ,ν
2107 5446 2117 5456 “
2153 5444 2157 5445 7
2293 5450 2305 5461 .
2477 5444 2490 5452 '
2515 5459 2526 5470 .
2617 5444 2631 5462 .
2706 5444 2745 5459 _,
2791 5444 3124 5457 ..η-..ευυιικσ
3148 5445 3165 5459 ο
3226 5444 3379 5468 [lat
3415 5444 3631 5470 uuam"
3661 5444 3708 5467 ΙΙΙ

2385 5455 2680 5542 plerisque
2710 5481 2855 5542 mss.
2882 5482 2943 5524 et
2975 5477 3126 5542 apud
3184 5477 3527 5539 Rabanum
3566 5503 3581 5538 :
3615 5485 3713 5539 sed

1997 5525 2364 5607 l't’S‘g‘lil‘lllﬂttll“
2397 5540 2470 5577 ex
2493 5525 2611 5607 nisi.
2641 5533 2823 5606 Regio
2860 5525 3039 5597 num.r

2069 5583 2180 5654 (9.9)
2215 5585 2460 5651 Paulus.
