3894 6262
343 316 475 372 "87

1759 299 2070 356 ORICENIS

3555 271 3696 325 H88

343 445 440 487 nes
465 428 638 483 mundi
662 424 938 494 appellatio
962 420 1191 474 refertur
1222 435 1236 471 :
1272 404 1471 472 idcirco
1502 417 1690 484 repetit
1717 416 1855 483 Apo-
1892 424 1933 477 Α
1961 415 2056 467 bus
2082 413 2435 473 crediderant,
2465 410 2641 465 dicit:
2668 425 2689 457 ι
2718 402 2914 458 Vobis
2942 395 3122 453 enim
3158 394 3308 494 dico
3342 386 3691 494 gen-tibus...

343 520 527 583 stolus,
555 527 607 571 et
632 513 965 568 manifestius
994 512 1046 563 in
1081 524 1187 577 quo
1217 509 1412 561 dixerit
1441 506 1692 560 mundum
1719 507 1861 559 desi-

341 618 485 678 gnat.
506 606 594 658 Ait
622 604 760 656 enim
788 618 800 653 :
838 619 854 651 ι
887 601 952 653 Ει
976 598 1257 652 diminutio
1287 596 1393 666 (47)
1422 611 1603 650 eorum
1624 634 1639 658 ,
1666 596 1863 649 divitize

340 695 593 764 gentium.
639 711 658 743 ι
693 691 840 756 Quod
888 689 1030 743 enim
1063 686 1165 739 illis
1201 687 1288 754 qui
1321 685 1654 739 offenderunt
1704 684 1861 737 dimi-

341 790 521 834 nutum
548 788 629 833 est
652 788 704 832 et
724 779 979 842 ablatum,
1011 776 1074 826 ad
1102 776 1317 828 divitias
1350 776 1583 843 gentium
1612 773 1863 827 collatum

340 879 441 930 est,
471 870 559 934 qui
587 882 680 936 per
703 867 852 920 fidem
871 881 992 934 pars
1018 867 1221 919 Domini
1239 875 1292 918 et
1322 865 1596 918 luereditas
1620 865 1736 930 ejus
1757 862 1864 930 (48)

347 954 518 1008 eﬂ'ccti
545 965 689 1007 sunt.
718 954 859 1007 Bene
899 963 1074 1007 autem
1108 953 1173 1006 ad
1206 953 1608 1006 diminutionem
1643 949 1868 1004 reddidit

340 1042 736 1112 plenitudinem,
783 1052 831 1095 et
865 1057 968 1095 nou
996 1043 1111 1096 sine
1153 1042 1410 1109 profundo
1439 1042 1669 1109 quodam
1709 1054 1865 1092 sensu

342 1140 588 1206 populum
628 1138 790 1191 Israel
822 1137 1015 1192 Paulus
1054 1135 1431 1204 plenitudinem
1464 1140 1634 1184 vocat.
1665 1128 1719 1180 In
1764 1143 1867 1195 quo

340 1245 437 1299 ego
467 1241 562 1298 pro
600 1228 803 1281 viribus
845 1227 975 1279 meis
1016 1225 1118 1277 tale
1157 1222 1356 1290 aliquid
1396 1218 1674 1285 intelligo:
1717 1215 1869 1268 Nunc

340 1318 554 1384 quidem
596 1317 763 1370 donec
796 1331 982 1368 omnes
1020 1322 1201 1383 gentes
1253 1311 1472 1363 veniunt
1519 1308 1584 1360 ad
1618 1305 1867 1366 salutem,

340 1414 736 1475 congregantur
763 1405 956 1459 divitiae
990 1404 1079 1456 Dei
1109 1402 1183 1455 ex'
1207 1398 1535 1453 credentium
1573 1393 1869 1449 multitudi—

341 1510 408 1551 ne
442 1511 458 1548 :
493 1497 583 1547 sed
606 1495 770 1546 donec
794 1492 955 1545 Israel
981 1492 1032 1544 in
1062 1489 1431 1543 incredulitate
1460 1483 1714 1552 persistit,
1740 1496 1870 1534 non-

341 1585 465 1639 dum
500 1582 770 1650 plenitudo
803 1582 1062 1649 portionis
1111 1580 1317 1633 Domini
1359 1579 1562 1630 dicetur
1604 1572 1712 1642 (t9)
1754 1586 1870 1627 esse

343 1672 624 1741 completa.
667 1670 820 1723 Deest
842 1671 982 1721 enim
1028 1670 1092 1722 ad
1131 1670 1390 1735 integrum
1423 1663 1649 1732 populus
1685 1659 1866 1713 Israel.

1961 502 2094 565 Quid
2118 517 2245 569 ergo
2284 502 2432 554 dicat
2482 499 2757 567 gentibus
2794 478 3519 569 vidcantus.cQuandiu
3565 479 3699 569 ’(ιυὶ-

1962 591 2078 642 dem
2111 604 2207 654 ego
2253 603 2393 650 sum,
2432 586 2643 653 inquit,
2686 576 3017 649 apostolus
3067 569 3394 637 gentium,
3436 562 3701 616 ministe-

1963 678 2100 729 rium
2139 692 2315 729 meum
2340 672 2881 737 illustrabo,siquo
2922 662 3122 717 modo
3162 660 3227 711 in
3262 654 3697 710 :emnlationem

1964 765 2246 817 immittam
2289 778 2512 815 carnem
2549 773 2766 819 meam,
2826 762 2891 808 et
2925 750 3164 805 salvos
3200 744 3442 797 faciam
3482 741 3702 806 aliquos

1963 870 2026 906 ex
2062 854 2188 907 illis.
2226 871 2245 902 ι
2292 854 2441 927 Dicet
2475 850 2688 916 aliquis
2721 864 2737 899 :
2777 843 2961 911 Quod
2998 840 3129 899 ait,
3183 854 3206 886 ι
3256 831 3700 927 ριηιιιιίιι-εεο

1968 959 2084 995 sum
2138 921 2412 1008 apostolus
2466 940 2752 1008 gentium,
2798 953 2821 986 ›
2859 934 2983 986 hoc
3027 929 3307 981 videtur
3363 921 3699 980 ostendere,

1969 1033 2109 1098 quod
2138 1046 2239 1083 non
2271 1043 2487 1096 semper
2518 1028 2629 1080 erit
2666 1023 2987 1093 apostolus
3012 1015 3321 1088 gentium
3355 1029 3372 1076 ;
3415 1009 3524 1065 scd
3552 1024 3703 1062 como

1966 1120 2104 1185 pleto
2131 1118 2452 1178 ministerio,
2498 1116 2744 1168 aliorum
2782 1107 3248 1180 quorumlibet
3294 1098 3609 1169 apostolus
3631 1098 3703 1150 sit

1967 1208 2194 1264 futurus.
2230 1207 2337 1260 Sed
2365 1215 2636 1273 quantum
2693 1212 2754 1255 et
2802 1216 2882 1254 ex
2926 1197 3149 1266 ipsius
3186 1190 3616 1253 sermonibus,
3648 1196 3702 1240 et

1965 1313 2028 1350 es
2079 1313 2255 1350 rerum
2309 1308 2592 1364 gestarum
2647 1293 2889 1347 ratione
2920 1287 3307 1353 colligitur,
3341 1282 3612 1348 qnandiu
3648 1280 3698 1330 in

1968 1388 2068 1441 hoc
2122 1386 2320 1438 nnmdo
2371 1385 2496 1446 fuit,
2555 1381 2972 1449 permansisse
3050 1376 3121 1428 in
3170 1374 3322 1439 title
3362 1381 3428 1424 et
3468 1369 3700 1421 veritate

1969 1475 2242 1543 apostolus
2278 1474 2525 1541 gentium
2575 1471 3048 1536 comprobatur.
3125 1462 3303 1529 Quid
3358 1475 3506 1528 ergo
3558 1460 3692 1510 dice-

1970 1578 2085 1614 tuus
2103 1562 2125 1612 ?
2144 1561 2548 1627 Nunquidnam,
2588 1569 2868 1624 tanquam
2899 1568 3149 1608 servus
3178 1553 3390 1604 bonus
3416 1559 3479 1602 et
3505 1548 3701 1608 fidelis.

1969 1652 2057 1718 qui
2108 1652 2158 1702 in
2213 1651 2403 1717 paucis
2452 1650 2636 1701 fuerat
2683 1648 2879 1700 ﬁdelis
2937 1645 3025 1709 "°,
3098 1643 3359 1697 sciebat
3420 1654 3487 1693 se
3541 1653 3701 1705 super

343 1727 889 1827 (ςυηξγοτομιθηίιυάο
911 1727 1624 1827 genu“...5,,b}.,,,a§er},ao,
1645 1762 1696 1804 ει
1718 1748 1873 1803 |smel
1904 1727 1944 1780 Β
1976 1739 2135 1790 nndta
2171 1739 2619 1791 constituendum
2642 1778 2657 1799 ,
2687 1746 2746 1789 et
2781 1734 3167 1802 apostolum
3204 1731 3498 1783 futurum
3534 1729 3695 1781 etiam

348 1851 401 1904 in
419 1850 706 1903 novissimo
733 1857 966 1916 tempore
994 1863 1087 1915 per
1111 1847 1264 1900 Iidem
1304 1843 1502 1896 venerit
1530 1842 1594 1893 ad
1623 1838 1871 1899 salutem,

344 1941 459 2007 ipse
485 1939 586 1992 erit
611 1937 832 2006 p0pulus
871 1937 956 2004 qui
991 1936 1135 2004 prior
1164 1934 1379 2002 quidem
1411 1929 1616 1992 fuerat;
1655 1927 1746 1980 sed
1776 1940 1874 1979 no-

344 2030 594 2083 vissimus
617 2027 834 2080 veniens
862 2026 1027 2093 ipsam
1054 2020 1442 2091 quodammodo
1470 2015 1794 2071 hatreditatis
1821 2022 1874 2066 et

343 2119 606 2187 portionis
641 2114 847 2170 Domini
899 2111 1276 2181 plenitudinem
1310 2107 1599 2175 complebit
1644 2103 1777 2174 (50).
1809 2103 1876 2155 Ει

348 2208 465 2259 ideo
491 2223 511 2255 ι
543 2204 814 2272 plenitudo
842 2221 861 2254 ι
893 2200 1219 2269 appellatur,
1265 2196 1390 2265 quia
1419 2194 1559 2262 quod
1604 2192 1789 2247 deerat
1821 2191 1873 2243 in

344 2292 587 2361 portione
621 2290 732 2354 Dei,
772 2290 821 2340 in
856 2285 1157 2340 novissimis
1195 2285 1309 2351 ipse
1342 2281 1634 2350 complebit
1665 2296 1678 2330 :
1721 2288 1776 2332 et
1803 2277 1874 2331 ita

344 2379 722 2448 omnipotentis
736 2387 791 2432 et
816 2376 938 2431 boui
969 2376 1056 2428 Dei
1085 2374 1409 2442 dispensatio
1440 2370 1627 2424 delicta
1651 2369 1874 2422 aliorum

343 2468 611 2522 fructuosa
643 2467 759 2519 aliis
778 2465 954 2526 efﬁcit,
982 2463 1119 2517 sicut
1146 2463 1198 2515 in
1222 2460 1471 2529 praesenti
1500 2460 1687 2512 delicta
1712 2456 1876 2512 Israel

348 2556 564 2611 divitias
609 2555 788 2608 mundi
824 2553 966 2615 facit,
1002 2560 1056 2605 et
1090 2551 1490 2604 diminutionem
1523 2563 1707 2602 eorum
1740 2547 1877 2599 divi-

349 2649 450 2698 tias
488 2646 742 2713 gentium.
787 2641 900 2695 .latu
944 2653 1069 2693 sane
1108 2638 1150 2692 si
1183 2650 1235 2692 et
1283 2654 1346 2693 ex
1383 2639 1620 2707 gentium
1670 2636 1877 2691 delictis

348 2750 466 2801 qua:
511 2735 810 2787 necessario
840 2731 1170 2798 delinquunt,
1207 2728 1308 2781 tale
1340 2727 1536 2795 aliquid
1574 2726 1730 2779 faciat
1759 2742 1875 2778 ont-

346 2825 491 2876 nium
505 2823 855 2890 dispensator,
876 2832 928 2873 et
947 2819 1214 2886 aliquibus
1227 2833 1289 2870 ex
1307 2817 1380 2869 eis
1394 2817 1603 2868 divitias
1618 2815 1875 2880 conferat,

348 2908 415 2965 ne
443 2912 538 2965 hoc
582 2913 731 2979 quasi
763 2910 988 2979 speciale
1012 2908 1176 2960 solius
1213 2907 1373 2959 Israel
1406 2905 1567 2958 fuisse
1600 2905 1873 2970 videatur,

349 2999 440 3052 sed
480 3001 701 3067 aequitas
743 2999 877 3065 apud
919 2996 1119 3062 justum
1162 3002 1214 3047 et
1258 2993 1452 3046 bonum
1504 2993 1668 3047 Deum
1720 3007 1877 3059 super

348 3084 594 3143 omnibus
634 3087 909 3148 habeatur,
943 3085 1101 3138 etiam
1151 3092 1203 3135 tu
1249 3084 1382 3150 apud
1407 3082 1750 3150 ,temetipsum
1790 3082 1882 3149 qui

348 3178 501 3247 legis,
534 3178 791 3244 requirilo
819 3175 950 3246 (5|).

419 3268 505 3320 ID.
541 3285 560 3317 ι
594 3266 749 3319 Vobis
779 3265 916 3318 enim
944 3264 1062 3316 dico
1092 3263 1335 3330 gentibus
1364 3277 1376 3311 :
1406 3261 1646 3326 Quamliu
1670 3260 1881 3328 quidem

351 3372 449 3425 ego
473 3372 588 3408 sum
624 3356 887 3423 apostolus
914 3353 1164 3422 gentium,
1204 3351 1552 3404 ministerium
1606 3365 1777 3403 meum
1817 3350 1882 3401 il-

357 3443 614 3506 lustrabo,
639 3444 679 3496 si
697 3457 799 3510 quo
849 3442 1003 3493 modo
1024 3441 1073 3491 in
1088 3438 1472 3491 cumulationem
1487 3436 1881 3506 immittam(5‘2)

352 3549 564 3587 carnem
595 3549 787 3597 meam,
819 3542 873 3584 et
894 3532 1066 3583 salvos
1097 3528 1290 3581 faciam
1320 3528 1529 3596 aliquos
1556 3542 1620 3579 ex
1652 3528 1774 3580 illis.
1822 3526 1879 3580 Si

351 3625 494 3677 cnim
521 3622 737 3675 amissio
776 3636 957 3674 eorum
1003 3617 1367 3671 reconciliatio
1409 3627 1488 3669 est
1527 3618 1726 3679 mundi,
1764 3633 1882 3684 qua:

354 3722 434 3767 est
464 3711 777 3780 assumptio,
819 3711 919 3763 nisi
952 3709 1059 3762 vita
1084 3723 1149 3760 ex
1187 3707 1496 3761 mortuis"?
1523 3725 1540 3757 ι
1567 3707 1715 3759 Sicut
1743 3720 1882 3773 saepe

354 3803 749 3858 observavimus
801 3802 850 3853 in
900 3802 998 3854 hac
1052 3798 1282 3868 Epistula
1338 3798 1554 3853 Paulum
1597 3798 1880 3865 aliquando

356 3908 451 3960 pro
479 3891 689 3952 Judaeis,
718 3890 999 3957 aliquando
1037 3904 1135 3956 pro
1167 3887 1436 3955 gentibus,
1467 3887 1728 3939 interdum
1758 3900 1881 3937 vero

355 3983 419 4035 ad
453 3983 672 4034 alterum
707 3979 915 4037 horum,
954 3977 1035 4031 vel
1070 3976 1134 4029 ad
1162 3988 1443 4041 utrumque
1477 3975 1650 4026 facere
1678 3987 1881 4025 sermo-

357 4083 493 4130 nem,
532 4069 666 4121 sicut
687 4082 805 4120 cum
833 4066 1064 4127 dicebat,
1091 4082 1110 4114 ι
1148 4065 1201 4116 Si
1233 4074 1406 4116 autem
1461 4072 1513 4115 tu
1543 4061 1758 4114 Julianus
1788 4076 1879 4112 co-

358 4158 680 4224 gnominaris
708 4156 823 4241 ³⁸ηι
864 4154 1015 4221 quasi
1046 4154 1109 4204 ad
1144 4152 1380 4205 Judaeum
1420 4152 1667 4215 loquens:
1698 4158 1751 4200 et
1782 4149 1879 4200 ite-

356 4262 495 4308 rum,
524 4264 542 4295 ι
577 4244 755 4297 Iudaeo
780 4237 1034 4311 primum,
1075 4253 1128 4296 et
1155 4241 1341 4295 Grznco
1362 4242 1427 4301 ",
1465 4258 1483 4290 ι
1526 4242 1741 4308 loquens
1769 4237 1878 4305 (53)

1972 1838 2089 1904 post
2112 1829 2312 1881 exitum
2344 1842 2506 1880 suum
2538 1841 2646 1878 non
2670 1826 2867 1879 solum
2905 1824 3250 1893 gentium,
3272 1823 3384 1874 sed
3409 1831 3468 1873 et
3494 1818 3700 1871 Israelio

1974 1928 2167 1980 tarum,
2199 1926 2252 1971 et
2284 1916 2517 1969 aliorum
2550 1916 2820 1967 fortassis
2858 1913 3334 1977 invisibiliutn,
3369 1910 3451 1964 ibi
3484 1909 3577 1962 ubi
3611 1909 3694 1962 be-

1972 2010 2223 2061 nedicunt
2255 2008 2490 2074 spiritus
2523 2016 2578 2059 et
2607 2006 2821 2062 animm
2871 2006 3227 2074 justorum
3293 2000 3693 2061 Dominum“,

1973 2097 2227 2167 hymnum
2259 2096 2469 2159 dicunt,
2519 2103 2575 2148 et
2616 2094 3109 2162 superexaltant
3162 2108 3318 2147 eum
3364 2094 3426 2146 in
3463 2090 3698 2145 saecula?

1972 2187 2052 2238 An
2072 2186 2247 2251 potius
2270 2184 2598 2252 simpliciter
2627 2186 2854 2238 dictum
2887 2182 3031 2254 (54)
3055 2183 3383 2238 debemus
3413 2184 3694 2250 accipere,

1979 2292 1997 2324 ι
2032 2275 2276 2340 Quandiu
2308 2289 2408 2341 ego
2457 2289 2579 2326 sum
2641 2274 2968 2341 apostolus
3039 2274 3385 2342 gentium,
3421 2291 3444 2324 ι
3476 2272 3621 2325 sicut
3647 2281 3696 2324 et

1975 2365 2228 2419 Dominus
2254 2365 2319 2417 ad
2347 2364 2631 2432 apostolos
2654 2365 2799 2417 dicit
2824 2380 2841 2416 :
2877 2384 2899 2418 ι
2945 2365 3028 2417 Et
3066 2381 3231 2421 ecce
3256 2380 3378 2433 ego
3411 2364 3695 2421 vobiscqu

1974 2473 2091 2512 sum
2109 2457 2354 2509 omnibus
2370 2456 2586 2519 diebus,
2619 2471 2805 2522 usque
2827 2457 2907 2509 ad
2937 2456 3572 2510 consummationem
3598 2470 3694 2508 sa:—

1974 2548 2077 2602 culi
2105 2548 2188 2615 “_?
2216 2566 2234 2597 ι
2272 2562 2376 2600 non
2405 2547 2550 2615 quod
2603 2547 2764 2599 dicat
2787 2561 2856 2599 se
2904 2554 3064 2614 post
3102 2547 3691 2601 consummationem

1974 2638 2150 2692 seculi
2195 2652 2299 2691 non
2328 2636 2570 2690 futurum
2603 2652 2733 2689 cum
2767 2637 2888 2699 eis,
2926 2639 3050 2691 sed
3095 2649 3170 2692 ut
3234 2640 3590 2692 ostenderet
3639 2652 3694 2689 se

1976 2744 2245 2795 nunquam
2274 2728 2342 2780 ab
2383 2728 2466 2781 eis
2515 2728 2961 2792 discessurum,
3001 2748 3025 2779 α
3083 2746 3301 2798 usque
3338 2731 3414 2783 ad
3446 2745 3695 2783 consum-

1979 2819 2270 2872 mationem
2302 2817 2483 2871 Steculi
2522 2836 2541 2871 ι
2573 2819 2763 2882 dixit;
2798 2819 2884 2871 ita
2924 2830 2999 2873 et
3049 2822 3431 2886 Apostolus,
3470 2839 3490 2872 ι
3529 2823 3702 2883 Quan-

1977 2908 2065 2961 diu
2092 2922 2189 2973 ego
2216 2922 2333 2959 sum
2362 2907 2670 2973 apostolus,
2720 2926 2740 2961 t
2778 2909 3029 2963 dixisse
3083 2911 3227 2980 (55)
3258 2927 3376 2979 pro
3411 2927 3622 2979 semper
3642 2921 3693 2963 et

1979 2999 2088 3051 sine
2111 2997 2233 3067 ﬁne.
2277 2997 2405 3063 Quae
2436 3005 2623 3051 autem
2663 3014 2735 3051 cx
2788 3010 3076 3070 utraque
3115 3004 3322 3071 recipi
3361 3005 3575 3056 debeat
3601 3018 3692 3056 ex-

1984 3088 2190 3156 positio,
2230 3088 2592 3156 relinquimus
2623 3089 2877 3155 legentis
2927 3092 3246 3146 arbitrio.
3305 3092 3499 3164 Igitur
3529 3108 3692 3162 quan-

1983 3179 2070 3230 diu
2098 3176 2372 3244 apostolus
2396 3187 2479 3229 est
2509 3177 2765 3244 gentium
2803 3178 3053 3233 Paulus
3094 3183 3525 3242 ministerium
3541 3198 3689 3237 suum

1984 3264 2254 3317 illustrare
2290 3279 2350 3318 se
2383 3264 2515 3318 dicit
2555 3280 2573 3319 :
2618 3275 2675 3319 et
2712 3268 2864 3334 quid
2915 3281 3055 3324 tam
3100 3274 3402 3344 dignum,
3446 3281 3691 3343 quamet

1982 3354 2344 3422 unusquisque
2375 3354 2747 3409 ministerium
2779 3372 2966 3411 suum
3007 3362 3179 3430 (56),
3216 3365 3391 3431 quod
3441 3379 3547 3433 per
3600 3363 3685 3416 Dei

1983 3442 2371 3509 providentiam
2407 3444 2655 3512 suscipit,
2697 3449 3010 3502 exornet?
3058 3449 3365 3506 Exornat
3425 3456 3691 3507 autemet

1982 3527 2215 3582 illustrat
2241 3529 2606 3583 ministerium
2659 3546 2858 3598 suum,
2926 3537 3048 3605 qui
3128 3542 3300 3595 bene
3373 3542 3690 3603 ministrat,

1981 3618 2116 3671 sicut
2148 3620 2457 3672 econtrario
2506 3621 2851 3676 dehonestat
2917 3628 3381 3684 ministerium
3417 3646 3606 3694 suum,
3641 3639 3692 3684 et

1981 3707 2213 3760 notabile
2236 3707 2384 3771 facit,
2419 3709 2589 3780 636
2612 3712 2704 3778 qui
2736 3714 3147 3785 negligenter
3184 3732 3252 3776 et
3293 3724 3545 3793 indigne
3590 3724 3686 3775 mi-

1981 3799 2314 3854 nistraverit.
2368 3799 2528 3853 Verbi
2584 3816 2781 3867 causa,
2839 3805 2904 3858 in
2978 3811 3366 3867 ministerio
3403 3812 3692 3869 Ecclesiae

1985 3905 2003 3937 ι
2034 3888 2313 3951 diaconus,
2350 3888 2550 3956 inquit,
2586 3893 2684 3959 qui
2734 3894 2891 3949 bene
2928 3899 3448 3969 ministraverit,
3491 3903 3687 3958 bonum

1980 3973 2207 4039 gradum
2257 3973 2360 4027 sibi
2393 3976 2656 4043 acquirit,
2710 3989 2768 4032 et
2818 3982 3092 4041 multam
3164 3991 3468 4047 ﬁduciam
3498 3993 3556 4047 in
3594 3992 3691 4044 fide

1979 4057 2105 4113 Jesu
2138 4062 2338 4115 Christi
2361 4062 2427 4115 ”.
2466 4083 2485 4115 ›
2528 4065 2587 4119 Si
2621 4082 2754 4120 vero
2782 4085 2908 4125 non
2968 4076 3145 4131 bene
3211 4082 3687 4148 ministraverit;

1980 4150 2081 4239 hoc
2115 4160 2219 4211 est,
2251 4153 2295 4204 si
2320 4167 2424 4205 non
2442 4168 2501 4206 se
2526 4155 2693 4208 talem
2728 4161 3097 4220 exhibuerit
3124 4172 3391 4239 qualem
3424 4174 3691 4228 describit

1977 4238 2264 4306 Apostolus
2296 4240 2362 4305 “,
2417 4258 2670 4311 gravem,
2729 4264 2845 4303 non
2894 4238 3295 4327 hil-inguen),
3357 4278 3481 4317 non
3524 4264 3690 4317 multo

358 4335 506 4398 quasi
530 4335 594 4384 ad
618 4344 926 4399 utrumque;
960 4334 1030 4383 ita
1061 4347 1199 4419 nunc
1220 4345 1345 4419 vero
1370 4338 1552 4419 ain-rte
1587 4330 1650 4379 ad
1673 4337 1878 4419 gentes,
1912 4344 1953 4397 ι)
1984 4327 2112 4419 vino
2161 4330 2398 4384 deditum
2420 4371 2436 4396 ,
2477 4350 2588 4388 non
2640 4340 2823 4406 turpis
2862 4342 3025 4399 lucri
3066 4355 3498 4419 appetitorem
3521 4394 3537 4419 ,
3598 4356 3686 4408 seJ

361 4419 459 4471 hoc
484 4428 565 4472 est
589 4420 653 4472 ad
684 4433 775 4471 eos
805 4420 1032 4471 maxime
1055 4419 1143 4484 qui
1182 4418 1233 4469 in
1264 4418 1393 4469 urbe
1424 4416 1589 4467 [torua
1616 4430 1678 4466 ex
1713 4415 1883 4481 genti-

427 4578 471 4608 ⁸⁸
496 4576 648 4630 Rom.
674 4590 754 4635 λιι,
787 4574 874 4630 25.
947 4576 988 4606 ⁸’
1022 4575 1148 4627 ibid.
1177 4575 1240 4626 15
1266 4588 1411 4639 seqq.

360 4647 404 4677 “
436 4645 619 4699 Matth.
647 4658 835 4707 xxvm,
863 4642 959 4697 '20.
1032 4643 1077 4674 "
1106 4644 1121 4695 l
1148 4642 1285 4695 Tim.
1322 4640 1403 4703 ni,
1430 4640 1513 4693 t5.
1573 4640 1760 4691 “ibid.
1792 4641 1845 4693 8.

431 4798 539 4921 g7)
580 4800 671 4854 Sic
704 4817 803 4882 ms.
822 4803 1029 4885 .Ilegius
1056 4801 1371 4883 numerosa.
1393 4789 1578 4851 Cteteri
1601 4803 1724 4844 vero
1741 4806 1894 4854 mss.

431 4889 437 4921 |
480 4884 608 4921 anus
642 4879 693 4921 et
711 4873 858 4921 editi.
889 4892 906 4921 ι
952 4873 1070 4921 Haec
1101 4872 1396 4921 tlllltlllllllt).
1428 4888 1447 4920 ι
1479 4879 1579 4921 ctc.

363 4870 608 4922 [tabanus
642 4879 693 4923 et
711 4872 858 4933 editi,
889 4892 906 4923 ι
952 4873 1070 4927 Haec
1101 4872 1396 4932 diminutio,
1428 4888 1447 4920 ι
1479 4879 1579 4922 ctc.

430 4937 753 5016 (4§)_Editi,
789 4958 813 4995 ιν
848 4956 986 5016 qum,
1025 4959 1043 4991 ι
1079 4950 1167 5016 et,_
1195 4958 1212 4989 ι
1259 4939 1345 5016 qui
1403 4953 1496 5005 per
1545 4934 1702 4988 ﬁdem
1756 4948 1883 5003 pars

367 5005 573 5076 Domini
594 5005 796 5076 effecta
825 5005 945 5061 sunt
977 5009 1254 5061 Iucreditas
1278 5008 1412 5076 ejus.
1449 5025 1467 5056 ι

434 5071 540 5207 (49ζ
579 5074 742 5134 Alias,
774 5092 794 5125 ι
833 5077 1043 5130 dicitur.
1071 5095 1090 5128 ι

574 5139 706 5207 ξ]ύίιί
730 5152 781 5196 et
808 5142 1081 5206 Rabanns,

574 5139 706 5211 ξ]ύίιί
730 5152 781 5196 et
808 5142 1081 5206 Rabauns,
1114 5161 1133 5194 ‹
1166 5142 1444 5211 compleat,
1478 5160 1497 5194 ι
1525 5140 1684 5211 male.

390 5268 401 5282 .
437 5204 542 5285 (51'?
575 5205 817 5285 Itaniss.
839 5212 975 5265 Editi
1009 5204 1153 5285 vero,
1185 5229 1205 5285 ι
1243 5204 1356 5285 {sint
1391 5204 1519 5264 sane
1547 5210 1633 5285 flet
1660 5224 1724 5285 ett
1751 5222 1882 5285 gen-

369 5273 711 5353 titttntlelictis
727 5273 1161 5353 quzenecessario
1176 5278 1505 5353 delinquunt,
1523 5279 1629 5331 tale
1645 5273 1845 5353 aliquid
1865 5291 1878 5328 :

368 5343 594 5412 «nimium
627 5343 768 5413 enim
802 5346 1155 5412 diSpensator,
1188 5360 1239 5400 et
1289 5343 1555 5413 aliquibus
1582 5358 1647 5400 ex
1680 5343 1877 5413 eisgdi-

367 5408 1001 5489 tias‘eottfertfmejtoc
1030 5408 1177 5482 quasi
1197 5408 1429 5489 spiritale
1444 5416 1608 5469 solius
1631 5410 1877 5489 Israel-u-

373 5478 741 5558 tst'anreqttirea
760 5478 1387 5558 Ms._ﬂegitts__tittin.'1659
1404 5495 1682 5558 perperam
1703 5480 1876 5558 habet.

371 5549 407 5605 ιν
432 5545 532 5584 ιωιι
568 5545 704 5612 ιιιιίιι⁴
735 5545 977 5610 specialis
1023 5551 1156 5605 alius
1208 5551 1365 5606 Israel
1397 5545 1562 5606 fuisse
1599 5550 1871 5609 videatur;

1507 4570 1551 4602 ιε
1572 4571 1737 4655 ﬁnit)...
1764 4586 1823 4655 rt,
1862 4571 1947 4624 I7.
2023 4573 2066 4606 "
2092 4574 2246 4629 Rom.
2288 4593 2324 4640 l,
2350 4579 2440 4633 16.
2514 4581 2562 4613 ⁸⁵
2591 4583 2943 4655 Maltinxxv,
2972 4592 3081 4648 2'5.

1984 4416 2270 4472 habentem
2311 4424 2635 4490 mysterium
2666 4429 2797 4484 tidei
2849 4433 2912 4487 in
2941 4416 3355 4499 conscientia
3383 4416 3687 4516 puratnon

3203 4600 3257 4633 “
3294 4603 3453 4658 Dan.
3490 4620 3573 4667 ut,
3596 4602 3685 4663 86.

1979 4799 2110 4864 sed;
2148 4817 2167 4850 ι
2199 4808 2394 4854 caetera
2429 4817 2563 4857 vero
2594 4816 2657 4859 ut
2690 4808 2747 4861 in
2783 4818 2973 4865 textu.

1993 4867 2891 5005 ...Eiilfgltazstr":iis?”'
2921 4897 2972 4938 ει
3168 4895 3368 4947 modo
3402 4895 3478 4948 ἀ

2056 5004 2633 5097 ςέξὸλιίιξεζιιξηδλιιθο
2682 5033 2804 5097 ἰιοιι
2858 5028 2915 5073 et
2971 5023 3154 5090 paulo
3221 5016 3374 5097 post
3436 5034 3545 5096 ita,
3596 5033 3681 5088 de.

1982 5075 2199 5158 “9&1”
2221 5076 2424 5158 editis,
2459 5089 2524 5158 es.
2547 5083 2937 5158 umerisque
2974 5073 3147 5146 ῖιίεξῖ
3221 5073 3374 5097 ν’·

2206 5142 2452 5223 Pictum.
2492 5140 2949 5213 Desideratui‘in
2976 5140 3152 5215 $5133
3189 5167 3411 5223 editis.

2053 5210 2166 5305 (E5)
2197 5210 2497 5305 ‘S‘jgnmss‘,
2521 5230 2581 5305 et
2608 5210 2797 5305 editio
2823 5210 3291 5305 ἠέιὶὶεῐᾱζιῐιξῖῖέ
3303 5210 3445 5292 ἶπίἳιι
3470 5238 3676 5305 Regius

1984 5281 2339 5372 €39
2396 5286 2625 5372 habet“:
2666 5281 2824 5372 dixit
3044 5281 3444 5359 illis

1980 5358 2110 5466 ἓξὲξ)
2140 5349 2300 5415 editi.
2339 5372 2360 5404 ί
2402 5360 2599 5415 saeculi
2629 5378 2646 5416 :
2681 5349 3018 5426 dicaturrita
3050 5349 3668 5442 etvxp'dsvt'oln;

2098 5431 2208 5479 sse,
2250 5438 2269 5471 ι
2299 5432 2412 5479 etc.

2193 5458 2208 5482 9
2250 5458 2268 5471 ⁷
2299 5458 2412 5480 νιιι.

1980 5484 2167 5610 iurgii)
2208 5486 2408 5551 Suum.
2465 5496 2644 5561 Deest
2697 5507 2762 5565 in
2821 5511 2979 5570 libris
3014 5520 3173 5569 antea
3229 5514 3419 5571 editis
3456 5516 3556 5573 hic
3613 5523 3666 5573 et
