3894 6218
288 246 445 314 1189

1196 267 1541 323 COMMENT.
1582 267 1648 324 IN
1686 266 1899 324 EPIST.
1935 267 2026 323 AD
2062 270 2231 327 ROM.
2264 271 2390 329 LIB.
2426 270 2562 325 VIII.

3305 269 3447 327 1100

278 373 403 442 jam
450 379 646 432 bonum
677 376 1049 455 gradum,.sed
1079 383 1265 436 malam
1306 384 1406 438 sibi
1436 397 1650 451 poenam
1698 400 1825 439 con-
1851 393 1897 451 Α
1931 402 1951 436 ‹
1977 399 2134 452 opera
2174 403 2193 434 ι
2223 385 2335 453 ejus
2360 403 2378 436 ι
2398 384 2566 446 bona,
2619 379 2954 449 magnificent
2998 379 3212 436 Patrem
3264 385 3357 451 qui
3387 387 3444 439 in

280 465 468 530 quirit
490 463 623 534 (57),
654 475 899 534 tanquam
926 470 1015 536 qui
1036 471 1403 524 contumeliam
1426 471 1611 526 fecerit
1637 475 1817 527 divino

284 552 625 607 ministerio.
656 551 909 608 Similiter
934 565 1107 611 autem
1140 565 1191 610 et
1233 557 1321 623 qui
1351 558 1662 628 presbyterii
1694 575 1819 626 gra-

280 639 426 693 dum
457 644 682 709 suscipit
707 646 760 697 in
793 644 1051 710 Ecclesia,
1075 646 1207 700 satis
1229 654 1351 713 agat
1376 647 1642 700 illustrare
1674 649 1821 702 mini-

279 731 521 782 sterium
558 733 892 801 presbyterii.
926 735 1004 788 Ad
1040 737 1207 803 ipsum
1257 735 1398 788 enim
1452 735 1719 801 pertinent
1765 746 1820 791 et

278 815 377 868 illa
416 832 537 884 quae
579 821 644 873 de
678 823 1001 892 presbyteris
1044 826 1109 878 ad
1150 823 1322 878 Titum
1372 827 1557 881 scribit
1593 827 1818 893 Aposto-

279 902 372 958 lus
401 904 452 937 "
491 923 505 958 :
538 916 599 961 et
625 923 684 961 ea
715 925 830 976 qua:
857 909 1022 965 Isaias
1072 913 1277 978 scribit,
1305 928 1423 966 cum
1453 914 1617 967 dicit:
1656 931 1675 964 ί
1703 914 1819 983 Ipse

278 992 556 1048 Dominus
586 998 637 1049 in
656 998 859 1066 judicio
889 997 998 1067 (58)
1019 1001 1192 1054 veniet
1220 1016 1336 1054 cum
1376 1002 1701 1068 presbyteris
1725 1016 1820 1069 pos

276 1085 423 1150 puli,
458 1094 514 1138 et
534 1102 656 1140 cum
679 1088 999 1156 principibus
1015 1090 1124 1158 ejus
1147 1090 1496 1154 iudicabitur;
1522 1111 1542 1143 ι
1572 1091 1815 1157 θιθίωὶιε

283 1191 304 1223 1
336 1172 457 1227 Vos
490 1185 667 1229 autem
709 1180 894 1245 utquid
933 1180 1249 1233 succenditis
1306 1179 1511 1232 vineam
1542 1193 1732 1242 meam,
1764 1194 1818 1231 et

275 1264 526 1332 direptio
555 1279 842 1334 pauperum
867 1267 920 1320 in
951 1267 1190 1322 domibus
1230 1268 1421 1321 vestris
1452 1268 1567 1321 est?
1596 1266 1661 1321 Ut
1692 1267 1816 1336 quid

272 1352 545 1418 injuriam
580 1353 754 1406 facitis
782 1354 969 1421 populo
997 1368 1139 1418 meo,
1165 1362 1220 1406 et
1242 1369 1496 1421 personas
1525 1369 1814 1423 pauperum

271 1443 624 1497 confunditis
649 1444 728 1497 ιιι
763 1462 781 1494 ι
806 1444 1103 1498 Secundum
1136 1444 1247 1497 haec
1267 1454 1440 1497 autem
1464 1455 1511 1498 et
1536 1445 1816 1509 episcopus

270 1532 528 1586 illustrat
554 1533 909 1586 ministerium
944 1547 1098 1587 suum
1129 1532 1183 1584 in
1207 1532 1533 1600 episcopatu,
1568 1533 1610 1585 si
1640 1532 1708 1584 sit
1732 1546 1811 1584 se-

269 1622 524 1675 cundum
575 1622 711 1688 quod
746 1621 1001 1675 describit
1026 1621 1306 1687 Apostolus
1332 1620 1397 1683 ‘7,
1435 1620 1813 1686 irreprehensi-

1917 473 2065 527 ctelis
2091 482 2173 526 est
2200 474 2267 523 ".
2303 492 2322 524 ι
2358 473 2466 527 Hoc
2488 473 2629 527 enim
2663 469 2958 524 faciebatet
2975 468 3171 524 Paulus
3197 470 3444 527 docendo

1915 568 2118 628 gentes,
2150 575 2375 625 quorum
2402 569 2518 614 erat
2548 558 2835 628 apostolus,
2867 565 2921 611 et
2970 556 3299 621 instruendo,
3355 560 3438 612 in-

1918 650 2100 702 firmos
2123 647 2464 717 "olere|(62),
2496 647 2740 718 parvulos
2756 647 3086 714 lactelalendo
3119 647 3185 711 “,
3213 649 3443 705 robustis

1914 738 2188 792 fortiorem
2205 737 2350 791 verbi
2375 737 2547 790 cibum
2566 735 2865 805 praebendo,
2893 747 3158 801 errantes,
3183 746 3238 791 et
3258 738 3310 791 in
3336 738 3439 791 fide

1916 826 2226 889 titubantes,
2262 840 2324 879 ac
2353 824 2495 877 velut
2525 824 2578 877 in
2643 824 2935 878 abortivum
2985 825 3249 892 quoddam
3279 826 3438 879 reda-

1913 924 2026 970 ctos
2046 915 2156 984 (63)
2186 925 2425 969 materno
2444 913 2637 967 affectu
2659 928 2867 967 rursum
2891 914 3249 981 parturiendo,
3272 914 3439 967 donec

1912 1004 2154 1060 Christus
2186 1004 2506 1057 formaretur
2539 1002 2647 1071 (61)
2684 1003 2735 1055 in
2766 1005 2844 1058 eis
2868 1004 2913 1035 "
2942 1021 2955 1055 :
2985 1012 3038 1056 et
3069 1018 3163 1069 per
3183 1002 3297 1055 haec
3322 1018 3465 1071 θαι-ρ

1914 1107 1997 1145 nia
2053 1092 2369 1146 illustrando
2414 1090 2769 1144 ministerium
2821 1090 3149 1160 apostolatus
3200 1092 3316 1155 sui,
3381 1066 3475 1146 ini

1911 1180 2297 1234 aemulationem
2346 1181 2464 1233 lidei
2498 1186 2550 1233 et
2598 1179 2768 1233 zelum
2818 1181 2966 1234 bona:
3017 1183 3439 1237 conversationis

1913 1268 2203 1322 adducebat
2224 1283 2438 1323 carnem
2462 1283 2611 1321 suam
2637 1268 2776 1336 (65),
2812 1268 2867 1322 id
2887 1278 2988 1332 est,
3012 1271 3303 1323 secundum
3327 1287 3443 1324 car-

1913 1373 2032 1411 nem
2061 1367 2351 1423 coguatos;
2383 1364 2439 1410 ut
2469 1357 2511 1410 si
2550 1372 2650 1409 non
2675 1370 2882 1418 omnes,
2906 1356 3112 1424 aliquos
3134 1366 3306 1411 tamen
3330 1359 3441 1411 sal-

1911 1459 2004 1498 vos
2030 1443 2233 1499 faceret
2261 1459 2325 1498 ex
2354 1446 2475 1499 illis.
2514 1447 2604 1499 Sic
2623 1459 2751 1512 ergo
2775 1446 2896 1496 dum
2923 1445 3225 1513 pervigilem
3248 1460 3430 1499 curam

1910 1540 1962 1585 et
2005 1532 2180 1601 jugem
2232 1533 2640 1588 sollicitudinem
2685 1548 2812 1602 erga
2861 1534 3155 1587 doctrinam
3200 1535 3434 1604 gentium

1912 1622 2067 1689 gerit,
2101 1632 2153 1675 et
2177 1626 2627 1678 conversationem
2650 1638 2833 1677 eorum
2865 1638 2928 1677 ac
2956 1624 3116 1676 vitam
3144 1624 3296 1678 valde
3318 1639 3437 1692 pro-

269 1711 430 1772 bilis,
461 1710 706 1777 vigilans,
735 1709 982 1777 prudens,
1006 1716 1250 1773 ornatus,
1287 1706 1582 1775 hospitalis,
1610 1707 1810 1770 doctor,
1844 1691 1886 1745 Β
1912 1709 2134 1762 habilem
2164 1711 2312 1775 facit,
2347 1711 2584 1766 videntes
2622 1713 2733 1775 haec
2755 1711 3018 1766 lsraelitas
3042 1710 3149 1783 (66)
3171 1713 3257 1781 qui
3282 1691 3437 1767 erant

267 1813 390 1851 non
419 1798 739 1863 vinolentus,
773 1812 876 1851 non
913 1810 1209 1865 percussor,
1260 1795 1351 1849 sed
1379 1795 1671 1856 modestus;
1704 1809 1808 1846 non

267 1884 572 1950 litigiosus,
605 1900 707 1938 non
735 1899 945 1950 avarus,
979 1885 1189 1937 domum
1232 1898 1380 1937 suam
1423 1883 1556 1936 bene
1604 1897 1808 1950 regens,

265 1973 425 2027 filios
449 1974 657 2027 habens
686 1972 736 2025 in
769 1973 1024 2040 obsequio
1068 1987 1185 2026 cum
1216 1972 1358 2025 omni
1394 1972 1675 2040 gravitate,
1702 1988 1809 2024 non

263 2062 459 2116 elatus
480 2062 752 2129 superbia,
786 2075 851 2115 ne
876 2062 928 2114 in
955 2060 1212 2129 judicium
1242 2060 1440 2113 incidat
1468 2060 1682 2113 diaboli.
1710 2059 1811 2125 Qui

265 2152 408 2205 talis
428 2163 533 2213 est,
568 2151 802 2204 illustrat
826 2150 1179 2203 ministerium
1229 2150 1563 2216 episcOpatus
1597 2149 1699 2211 sui,
1744 2159 1804 2202 ut

261 2249 325 2294 et
358 2241 481 2306 ipso
509 2240 694 2292 audiat
718 2255 734 2293 :
757 2257 776 2290 ι
810 2240 969 2307 Euge,
995 2251 1149 2292 serve
1178 2238 1313 2291 bone
1339 2247 1392 2290 et
1423 2236 1626 2301 fidelis;
1651 2252 1810 2304 super

261 2342 453 2395 pauca
486 2326 635 2381 fuisti
659 2326 858 2389 ﬁdelis,
884 2339 1041 2392 super
1069 2325 1229 2378 multa
1255 2335 1306 2380 te
1336 2326 1651 2379 constituam
1681 2325 1743 2378 ⁸⁸.
1784 2343 1804 2377 ι

264 2418 548 2471 Similiter
576 2424 755 2469 autem
784 2424 837 2469 et
864 2417 1019 2469 vidua
1041 2416 1085 2448 δ’
1112 2415 1156 2468 si
1186 2422 1491 2482 permaneat
1517 2415 1569 2468 in
1617 2416 1810 2468 oratio-

261 2507 440 2559 nibus
466 2518 522 2561 et
552 2504 1012 2559 obsecrationibus
1046 2514 1199 2558 nocte
1221 2519 1283 2557 ac
1322 2504 1424 2569 die,
1459 2504 1685 2557 illustrat
1713 2506 1810 2558 mi-

261 2594 561 2648 nisterium
592 2593 872 2647 viduitatis
901 2610 1027 2647 suae.
1082 2592 1138 2646 Si
1173 2608 1300 2645 vero
1329 2584 1397 2646 sit
1427 2593 1547 2647 talis
1595 2592 1803 2660 qualem

257 2685 565 2754 Apostolus
593 2693 738 2737 notat
761 2685 830 2747 ⁵⁸³,
863 2684 1050 2746 otiosa,
1077 2691 1131 2736 et
1164 2683 1404 2747 verbosa,
1428 2695 1480 2737 et
1511 2698 1612 2736 non
1642 2683 1806 2737 solum

258 2776 527 2837 verbosa,
561 2775 655 2828 sed
678 2783 731 2826 et
752 2774 984 2835 curiosa,
1012 2773 1230 2841 loquens
1266 2788 1381 2840 quae
1413 2788 1515 2826 non
1567 2783 1802 2841 oportet;

256 2875 367 2921 aut.
396 2867 472 2920 sit
516 2866 569 2918 in
599 2862 805 2918 deliciis
832 2864 1027 2932 degens
1076 2862 1213 2932 (59),
1259 2872 1314 2915 et
1354 2863 1534 2916 vivens
1564 2874 1803 2926 mortua;

255 2957 388 3011 hac
421 2954 798 3014 dehonoravit,
823 2960 875 3005 et
899 2966 1000 3004 non
1034 2950 1318 3004 illustravit
1341 2952 1695 3005 ministerium
1727 2953 1805 3005 vi-
1834 2994 1859 3014 ,.

255 3044 499 3099 duitatis
530 3057 660 3095 suae.
690 3040 887 3094 Eodem
920 3042 1074 3092 modo
1105 3038 1269 3091 etiam
1300 3038 1450 3105 virgo
1493 3048 1800 3092 consecrata

255 3133 380 3188 Deo
430 3131 666 3185 illustrat
716 3128 1064 3181 ministerium
1098 3126 1417 3194 virginitatis
1462 3141 1601 3189 suae,
1636 3126 1680 3179 si
1735 3127 1805 3180 sit

251 3228 460 3274 sancta
494 3228 721 3284 corpore
753 3223 806 3268 et
837 3215 1043 3281 spiritu,
1067 3222 1244 3267 etnon
1272 3213 1459 3279 cogitet
1489 3227 1604 3279 quae
1628 3212 1802 3266 homi-

249 3325 396 3365 num
433 3317 584 3369 sunt,
615 3306 707 3361 sed
729 3319 844 3372 qua:
878 3303 986 3364 Dei,
1018 3303 1278 3371 quomodo
1309 3302 1512 3370 placeat
1531 3302 1636 3355 Deo
1657 3299 1720 3354 ".
1743 3300 1801 3355 Si

250 3413 396 3452 vero
428 3397 588 3451 aliter
607 3402 747 3461 agat,
776 3407 878 3446 non
911 3392 1077 3447 solum
1110 3390 1220 3461 (60)
1253 3406 1359 3445 non
1387 3392 1620 3445 illustrat
1642 3392 1801 3444 mini-

256 3485 503 3540 sterium
535 3483 853 3551 virginitatis
897 3496 1038 3545 suae,
1087 3496 1183 3535 nec
1236 3481 1459 3534 illustrat
1506 3480 1796 3548 lampadem

246 3591 447 3637 suam,
494 3574 588 3627 sed
637 3572 937 3626 econtrario
982 3571 1156 3624 lumen
1196 3571 1309 3639 ejus
1347 3570 1718 3639 exstinguitur,
1747 3578 1799 3623 et

246 3666 501 3721 elﬁcitur
525 3679 627 3718 una
649 3663 715 3716 de
747 3660 1113 3728 insipientibus
1143 3660 1447 3729 virginibus.
1472 3658 1591 3713 Ilaec
1617 3660 1799 3713 eadem

248 3765 312 3810 et
338 3752 716 3820 unusquisque
734 3751 785 3804 in
811 3749 1044 3803 Ecclesia
1063 3749 1263 3816 positus
1291 3748 1426 3816 apud
1459 3749 1801 3814 semetipsum

250 3850 502 3910 reputet,
542 3848 598 3892 ut
630 3842 682 3892 in
731 3852 1044 3907 quocunque
1088 3837 1203 3890 loco
1252 3844 1376 3898 stat,
1411 3834 1522 3887 sive
1555 3836 1607 3887 in
1637 3837 1801 3898 clero,

241 3935 375 3987 sive
403 3932 460 3984 in
491 3930 669 3998 plebe,
699 3928 923 3980 illustret
966 3926 1311 3979 ministerium
1360 3926 1480 3977 lidei
1525 3923 1633 3993 (6|)
1668 3938 1798 3986 sine,

242 4032 313 4077 et
362 4019 504 4073 tales
531 4017 691 4071 faciat
715 4024 869 4068 actus
890 4028 1047 4079 suos,
1085 4032 1104 4064 ί
1146 4024 1201 4067 ιιι
1230 4015 1467 4067 videntes
1505 4032 1525 4065 ι
1559 4013 1802 4066 homines

347 4159 399 4191 "
425 4157 535 4211 Tit.
568 4171 608 4220 ι,
657 4153 688 4205 6
718 4168 830 4219 seq.
924 4154 970 4185 ⁸⁸
1000 4153 1120 4207 Isat.
1167 4168 1247 4212 tu.
1284 4154 1369 4218 14,
1417 4153 1500 4205 15.

553 4292 601 4324 ⁸⁸
632 4292 786 4344 ltom.
819 4306 892 4353 ιι,
917 4290 971 4344 5.
1041 4290 1085 4322 ⁵⁷
1189 4291 1230 4343 ll
1259 4291 1380 4343 Cor.
1408 4306 1458 4354 v,
1497 4289 1581 4353 I9,
1611 4289 1698 4342 20.

243 4312 334 4364 Iv,
366 4295 459 4350 19.

1599 4150 1841 4203 "lTim.
1876 4167 1956 4217 ιιι,
2001 4152 2035 4204 9.
2088 4168 2238 4216 seqq.

242 4229 300 4259 ⁸⁸
335 4228 476 4281 ibid.
530 4223 585 4281 6,
624 4222 707 4274 I3.
780 4221 873 4273 “I
916 4221 1035 4274 Cor.
1105 4236 1198 4281 vlt.
1254 4222 1341 4283 52,
1387 4221 1495 4275 55.‘
1546 4222 1591 4253 “
1639 4219 1826 4273 Matth.
1880 4236 1934 4284 v,
1971 4221 2056 4273 I6.
2130 4222 2348 4274 ⁵³110111.
2394 4220 2576 4282 xtv,‘2.

1914 1801 2122 1866 cognati
2155 1797 2272 1866 ejus
2297 1802 2582 1855 secundum
2604 1815 2813 1855 carnem
2845 1803 2913 1864 ⁵⁸,
2943 1802 3008 1854 ad
3035 1802 3322 1855 imitandos
3342 1816 3436 1855 eos

1907 1889 1996 1953 qui
2026 1889 2306 1955 proﬁciunt
2347 1890 2400 1942 in
2446 1890 2547 1942 lide
2579 1889 2668 1943 Dei
2701 1889 2912 1953 invitat,
2955 1899 3008 1943 et
3046 1900 3299 1957 provocat
3330 1908 3344 1943 :
3380 1899 3435 1943 et

1907 1985 1989 2030 est
2018 1977 2182 2045 gloria
2213 1978 2489 2033 ministerii
2522 1978 2634 2045 ejus
2663 1993 2781 2031 cum
2808 1995 2873 2031 ex
2902 1979 3203 2032 eruditione
3245 1994 3428 2033 eorum

1907 2065 2067 2117 etiam
2099 2066 2199 2119 illis
2225 2066 2491 2131 profectus
2516 2066 2624 2137 (67)
2648 2067 2955 2121 accesserit.
2979 2085 2996 2117 ι
3021 2066 3076 2119 Si
3099 2069 3237 2120 enim
3268 2068 3440 2120 amis-

1907 2154 1983 2207 sio
2013 2169 2193 2207 eorum
2242 2155 2598 2207 reconciliatio
2622 2167 2705 2208 est
2745 2156 2945 2214 mundi,
2979 2169 3095 2223 quae
3120 2165 3202 2209 est
3226 2170 3428 2208 assmu-

1909 2241 2038 2307 ptio,
2071 2242 2170 2293 nisi
2200 2243 2307 2293 vita
2336 2257 2399 2295 ex
2426 2242 2683 2296 mortuis?
2715 2260 2733 2291 ι
2768 2241 2878 2294 Hoc
2912 2243 3039 2295 mihi
3066 2244 3346 2297 ostendere
3376 2244 3431 2295 in

1907 2325 1990 2378 his
2024 2329 2356 2381 sermonibus
2408 2328 2617 2381 videtur
2664 2328 2963 2394 Apostolus,
3024 2330 3164 2397 quod
3221 2329 3430 2395 abiecto

1907 2414 2088 2479 Israel,
2127 2426 2180 2470 et
2215 2417 2279 2468 ad
2304 2426 2486 2483 gentes
2508 2418 2807 2471 necessario
2848 2418 3220 2486 praedicatione
3251 2429 3426 2472 trans-

1905 2504 2029 2568 lata,
2060 2507 2280 2558 mundus
2309 2505 2431 2577 (hoc
2479 2516 2578 2570 est,
2624 2509 2884 2562 universae
2918 2517 3101 2575 gentes
3131 2509 3282 2580 [68])
3338 2523 3424 2561 re-

1908 2595 2224 2648 conciliatus
2254 2606 2335 2649 est
2358 2595 2489 2659 Deo,
2522 2596 2807 2649 secundum
2838 2598 2975 2665 quod
3003 2598 3262 2665 scriptum
3292 2606 3373 2651 est
3401 2612 3415 2649 :

1912 2702 1930 2734 ι
1975 2684 2108 2750 Quia
2141 2685 2276 2737 Dens
2325 2694 2441 2738 erat
2471 2686 2521 2739 in
2553 2687 2766 2740 Christo
2796 2687 3046 2739 mundum
3076 2686 3431 2740 reconcilians

1905 2772 2024 2836 sibi,
2059 2786 2158 2822 non
2188 2779 2433 2837 reputans
2458 2773 2562 2825 illis
2590 2772 2780 2825 delicta
2825 2773 3057 2840 ipsorum
3086 2773 3165 2836 ⁵⁷;
3197 2791 3216 2824 ι
3246 2783 3299 2827 et
3323 2775 3426 2827 ite-

1908 2875 2018 2911 rum
2051 2859 2190 2911 sicut
2215 2857 2411 2913 Paulus
2434 2850 2565 2913 dicit
2595 2876 2608 2914 :
2648 2877 2666 2909 ι
2698 2859 2797 2926 Qui
2827 2861 3000 2928 posuit
3048 2861 3098 2912 in
3131 2860 3284 2912 nobis
3306 2876 3427 2913 ver-

1864 2996 1873 3016 ,
1907 2947 2025 2999 bum
2062 2946 2539 3010 reconciliationis;
2569 2963 2589 2997 ι
2636 2962 2731 3015 per
2752 2948 2891 3014 quod
2920 2948 3140 3000 verbum
3171 2947 3378 3001 dicebat
3407 2964 3423 2998 :

1911 3053 1930 3084 ί
1960 3034 2225 3104 Rogamus
2270 3050 2366 3102 pro
2415 3035 2650 3099 Christo,
2698 3034 3114 3088 reconciliamini
3158 3034 3280 3086 Deo.
3312 3054 3331 3086 ο
3364 3037 3423 3089 Si

1905 3139 2050 3192 ergo,
2084 3124 2270 3190 inquit,
2299 3121 2598 3176 Israelitica:
2620 3123 2789 3191 gentis
2817 3121 2970 3188 hujus
2992 3121 3217 3187 abjectio
3239 3138 3422 3177 recon«

1906 3213 2221 3264 ciliationem
2247 3212 2493 3279 praestitit
2526 3211 2739 3272 mundo,
2762 3212 2872 3266 etsi
2888 3220 3031 3264 tanta
3052 3212 3281 3282 fuiterga
3297 3227 3426 3280 gen-

1908 3309 2010 3366 tem
2043 3302 2192 3352 istam
2225 3300 2417 3365 gratia,
2449 3315 2564 3367 qute
2584 3299 2787 3353 sublata
2813 3298 2881 3352 ab
2908 3314 2968 3352 ea
2992 3299 3101 3368 (69)
3121 3300 3422 3353 universum

1905 3390 2155 3442 mundum
2186 3390 2291 3442 Deo
2314 3387 2954 3450 reconciliaresufticeret,
2981 3396 3235 3455 quantum
3266 3398 3441 3456 putas,

1902 3488 2024 3531 tunc
2043 3477 2327 3531 nterebitur
2348 3479 2590 3536 mundus.
2605 3491 2724 3530 cum
2745 3477 2903 3529 etiam
2925 3490 3054 3544 gens
3070 3477 3169 3529 ista
3188 3477 3428 3531 reconci-

1902 3566 2017 3619 liari
2050 3566 2300 3618 meruerit
2328 3566 2433 3618 Deo
2468 3565 2618 3633 (70)?
2642 3565 2710 3619 Et
2733 3566 2858 3632 quid
2901 3566 3031 3619 illud
3060 3566 3129 3618 sit
3171 3566 3312 3633 quod
3350 3580 3422 3620 ex

1900 3653 2057 3723 637
2090 3653 2513 3707 reconciliatione
2546 3653 2705 3707 Israel
2740 3653 2962 3707 mundus
2997 3653 3255 3720 acquirat,
3287 3654 3410 3707 bre-

1902 3743 2038 3794 viter
2063 3741 2299 3794 ostendit
2343 3742 2561 3795 dicens:
2607 3760 2625 3792 ί
2673 3731 2788 3794 Vita
2827 3757 2893 3795 ex
2923 3744 3165 3795 mortuis.
3199 3759 3219 3793 ι
3273 3739 3421 3793 Tunc

1902 3829 2041 3880 enim
2091 3827 2195 3880 erit
2240 3828 2531 3895 assumptio
2562 3826 2744 3890 Israel,
2777 3827 2987 3895 quando
3012 3827 3117 3894 iam
3146 3833 3199 3878 et
3228 3827 3420 3878 mortui

1904 3916 2063 3968 vitam
2111 3916 2389 3984 recipient,
2416 3925 2470 3970 et
2499 3917 2725 3970 mundus
2757 3931 2823 3970 ex
2869 3915 3195 3983 corruptibili
3241 3915 3421 3968 incor-

1903 4007 2165 4075 ruptibilis
2194 4006 2302 4073 fiet,
2341 4015 2394 4061 et
2429 4007 2678 4060 mortales
2708 4006 3106 4060 immortalitate
3138 4005 3419 4059 donabun-

2338 4150 2383 4183 ⁸⁸
2413 4151 2593 4204 Matth.
2640 4167 2766 4213 xxv,
2805 4150 2890 4203 25.
2966 4150 3010 4180 ⁸³
3043 4148 3061 4201 ι
3089 4147 3226 4200 Tim.
3282 4164 3334 4206 v,
3361 4149 3418 4203 ὕ.

2652 4222 2696 4252 ⁸⁵
2727 4219 2747 4271 ι
2793 4218 2916 4272 Cor.
2944 4232 3025 4281 ιιι,
3051 4216 3106 4272 2,
3171 4217 3217 4248 ⁸³
3241 4218 3416 4271 Galat.

310 4409 446 4482 .(57)
488 4407 598 4482 M_s._
628 4422 764 4482 uitus
812 4405 1003 4482 Regius
1036 4419 1179 4457 num.
1224 4403 1377 4482 1611,
1421 4422 1440 4453 ι
1475 4404 1566 4482 sed
1602 4402 1796 4482 malum
1829 4411 1874 4464 D
2118 4402 2275 4482 Editi,
2317 4402 2651 4482 informetur:
2689 4419 2709 4481 ξ

245 4469 364 4536 sibi
390 4469 677 4544 acquirit.»
699 4469 1036 4529 Cteteri'vero
1061 4487 1207 4533 mss.,
1230 4469 1476 4525 Rabauus
1502 4481 1556 4523 et
1588 4472 1712 4523 editi
1744 4480 1800 4525 ut

240 4553 311 4603 in
345 4558 520 4601 textu.

330 4617 448 4685 (58)
490 4613 594 4669 Ms.
653 4610 854 4685 Regius
880 4622 1025 4685 num.
1058 4604 1214 4685 1659,
1243 4625 1317 4685 ut.
1347 4606 1397 4658 in
1429 4605 1732 4685 judicium;
1772 4624 1791 4655 ι

242 4674 442 4740 caeteri
475 4696 604 4734 vero
638 4674 789 4741 mss.,
818 4677 1066 4730 Rabauus
1109 4684 1162 4725 et
1191 4674 1341 4734 editi,
1375 4691 1394 4723 ‹
1429 4678 1481 4724 in
1505 4674 1726 4735 judicio.
1770 4692 1788 4724 ι

242 4753 468 4809 Deinde
519 4749 672 4808 editi,
708 4765 727 4796 ‹
761 4744 1041 4812 iudicabit,
1079 4760 1097 4792 ι
1132 4750 1186 4794 et
1208 4741 1598 4812 ita_le_gendut_n
1632 4741 1796 4812 _vide-

246 4807 371 4874 ξω.
412 4818 544 4871 Mss.
579 4807 955 4868 tamen'nostri
985 4824 1169 4864 omnes
1200 4821 1255 4863 et
1282 4809 1529 4862 Rabanus
1557 4807 1791 4875 habent,

242 4908 274 4941 ι
306 4886 665 4959 iadicabitur-
697 4901 717 4932 ι
805 4948 866 4959 ..
1069 4945 1102 4958 ..

329 4954 445 5024 (59)
491 4953 652 5024 Elii“,
680 4967 699 5000 ι
728 4950 823 5024 sed
851 4948 905 5024 i_n
928 4946 1134 5024 deliciis
1160 4957 1343 5024 agens.
1376 4961 1420 5024 ξ.
1674 5011 1686 5020 ς
1748 5013 1759 5023 ν

327 5014 439 5093 (60)
483 5019 722 5073 Illustrat
753 5014 1091 5093 ministerium
1137 5014 1446 5093 virginitatis
1478 5026 1605 5093 ante,
1641 5014 1686 5091 si
1715 5014 1780 5064 sit

235 5077 441 5147 σανὶςιᾶ
458 5101 674 5152 corpore
697 5093 744 5137 et
769 5084 974 5152 spiritu,
999 5091 1044 5134 et
1073 5095 1172 5152 non
1196 5077 1378 5152 cogitet
1393 5093 1508 5152 qua:
1528 5077 1784 5152 hominum

206 5144 400 5226 fauni,
442 5144 693 5221 sed-qum
738 5144 849 5226 Dei:
895 5150 1145 5226 quomodo
1170 5144 1375 5226 placent
1405 5144 1544 5197 Deo.
1576 5144 1635 5198 Si
1668 5161 1782 5197 vero

204 5214 417 5321 χιιιὶιά
454 5214 604 5290 agat,
632 5236 732 5272 non
763 5214 948 5272 solum.
999 5214 1118 5267 Ilzec
1170 5214 1221 5266 in
1253 5214 1407 5265 editis
1438 5227 1538 5264 non
1569 5226 1783 5279 compa-

245 5303 377 5321 .......
428 5290 523 5321 -..Α
556 5288 908 5321 οοοιίιιιιιηιιιν
938 5298 1001 5321 mr
1031 5296 1155 5321 mea,
1191 5288 1244 5321 ot.
1271 5280 1510 5321 Rnhnnn-

242 5303 401 5356 rent,
428 5280 908 5356 sedrestituuntur
938 5298 1003 5356 ex
1031 5296 1158 5334 mss.
1191 5288 1244 5333 et
1271 5280 1511 5356 Datiano.

328 5348 445 5431 (61)
485 5352 649 5431 ξῌξιῇ,
687 5349 1066 5431 «ministerium
1085 5365 1236 5402 suum
1268 5348 1408 5401 lldci.
1444 5365 1462 5397 ι

348 5420 441 5486 6-2)
485 5423 650 5486 Editi,
681 5437 700 5470 ι
732 5421 968 5472 inllrmos
994 5420 1152 5486 alere.
1186 5434 1205 5466 ι

351 5363 412 5413 61
485 5363 649 5417 Editi,
687 5363 1066 5405 «ministerium
1085 5365 1236 5402 suum
1268 5363 1408 5401 uoci.
1444 5365 1462 5397 ι

350 5429 417 5482 6-2
485 5423 650 5486 Editi,
681 5437 700 5470 ι
732 5421 968 5472 inllrmos
994 5420 1152 5470 alere.
1186 5434 1205 5466 ι

350 5363 445 5564 ϋὸξ
482 5487 653 5554 Editi,
735 5495 789 5541 et
820 5486 1111 5555 Rabanns,i
1142 5483 1468 5555 injabortum
1509 5481 1781 5549 quemdam

236 5571 533 5623 redactos.
570 5576 593 5608 ο

1990 4466 2077 4524 65)
2121 4470 2303 4524 Suam.
2338 4470 2489 4523 Deest
2514 4471 2563 4522 in
2592 4469 2739 4522 libris
2762 4477 2912 4521 antea
2947 4466 3126 4520 editis.

1990 4475 2077 4538 65)
2121 4475 2303 4524 Suam.
2338 4475 2489 4523 Deest
2514 4475 2563 4522 in
2592 4475 2739 4522 libris
2762 4477 2912 4521 antea
2947 4475 3126 4520 editis.

1965 4475 2196 4608 é66)Sic
2229 4551 2324 4608 nis.
2354 4538 2704 4608 Regiusnum.
2742 4537 2890 4608 I659.
2911 4536 3099 4608 ϐερέθςί
3136 4549 3259 4588 vero
3286 4550 3411 4608 tnss.

1896 4615 1947 4659 et
1974 4601 2126 4665 editi,
2165 4621 2183 4653 ι
2214 4601 2457 4657 videntes
2505 4607 2613 4658 haec
2641 4606 2908 4658 lsraelitm.
2935 4622 2954 4653 ι
2983 4601 3256 4665 Rabanus,
3291 4621 3311 4653 ι
3336 4605 3415 4657 vi-

1895 4676 2025 4725 dens
2048 4680 2221 4725 autem
2261 4673 2543 4726 Israelitas.
2584 4690 2604 4722 ι

1961 4741 2071 4860 (‘67)
2112 4741 2313 4805 Editi,r
2344 4755 2464 4793 cum
2502 4755 2569 4793 ex
2602 4738 2900 4792 eruditione
2929 4738 3086 4789 etiam
3114 4735 3238 4796 illis.
3262 4753 3282 4786 ι
3304 4744 3410 4791 etc.

1961 4833 1964 4860 ι
2008 4824 2160 4860 anus.
2200 4824 2218 4856 ι
2254 4822 2370 4859 cum
2405 4823 2467 4858 ex
2510 4807 2806 4860 eruditione
2835 4806 3025 4857 borum
3075 4816 3256 4860 atauus
3311 4804 3410 4856 illis

1888 4804 2160 4872 Rabauus,
2200 4824 2218 4856 ι
2254 4804 2370 4859 eum
2405 4823 2467 4858 ex
2510 4807 2806 4860 eruditione
2835 4806 3025 4857 borum
3075 4816 3256 4872 aequus.
3278 4870 3285 4872 ξ
3311 4804 3413 4856 illis

1903 4870 2181 4939 irofectus,
2214 4894 2232 4925 ι
2265 4884 2368 4926 etc.
2420 4874 2538 4931 Mss.
2573 4873 3071 4940 plerique,-cumex
3101 4870 3415 4940 eruditionis

1925 4959 2086 4996 onore
2114 4937 2272 4997 etiam
2308 4942 2416 4994 illis
2439 4937 2733 5007 profectus,
2759 4957 2778 4988 ι
2805 4951 2910 4990 etc.
2950 4938 3055 4989 Sed
3083 4937 3280 4991 rectius
3309 4952 3409 4991 ms.

1889 5010 2083 5077 Regius
2107 5025 2251 5062 num.
2276 5008 2410 5061 1650
2441 5015 2497 5077 ut
2520 5009 2570 5059 in
2600 5018 2782 5059 nostro
2810 5013 2974 5077 textu.

1955 5070 2062 5148 (68)
2101 5077 2213 5148 Hoc
2261 5085 2374 5148 e_st,_
2410 5076 2657 5126 uniuersa:
2697 5082 2891 5140 gentes.
2942 5070 3066 5148 Haec
3090 5071 3302 5148 “de-sunt
3356 5073 3408 5123 in

1891 5137 2067 5207 editis,
2095 5145 2218 5198 etin
2246 5143 2508 5210 plerisque
2534 5155 2661 5210 mss.
2687 5137 2889 5210 necnon
2920 5137 3362 5210 aputuiabantttn
3386 5156 3401 5201 ;

1885 5215 1976 5267 sed
2013 5204 2356 5266 restituuntur
2371 5204 2441 5262 ei
2469 5223 2567 5261 ms.
2618 5206 2780 5273 Regio
2811 5204 3132 5273 uiun.l659.

1957 5282 2065 5346 (69)
2106 5279 2263 5339 Editi,
2300 5295 2317 5325 ι
2343 5290 2466 5344 erga
2497 5284 2679 5341 gentes
2704 5271 2802 5324 ista
2834 5272 3020 5337 gratia,
3047 5286 3166 5337 qua:
3201 5271 3407 5327 sublata

1888 5351 1954 5401 ab
1981 5365 2062 5401 eo.
2104 5367 2123 5396 ι

1961 5416 2073 5484 (70)
2116 5412 2273 5474 Editi,
2300 5406 2679 5484 _c‘reconciliari
2723 5403 3038 5484 .mnerebjtun
3061 5404 3191 5484 Deo.
3223 5424 3242 5456 ι
3274 5404 3401 5484 Mss,

1893 5470 2093 5550 Regius
2120 5470 2269 5534 num.
2295 5477 2448 5550 1650,
2481 5492 2499 5524 ι
2531 5470 3044 5550 reconciliatam“
3083 5472 3210 5537 Duo.
3251 5491 3270 5523 ι
3300 5475 3406 5529 Sed

1893 5540 2069 5604 ceteri
2106 5562 2231 5602 utss.
2258 5556 2309 5602 et
2332 5544 2581 5598 Rabanus
2611 5551 2667 5592 ut
2688 5540 2939 5606 inytcxtu.
