3894 6278
317 287 448 335 ιιει

1737 265 2057 322 ORIGENIS

3560 234 3704 290 {19¢

321 405 428 450 tur.
462 388 755 445 Absurdum
787 395 1019 451 namque
1054 381 1325 435 videretur
1368 383 1414 435 si
1464 396 1582 436 cum
1631 382 1856 437 oll'ensio
1885 387 1926 444 Α
1959 392 2063 432 tem
2107 376 2333 445 elegerit
2379 375 2568 436 bona;
2608 377 2715 423 aut
2770 365 2938 419 maia
2998 361 3301 419 dicatur,
3342 355 3401 409 si
3460 353 3709 451 elegerit

325 483 435 551 (71)
481 483 712 546 ipsorum
767 471 1260 544 reconciliationem
1312 474 1507 526 mundo
1553 474 1853 536 donaverit,

325 567 611 635 assumptio
657 564 889 633 ipsorum
941 579 1044 617 non
1102 563 1274 631 majus
1327 563 1527 631 aliquid
1566 564 1763 618 mundo
1801 573 1855 617 et

322 657 655 727 prmstantius
688 653 989 729 largiretur.

389 746 473 797 11.
514 762 533 794 ι
565 743 713 809 Quod
741 741 785 794 si
818 740 1068 793 delibatio
1105 749 1287 793 sancta
1322 749 1424 803 est,
1460 751 1514 793 et
1544 755 1762 794 massa:
1800 749 1855 794 et

318 835 360 888 si
398 834 545 886 radix
575 840 783 894 sancta,
812 840 865 883 et
897 831 1052 882 rami.
1107 831 1256 896 Quod
1297 831 1340 883 si
1385 831 1546 899 aliqui
1584 847 1658 885 ex
1692 832 1855 885 ramis

317 925 467 976 fracti
500 933 644 985 sunt,
683 930 737 973 tu
777 929 951 972 autem
1003 936 1121 972 cum
1154 935 1296 974 esses
1331 922 1580 984 oleaster,
1615 922 1853 974 insertus

317 1030 374 1066 cs
402 1014 450 1065 in
480 1012 605 1074 illis,
635 1020 688 1064 et
712 1010 886 1063 socius
912 1010 1080 1061 factus
1104 1023 1161 1061 es
1207 1010 1400 1062 radicis
1426 1020 1479 1062 et
1520 1010 1854 1077 pinguedinis

314 1104 481 1166 olivae,
519 1101 622 1153 noli
651 1099 863 1169 gloriari
892 1099 1146 1150 adversus
1175 1112 1373 1149 ramos.
1402 1097 1546 1161 Quod
1583 1099 1624 1149 si
1658 1097 1857 1164 gloria-

315 1192 409 1252 ris,
444 1205 549 1241 non
576 1197 628 1240 ttt
652 1188 880 1239 radicem
909 1194 1109 1252 portas,
1130 1185 1222 1236 sed
1249 1185 1397 1235 radix
1430 1195 1497 1236 te.
1520 1183 1662 1236 Dicis
1691 1197 1850 1251 ergo:

314 1279 494 1332 Fracti
540 1286 660 1330 sunt
704 1276 862 1337 rami,
910 1285 967 1327 ut
1003 1289 1104 1344 ego
1153 1276 1378 1327 inserar.
1426 1273 1602 1325 Bene:
1640 1283 1853 1341 propter

314 1369 735 1423 incredulitatem
764 1365 918 1420 fracti
951 1375 1092 1418 sunt.
1126 1363 1204 1417 Tu
1241 1373 1414 1416 autem
1452 1363 1554 1416 ﬁde
1583 1371 1731 1416 stas:
1759 1377 1853 1415 uo-

315 1461 350 1514 li
385 1460 610 1527 superbe
637 1472 819 1526 sapere
849 1457 980 1526 (7‘2),
1002 1457 1093 1509 sed
1140 1456 1284 1507 time.
1329 1454 1384 1507 Si
1415 1454 1554 1507 enim
1591 1454 1727 1506 Deus
1752 1466 1848 1504 na-

318 1549 575 1603 turalibus
610 1545 773 1598 ramis
800 1561 900 1597 non
934 1544 1188 1613 pepercit,
1219 1557 1315 1596 nec
1354 1544 1446 1597 tibi
1477 1553 1678 1611 parcet.
1718 1543 1849 1596 Vide

316 1653 444 1706 ergo
472 1637 756 1689 bonitatem
787 1644 841 1688 et
870 1635 1209 1687 severitatem
1262 1630 1389 1684 Dei:
1433 1632 1485 1684 in
1516 1646 1609 1684 eos
1635 1632 1845 1698 quidem

1961 467 2097 522 mala
2126 482 2140 518 :
2173 476 2230 518 et
2271 465 2351 518 sic
2393 460 2800 528 unusquisque
2833 450 3208 509 secundum
3274 446 3587 516 propositi
3618 448 3707 501 sui

1960 566 2132 608 motus
2164 551 2275 623 (76)
2307 562 2395 605 aut
2431 551 2577 604 bona
2610 547 2795 610 oliva,
2834 546 2888 597 si
2930 545 3061 597 iter
3120 537 3405 590 virtutis
3456 534 3709 598 incedat,

1959 654 2048 696 aut
2070 645 2113 696 si
2137 641 2414 696 contraria
2451 646 2724 700 sectetur,
2768 635 3057 688 oleaster
3082 624 3563 681 nominabitur.
3583 624 3712 678 Inde

1959 733 2187 799 denique
2215 739 2271 783 et
2318 728 2590 781 Dominus
2638 727 2693 778 in
2753 720 3108 790 Evangelio
3180 716 3493 771 dicebat:
3540 731 3563 764 ι
3603 719 3711 767 Aut

1959 825 2118 877 facite
2152 824 2408 876 arborem
2451 822 2683 879 bonam,
2731 825 2794 868 et
2827 814 3090 866 fructus
3135 810 3290 874 ejus
3342 806 3584 865 bonos:
3621 817 3715 859 aut

1961 914 2118 966 facite
2149 916 2408 965 arborem
2445 910 2676 968 malam,
2713 916 2775 959 et
2820 904 3076 957 fructus
3130 901 3287 969 ejus
3343 898 3545 952 malos
3569 898 3654 962 ";
3692 917 3710 947 ι

1960 1013 2010 1054 ιιι
2047 1002 2356 1055 ostenderet
2383 1000 2644 1050 arborem
2674 997 2897 1048 bonam
2928 992 3036 1045 vel
3077 988 3342 1043 malam
3380 1001 3505 1041 non
3533 990 3713 1050 nasci,

1959 1093 2050 1145 sed
2093 1091 2229 1143 ﬁeri.
2269 1088 2388 1142 Jam
2421 1102 2553 1140 vero
2590 1087 2637 1138 si
2696 1084 2961 1137 accedat
2991 1080 3147 1150 (77)
3186 1080 3447 1146 aliquid
3501 1078 3578 1130 ad
3623 1092 3715 1130 ar-

1959 1185 2102 1238 bitrii
2129 1185 2465 1243 libertatem,
2492 1177 2642 1245 quod
2676 1175 3089 1228 extrinsecus
3138 1170 3249 1223 vel
3284 1171 3371 1222 ad
3403 1168 3565 1221 mala
3588 1182 3716 1236 pro-

1958 1284 2134 1339 vocet,
2168 1274 2250 1327 vel
2286 1275 2536 1327 hortetur
2565 1268 2636 1321 ad
2666 1266 2823 1319 bona
2854 1279 2971 1333 per
3005 1262 3399 1317 ineffabiles
3428 1263 3713 1329 quasdam

1959 1364 2150 1418 divina:
2171 1361 2540 1416 Providentiae
2569 1356 3108 1425 dispensationes.
3164 1354 3237 1406 in
3280 1351 3469 1405 nullo
3511 1364 3715 1405 conse-

1959 1453 2231 1521 quentiam
2292 1453 2596 1519 propositae
2644 1446 3083 1503 absolutionis
3144 1442 3457 1498 offendit.
3542 1443 3718 1496 Habet

1954 1544 2098 1597 enim
2128 1543 2182 1595 in
2209 1542 2501 1610 semetipsa
2531 1541 2649 1611 (78)
2681 1551 2904 1594 natura
2943 1535 3387 1591 rationabilis
3431 1535 3714 1604 vigentem

1953 1643 2009 1687 et
2040 1634 2106 1685 ad
2138 1633 2253 1686 hate
2287 1632 2508 1685 arbitrii
2554 1631 2926 1693 libertatein,
2988 1643 3132 1698 qua
3191 1628 3305 1682 vel
3362 1628 3639 1692 obedire,
3668 1628 3713 1683 si

317 1728 405 1795 qui
438 1725 764 1787 ceciderunt,
796 1723 1241 1784 sevcritatem;in
1268 1729 1316 1774 te
1338 1729 1512 1774 autem
1542 1720 1851 1785 bonitatem,
1886 1715 1927 1768 Β
1965 1722 2114 1786 velit,
2149 1722 2485 1790 provocanti,
2521 1721 2630 1782 vel,
2662 1722 2709 1775 si
2742 1721 2933 1785 nolit,
2972 1733 3324 1788 spernere
3366 1722 3567 1787 possit
3590 1719 3715 1771 hor-

319 1818 363 1870 si
392 1815 747 1884 permanseris
781 1814 833 1867 in
878 1815 1136 1866 bonitate.
1178 1810 1425 1878 Alioquin
1458 1820 1512 1864 et
1542 1819 1595 1863 tu
1629 1811 1850 1863 excide-

319 1907 416 1971 ris,
439 1915 492 1959 et
518 1906 614 1968 illi,
639 1905 684 1958 si
718 1920 822 1957 non
846 1902 1234 1972 permanserint
1265 1901 1316 1954 in
1349 1887 1741 1962 incredulitate,
1775 1900 1854 1952 in-

319 2004 580 2050 serentur.
617 1993 811 2047 Potens
838 2000 920 2045 est
940 1992 1079 2044 enim
1112 1990 1251 2043 Deus
1280 1991 1472 2042 iterum
1509 1990 1746 2043 inserere
1788 1988 1854 2041 il-

320 2085 419 2139 los.
457 2085 587 2136 Nam
622 2082 663 2136 si
704 2091 756 2134 tu
791 2096 857 2134 ex
902 2078 1129 2133 naturali
1157 2080 1386 2133 oleastro
1418 2079 1631 2132 excisus
1676 2092 1756 2139 es,
1804 2084 1857 2129 et

321 2184 504 2227 contra
529 2182 769 2225 naturam
789 2171 1018 2224 insertus
1047 2185 1104 2224 es
1139 2173 1190 2223 in
1222 2171 1415 2223 bonam
1445 2168 1659 2233 olivam,
1684 2181 1850 2234 quan-

322 2276 376 2317 to
407 2265 574 2330 magis
595 2262 647 2315 hi
680 2260 975 2315 secundum
1009 2271 1273 2324 naturam,
1307 2260 1608 2313 insereutur
1635 2271 1744 2312 sum
1763 2258 1860 2311 oli-

321 2369 400 2407 va:
417 2364 463 2415 ?t
475 2357 664 2412 Nescio
676 2355 943 2426 quomode
958 2352 1000 2386 ⁵⁸
1027 2349 1082 2402 bi
1113 2349 1201 2415 qui
1232 2350 1295 2401 de
1317 2347 1497 2403 schola
1521 2345 1783 2401 Valentini
1808 2357 1861 2400 et

324 2444 572 2497 Basilidis
616 2443 855 2506 veniunt,
891 2442 1005 2495 haec
1037 2443 1109 2493 ita
1156 2455 1183 2493 a
1220 2438 1383 2494 Paulo
1434 2440 1576 2493 dicta
1616 2453 1719 2491 non
1764 2452 1861 2491 au-

328 2535 552 2594 dientes,
595 2540 783 2602 putant
809 2544 927 2585 esse
961 2542 1201 2584 naturam
1228 2533 1523 2583 animarum
1561 2543 1677 2595 quae
1723 2541 1862 2582 sem-

325 2638 421 2690 per
448 2622 591 2676 salva
619 2622 709 2686 sit,
727 2633 778 2675 et
807 2636 1071 2686 nunquam
1091 2628 1292 2686 pereat,
1325 2629 1376 2672 et
1405 2619 1561 2670 aliam
1584 2631 1699 2686 qua:
1723 2631 1863 2669 sem-

325 2726 420 2779 per
452 2720 653 2779 pereat,
678 2717 732 2762 et
774 2724 1039 2776 nunquam
1076 2708 1346 2761 salvetur:
1376 2722 1494 2760 cum
1527 2714 1705 2774 aperte
1735 2705 1864 2759 Pau-

322 2801 409 2853 lus
441 2801 582 2854 dicat
629 2800 824 2852 fractos
866 2812 980 2850 esse
1035 2811 1209 2849 ramos
1265 2797 1415 2848 bonze
1460 2796 1611 2848 olivae
1644 2804 1862 2863 propter

324 2890 747 2945 incredulitatem
781 2903 949 2951 suam,
984 2899 1040 2940 et
1070 2886 1260 2940 divinae
1286 2884 1588 2938 severitatis
1629 2882 1738 2952 (73)
1782 2885 1864 2936 in-

327 2981 557 3051 diguisse
608 2977 877 3031 vindicta:
926 2986 979 3029 et
1022 2990 1206 3029 rursus
1242 2975 1453 3029 oleastri
1497 2987 1694 3029 ramos.
1748 2986 1864 3039 qua:

324 3071 466 3135 apud
501 3068 618 3121 illos
655 3075 839 3120 natura
870 3066 1077 3134 perdita
1110 3064 1348 3131 ponitur,
1378 3062 1607 3115 insertos
1626 3073 1747 3113 esse
1782 3074 1861 3112 ra-

327 3161 430 3213 dici
453 3169 505 3211 et
543 3158 845 3229 pinguedini
873 3157 1042 3209 oliv:e.
1080 3155 1181 3208 Sed
1212 3155 1316 3208 illis
1348 3153 1561 3223 quidem
1604 3165 1701 3219 per
1747 3150 1862 3203 haec

324 3246 485 3304 facile
511 3263 818 3315 responsum
846 3248 917 3300 sit
947 3246 1078 3318 (Η).
1112 3244 1464 3299 Nihilominus
1487 3250 1665 3294 autem
1696 3240 1857 3293 etiam

330 3335 597 3401 nobisqui
637 3350 794 3387 unatn
825 3349 944 3388 esse
975 3343 1219 3385 naturam
1270 3330 1508 3383 omnium
1563 3325 1860 3388 hominum,

332 3427 440 3479 imo
469 3424 577 3494 (75)
617 3424 851 3478 omnium
884 3420 1275 3475 rationabilium
1311 3419 1553 3480 dicimus,
1596 3424 1650 3469 et
1678 3414 1744 3467 ad
1774 3428 1862 3467 sa-

333 3517 491 3569 lutent
534 3515 811 3582 :equaliter
856 3513 1106 3578 habilem,
1140 3520 1196 3566 et
1222 3511 1286 3563 ad
1321 3508 1667 3576 perditionem
1690 3506 1732 3558 si
1770 3516 1865 3557 ne-

327 3606 513 3673 gligat,
536 3605 747 3659 occurri
779 3613 954 3674 potest
976 3611 1027 3657 et
1051 3602 1153 3655 dici
1179 3619 1195 3654 :
1220 3598 1492 3666 Quomodo
1522 3610 1648 3665 ergo
1667 3592 1864 3648 Paulus

329 3687 522 3749 olivam
565 3696 757 3750 bonam
790 3705 843 3748 et
892 3694 1179 3748 oleastrum
1224 3691 1391 3760 ponit,
1427 3703 1545 3742 cum
1589 3687 1773 3754 utique
1820 3684 1864 3738 si

333 3801 488 3839 unam
523 3788 686 3840 sciret
717 3801 836 3840 esse
865 3796 1109 3838 naturam
1140 3782 1398 3844 omnium,
1431 3777 1626 3831 diversi
1657 3773 1866 3846 generis

334 3876 584 3929 arborum
630 3892 733 3928 non
779 3874 1161 3927 introduxisset
1206 3868 1547 3938 exemplum?
1581 3866 1865 3920 Dicendum

334 3979 463 4033 ergo
493 3968 556 4017 ad
598 3966 746 4017 hate:
777 3962 928 4016 Sicut
960 3962 1133 4016 omnis
1156 3960 1376 4012 materia
1407 3956 1718 4024 corporalis,
1746 3970 1865 4007 cum

342 4055 459 4107 sine
496 4054 655 4107 dubio
680 4054 838 4106 unius
885 4061 1088 4104 natura:
1132 4050 1220 4113 sit,
1269 4064 1362 4116 per
1410 4047 1714 4099 accidentes
1763 4044 1866 4097 sibi

341 4143 624 4212 qualitates
669 4144 909 4197 diversas
951 4144 1157 4210 species
1195 4138 1393 4207 profert
1442 4135 1524 4188 vel
1563 4150 1862 4200 corporum,

336 4234 419 4285 vel
447 4233 714 4294 arborum,
738 4232 818 4284 vel
852 4232 1169 4284 herbarum:
1198 4232 1270 4280 ita
1302 4236 1354 4277 et
1378 4240 1496 4278 cum
1522 4224 1758 4277 omnium
1783 4238 1869 4274 ra-

1955 1822 2177 1866 tantetn.
2211 1811 2363 1876 Quod
2397 1822 2582 1864 autem
2608 1812 2900 1875 diximus,
2934 1812 3104 1879 quia
3155 1811 3468 1864 materia:
3521 1824 3716 1876 corpo-

1956 1902 2054 1956 rali
2096 1905 2426 1958 accedentes
2452 1903 2828 1957 extrinsecus
2863 1903 3257 1971 qualitates
3294 1901 3568 1956 reddunt
3596 1916 3716 1969 spe-

1954 1993 2061 2047 cies
2112 1994 2376 2054 diversas,
2417 1991 2639 2060 aliquas
2677 1993 2938 2060 quidem
3002 1995 3095 2047 ad
3154 1992 3451 2047 multum
3500 2004 3714 2060 tempus

1956 2091 2359 2152 permanentes,
2389 2082 2605 2149 aliquas
2639 2084 2712 2134 ad
2744 2082 2972 2145 breve,
3017 2083 3402 2137 nonnullas
3440 2096 3588 2135 vero
3611 2097 3711 2134 non

1957 2174 2126 2229 solum
2152 2173 2308 2225 annis
2343 2174 2583 2242 exiguis,
2610 2174 2712 2225 sed
2752 2172 3106 2225 interdum
3151 2173 3369 2226 etiam
3426 2172 3715 2227 mensibus

1958 2273 2046 2316 aut
2075 2263 2266 2317 diebus
2293 2265 2482 2330 paucis
2508 2264 2601 2315 vix
2620 2264 2953 2327 durantes,
2994 2263 3093 2315 ita
3144 2263 3567 2333 intelligitur.
3592 2260 3715 2317 Ver-

1959 2354 2010 2405 bi
2047 2367 2251 2406 causa:
2285 2352 2503 2419 species
2528 2351 2685 2417 cmli,
2713 2358 2776 2404 et
2812 2350 3010 2414 solis,
3064 2361 3192 2405 aut
3242 2352 3449 2421 lunae,
3494 2353 3584 2408 vel
3634 2369 3718 2406 as—

1962 2456 2167 2498 trorum
2192 2442 2389 2497 talibus
2413 2443 2754 2510 quibusdam
2789 2443 3107 2497 formata:
3140 2455 3310 2499 sunt
3336 2446 3717 2512 qualitatibus

1961 2551 2076 2603 quae
2109 2548 2277 2602 usque
2305 2536 2373 2587 ad
2409 2534 2596 2589 saeculi
2636 2534 2819 2590 ﬁnem
2852 2537 3251 2604 perdurare
3305 2536 3637 2601 suﬂiciaut,
3666 2546 3717 2589 et

1963 2639 2238 2693 usquequo
2272 2622 2583 2677 liberentur
2645 2641 2665 2672 ι
2713 2638 2745 2676 a
2788 2627 3138 2679 servitute
3186 2628 3625 2696 corruptionis
3666 2627 3716 2678 in

1965 2712 2265 2765 libertatem
2305 2710 2495 2779 gloriae
2547 2709 2811 2763 ﬁliorum
2875 2711 2996 2765 Dei
3028 2715 3166 2767 ⁸ο.»
3215 2717 3393 2771 Alia
3428 2731 3575 2771 vero
3598 2726 3717 2770 sunt

1963 2810 2303 2854 terrenarum
2357 2813 2659 2866 corpOrutn
2716 2801 3121 2869 qualitates,
3195 2815 3267 2859 et
3339 2809 3408 2861 in
3471 2809 3720 2876 ipsisest

1965 2891 2128 2944 multa
2180 2887 2508 2945 dilierentia.
2573 2887 3045 2947 Nonuullorutn
3114 2898 3310 2951 enim
3387 2898 3718 2953 animalium

1889 3020 1930 3076 ε
1966 2992 2209 3046 corpora,
2239 2976 2320 3031 vel
2345 2976 2640 3043 arborum,
2679 2980 2773 3034 vel
2803 2982 3076 3048 avium,
3110 2989 3359 3043 multis
3416 2990 3720 3044 admodum

1961 3074 2184 3137 possunt
2209 3067 2410 3121 durare
2444 3069 2820 3136 temporibus
2853 3086 2872 3135 ;
2941 3072 3250 3130 aliorum
3312 3092 3475 3133 vero
3510 3078 3719 3147 paucis,

1962 3165 2055 3212 aut
2099 3156 2250 3210 valde
2301 3156 2535 3224 exiguis.
2573 3155 2740 3223 Quod
2780 3159 2841 3212 si
2902 3160 3057 3217 hac
3114 3164 3301 3222 bene
3367 3169 3723 3229 intellexisti,

1962 3257 2299 3302 transeamus
2325 3254 2471 3299 nunc
2491 3246 2562 3298 ab
2590 3249 2895 3317 exemplis
2930 3267 3300 3323 corporea:
3319 3259 3638 3327 qualitatis
3659 3262 3724 3312 ad

1962 3347 2170 3389 naturae
2202 3333 2545 3387 rationabilis
2598 3337 2977 3401 qualitatem
3023 3358 3042 3394 :
3107 3354 3185 3400 et
3245 3349 3408 3404 vide
3442 3352 3726 3418 quomodo

1962 3422 2080 3476 alia:
2137 3423 2356 3490 quidem
2414 3421 2468 3475 in
2527 3424 2941 3491 qualitatibus
3016 3432 3479 3493 beatitudinis
3530 3440 3725 3493 secula

1963 3510 2125 3565 ttmlta
2158 3518 2456 3580 perdurant
2486 3526 2502 3564 :
2536 3522 2594 3566 et
2634 3515 2767 3569 alire
2806 3518 2872 3571 in
2908 3523 3269 3587 qualitate
3311 3530 3577 3584 malitia:
3614 3531 3725 3601 (79)

1964 3600 2311 3655 nihilominus
2349 3601 2521 3672 638
2566 3605 2783 3659 stccula
2833 3611 3054 3665 multa
3123 3630 3578 3676 consumunt:
3612 3600 3727 3674 alia

1963 3706 2027 3746 ex
2051 3693 2180 3761 ipsis
2204 3708 2371 3760 parvo
2400 3704 2655 3762 tempore
2683 3696 2777 3750 vel
2828 3699 2893 3752 in
2927 3703 3350 3772 virtutibus,
3385 3713 3490 3768 vel
3522 3678 3580 3767 in
3618 3728 3729 3765 ma-

1964 3781 2094 3835 litiis
2122 3793 2343 3835 manent
2368 3798 2385 3846 ;
2422 3783 2545 3837 alite
2570 3787 2937 3856 perexiguo,
2975 3793 3139 3849 aliae
3163 3799 3531 3855 admodum
3555 3800 3726 3856 brevi.

1964 3867 2201 3935 Quorum
2232 3885 2328 3937 per
2357 3871 2574 3939 singula
2607 3875 2892 3929 notitiam
2935 3895 3064 3933 nos
3106 3886 3401 3953 quidem
3442 3890 3727 3947 homines.

1964 3968 2146 4026 utpote
2174 3959 2550 4026 corruptibilis
2583 3964 2864 4028 corporis
2901 3967 3050 4041 (80)
3116 3980 3431 4041 pondere
3480 3992 3730 4049 ρι-ωεη.

1964 4049 2093 4109 vati,
2133 4049 2505 4116 perexiguam,
2543 4060 2644 4103 aut
2670 4055 2866 4107 etiam
2928 4063 3199 4119 nullam
3262 4085 3509 4140 capere
3540 4086 3732 4140 passu.

1967 4151 2103 4190 mus.
2136 4136 2240 4202 Qui
2275 4151 2406 4189 vero
2435 4149 2735 4193 scrutatur
2774 4149 3032 4214 omnia,
3080 4157 3306 4210 etiam
3353 4136 3496 4212 vana
3535 4136 3634 4213 hei
3665 4158 3728 4217 σι,

1967 4223 2202 4292 Spiritus
2233 4234 2459 4279 sanctus
2491 4229 2766 4281 universa
2804 4237 3020 4300 novit,
3089 4254 3166 4296 et
3223 4257 3391 4302 uola
3458 4249 3606 4304 [πει
3650 4248 3729 4301 ωε

339 4321 662 4372 tionabilium
705 4336 806 4372 una
860 4331 1045 4373 natura
1085 4319 1176 4381 sit,
1223 4315 1428 4369 arbitrii
1464 4314 1660 4406 proprii
1691 4328 1871 4378 tequa-
1901 4328 1943 4380 ι)
1976 4313 2355 4406 ipse-voluerit
2398 4318 2676 4371 revelare.
2708 4319 2772 4372 ln
2812 4322 2918 4378 bis
2960 4333 3232 4388 etenim
3306 4340 3649 4406 praecipue,
3681 4339 3729 4389 id

339 4406 460 4459 liter
490 4408 731 4460 libertate
755 4409 969 4471 donata,
998 4406 1415 4471 uniuscujusque
1463 4402 1660 4470 proprii
1694 4410 1867 4454 motus

337 4512 403 4549 ex
434 4496 636 4549 arbitrii
663 4507 926 4564 potesutte
956 4496 1169 4565 prolati,
1201 4493 1279 4545 vel
1300 4494 1364 4546 ad
1392 4493 1664 4553 virtutem,
1691 4490 1772 4544 vel
1800 4492 1865 4543 ad

340 4587 609 4644 libidinem
641 4588 933 4655 subiectam
971 4588 1070 4641 sibi
1101 4586 1332 4638 animam
1360 4583 1741 4652 perducentes,
1783 4580 1867 4634 vel

338 4676 391 4729 in
412 4677 560 4730 bona:
587 4691 727 4739 eam,
747 4677 830 4730 vel
848 4679 898 4730 in
924 4677 1075 4730 mala:
1101 4675 1311 4727 arboris
1339 4673 1570 4740 speciem
1603 4670 1863 4723 formant:

339 4775 397 4819 ut
427 4776 517 4819 aut
549 4768 685 4821 bona
720 4771 877 4819 arbor
923 4767 1150 4829 dicatur,
1184 4764 1227 4815 si
1260 4776 1356 4830 per
1385 4759 1591 4812 arbitrii
1631 4766 1863 4825 potesta-

406 4856 451 4887 ⁸⁸
481 4856 636 4911 Rom.
666 4872 740 4922 ιι,
780 4857 845 4910 16
872 4871 988 4924 sqq.

410 4946 521 5014 (⁸71)
554 4948 725 5011 Editi,
761 4963 779 4996 ι
808 4949 945 5000 sicut
979 4944 1221 5005 oli'ensio,
1259 4962 1278 4992 ι
1315 4949 1419 5014 etc.

409 5003 522 5081 (72')
556 5003 723 5076 Editi,
749 5032 769 5064 ι
798 5016 901 5068 ιιι)Ιὶ
933 5016 1095 5066 ultum
1120 5003 1327 5080 sapere.
1359 5027 1378 5061 ι
1415 5007 1517 5061 Sed
1548 5019 1648 5061 ms.
1669 5003 1867 5073 Regius

342 5095 488 5133 num.
521 5083 654 5136 1659
681 5093 737 5135 ιιι
759 5083 813 5135 in
842 5091 1008 5136 textu.

413 5148 522 5218 (75)
554 5155 644 5204 Sic
670 5160 809 5204 recte
835 5166 932 5204 ms.
969 5148 1163 5218 Regius
1186 5162 1333 5218 num.
1363 5143 1517 5218 1659.
1549 5140 1866 5218 Editinvero,

350 5231 369 5263 ι
397 5208 449 5268 et
473 5208 543 5296 ibi
576 5220 893 5296 severitatis,
916 5237 936 5271 ι
968 5208 1076 5274 ιιιεῖ
1109 5214 1237 5269 Mss.
1272 5215 1532 5284 plerique,
1568 5226 1587 5259 ι
1620 5220 1674 5263 et
1696 5208 1768 5262 ibi
1795 5221 1864 5263 ne

346 5290 664 5346 severitatis.
687 5305 705 5335 ι
736 5298 841 5339 etc.

384 5351 524 5426 “(74)
553 5342 714 5415 Editi,
738 5371 761 5426 ι
786 5355 996 5421 pinguis
1025 5352 1196 5426 olivae.
1223 5349 1326 5426 sed
1360 5348 1464 5401 illis
1506 5361 1602 5426 per
1631 5342 1862 5426 bacula-

354 5415 465 5486 cilis
508 5413 801 5485 ‘responsio'
833 5413 924 5474 sit.
957 5440 976 5472 ι
1031 5421 1156 5473 Mss.
1198 5420 1409 5486 quidam
1431 5455 1447 5479 ,
1478 5413 1863 5486 t'pinguedinis

338 5483 529 5562 fluat;
552 5502 572 5535 ο
601 5483 656 5539 et
688 5489 988 5562 pauloﬂpost
1008 5483 1258 5562 omittunt
1285 5503 1303 5534 ι
1333 5487 1568 5551 quidem,
1592 5500 1611 5533 ι
1644 5483 1733 5536 sed
1758 5494 1860 5534 ms.

356 5546 546 5615 Regius
572 5546 714 5606 num'.
749 5546 885 5611 “339'
920 5565 979 5610 ut
1008 5559 1059 5609 in
1091 5564 1268 5607 nostro
1299 5546 1464 5606 textu.

422 5617 532 5687 (75)
571 5618 661 5673 Sic
686 5636 783 5675 ms.
809 5623 1003 5694 Regius
1032 5638 1177 5677 num.
1208 5621 1359 5676 i639.
1396 5619 1535 5675 Editi
1560 5632 1685 5672 vero
1713 5616 1872 5672 omit-

585 5806 618 5840 Ι

1064 4854 1108 4886 ⁵⁹
1136 4851 1501 4914 Mattlt.xt,33.
1574 4849 1617 4878 '°
1659 4847 1933 4913 Rom.vttt,
1968 4847 2058 4900 2!.

1966 4411 2067 4462 est,
2098 4402 2170 4499 in.
2197 4402 2611 4499 dispensatione
2669 4411 3095 4474 rationabilis
3137 4402 3419 4483 naturae
3461 4402 3736 4499 apostoli-

1965 4504 2084 4541 cum
2119 4489 2246 4543 illud
2271 4491 2565 4548 dicendum
2598 4506 2689 4552 est
2717 4518 2733 4554 :
2773 4518 2797 4553 ς
2832 4502 2887 4559 Ο
2915 4506 3224 4569 altitudo
3256 4489 3634 4575 divitiarum
3658 4536 3736 4573 sa-

1967 4579 2207 4647 pientiae,
2244 4590 2301 4633 et
2335 4583 2588 4639 scientia:
2626 4589 2753 4654 Dei,
2814 4608 3020 4661 quam
3095 4601 3578 4666 inscrutabilia
3609 4622 3737 4667 sunt

1961 4667 2167 4735 judicia
2192 4670 2336 4763 ejus,
2366 4683 2423 4727 et
2449 4674 2894 4746 investigabiles
2934 4688 3069 4742 vite
3104 4694 3265 4763 ejus
3298 4703 3356 4737 ⁸⁸
3385 4704 3404 4756 ι
3440 4719 3463 4754 ι
3505 4703 3612 4758 Sic
3653 4718 3739 4758 er-

1965 4771 2032 4851 go
2059 4760 2435 4851 unusquisque
2454 4778 2522 4816 ex
2548 4767 2781 4822 arbitrii
2803 4760 3163 4841 potestate.
3188 4800 3318 4845 aut
3352 4792 3529 4850 bona
3562 4796 3710 4851 oliva

2131 4847 2211 4901 “l
2240 4848 2373 4905 Cor.
2408 4866 2473 4916 tt,
2510 4853 2600 4908 10.
2683 4858 2735 4890 ⁸³
2760 4837 2953 4921 R‘om.
2990 4884 3093 4939 XI.
3353 4837 3529 4850 mm-
3564 4837 3733 4860 ww.

1969 4945 2107 5023 tttpt,
2140 4955 2158 4987 ι
2179 4940 2427 5023 omnium
2451 4943 2777 5023 bominum,
2804 4954 2888 5006 itu

2179 5213 2352 5290 alias,
2395 5234 2414 5267 ι
2451 5219 2496 5290 si
2533 5224 2782 5290 accidit;
2823 5246 2848 5279 ι
2885 5231 2972 5287 al.

2069 5242 2083 5262 ι
2104 5242 2118 5263 ι
2179 5242 2332 5267 nuda
2395 5242 2413 5267 I
2533 5242 2546 5250 '
2763 5242 2780 5256 '
3158 5242 3177 5257 ⁸
3450 5252 3465 5264 ”

2038 5242 2150 5366 is;
2178 5254 2365 5366 ιη...
2417 5242 3004 5366 .δί’..ῖιξξ.¹,τέὶςρξοῗ¹;ν
3032 5251 3521 5366 δεξειδξεξεξιξξ
3535 5273 3572 5366 -’

2084 5307 2150 5398 ιιη
2178 5307 2365 5347 uuas,
2417 5307 2438 5336 ι
2473 5307 2528 5341 ιιι
2565 5307 2909 5377 semetipso.
2953 5322 2978 5355 ι
3032 5307 3302 5371 Deinde
3360 5324 3521 5375 editi
3607 5322 3735 5374 «τῖ’

2320 5354 2725 5446 lttecatlbttrtt)
2763 5368 3151 5446 libertatem,
3188 5401 3355 5446 qua
3400 5364 3591 5446 vel)»
3623 5405 3733 5446 etc.

1967 5401 1995 5410 -γ
2214 5401 2228 5418 ι
2271 5401 2283 5403 ~
2329 5401 2447 5409 --πν
2471 5401 2698 5416 -........
2764 5401 2975 5425 ..υςηα

1965 5411 2275 5514 Ειιξὲῗιὲῗέ
2312 5401 3166 5514 1.?9‘3‘2‘2‘1‘98'exiri-.3531:
3188 5401 3527 5514 (iugera,
3568 5412 3591 5445 .
3623 5405 3733 5447 ac.

2084 5484 2149 5552 r9)
2183 5486 2276 5540 Sic
2312 5508 2450 5573 mss.
2503 5482 3241 5573 Edit't‘vverx::«Eiuéiia-
3286 5482 3433 5583 etcf.
3709 5556 3732 5569 .

2084 5555 2225 5628 F391
2244 5559 2497 5621 "mittite.
2525 5586 2545 5617 ι
2581 5581 2704 5628 «τις,
3246 5540 3382 5596 qua
3418 5538 3571 5587 Ilate
3602 5544 3704 5601 per

2043 5619 2154 5690 (80)
2190 5623 2359 5693 Editi,
2402 5650 2423 5683 ι
2462 5619 3124 5721 ιιιυόιῖεοιτιιριὶιιίιεε
3173 5670 3521 5736 corporis,
3557 5689 3579 5723 ι
3618 5677 3725 5725 εκ.
