3894 6280
336 305 489 357 H93

1236 313 1578 370 COMMENT.
1618 313 1682 366 ΙΝ
1720 310 1909 367 EPlST
1944 313 2033 367 ΔΙ)
2069 314 2229 370 ROM.
2264 316 2388 393 LIB.
2426 316 2541 372 Vill

3273 322 3279 328 ’
3346 312 3480 366 llus

322 436 436 479 aut
463 428 700 484 oleaster
722 429 971 496 eliicitur,
996 441 1086 485 aut
1107 430 1386 485 Israelitiei
1412 431 1641 500 generis,
1673 440 1765 483 aut
1791 430 1867 484 al—
1891 434 1938 490 Δ
1963 432 2116 486 docet
2143 447 2240 486 nos
2270 433 2554 500 Apostolus
2584 446 2687 484 non
2715 430 2897 486 extolli
2923 431 3176 485 adversus
3220 427 3483 492 radicem,

322 515 517 570 terius
551 517 832 586 culpabilis
879 522 1072 588 gentis,
1117 529 1175 573 ut
1221 520 1430 573 dicatur
1483 520 1546 572 de
1594 535 1655 574 eo
1686 536 1699 571 :
1732 518 1865 584 Quia

1966 522 2045 575 vel
2077 521 2280 577 fractos
2310 536 2483 576 ramos
2514 520 2797 587 lsraelitas,
2842 531 3016 587 neque
3050 518 3307 575 insultare
3356 516 3478 571 eis:

323 621 351 655 ι
379 604 610 659 alienati
650 617 773 660 sunt
799 612 1103 675 peccatores
1125 609 1189 662 ab
1225 618 1376 660 utero
1400 607 1528 675 (8t),
1559 617 1869 659 erraverunt
1903 618 1919 644 ο
1964 612 2088 680 quia
2141 627 2243 666 non
2296 626 2392 666 nos
2433 614 2662 666 radicem
2710 622 3002 680 portamus,
3042 612 3133 666 sed
3175 613 3326 666 radix
3355 627 3475 668 nos.

316 707 355 749 a
394 705 634 752 ventre:
673 697 833 751 locuti
869 708 993 753 sunt
1033 698 1165 751 falsa
1188 699 1263 750 “:
1300 716 1317 748 ι
1367 698 1437 750 ita
1478 707 1533 749 ut
1562 698 1666 749 sint
1714 713 1866 764 pereo

316 789 481 853 grini
538 801 1011 855 testamentorum,
1065 801 1121 846 et
1167 793 1405 859 hospites
1461 793 1866 861 promissionum

316 876 429 929 Dei
456 879 521 931 “.
551 879 617 933 Et
642 881 728 933 alii
749 882 798 933 in
824 881 986 935 Deum
1008 881 1281 950 jactantur
1300 896 1365 936 ex
1390 892 1562 944 utero,
1580 894 1633 935 et
1654 883 1866 936 dicunt:

322 982 346 1016 s
388 965 453 1019 In
490 977 543 1020 te
566 969 797 1035 iactatus
816 985 931 1023 sum
956 985 1022 1022 ex
1045 981 1220 1032 utero,
1244 971 1308 1024 de
1329 980 1509 1024 ventre
1535 970 1723 1023 matris
1742 985 1869 1023 mea:

316 1052 479 1107 Deus
529 1072 680 1110 meus
720 1071 778 1111 es
818 1071 872 1110 tu
898 1058 963 1112 “.
996 1077 1015 1109 ι
1057 1059 1158 1111 Sed
1191 1060 1468 1125 quoniam,
1512 1068 1571 1112 ut
1619 1060 1865 1121 diximus,

312 1151 627 1208 permanet
675 1157 884 1211 semper
939 1154 1144 1196 natura:
1204 1144 1325 1197 huic
1372 1144 1591 1197 libertas
1639 1144 1866 1207 arbitrii,

314 1229 604 1294 possibile
631 1241 713 1283 est
742 1241 799 1283 ut
821 1247 940 1285 cum
968 1234 1035 1285 sit
1067 1233 1187 1300 quis
1232 1233 1533 1286 Israelitica:
1575 1233 1768 1301 gentis,
1817 1241 1871 1285 et

312 1317 497 1371 bona:
525 1319 680 1373 oliva:
711 1336 912 1388 ramus,
953 1325 1162 1377 decidat
1219 1326 1269 1376 in
1324 1323 1769 1386 incredulitatem,
1818 1332 1869 1375 et

312 1404 657 1474 frangatur:
690 1416 743 1461 et
772 1424 954 1463 rursus
988 1411 1121 1463 alius
1151 1412 1240 1478 qui
1272 1411 1508 1478 elegerat
1542 1411 1715 1478 gentis
1751 1424 1869 1464 esse

312 1495 623 1563 culpabilis
674 1498 781 1567 (82)
828 1510 879 1552 et
915 1501 1241 1567 peccatricis,
1300 1510 1352 1555 et
1405 1516 1498 1569 per
1546 1502 1641 1554 hoc
1691 1515 1868 1554 ramus

310 1583 562 1639 oleastri
592 1588 975 1650 dicebatur,dsi
1011 1600 1351 1643 convertatur
1385 1592 1448 1643 ad
1487 1592 1641 1645 iidem
1688 1591 1867 1660 (habet

308 1674 477 1727 enim
513 1676 564 1728 in
595 1690 653 1730 se
676 1676 880 1730 arbitrii
910 1677 991 1730 sui
1023 1675 1133 1748 (83)
1158 1678 1474 1743 libertatem,
1499 1694 1602 1746 qua
1625 1679 1864 1732 converti

1964 700 2077 755 Non
2115 702 2254 755 enim
2304 702 2556 755 habemus
2594 702 2704 771 (89)
2734 700 2871 769 quod
2904 716 3007 754 non
3050 703 3375 770 accepimus.
3421 701 3479 756 Si

1964 801 2136 844 autem
2164 793 2486 856 accepimus,
2510 792 2637 858 quid
2663 791 2953 858 gloriamur
2992 791 3144 859 quasi
3190 807 3293 844 non
3326 806 3482 846 acce-

1963 881 2194 948 perimus
2215 880 2307 932 9’?
2354 880 2485 932 Tum
2539 881 2725 935 deinde
2755 883 2906 948 quasi
2941 881 3255 950 quibusdam
3305 882 3484 949 impu-

1964 967 2172 1021 dentius
2198 968 2567 1022 insultantibus
2587 978 2641 1021 et
2667 969 2963 1022 dicentibus
2987 984 3001 1019 :
3033 967 3088 1022 Si
3116 986 3135 1018 ι
3173 968 3330 1022 fracti
3359 976 3485 1021 sunt

1967 1057 2094 1108 rami
2157 1056 2315 1127 (90):
2387 1060 2555 1114 bene:
2585 1065 2802 1126 propter
2849 1057 3277 1111 incredulitatem
3327 1057 3484 1110 fracti

1966 1153 2105 1207 sunt,
2141 1154 2198 1196 ut
2225 1159 2323 1212 ego
2363 1145 2630 1199 insererer
2661 1162 2680 1195 ι
2734 1145 2823 1213 qui
2855 1145 3175 1199 credebam:
3212 1145 3311 1199 hos
3356 1157 3486 1211 ergo

1966 1234 2257 1300 reprimens
2299 1233 2580 1301 Apostolus
2629 1233 2798 1287 dicit:
2846 1233 2922 1285 llli
2950 1233 3161 1300 quidem
3191 1248 3288 1302 per
3313 1233 3485 1288 incre-

1964 1320 2233 1373 dulitatem
2260 1319 2415 1373 fracti
2446 1328 2590 1382 sunt,
2635 1328 2686 1373 et
2725 1329 2779 1372 tu
2815 1320 3045 1372 insertus
3074 1332 3132 1372 es
3167 1334 3260 1387 per
3302 1319 3483 1383 fidem,

1963 1410 2091 1463 etin
2121 1411 2219 1463 lide
2249 1420 2396 1463 stas:
2428 1412 2520 1465 sed
2549 1419 2811 1463 memento
2839 1408 2963 1476 quia
3019 1425 3039 1457 σ
3073 1408 3246 1462 omnis
3287 1408 3379 1476 qui
3423 1421 3483 1461 se

1962 1498 2157 1551 exaltat
2199 1498 2560 1553 humiliabitur
2600 1499 2688 1559 '°;
2725 1516 2746 1552 ι
2804 1506 2858 1550 et
2900 1497 3017 1551 ideo
3064 1514 3082 1545 ι
3116 1496 3223 1550 noli
3257 1498 3484 1565 superbe

1963 1598 2153 1651 sapere
2177 1583 2307 1653 (91),
2344 1602 2363 1634 ι
2400 1584 2505 1638 noli
2554 1583 2658 1636 alta
2687 1593 2740 1637 et
2767 1584 2903 1637 elata
2934 1583 3194 1651 proloqui.
3230 1582 3483 1648 Quamvis

1964 1674 2104 1725 enim
2143 1673 2194 1725 in
2228 1674 2404 1727 radice
2431 1684 2560 1737 stes,
2592 1685 2645 1727 et
2672 1675 2805 1728 bene
2827 1683 2957 1739 stes,
2991 1673 3173 1727 timeto
3207 1682 3381 1727 tamen
3410 1674 3485 1729 vi-

311 1766 509 1830 possit
536 1765 599 1817 ad
629 1767 822 1818 bonum
854 1761 962 1833 [86]
990 1741 1306 1830 ),‘inseritur
1331 1741 1481 1822 bona}
1507 1741 1659 1822 διίνω
1693 1783 1784 1836 per
1804 1767 1864 1821 ﬁ-
1900 1741 1940 1797 Β
1966 1761 2096 1815 deus
2132 1763 2253 1830 quia
2286 1770 2338 1814 et
2367 1762 2450 1814 alii
2478 1762 2666 1830 quibus
2689 1762 2905 1817 insultas
2930 1762 3002 1816 ibi
3029 1770 3291 1816 steterunt
3316 1762 3405 1817 ubi
3429 1770 3485 1818 et

311 1854 480 1917 dem,
513 1864 567 1906 et
594 1853 817 1908 eliicitur
862 1857 1039 1910 socius
1068 1857 1283 1919 radicis,
1317 1866 1370 1910 et
1401 1857 1731 1924 pinguedinis
1769 1858 1866 1912 oli-

1966 1862 2019 1904 tu
2059 1860 2203 1906 stas:
2237 1861 2288 1905 et
2315 1861 2364 1904 tu
2388 1866 2503 1904 cum
2532 1852 2598 1905 ibi
2630 1867 2731 1906 non
2760 1867 2925 1918 esses,
2952 1852 3017 1907 ad
3048 1852 3200 1906 oliva:
3244 1851 3354 1924 (99.)
3384 1853 3486 1906 hu-

311 1955 406 1994 vaa
440 1941 514 1995 “.
561 1941 812 1996 Radicem
844 1957 971 1997 vero
1001 1943 1137 1998 hanc
1164 1945 1251 1997 alii
1282 1944 1539 1997 Abraham
1571 1945 1863 2010 nominant,
1957 1940 2043 2008 ius
2080 1943 2305 1995 radicem
2335 1942 2551 1995 aliunde
2580 1943 2864 1997 translatus
2900 1957 2976 2007 es,
3008 1952 3062 1996 et
3107 1943 3361 2012 possibile
3402 1950 3486 1999 est

309 2028 415 2081 alii
458 2026 618 2094 Seth,
656 2029 745 2082 alii
772 2030 1003 2097 aliquem
1036 2049 1197 2085 unum
1225 2048 1288 2085 ex
1319 2033 1557 2099 patribus
1588 2033 1722 2087 bene
1752 2049 1861 2088 me~

309 2118 456 2170 ritis
496 2126 702 2184 ponunt
750 2119 880 2187 (85).
914 2121 1026 2189 Ego
1056 2131 1231 2174 autem
1274 2122 1501 2174 radicem
1553 2121 1707 2175 aliam
1750 2138 1867 2191 qua!

307 2214 523 2259 sancta
554 2207 642 2268 sit,
672 2216 726 2259 et
744 2217 956 2262 sanctas
977 2210 1236 2277 primitias
1263 2210 1441 2264 nescio
1464 2210 1563 2263 nisi
1591 2210 1865 2264 Dominum

304 2304 586 2349 nostrum
619 2294 729 2362 (86)
778 2295 959 2350 Jesum
990 2295 1280 2351 Christum.
1310 2298 1425 2365 ipse
1450 2308 1531 2353 est
1571 2300 1712 2352 enim
1754 2301 1867 2366 pri-

308 2385 505 2438 mitiae
535 2387 793 2452 omnium,
824 2384 906 2440 vel
939 2404 958 2437 ‹
995 2386 1268 2451 delibatio,
1302 2405 1322 2438 ι
1358 2397 1416 2440 ut
1440 2388 1492 2440 in
1521 2389 1767 2456 praesenti
1791 2388 1868 2441 lo-

307 2488 387 2527 co
419 2473 693 2527 habemus
719 2475 982 2542 Apostoli,
1015 2477 1301 2530 secundum
1326 2476 1377 2529 id
1402 2478 1540 2543 quod
1573 2477 1697 2531 alibi
1724 2479 1786 2530 de
1805 2492 1868 2530 eo

307 2560 535 2614 dicitur
558 2577 572 2612 :
611 2580 630 2611 ι
653 2561 752 2627 Qui
780 2573 861 2617 est
887 2564 1266 2633 primogenitus
1292 2565 1464 2616 omnis
1493 2575 1750 2620 creatura:
1763 2565 1862 2617 ⁸⁷.»

309 2651 476 2706 Huic
519 2664 749 2718 namque
791 2652 953 2704 radici
984 2654 1156 2707 omnis
1192 2653 1283 2719 qui
1315 2652 1549 2706 salvatur
1586 2654 1864 2718 inseritur,

307 2746 377 2791 et
417 2752 496 2803 ex
525 2737 630 2790 bac
657 2736 979 2791 delibatione
1010 2748 1195 2796 sancta
1221 2740 1399 2792 omnis
1444 2754 1617 2807 massa
1647 2740 1865 2795 humani

307 2827 555 2896 generis
598 2827 1010 2882 sanctiﬁcatur:
1053 2835 1106 2880 et
1142 2841 1266 2880 vere
1313 2828 1452 2882 sicut
1486 2828 1636 2881 radix
1683 2839 1867 2882 sancta

309 2915 687 2970 manentibus
733 2916 784 2969 in
832 2930 889 2970 se
941 2916 1102 2969 ramis
1150 2917 1450 2970 sanctitatis
1496 2916 1864 2985 pinguedinem

309 3005 561 3072 praebet,
595 3006 716 3057 dum
749 3020 841 3072 per
864 3004 1118 3072 Spiritum
1149 3018 1300 3057 suum
1328 3015 1567 3058 sanctum
1592 3005 1865 3059 adhaeren-
1891 3037 1933 3092 ε

308 3102 405 3146 tes
444 3092 557 3145 sibi
596 3092 849 3158 vivilicat,
876 3095 1037 3147 verbo
1086 3094 1302 3158 excolit,
1347 3093 1604 3161 sapientia
1653 3092 1866 3146 ﬂoridos

307 3182 536 3244 reddit,
563 3188 619 3234 et
647 3182 699 3235 in
729 3182 967 3234 omnium
1019 3182 1267 3235 virtutum
1314 3181 1639 3250 plenitudine
1679 3177 1868 3234 afferre

305 3271 547 3326 fructus
574 3271 765 3324 uberes
795 3269 918 3322 facit
960 3285 973 3321 :
1019 3271 1090 3323 ita
1133 3281 1192 3324 ut
1227 3281 1282 3324 et
1310 3272 1425 3338 ipsa
1472 3272 1615 3325 dicat
1649 3273 1712 3324 de
1743 3274 1863 3326 eis:

321 3376 348 3412 ι
394 3359 527 3427 Ego
561 3367 739 3412 autem
771 3361 911 3412 sicut
934 3358 1070 3413 oliva
1093 3358 1365 3413 lructifera
1392 3361 1443 3414 in
1468 3360 1738 3416 domo‘Dei
1765 3364 1860 3415 “.i

302 3449 551 3503 Etenim
569 3449 613 3501 si
628 3449 756 3501 rami
771 3448 860 3517 qui
877 3447 1027 3502 fracti
1051 3457 1192 3511 sunt,
1211 3459 1421 3518 propter
1446 3451 1863 3507 incredulitatem

300 3536 485 3591 fracti
505 3545 710 3599 sunt,et
726 3539 983 3605 quistant,
1008 3537 1286 3590 lidestant:
1308 3539 1423 3606 quis
1438 3539 1568 3592 alius
1580 3540 1679 3593 erit
1694 3542 1742 3593 in
1763 3556 1864 3608 quo

301 3636 475 3682 stant
497 3626 605 3679 nisi
629 3624 782 3678 Jesus
800 3624 1041 3678 Christus
1063 3625 1086 3677 ?
1112 3637 1164 3678 et
1189 3628 1308 3693 quis
1329 3637 1407 3680 est
1423 3628 1561 3681 alius
1586 3647 1614 3679 a
1646 3644 1748 3697 quo
1772 3646 1866 3697 per

302 3713 765 3771 incredulitatem
792 3714 947 3766 fracti
972 3724 1112 3780 sunt,
1142 3715 1236 3768 nisi
1263 3717 1375 3783 ipse
1401 3716 1603 3769 cuinon
1627 3718 1864 3771 credide-

301 3805 502 3860 runt?
537 3803 760 3871 Semper
819 3816 948 3870 ergo
974 3803 1270 3872 quicunque
1317 3806 1529 3857 advena:
1570 3806 1635 3858 ad
1686 3806 1860 3871 fidem,

297 3894 399 3949 vel
431 3890 507 3945 ad
544 3892 1000 3945 conversationem
1032 3890 1192 3944 lsrael
1227 3891 1336 3961 (87)
1364 3893 1665 3957 veniebant,
1710 3894 1863 3948 Chri-

296 3993 402 4038 sto
470 3980 570 4049 qui
608 3989 723 4033 erat
763 3994 919 4033 verus
960 3978 1118 4033 Israel
1162 3981 1545 4035 inserebantur.
1596 3982 1862 4050 Praecipue

299 4083 515 4126 tamen
574 4083 641 4122 ex
691 4078 924 4136 tempore
970 4069 1227 4123 adventus
1258 4072 1370 4137 ejus
1410 4076 1602 4126 multus
1634 4074 1862 4127 oleaster

295 4161 595 4219 inseritur
623 4157 732 4229 (88)
758 4159 880 4211 huic
911 4160 1097 4222 radici,
1128 4161 1212 4213 vel
1255 4161 1416 4215 ramis
1438 4161 1573 4228 ejus,
1604 4163 1859 4230 apostolis

293 4250 543 4306 scilicet
581 4257 639 4301 et
687 4247 958 4315 prophetis
1004 4248 1130 4302 Dei:
1172 4259 1228 4315 ut
1288 4250 1378 4318 qui
1428 4250 1728 4304 inseruntur
1759 4252 1855 4316 eis,

1962 2032 2121 2085 etiam
2163 2039 2212 2085 te
2249 2046 2491 2099 peccare.
2520 2031 2654 2085 Nam
2695 2040 2749 2086 et
2790 2033 2889 2085 hoc
2931 2032 3044 2100 ipso
3072 2032 3212 2099 quod
3238 2032 3482 2099 superbis

1963 2129 2015 2172 et
2037 2120 2303 2184 exaltaris,
2326 2119 2434 2186 jam
2457 2135 2645 2187 peccas
2669 2139 2682 2173 :
2715 2129 2769 2174 et
2788 2120 2918 2173 scito
2947 2122 3195 2189 quoniam
3225 2137 3246 2172 ‹
3275 2120 3319 2174 si
3346 2121 3485 2176 Deus

1965 2208 2288 2261 naturalibus
2337 2211 2496 2262 ramis
2548 2224 2650 2263 non
2699 2211 2952 2278 pepercit,
2994 2224 3092 2264 nec
3126 2210 3217 2264 tibi
3245 2218 3480 2279 parcet.»

1964 2294 2091 2348 Post
2126 2297 2235 2348 haec
2272 2310 2397 2351 vero
2447 2298 2550 2352 iste
2582 2297 2692 2368 (93)
2737 2299 2826 2367 qui
2878 2299 3117 2367 superbit
3159 2307 3214 2354 et
3267 2300 3486 2357 insultat

1964 2384 2148 2453 lapsis,
2187 2386 2461 2441 altioribus
2500 2386 2567 2440 ab
2600 2387 2849 2455 Apostoio
2889 2388 3130 2441 sensibus
3171 2387 3485 2443 humilitatis

1967 2473 2259 2539 imbuitur;
2296 2482 2346 2527 et
2389 2475 2587 2528 dicitur
2635 2475 2701 2528 ad
2743 2489 2861 2528 eum
2888 2492 2904 2530 :
2936 2474 3013 2528 Tu
3044 2478 3133 2544 qui
3175 2477 3286 2531 haec
3329 2477 3482 2540 dicis,

1968 2577 1988 2612 ι
2026 2562 2143 2616 vide
2174 2563 2462 2617 bonitatem
2490 2572 2544 2618 et
2571 2564 2907 2618 severitatem
2938 2564 3028 2618 Dei
3057 2583 3073 2618 :
3101 2583 3120 2616 ι
3156 2574 3209 2619 et
3241 2580 3355 2619 cum
3402 2567 3484 2619 vi-

1964 2652 2057 2705 des
2085 2653 2419 2706 severitatem
2457 2653 2571 2722 ejus
2615 2668 2736 2723 erga
2772 2653 3039 2709 detractos
3062 2670 3258 2719 ramos,
3310 2666 3483 2709 metu-

1964 2738 2152 2793 cndum
2182 2741 2274 2794 tibi
2305 2750 2475 2794 estne
2498 2740 2634 2795 forte
2683 2750 2736 2795 et
2784 2750 2838 2796 tu
2867 2741 2992 2796 dum
3035 2743 3284 2811 superbis
3316 2755 3369 2798 et
3398 2744 3483 2797 in-

1963 2830 2128 2883 sultas
2151 2829 2327 2896 lapsis,
2356 2831 2691 2886 severitatem
2725 2832 2815 2886 Dei
2866 2848 2984 2901 quae
3026 2843 3331 2901 peccatores
3362 2818 3485 2904 per?

1967 2929 2140 2986 urget,
2196 2919 2438 2972 incurras
2464 2921 2577 2987 ipse
2626 2923 2914 2988 peccando.
2946 2921 3165 2975 Bonitas
3200 2924 3337 2976 enim
3370 2923 3485 2989 ejus

1965 3015 2239 3075 permanet
2265 3007 2314 3057 in
2334 3006 2516 3074 bisqui
2538 3009 2589 3060 in
2614 3009 2845 3063 bonitate
2872 3012 3274 3080 permanserint.
3302 3033 3320 3065 ς
3342 3014 3482 3068 Alio-

1963 3092 2088 3158 quin
2110 3110 2127 3143 ο
2144 3093 2325 3146 eodem
2339 3094 2522 3147 ordine
2539 3112 2557 3145 t
2577 3104 2626 3147 et
2644 3096 2799 3157 ω,ιεὶ
2822 3096 2872 3149 in
2891 3098 3121 3153 bonitate
3132 3114 3233 3154 non
3246 3114 3484 3169 perman-

1961 3179 2461 3241 seris,texcideris:
2496 3189 2549 3233 et
2573 3180 2646 3233 illi
2673 3181 2716 3233 si
2750 3184 2800 3233 in
2835 3182 3202 3237 incredulitate
3238 3199 3339 3236 non
3361 3200 3484 3254 per-

1964 3270 2269 3335 manserint,
2286 3271 2600 3324 inserentur.
2616 3291 2634 3323 ι
2662 3272 2767 3326 Deo
2789 3275 2929 3328 enim
2958 3291 3060 3328 non
3078 3287 3158 3330 est
3180 3276 3483 3344 impossibi-

1962 3358 2009 3413 le
2029 3376 2047 3408 ι
2072 3361 2259 3413 iterum
2278 3359 2511 3413 inserere
2532 3359 2647 3413 illos
2665 3379 2682 3409 ι
2702 3362 2745 3414 si
2766 3364 3013 3416 recedant
3029 3366 3094 3419 ab
3114 3365 3481 3421 incredulitate

1958 3446 2118 3518 639
2136 3461 2228 3515 per
2256 3462 2408 3514 quam
2442 3448 2591 3502 fracti
2616 3460 2737 3503 sunt
2770 3468 2784 3503 :
2824 3454 3246 3522 quandoquidem
3274 3455 3481 3512 facilius

1960 3538 2168 3588 videtur
2190 3538 2415 3604 propria:
2439 3537 2644 3591 arboris
2683 3554 2861 3592 ramos
2891 3542 3054 3593 radici
3083 3556 3192 3595 sua:
3232 3542 3478 3609 reddere,

1960 3640 2115 3693 quam
2133 3625 2364 3679 inserere
2379 3627 2595 3680 alienos.
2611 3626 2756 3691 Quod
2774 3636 2947 3681 autem
2974 3629 3153 3693 dixit,¢
3174 3645 3239 3684 ex
3254 3634 3479 3688 naturali

1959 3715 2206 3781 oleastro,
2239 3718 2261 3764 ί
2274 3729 2326 3767 et
2348 3714 2581 3768 iterumu
2600 3716 2885 3769 secundum
2915 3729 3155 3771 naturam
3182 3721 3480 3775 inserentur

1958 3817 2064 3856 sua:
2078 3803 2246 3866 olivae,
2271 3821 2290 3855 ι
2317 3811 2555 3856 naturam
2571 3804 2722 3857 oliva:
2750 3804 2830 3857 vel
2846 3805 3055 3859 oleastri
3079 3810 3360 3862 secundum
3383 3811 3478 3863 hoc

1958 3895 2206 3946 debemus
2225 3892 2463 3960 accipere
2485 3894 2622 3959 quod
2642 3905 2797 3958 supra
2824 3895 3181 3961 exposuimus,
3200 3898 3336 3967 quod
3369 3899 3478 3967 (94)

1956 3980 2158 4032 arbitrii
2190 3979 2408 4033 libertas
2437 3989 2678 4031 naturam
2704 3980 2887 4033 fecerit
2917 3983 3199 4052 unicuique
3226 3985 3307 4038 vel
3335 3986 3477 4039 olea-

1955 4068 2072 4134 stri,
2100 4069 2181 4121 vel
2234 4068 2383 4122 bonae
2410 4069 2585 4122 olivae.
2628 4065 3025 4124 Observandum
3059 4085 3185 4125 sane
3226 4083 3307 4126 est
3336 4077 3476 4143 quod

1956 4159 2009 4211 hi
2037 4159 2243 4226 quidem
2267 4160 2355 4227 qui
2384 4173 2449 4212 ex
2473 4160 2685 4228 propria
2710 4160 2846 4211 oliva
2867 4160 3197 4225 deciderunt,
3218 4160 3370 4215 fracti
3397 4163 3479 4214 di-

1956 4257 2147 4302 cuntur
2176 4265 2192 4313 ;
2218 4249 2268 4299 lli
2298 4262 2422 4300 vero
2454 4249 2543 4316 qui
2576 4263 2642 4301 ex
2683 4247 2914 4302 oleastro
2946 4249 3271 4313 inseruntur,
3303 4250 3345 4302 si
3382 4249 3478 4304 ite-

291 4339 457 4397 socii
490 4336 628 4391 ﬂant
652 4337 846 4391 radicis
867 4344 921 4390 et
942 4338 1275 4406 pinguedinis
1305 4340 1529 4395 Christi.
1582 4340 1710 4395 Post
1739 4341 1851 4396 haac
1883 4336 1926 4390 D
1954 4352 2066 4390 rum
2091 4337 2445 4406 peccaverint,
2487 4350 2591 4389 non
2616 4336 2917 4406 frangendi,
2949 4337 3087 4406 quod
3128 4337 3311 4405 utique
3337 4347 3479 4392 esset

379 4475 437 4507 οι
458 4472 614 4543 ipsa],
633 4487 768 4543 πμ,
795 4472 855 4543 ιι
881 4540 897 4543 _
922 4473 966 4503 αδ
1005 4472 1193 4539 Ephes.
1221 4488 1290 4543 in,
1325 4475 1408 4528 12.
1481 4476 1524 4507 ⁸⁵
1540 4474 1675 4531 Psal.
1702 4490 1820 4543 ut,
1847 4478 1861 4529 1

2003 4470 2047 4503 ⁸⁸
2071 4470 2220 4523 Rom.
2250 4483 2326 4533 ιι,
2355 4468 2439 4523 17.
2512 4467 2555 4499 ⁸⁷
2593 4438 2796 4522 Coloss.
2832 4483 2868 4531 ι,
2905 4466 2989 4520 15.
3063 4465 3107 4497 ⁸⁸
3127 4465 3266 4519 Psal.
3295 4480 3367 4527 Li,
3393 4464 3479 4518 l0.

290 4544 390 4597 "l
426 4542 561 4596 Cor.
588 4557 658 4606 tv,
693 4541 743 4595 7.
814 4541 859 4572 ⁷ο
878 4540 1006 4593 Luc.
1036 4556 1182 4604 xvttt,
1210 4542 1294 4595 14.

408 4649 510 4718 81)
546 4648 711 4718 Editi,
741 4667 759 4698 ο
788 4663 817 4702 a
847 4649 1020 4708 vulva,
1041 4658 1349 4718 erraverunt
1377 4649 1444 4702 ab
1472 4661 1647 4713 utero,
1679 4669 1699 4702 ι
1745 4661 1849 4712 etc.

406 4720 509 4785 82)
543 4717 758 4785 Edititr
787 4731 948 4784 genus
968 4730 1085 4768 esse
1115 4717 1407 4785 culpabilis,
1435 4735 1454 4767 ι
1485 4727 1589 4771 etc.

403 4783 509 4851 85)
550 4785 668 4836 Sui.
701 4783 858 4837 Deest
888 4786 937 4835 in
966 4785 1141 4837 editis.

408 4856 509 4920 84)
543 4851 706 4913 Editi,
739 4870 757 4901 ί
788 4852 851 4904 ad
886 4853 1037 4904 (idem
1068 4853 1206 4905 boni.
1238 4871 1257 4903 ι

376 4919 510 4995 (85)
544 4919 932 4995 EditiLtAbona:
958 4921 1146 4995 mentis
1175 4928 1389 4995 ponunt.
1426 4939 1444 4971 ι
1595 4936 1727 4995 unus
1746 4921 1848 4974 Re-

282 4986 432 5064 ginis
464 4986 795 5064 tiu:n_._ll359,
824 5004 842 5036 ε
874 4987 991 5064 boni
1018 4989 1188 5040 meriti
1216 4998 1432 5056 ponunt.
1467 5006 1486 5039 ι
1507 4989 1692 5041 υωιετί
1723 5005 1848 5043 vero

283 5054 453 5116 iiiss.
494 5067 550 5109 et
593 5054 841 5106 llabanus
873 5064 928 5106 ut
957 5055 1006 5105 in
1037 5065 1204 5108 textu.

373 5126 507 5196 (86)
535 5126 629 5177 Sic
656 5123 783 5196 editi
811 5124 1154 5196 et_llabanus.
1176 5124 1268 5177 Ms.
1299 5123 1493 5196 Regius
1521 5138 1666 5175 num.
1697 5119 1850 5186 1639,

291 5215 314 5247 ς
366 5191 586 5248 incum.
622 5210 640 5241 ι
693 5191 882 5244 Cameri
929 5204 1056 5242 mss.
1098 5196 1347 5245 omittunt
1389 5192 1471 5243 vel
1516 5208 1534 5239 ε
1564 5199 1795 5243 nOstrum
1829 5211 1851 5244 ι

282 5266 385 5320 vel
443 5280 466 5311 ι
499 5276 694 5311 meum.
726 5276 745 5308 s

377 5330 509 5399 (87)
538 5328 680 5399 hlss.‘
695 5330 797 5399 duo
820 5324 1034 5389 habent,
1062 5343 1081 5376 ι
1108 5327 1173 5381 ad
1202 5328 1603 5381 conversionem
1631 5325 1846 5380 Israel.»

402 5401 504 5459 88)
543 5395 703 5455 Editi,
734 5395 1025 5446 «insertus.
1052 5411 1072 5446 ο

402 5405 504 5459 88)
543 5405 703 5455 Edtll,
734 5411 753 5443 ‹
778 5405 1025 5446 insertus.
1052 5411 1072 5446 ο

370 5405 503 5537 (89)
530 5464 630 5537 Ms.
679 5462 871 5529 Regius
916 5475 1070 5537 (tum.
1107 5462 1260 5525 1659,
1317 5480 1336 5513 ι
1368 5462 1494 5516 Post
1532 5459 1716 5537 edocet
1752 5475 1850 5537 nos

282 5526 632 5607 Apostolus
653 5526 974 5607 non'egtolli
1008 5529 1284 5607 adversum
1317 5544 1495 5583 ramos
1529 5529 1741 5607 fractos,
1793 5530 1845 5582 id

285 5595 393 5665 est
446 5601 786 5657 lsraelitas...
818 5595 957 5648 Nihil
985 5599 1125 5649 enim
1148 5599 1420 5663 habemus,
1442 5615 1461 5647 ι
1494 5605 1596 5652 etc.
1619 5596 1719 5651 Sed
1740 5611 1845 5651 cte-

564 5691 831 5747 PATROL-
894 5682 1008 5743 Gn.
1061 5684 1225 5747 XIV.
1299 5766 1305 5777 '

1953 4651 2048 4703 teri
2081 4663 2231 4709 mss.,
2258 4646 2510 4700 Rabanus
2531 4655 2585 4699 et
2612 4654 2737 4699 edttt
2765 4655 2819 4697 ut
2844 4647 2895 4699 in
2930 4654 3115 4698 nostro
3165 4651 3341 4704 textu,
3383 4644 3484 4697 nisi

1949 4718 2087 4785 quod
2117 4718 2240 4834 edilti
2268 4714 2517 4769 omittant
2540 4732 2559 4765 ι
2584 4713 2683 4773 vel,
2712 4730 2733 4762 ι
2755 4724 2809 4767 et
2835 4714 3077 4766 llabanus
3111 4710 3306 4762 habeat
3339 4727 3359 4758 ι
3388 4720 3440 4763 et
3462 4728 3485 4761 ο

1950 4802 2042 4834 nm
2075 4803 2094 4834 ι
2129 4798 2193 4834 ve
2214 4821 2230 4834 .
2258 4802 2279 4833 ι

1949 4802 2042 4853 pro
2075 4803 2094 4853 ς
2129 4798 2230 4853 vet.
2258 4802 2279 4833 ι

2006 4852 2126 4934 ,(90)
2154 4848 2316 4934 liditi,
2352 4867 2371 4899 ι
2404 4847 2865 4917 impudentibus...
2892 4848 2996 4902 Sed
3031 4841 3190 4898 fracti
3224 4849 3364 4893 sunt
3408 4855 3495 4894 ra-

1949 4928 2040 4983 tni,
2071 4940 2089 4972 »
2125 4928 2227 4972 etc.

2016 4987 2122 5058 (9t)
2152 4986 2312 5058 Editi,
2342 5004 2361 5034 ι
2392 4985 2613 5058 superba
2636 4996 2840 5058 sapere.
2869 4999 2889 5032 ι
3002 5055 3009 5058 Δ
3104 5056 3115 5058 ξ
3147 5057 3152 5058 γ
3180 5055 3209 5058 Α
3255 5040 3339 5058 2U

2021 5041 2130 5127 (93')
2160 5055 2258 5106 Ms-
2284 5041 2479 5127 “esis?
2500 5067 2644 5127 ".um-
2676 5041 2830 5127 “i59-
2863 5066 2883 5098 ι
2915 5055 3063 5127 eam.
3090 5055 3227 5127 99F!
3255 5041 3346 5127 ‘PI‘
3375 5052 3513 5127 alii:

1954 5105 2264 5182 adol—ivi,»
2289 5105 2393 5172 etc".
2432 5119 2535 5173 Sed
2559 5118 2737 5171 caeteri
2782 5105 2934 5179 mss.,
2966 5113 3232 5166 [tabanus
3276 5113 3347 5159 et
3395 5105 3518 5158 editi

1958 5206 2015 5248 ut
2044 5194 2096 5244 in
2126 5198 2289 5243 textu.

2031 5237 2295 5329 (abiisti;
2324 5253 2597 5309 Omittitur
2619 5255 2673 5306 in
2699 5251 2891 5316 editis;
2930 5249 3025 5319 qui
3063 5251 3261 5314 postea
3291 5237 3538 5296 habent,

1960 5349 1983 5382 ι
2009 5324 2063 5383 et
2084 5324 2209 5380 dicit
2228 5324 2292 5374 ad
2318 5336 2457 5377 eum.
2504 5339 2524 5372 ι
3149 5380 3163 5383 _
3444 5370 3456 5382 ,

2024 5379 2130 5468 (9⁸)
2174 5390 2382 5468 ιηρυεριι
2419 5387 2728 5468 mmmam
2756 5388 2806 5468 ira
2845 5386 3025 5468 suis,
3057 5379 3548 5468 ξεςηξεξξῡςωξξξξ

1954 5440 2161 5519 θχὶῖιῖἒ.
2182 5440 2189 5441 7
2211 5440 2380 5525 [legio
2408 5440 2552 5510 num.
2585 5455 2716 5508 l639
2759 5440 3110 5525 et‘liabaito.
3144 5440 3378 5500 Caneri
3433 5448 3556 5490 vero

1955 5548 2084 5589 mss.
2116 5520 2314 5584 habeui
2336 5548 2355 5582 ι
2392 5534 2448 5580 ut
2476 5542 2494 5576 ι
2520 5538 2616 5592 pro
2645 5539 2664 5573 ι
2703 5520 2862 5588 quod.
2902 5538 2921 5571 ι

3185 5663 3279 5720 38
