3894 6264
372 391 525 445 QII)?

1283 397 1630 453 COMMENT.
1672 397 1734 448 IN
1771 391 1980 448 EPiST.
2015 395 2103 446 AD
2134 394 2295 448 ROM.
2328 395 2453 448 LIB.
2498 395 2628 449 VIII.

3401 393 3534 444 1198

373 521 411 561 ε
441 523 532 564 me
565 519 949 577 testamentum,
980 529 1098 568 cum
1149 517 1412 569 abstulero
1442 529 1658 584 peccata
1687 530 1914 571 eorum.»
1947 517 1993 572 Α
2021 527 2120 578 qua
2148 527 2272 565 vero
2311 512 2500 575 tristia,
2544 513 2586 565 si
2635 510 2842 579 quidem
2883 525 2947 562 ue
2981 508 3138 562 Israel
3179 510 3441 573 dicuntur,
3471 511 3538 566 ad

369 596 672 652 Sciendum
699 612 824 652 sane
848 612 944 666 est,
961 603 1095 669 quod
1117 603 1166 654 in
1184 604 1429 672 prOpbeta
1450 605 1596 664 Isaia.
1617 609 1756 660 unde
1778 604 1920 660 testi-

366 689 620 741 monium
639 689 773 742 istud
803 688 992 744 Paulus
1008 693 1242 756 assumit,
1266 708 1358 760 pro
1385 709 1447 748 eo
1469 696 1604 762 quod
1633 696 1920 764 dixitApo—

364 781 600 840 stolus,r
623 779 870 831 venietex
888 778 1030 842 Sion,
1046 799 1063 830 ι
1085 782 1332 850 scriptum
1352 792 1453 845 est,
1479 801 1496 832 ι
1523 784 1917 852 venietpropter

364 862 512 917 Sion
529 883 573 929 ς»
591 875 642 920 et
657 868 791 935 quod
812 868 881 920 ait
902 868 1030 932 bic,¢
1049 885 1164 921 cum
1181 871 1440 924 abstulero
1455 883 1661 940 peccata
1679 889 1874 933 eorum,
1890 891 1908 924 ι

363 952 442 1006 ibi
480 958 702 1009 omnino
727 957 976 1023 scriptum
1007 974 1107 1011 non
1136 969 1212 1012 est
1231 999 1246 1022 ,
1275 962 1362 1013 sed
1389 977 1484 1014 nec
1511 963 1644 1029 apud
1672 961 1914 1016 Hebraeos

361 1043 594 1107 quidem
633 1055 646 1098 :
683 1044 914 1110 Apostoli
970 1054 1140 1099 tamen
1192 1049 1500 1101 auctoritate
1543 1059 1910 1118 praesumptum

359 1137 474 1182 est.
502 1131 716 1183 Interim
740 1136 951 1188 veniens
974 1134 1218 1189 Dominus
1240 1152 1302 1189 ex
1325 1138 1448 1190 Sion
1473 1138 1674 1204 liberat,
1695 1149 1746 1193 et
1768 1156 1914 1194 aver-

363 1218 435 1270 tit
475 1219 782 1286 impietates
812 1223 876 1275 ab
924 1222 1104 1280 Jacob.
1153 1227 1356 1279 Avertit
1394 1237 1568 1282 autem
1605 1229 1676 1296 (9)
1729 1229 1914 1296 impie-

361 1315 523 1362 tates
575 1309 642 1362 ab
687 1325 750 1366 eo
783 1313 1068 1365 secundum
1117 1316 1240 1367 illud
1277 1319 1414 1383 quod
1442 1320 1692 1385 scriptum
1717 1329 1796 1370 est
1820 1319 1865 1348 ⁷⁸
1893 1336 1905 1372 :

362 1395 518 1460 Quia
555 1415 574 1448 ι
607 1399 772 1454 diluet
821 1403 1065 1457 Dominus
1106 1405 1290 1458 sordes
1341 1407 1563 1459 ﬁliorum
1597 1416 1642 1460 et
1686 1408 1906 1460 ﬁliarum

363 1484 536 1546 Sion,
565 1493 618 1538 et
667 1489 970 1556 sanguinem
1004 1492 1275 1544 mundabit
1299 1492 1403 1561 (l0)
1433 1495 1495 1546 de
1513 1494 1688 1547 'medio
1718 1494 1828 1561 ejus
1857 1497 1906 1549 in

359 1578 572 1645 Spiritu
593 1577 797 1647 judicii,
837 1589 890 1634 et
917 1584 1102 1650 Spiritu
1138 1585 1358 1637 ustionis
1390 1584 1494 1653 (II)
1529 1601 1543 1648 ;
1574 1603 1590 1634 ›
1623 1594 1675 1637 et
1715 1588 1814 1639 hoc
1837 1587 1907 1640 ita

359 1665 492 1720 ﬁeri
527 1675 894 1722 testamentum
924 1672 1001 1723 eis
1020 1683 1133 1724 erat
1163 1688 1189 1724 a
1219 1674 1345 1738 Deo,
1378 1684 1433 1726 ut
1460 1675 1538 1727 sic
1563 1675 1627 1727 ab
1653 1676 1729 1728 eis
1750 1691 1904 1728 aver-

359 1763 625 1808 terentur
653 1757 949 1824 impietates
972 1798 986 1821 ,
1016 1770 1067 1812 et
1111 1760 1444 1814 auferrentur
1496 1770 1729 1828 peccata.
1778 1762 1904 1828 Quis

2022 599 2142 652 illos
2166 599 2280 653 sine
2313 601 2468 652 dubio
2497 601 2726 666 reliquos
2751 600 2835 667 qui
2874 600 3122 652 excmcati
3151 610 3271 651 sunt
3296 601 3537 656 referun-

2024 699 2108 744 tur
2135 706 2149 742 :
2172 689 2214 741 si
2250 704 2372 742 vero
2397 690 2459 743 de
2491 690 2747 758 gentibus,
2768 689 2880 741 illos
2909 688 3144 755 proiecto
3174 690 3261 756 qui
3290 701 3412 743 sunt
3439 707 3535 744 ex-

2021 792 2100 834 tra
2131 780 2505 849 plenitudinem
2538 781 2816 848 stringunt.
2858 778 3043 832 Omnia
3075 787 3245 832 tamen
3277 781 3392 832 linis
3418 794 3538 847 per-

2017 880 2186 939 urget,
2234 879 2285 921 et
2326 884 2417 922 eos
2461 871 2667 936 quidem
2707 870 2792 938 qui
2841 869 2977 922 beati
3017 879 3158 929 sunt,
3195 869 3305 922 sive
3345 870 3418 922 illi
3469 884 3536 923 ex

2017 958 2202 1023 Israel,
2237 958 2349 1010 sive
2381 956 2540 1008 etiam
2585 957 2666 1009 ex'
2699 957 2943 1024 gentibus
2981 956 3224 1018 veniant,
3265 957 3536 1018 prmseutis

2017 1049 2268 1114 temporis
2299 1046 2406 1114 (16)
2441 1045 2757 1111 evangelica:
2779 1046 3031 1098 doctrina:
3069 1059 3243 1097 sermo
3273 1045 3534 1111 puriﬁcat,

2015 1147 2066 1190 ut
2101 1138 2203 1190 sint
2233 1138 2361 1190 tales
2389 1138 2522 1191 sient
2545 1145 2695 1188 erant
2737 1134 2809 1186 illi
2841 1134 2906 1186 ad
2940 1149 3071 1201 quos
3109 1134 3356 1186 Dominus
3391 1135 3536 1188 dice-

2014 1228 2103 1280 bat
2131 1227 2175 1257 ⁸⁸
2205 1242 2216 1275 :
2260 1244 2278 1275 ε
2312 1227 2444 1279 Ecce
2465 1224 2573 1292 jam
2599 1239 2689 1277 vos
2731 1223 2908 1276 mundi
2942 1223 3074 1276 estis
3099 1235 3310 1292 propter
3335 1239 3538 1277 sermo-

2016 1330 2133 1367 nem
2165 1331 2316 1381 quem
2345 1315 2546 1368 Iocutus
2575 1329 2688 1366 sum
2721 1314 2886 1366 Vobis.
2921 1334 2938 1364 ι
2975 1315 3071 1379 Qui
3119 1329 3243 1365 vero
3269 1313 3411 1366 verbi
3447 1313 3537 1366 Dei

2012 1415 2064 1455 et
2107 1405 2360 1456 doctrina:
2416 1402 2732 1470 evangelica:
2771 1403 3184 1468 puriﬁcationem
3229 1405 3488 1468 Spreverit
3517 1440 3536 1464 ,

2014 1493 2252 1546 tristibus
2294 1502 2347 1544 et
2375 1494 2663 1558 poenalibus
2708 1490 3156 1558 purificationibus
3191 1491 3532 1560 semetipsum

2009 1592 2264 1644 reservat,
2281 1590 2337 1634 ut
2353 1581 2806 1650 ignisgehennzein
2820 1581 3146 1634 cruciatibus
3159 1593 3359 1655 purget,
3376 1599 3532 1651 quem

2009 1685 2109 1724 nec
2129 1670 2412 1738 apostolica
2437 1670 2673 1724 doctrina
2706 1683 2801 1721 nec
2827 1668 3158 1737 erangelicus
3209 1684 3384 1723 sermo
3409 1685 3534 1737 pur-

2006 1759 2166 1828 gavit,
2189 1759 2471 1812 sectmdum
2507 1759 2633 1811 illud
2663 1761 2798 1826 quod
2824 1759 3071 1826 scriptum
3100 1769 3181 1812 est
3204 1760 3244 1790 ‘“
3266 1777 3280 1811 :
3300 1779 3317 1810 ι
3358 1759 3418 1812 Et
3442 1776 3537 1828 pn-

357 1853 562 1898 autem
614 1847 684 1899 sit
734 1847 834 1900 iste
881 1848 1052 1901 omnis
1081 1848 1237 1901 Israel
1270 1852 1356 1917 qui
1400 1852 1578 1903 salvus
1613 1852 1778 1913 ﬁeret,
1827 1853 1906 1904 vel
1939 1835 1980 1890 Β
2008 1847 2226 1900 rilicabo
2253 1857 2304 1900 te
2335 1847 2439 1914 igni
2464 1847 2529 1898 ad
2554 1861 2762 1914 purum.
2804 1866 2821 1897 ι
2850 1845 3040 1898 Verum
3076 1847 3124 1898 in
3153 1847 3250 1899 hac
3275 1848 3385 1914 ipsa
3411 1861 3538 1914 pur-

356 1941 494 1996 qua
530 1928 634 1982 erit
665 1929 761 1982 ista
797 1930 1064 1998 plenitudo
1112 1934 1268 1986 etiam
1303 1939 1556 2002 gentium,
1593 1936 1731 1990 Deus
1761 1937 1906 1992 solus

358 2022 548 2084 novit,
578 2030 633 2074 et
660 2020 973 2090 Unigenitus
1003 2039 1151 2090 suus,
1176 2036 1228 2078 et
1266 2027 1308 2079 si
1334 2029 1422 2095 qui
1454 2028 1590 2083 forte
1614 2031 1766 2084 amici
1794 2031 1908 2100 ejus

356 2121 537 2178 sunt;
563 2114 627 2166 ad
659 2128 794 2180 quos
832 2115 968 2168 dicat
991 2116 1035 2146 ’⁷
1067 2131 1082 2168 :
1126 2135 1144 2165 ‹
1179 2116 1292 2169 Jam
1329 2133 1432 2171 non
1463 2120 1630 2173 dicam
1672 2136 1764 2174 vos
1796 2137 1908 2175 ser-

355 2217 486 2264 vos,
535 2205 627 2257 sed
671 2205 906 2269 amicos;
935 2206 1058 2274 quia
1107 2217 1226 2259 nota
1276 2208 1423 2261 vobis
1452 2209 1550 2261 feci
1592 2212 1763 2263 omnia
1790 2225 1907 2278 quae

357 2293 558 2346 audivi
607 2308 637 2346 a
685 2294 862 2351 Patre.
903 2314 920 2345 ›
961 2296 1070 2348 Iloc
1109 2307 1281 2350 tamen
1329 2307 1499 2364 potest
1539 2299 1696 2352 etiam
1727 2311 1905 2353 nostro

355 2383 558 2436 sensui
586 2398 902 2448 occurrere,
933 2385 1070 2452 quod
1110 2385 1248 2438 sicut
1286 2387 1480 2451 Israel,
1511 2389 1742 2454 quandiu
1783 2403 1904 2456 per-

354 2482 559 2526 manet
582 2473 874 2526 secundum
902 2488 1114 2527 carnem
1142 2473 1388 2537 lsrael,et
1410 2491 1511 2528 non
1538 2477 1694 2529 etiam
1725 2492 1907 2530 secun-

355 2562 498 2615 dum
532 2562 776 2628 spiritum
805 2561 974 2615 factus
995 2561 1152 2616 luerit
1175 2565 1406 2618 Israelita
1437 2581 1594 2620 verus
1627 2577 1799 2621 mente
1823 2568 1902 2619 vi-

352 2646 506 2701 dens
536 2647 724 2710 Deum,
743 2651 1004 2716 pertinere
1031 2650 1137 2719 (12)
1167 2667 1266 2704 non
1293 2663 1466 2721 potest
1486 2655 1550 2706 ad
1573 2653 1812 2719 salutem,
1831 2655 1901 2709 ita

352 2752 466 2791 nec
501 2749 690 2805 gentes
716 2735 926 2806 quidem
955 2755 1139 2795 omnes
1182 2744 1396 2796 omnino
1446 2744 1637 2797 salvari
1666 2753 1903 2812 possunt,

353 2823 468 2877 nisi
503 2838 628 2890 quas
669 2825 806 2877 intra
846 2825 1222 2893 plenitudinem
1258 2829 1450 2882 fuerint
1483 2840 1723 2898 repertae,
1756 2847 1902 2899 qua:-

353 2926 590 2982 ounque
616 2912 708 2965 illa
740 2922 819 2967 est
839 2929 954 2983 quae
977 2916 1044 2969 ab
1076 2917 1328 2985 Apostolo
1371 2918 1640 2986 plenitudo
1667 2921 1774 2989 (15)
1807 2936 1903 2975 no-

353 3009 632 3058 minatur.
671 3004 740 3056 Ita
770 3021 894 3074 ergo
925 3007 1231 3074 mysterium
1270 3005 1356 3058 Dei
1393 3007 1639 3060 inell‘abili
1672 3010 1898 3076 quadam

350 3093 654 3160 sapientia:
707 3092 820 3159 ejus
871 3094 1262 3160 dispensatione
1313 3103 1602 3157 tractatur,
1632 3104 1686 3148 ut
1738 3098 1895 3150 etiam

351 3195 490 3234 cum
529 3180 638 3233 'sibi
680 3183 853 3233 anima
888 3193 1081 3235 sortem
1127 3183 1379 3236 malorum
1424 3185 1532 3250 ipsa
1562 3186 1897 3252 consciverit,

349 3272 451 3327 ille
492 3271 590 3338 qui
627 3272 773 3324 novit
813 3271 1055 3325 universa
1086 3273 1380 3340 disponere,
1414 3273 1758 3338 abjectionem
1789 3275 1902 3344 ejus

348 3371 413 3417 et
454 3375 702 3429 pcenam,
740 3360 961 3412 aliorum
997 3358 1152 3412 faciat
1189 3360 1430 3414 salutem.
1461 3363 1562 3416 Sed
1595 3371 1646 3414 et
1678 3363 1803 3416 illud
1825 3364 1902 3416 vi-

349 3452 537 3508 detur
561 3451 689 3502 mihi
719 3450 771 3502 in
804 3451 902 3502 hoc
927 3450 1034 3520 (14)
1062 3451 1175 3504 loco
1195 3451 1492 3520 diligentius
1514 3454 1865 3506 contuendum
1886 3495 1900 3520 ,

349 3540 515 3610 quod
557 3539 847 3591 caecitatem
887 3539 1038 3591 istam
1082 3554 1183 3591 non
1223 3541 1348 3594 dicit
1374 3539 1514 3592 omni
1542 3539 1702 3593 Israel
1735 3542 1906 3594 conti-

349 3631 540 3698 gisse,
573 3627 665 3680 sed
699 3645 717 3676 ‹
754 3641 819 3680 ex
844 3636 1011 3693 parte.
1051 3627 1305 3694 Reliquiae
1339 3646 1358 3677 ι
1390 3629 1527 3681 enim
1568 3646 1585 3678 ε
1619 3630 1902 3680 secundum

348 3717 697 3772 electionem
723 3714 904 3781 gratia:
931 3712 1089 3766 salvae
1119 3713 1269 3766 facta:
1309 3723 1431 3767 sunt
1455 3714 1520 3767 ⁷⁸.
1559 3732 1578 3764 ι
1613 3715 1684 3767 De
1715 3716 1904 3781 quibus

348 3803 620 3872 reliquiis
653 3811 707 3868 et
731 3803 890 3854 Isaias
917 3801 1321 3869 prophetaverat
1367 3801 1545 3854 dicens
1574 3816 1588 3851 :
1621 3820 1638 3851 ι
1667 3800 1775 3855 Nisi
1809 3802 1907 3855 Do-

347 3899 562 3953 minus
615 3892 847 3946 Sabaoth
901 3891 1196 3959 reliquisset
1242 3891 1392 3946 nobis
1437 3906 1615 3946 semen
1645 3893 1755 3945 τ’.»
1789 3891 1906 3946 Ista:

346 4004 502 4057 ergo
544 3984 778 4052 reliquiae
811 3984 862 4035 in
903 3982 1224 4036 beatitudine
1266 3982 1612 4036 conferuntur
1649 3997 1766 4035 cum
1795 3981 1905 4050 ple-

347 4076 624 4134 nitudine
655 4075 884 4141 gentium
911 4090 923 4124 :
964 4073 1136 4125 exteri
1162 4087 1284 4125 vero
1308 4071 1394 4139 qui
1423 4072 1667 4124 excaecati
1696 4082 1904 4126 suntex

345 4166 569 4230 Israel,
593 4163 941 4218 conferuntur
968 4163 1052 4216 bis
1085 4163 1328 4233 gentibus
1355 4177 1470 4229 quae
1497 4176 1597 4213 non
1625 4169 1906 4228 potuerunt

346 4258 426 4312 ad
466 4251 858 4323 plenitudinem
891 4252 1182 4318 pervenire.
1213 4249 1300 4302 Sic
1328 4263 1452 4316 ergo
1475 4248 1583 4318 (15)
1612 4263 1727 4316 qua:
1764 4249 1907 4302 inve-

345 4348 602 4400 niuntur
643 4341 696 4393 in
731 4339 1062 4393 sermonibus
1104 4338 1476 4405 prophetarum
1515 4338 1579 4390 de
1622 4339 1908 4406 repromis—

2007 1937 2216 2002 gatione
2244 1949 2359 2002 quae
2393 1948 2487 2002 per
2528 1948 2740 2001 pinnam
2789 1934 2925 2002 ignis
2972 1935 3286 1999 adhibetur,
3323 1935 3537 2000 quantis

2008 2022 2350 2090 temporibus,
2385 2023 2658 2089 quantisve
2705 2023 2911 2076 szeeulis
2939 2022 3003 2074 de
3041 2025 3410 2090 peccatoribus
3441 2040 3538 2077 ex-

2006 2112 2179 2179 igatur
2206 2111 2315 2180 (I7)
2340 2114 2628 2175 cruciatus,
2656 2111 2798 2163 solus
2819 2113 2957 2164 seire
2985 2124 3156 2180 potest
3179 2113 3262 2165 ille
3287 2114 3369 2166 cui
3394 2131 3411 2162 ι
3436 2112 3536 2165 Pa-

2006 2207 2091 2253 ter
2124 2216 2280 2254 omne
2302 2201 2557 2266 judicium
2587 2201 2884 2264 tradidit“,
2928 2220 2945 2250 ›
2977 2203 3062 2268 qui
3094 2204 3162 2254 ita
3196 2203 3360 2270 diligit
3385 2219 3536 2257 crea-

2007 2299 2175 2342 turam
2203 2304 2376 2352 suam,
2404 2298 2460 2340 ut
2499 2303 2593 2357 pro
2621 2291 2727 2358 ipsa
2752 2292 3084 2343 evacuaverit
3105 2291 3438 2358 semetipsum
3470 2294 3535 2345 de

2007 2376 2096 2429 Dei
2133 2377 2323 2440 forma,
2361 2388 2415 2429 et
2451 2379 2589 2430 servi
2636 2378 2854 2431 formam
2897 2380 3207 2446 susceperit,
3251 2380 3534 2434 humilians

2004 2467 2341 2535 semetipsum
2393 2483 2557 2535 usque
2592 2469 2655 2520 ad
2702 2478 2918 2521 mortem
2948 2468 2992 2498 ⁸³
3015 2507 3030 2531 ,
3059 2469 3240 2521 volens
3291 2487 3310 2519 r
3351 2485 3535 2524 omnes

2003 2559 2241 2612 homines
2265 2559 2436 2613 salvos
2470 2559 2604 2621 lieri,
2633 2566 2686 2611 et
2719 2559 2768 2610 in
2817 2559 3135 2626 agnitionem
3173 2560 3410 2611 veritatis
3441 2575 3534 2613 ve-

2002 2649 2117 2702 nire
2138 2649 2202 2701 ³⁵.
2243 2668 2261 2699 ι
2287 2648 2658 2703 Verumtamen
2690 2651 2989 2703 meminisse
3031 2664 3237 2717 semper
3259 2651 3530 2718 debemus,

2002 2739 2138 2804 quod
2171 2748 2481 2806 praesentem
2516 2739 2685 2793 locum
2732 2741 3015 2808 Apostolus
3045 2743 3192 2808 quasi
3227 2743 3532 2811 mysterium

2001 2828 2184 2881 haberi
2209 2829 2366 2882 voluit
2388 2829 2516 2898 (I8),
2557 2845 2661 2897 quo
2691 2831 2891 2883 scilicet
2929 2831 3224 2897 bujusmodi
3255 2847 3437 2885 sensus
3467 2834 3532 2884 li-

1999 2915 2142 2968 deles
2177 2919 2372 2983 quique
2397 2927 2448 2970 et
2477 2917 2695 2984 perfecti
2733 2919 2870 2970 intra
2916 2920 3226 2987 semetipsos
3255 2921 3395 2973 velut
3420 2937 3532 2989 my-

1999 3003 2216 3057 sterium
2247 3004 2334 3056 Dei
2368 3004 2577 3058 silentio
2607 3013 2820 3072 tegant,
2856 3020 2952 3058 nec
2990 3007 3182 3073 passim
3213 3009 3533 3073 imperfectis

2001 3101 2054 3145 et
2102 3093 2274 3146 minus
2318 3095 2599 3162 capacibus
2647 3094 2934 3162 proferant.
2983 3113 2999 3146 ε
3042 3096 3348 3166 Mysterium
3389 3101 3530 3152 enim

2005 3183 2163 3250 regis,
2193 3201 2210 3232 ›
2247 3183 2320 3235 ait
2349 3182 2620 3252 Scriptura
2648 3185 2715 3247 ⁸³,
2756 3203 2773 3234 ι
2811 3185 2986 3238 celare
3013 3188 3204 3239 bonum
3238 3197 3338 3240 est.
3372 3207 3390 3238 ι

2069 3272 2152 3324 15.
2201 3289 2220 3322 ‹
2275 3271 2578 3326 Secundum
2647 3274 2988 3343 Evangelium
3047 3276 3260 3342 quidem
3327 3274 3533 3331 inimici

1993 3364 2217 3423 propter
2239 3371 2332 3410 vos
2359 3372 2371 3406 :
2400 3357 2688 3410 secundum
2710 3358 3020 3411 electionem
3045 3371 3219 3411 autem
3240 3361 3536 3418 charissimi

2006 3453 2222 3513 propter
2265 3455 2464 3513 patres.
2516 3446 2640 3500 Sine
2692 3448 3002 3515 ptenitentia
3052 3449 3194 3502 enim
3241 3462 3366 3504 sunt
3401 3451 3539 3504 dona

1993 3544 2060 3631 let
2096 3537 2302 3590 vocatio
2337 3538 2449 3599 Dei,
2476 3536 2622 3592 Sicut
2659 3539 2799 3592 enim
2836 3556 2930 3593 vos
2964 3540 3246 3609 aliquando
3285 3558 3391 3596 non
3427 3558 3539 3596 ere-

2005 3623 2212 3678 didistis
2249 3625 2540 3685 Deo,nune
2577 3635 2752 3680 autem
2781 3627 2936 3697 641
2969 3628 3379 3684 misericordiam
3410 3647 3538 3686 con-

1995 3697 2175 3767 secuti
2215 3715 2344 3768 estis
2397 3725 2613 3784 propter
2665 3715 2901 3785 ipsorum
2952 3717 3370 3773 incredulitatem
3413 3739 3426 3772 :
3466 3722 3537 3774 ita

2007 3809 2060 3856 et
2096 3801 2184 3856 isti
2221 3817 2364 3855 nunc
2399 3803 2738 3858 crediderunt
2773 3805 2828 3857 in
2865 3806 3026 3859 vestri
3064 3808 3438 3871 misericordia,
3478 3823 3538 3864 ut

2005 3898 2060 3944 et
2120 3891 2220 3959 ipsi
2275 3892 2691 3948 misericordiam
2757 3906 3148 3964 consequantur
3206 3916 3218 3950 :
3279 3899 3538 3953 conclusit

2005 3979 2145 4032 enim
2177 3981 2316 4034 Deus
2349 3996 2534 4035 omnes
2572 3983 2624 4035 in
2664 3983 3048 4049 incredulitate,
3079 3996 3138 4040 ut
3172 3987 3417 4042 omnibus
3445 3991 3540 4042 mi—

2006 4078 2263 4123 sereatur.
2295 4069 2338 4124 Ο
2375 4072 2596 4125 altitudo
2631 4073 2931 4126 divitiarum
2973 4075 3242 4143 sapientia
3277 4087 3330 4130 et
3367 4077 3529 4131 scien-

2007 4158 2092 4213 tiae
2130 4160 2222 4213 Dei
2264 4178 2276 4212 :
2316 4175 2472 4228 quam
2512 4160 2870 4216 inserutabilia
2905 4173 3030 4218 sunt
3062 4165 3260 4234 judicia
3297 4167 3442 4234 ejus,
3483 4179 3537 4222 et

2009 4249 2398 4320 investigabiles
2443 4252 2540 4305 viae
2576 4253 2721 4319 ejus!
2763 4252 2892 4318 Quis
2937 4255 3079 4308 enim
3131 4258 3375 4324 cognovit
3411 4273 3535 4310 sen-

2009 4351 2123 4390 sum
2161 4333 2398 4387 Domini?
2433 4334 2542 4386 Aut
2570 4335 2688 4401 quis
2733 4335 2808 4387 illi
2856 4335 3192 4389 consiliarius
3232 4336 3374 4389 fuit?
3428 4339 3531 4388 Aut

341 4431 620 4490 sionibus
674 4429 872 4496 scripta
924 4426 1301 4480 beatitudinem
1351 4427 1704 4490 continentia,
1746 4427 1791 4480 si
1841 4428 1906 4481 de
1936 4450 1980 4504 ι)
2009 4426 2127 4490 quis
2156 4424 2300 4492 prior
2337 4423 2482 4476 dedit
2505 4423 2576 4484 ei,
2611 4431 2664 4474 et
2705 4423 3031 4476 retribuetur
3058 4425 3145 4477 ei?
3173 4423 3431 4489 Quoniam
3465 4440 3532 4479 ex

341 4520 561 4584 Israel,
597 4519 664 4572 ad
699 4517 949 4583 reliquias
987 4516 1113 4568 istas
1165 4530 1282 4582 quae
1335 4515 1513 4570 electae
1550 4524 1693 4580 sunt,
1743 4515 1907 4583 perti-

342 4620 502 4670 nent
533 4627 547 4662 :
573 4609 617 4662 si
651 4609 716 4661 de
744 4607 1006 4675 gentibus,
1037 4605 1101 4657 ad
1137 4605 1509 4672 plenitudinem
1551 4613 1806 4673 spectant.
1848 4604 1902 4658 Si

471 4744 529 4774 ⁷⁸
559 4741 658 4794 lsa.
684 4753 758 4798 ιν,
787 4736 839 4788 4.
934 4735 978 4766 ⁷⁷
1005 4734 1158 4787 Joan.
1190 4750 1274 4794 xv,
1307 4735 1387 4788 15.
1478 4735 1521 4764 ⁷⁸
1550 4733 1700 4787 Rom.
1723 4735 1862 4796 xr,5.

1957 4737 2001 4768 ⁷ο
2030 4735 2126 4788 lsa.
2161 4752 2197 4793 ι,
2220 4734 2273 4787 9.

2013 4514 2147 4580 ipso,
2181 4520 2235 4564 et
2264 4525 2359 4579 per
2383 4511 2574 4579 ipsum,
2606 4519 2659 4565 et
2688 4511 2740 4564 in
2771 4511 2884 4578 ipso
2906 4521 3030 4564 sunt
3059 4513 3232 4564 omnia
3261 4530 3274 4566 :
3299 4514 3392 4580 ipsi
3417 4513 3531 4583 glo-

2012 4604 2088 4656 ria
2109 4603 2160 4654 in
2191 4601 2379 4656 saecula
2406 4601 2738 4656 sreeulorum.
2759 4599 2928 4655 Amen
2946 4603 2990 4632 ⁸⁸
3011 4601 3139 4670 (19).
3156 4622 3173 4652 ι
3199 4601 3391 4655 Eadem
3414 4619 3534 4670 per-

2380 4735 2425 4765 “
2445 4733 2599 4787 Joan.
2631 4748 2719 4796 xv,
2740 4733 2793 4785 5.
2903 4732 2945 4764 ⁸¹
2975 4734 3072 4786 lsa.
3108 4747 3153 4794 ι,
3180 4731 3266 4786 25.
3305 4734 3346 4764 ⁸²
3374 4730 3529 4787 Joan.

339 4832 406 4881 ν,
443 4811 552 4866 22.
627 4807 674 4838 ⁸³
715 4806 902 4871 Philip.
946 4818 1005 4868 ιι,
1033 4804 1083 4858 Ἰ.
1154 4803 1240 4854 ⁸⁸1
1280 4803 1414 4855 Tim.
1443 4818 1511 4867 ιι,
1535 4803 1589 4855 4.
1662 4802 1705 4832 ⁸⁸
1737 4802 1906 4856 Tob.)

2017 4803 2068 4855 7.
2140 4803 2185 4833 ⁸⁶
2213 4803 2363 4854 Rom.
2396 4818 2470 4865 χι,
2499 4802 2566 4854 28
2597 4817 2707 4868 seq.

430 4924 528 4990 (9)
568 4919 730 4990 Editi,
764 4935 782 4966 ‹
831 4917 1038 4977 liberet,
1063 4923 1115 4968 et
1152 4923 1355 4968 avertat
1394 4914 1688 4982 impietates
1719 4915 1785 4967 ab
1815 4913 1904 4968 Ja-

338 4986 735 5050 colv.'Avertit
757 4993 950 5043 autem,
989 5001 1006 5034 ι
1040 4991 1142 5036 etc.

431 5055 565 5127 (1ο)
597 5055 684 5107 Sic
710 5050 1026 5127 mszﬁegius
1047 5065 1192 5127 pum.
1221 5049 1373 5103 1659.
1391 5047 1577 5127 Caeteri
1601 5062 1726 5103 vero
1751 5063 1903 5115 mss.,

339 5117 640 5186 Ra‘banus
673 5128 726 5173 et
757 5118 907 5179 editi,
930 5134 948 5168 ε
985 5117 1567 5186 delevit....mundavit.
1607 5134 1626 5168 ι

429 5189 572 5262 (11)
593 5187 771 5262 _I_:‘.d_iti,
803 5203 822 5236 ι
856 5193 911 5238 et
935 5185 1119 5262 spiritu
1148 5185 1380 5262 ultionis.
1408 5201 1427 5234 ›

421 5255 560 5329 (Ἱὲ
593 5257 750 5329 Είιὶιί,
793 5273 810 5304 ‹
848 5256 1166 5323 pertingere,
1203 5273 1219 5304 ι
1250 5265 1303 5308 et
1340 5257 1411 5329 ita
1442 5255 1721 5324 legendum
1760 5256 1907 5329 vide-

329 5323 481 5392 ωιῐς
517 5325 774 5378 Rabanus
815 5336 942 5376 vero
987 5332 1040 5376 et
1074 5336 1199 5375 mss.
1237 5323 1404 5378 nostri
1449 5323 1663 5388 omnes,
1699 5341 1718 5374 ε
1748 5323 1910 5392 perti-

382 5412 526 5454 ere.
568 5411 585 5442 ³

329 5418 891 5534 ΠεξῗέξίΡΙιεῃὶιυάο.
925 5457 1160 5534 Deestin
1190 5469 1342 5534 antea
1374 5458 1549 5512 editis.

424 5464 541 5534 (15
600 5461 891 5512 Plenitudo.
928 5461 1085 5510 Deest
1109 5461 1160 5510 in
1190 5469 1342 5512 antea
1374 5461 1549 5512 editis.
1627 5525 1639 5538 .

419 5461 564 5602 (14;
608 5547 625 5578 ‹
679 5527 793 5579 Hoc
844 5543 862 5574 ›
909 5525 1059 5579 deest
1096 5527 1146 5578 in
1194 5528 1383 5594 editis,
1426 5536 1480 5582 et
1515 5528 1807 5585 restituitur
1841 5547 1910 5587 ex

324 5601 587 5662 duabus
625 5609 748 5647 mss.
844 5659 884 5662 μ
1666 5618 1672 5624 ι

417 5665 562 5741 (15)
593 5662 753 5730 Editi,
786 5681 805 5714 ι
837 5659 892 5716 Si
923 5675 1069 5732 ergo.
1102 5681 1120 5713 ι

2076 4915 2181 4984 (16)
2217 4914 2376 4984 Editi,
2406 4931 2424 4962 ‹
2458 4911 2568 4964 sive
2600 4920 2652 4984 et
2677 4909 3010 4984 ex_gen_tibus
3032 4906 3277 4984 venienti];
3299 4919 3531 4972 praesen-

2009 4972 2384 5048 tis‘teinporis,
2432 4997 2450 5029 ›
2482 4989 2590 5030 etc.
2609 4977 2703 5030 Ms.
2736 4972 2932 5044 Regius
2965 4990 3111 5028 num.
3148 4972 3302 5037 I639,
3337 4993 3354 5023 ς
3392 4989 3532 5041 pra:-

2007 5052 2140 5106 senti
2177 5061 2434 5116 tempore.
2471 5065 2494 5116 ε

2078 5120 2186 5184 (17)
2223 5107 2301 5168 Ita-
2327 5130 2424 5167 ms.
2469 5112 2665 5186 Regius
2711 5126 2855 5186 num.
2889 5109 3090 5186 16'5th
3114 5108 3380 5186 [labantis
3415 5107 3528 5186 βδεῖ

2008 5177 2105 5240 teri
2129 5177 2264 5254 vero
2285 5198 2408 5234 mss.
2440 5177 2656 5254 et__editi
2681 5217 2696 5240 ,
2735 5197 2767 5254 ε.
2789 5179 2854 5231 Et
2900 5177 3187 5254 puritieabo
3237 5185 3288 5254 te
3323 5177 3429 5242 igni
3465 5177 3528 5254 ad

2007 5252 2474 5322 purilicationem._
2503 5247 2711 5322 Verum,
2755 5247 2866 5322 haec.
2919 5247 3028 5312 ipsa
3057 5245 3340 5322 (purgatio.
3362 5245 3531 5322 de

2009 5309 2368 5387 peccatoribus
2392 5317 2586 5387 erigat,
2613 5332 2631 5364 ι
2667 5320 2768 5365 etc.
2801 5313 2922 5387 Haec
2944 5309 3102 5365 caute
3125 5309 3363 5387 legenda.
3397 5310 3531 5365 Vide

2013 5378 2367 5447 Drigenianor.
2402 5383 2492 5435 Iib.
2527 5399 2584 5442 II,
2615 5389 2800 5447 quaest.
2829 5383 2913 5445 II,
2956 5393 3102 5432 num.
3133 5378 3221 5430 16.

2080 5447 2187 5521 (I8)
2230 5452 2383 5521 Editi,
2418 5467 2437 5498 ί
2467 5450 2660 5521 habere
2683 5447 2926 5521 voluit.)
3030 5515 3040 5521 _
3152 5514 3187 5521 _
3484 5483 3485 5488 η

2091 5513 2198 5590 (I9)
2229 5513 2350 5590 Haec
2371 5513 2563 5590 verba,
2617 5515 2919 5590 tconclusit
2957 5515 3105 5590 enim
3152 5514 3314 5578 Deus,
3334 5531 3372 5590 )_
3402 5521 3530 5576 etc.,

2023 5582 2190 5657 usque
2220 5589 2303 5648 ad,
2346 5587 2435 5638 «in
2475 5584 2662 5657 saecula
2704 5584 3036 5657 saaculorurn,
3081 5582 3273 5644 Amen,
3297 5601 3314 5634 ι
3343 5583 3534 5638 desunt

2023 5661 2076 5713 in
2102 5650 2276 5726 editis,
2305 5667 2358 5712 et
2383 5653 2728 5712 restituuntur
2749 5664 2816 5706 ex
2841 5650 3088 5708 omnibus
3117 5664 3250 5703 mss.
