3894 6252
314 350 451 407 ⁸2199

1707 328 2017 388 ORIGEMS

3488 299 3626 353 C200

315 474 542 530 sequens
581 455 747 507 adhuc
784 451 848 504 de
888 445 1048 502 lsrael
1077 453 1132 499 et
1174 444 1418 510 gentibus
1456 440 1759 510 Apostolus,
1785 448 1835 493 et
1864 446 1903 499 Α
1936 436 2286 506 dispensatio,
2314 433 2480 487 etiam
2536 428 2646 497 ipsi
2700 409 3216 480 misericordiam
3271 424 3628 479 consequenc

2069 526 2079 530 -
2351 522 2361 530 .
2496 521 2509 530 .
2643 526 2652 530 -
2701 516 2715 530 .
2827 514 2841 530 ι
2875 511 3181 530 __.:.-.--_-
3208 503 3321 530 nn:
3358 501 3625 530 AelanAn-

320 552 481 604 ramis
527 542 736 600 oleastri
771 540 856 608 qui
889 537 1213 591 insnltabant
1244 535 1407 588 ramis
1461 534 1610 586 oliva:
1661 532 1832 584 defra-

319 643 420 695 ctis
456 637 565 705 (20)
601 636 864 699 iniputans
910 629 1068 681 etiam
1120 629 1231 680 lucc
1273 625 1418 677 addit
1455 638 1469 675 :
1504 623 1636 688 Quia
1672 622 1832 675 lsrael

318 727 605 781 secundum
646 721 984 788 Evangelium
1020 717 1232 785 quidem
1277 714 1523 767 inimicus
1561 711 1728 766 factus
1752 721 1836 765 est

320 819 458 880 Deo,
504 815 623 881 quia
672 827 774 865 non
821 809 1046 864 credidit
1074 806 1608 871 Christo:quantum
1662 811 1837 854 autem

1940 501 2040 579 tan
2068 526 2121 579 In
2149 540 2256 592 quo
2283 522 2464 574 volens
2483 516 2791 587 Apostolus
2827 511 3196 566 bonitatem
3208 503 3322 557 Dei
3357 501 3628 554 ostende-

1939 632 2131 684 re,qua
2151 589 2525 668 incredulitate
2549 608 2826 670 aliorum,
2856 602 3141 656 aliorum
3174 593 3436 647 salutem
3454 589 3628 646 facit:

1945 680 2277 770 «conclusit,
2322 701 2514 767 inquit,
2568 698 2720 752 Deus
2766 706 2992 749 omnes
3021 686 3159 759 (‘20)
3194 685 3260 736 in
3312 680 3632 734 increduli-

1941 810 2070 863 tate,
2098 807 2157 852 ut
2184 795 2434 850 omnibus
2462 794 2845 847 misereatur;
2885 800 2906 834 ι
2947 793 3082 834 non
3115 788 3245 842 quo
3280 775 3414 843 ipse
3439 769 3527 825 eis
3559 772 3639 824 iu-

321 914 524 975 spectat
559 904 625 956 ad
664 899 1125 955 honoriﬁcentiam
1162 904 1394 962 patrum,
1426 892 1626 945 electus
1655 900 1753 952 est,
1789 898 1844 942 et
1936 890 2127 957 jecerit
2173 883 2568 941 incredulitatis
2610 874 3023 947 propositum:
3068 868 3189 921 sed
3244 880 3323 918 εἰ
3373 863 3632 930 ῘΡ⁵⁰¹⁶¹¹¹¹

2822 966 2837 975 .
2953 963 2997 975 ιο
3066 974 3069 975 ,
3120 959 3300 975 |!.A-.__
3367 953 3496 975 ΑΙΣΞ-
3551 954 3632 975 ι..-ἶ

319 996 662 1050 charissimus
692 992 915 1044 habetur
944 986 1080 1056 apud
1122 987 1307 1038 Deum.
1336 981 1508 1036 Semel
1539 992 1716 1034 autem
1749 981 1841 1032 do-

319 1095 440 1139 nata
475 1083 735 1136 electione
770 1077 958 1132 semini
1003 1085 1240 1143 patrum,
1288 1081 1340 1126 et
1387 1071 1669 1125 dilectione
1715 1082 1841 1121 con—

320 1189 491 1237 cessa,
525 1180 701 1226 servat
738 1168 854 1223 sine
900 1167 1061 1219 dubio
1093 1165 1229 1216 Deus
1273 1162 1408 1216 dona
1433 1168 1485 1213 et
1514 1158 1841 1212 vocationem

320 1279 468 1319 suam
510 1277 632 1330 erga
667 1272 847 1313 semen
887 1271 1070 1309 eorum
1117 1267 1338 1320 quorum
1385 1249 1587 1302 meritis
1642 1247 1692 1299 id
1745 1245 1843 1298 ali-

321 1354 532 1420 quando
557 1351 778 1416 largitus
793 1356 873 1400 est
895 1363 907 1397 :
936 1358 1031 1395 nec
1054 1340 1324 1409 posuitudo
1342 1337 1564 1391 incurrit
1586 1336 1637 1387 in
1659 1334 1841 1393 Deum,

321 1440 527 1496 etiamsi
552 1438 724 1490 minus
750 1434 891 1502 digni
917 1432 1196 1485 videantur
1221 1428 1475 1481 exsistere
1493 1425 1543 1476 hi
1569 1438 1692 1491 erga
1716 1434 1846 1488 quos

324 1532 580 1600 promiSsa
620 1526 860 1593 patribus
906 1520 1161 1575 beneﬁcia
1228 1517 1585 1571 conferuntur.
1630 1513 1843 1575 Verum,

324 1632 382 1675 ut
415 1634 553 1688 saepe
580 1614 1023 1673 commonuimus,
1052 1612 1211 1663 etiam
1260 1609 1310 1660 in
1342 1605 1587 1673 praesenti
1617 1605 1731 1656 loco
1760 1602 1846 1654 illa

323 1720 404 1762 est
429 1704 757 1761 observanda
803 1700 1099 1761 distinctio,
1136 1698 1274 1765 quod
1306 1694 1464 1748 lsrael
1507 1692 1720 1760 quidem
1759 1690 1846 1757 qui

326 1799 576 1851 inimicus
607 1803 688 1847 est
717 1791 845 1855 Deo,
887 1790 974 1843 ille
1019 1789 1228 1841 dicatur
1259 1786 1346 1852 qui
1381 1784 1575 1844 clamat
1597 1782 1661 1832 de
1693 1780 1847 1833 Chri-

326 1896 410 1939 sto
438 1903 451 1937 :
476 1901 494 1935 ι
516 1881 683 1946 Tolle,
714 1879 853 1941 tolle,
878 1876 1128 1943 cruciﬁge
1154 1872 1354 1926 eum".
1376 1890 1394 1922 ι
1421 1870 1686 1935 Quomodo
1708 1868 1849 1920 enim

330 1991 431 2027 non
479 1974 728 2027 dicantur
778 1968 973 2021 inimici
1026 1966 1113 2018 Dci
1169 1964 1298 2031 (21),
1331 1964 1419 2031 qui
1463 1963 1546 2014 vel
1599 1971 1741 2020 tunc,
1769 1957 1851 2009 vel

330 2065 485 2116 etiam
523 2073 661 2112 nunc
691 2056 927 2110 dixerint
961 2057 1076 2114 ista,
1114 2053 1194 2121 vel
1232 2050 1440 2104 dicant?
1468 2049 1570 2101 Sed
1603 2046 1742 2113 quod
1767 2046 1852 2098 di-

331 2136 424 2217 cit,
452 2170 469 2202 ι
489 2163 699 2220 propter
732 2163 846 2208 vos,
870 2164 888 2195 ι
929 2146 1026 2197 hoc
1055 2154 1136 2197 est
1165 2142 1296 2209 (ἳὲ),
1320 2156 1543 2209 quorum
1568 2139 1721 2191 saluti
1747 2136 1855 2189 sci-

330 2244 453 2295 licet
472 2238 725 2300 invident,
760 2235 1101 2305 prohibentes
1130 2231 1398 2302 apostolos
1415 2228 1662 2298 gentibus
1690 2228 1851 2296 loqui,

332 2345 384 2387 et
411 2338 787 2399 persequentes
815 2341 905 2379 eos
940 2324 1034 2391 qui
1080 2322 1401 2376 annuntiant
1432 2320 1721 2373 Chrismm.
1754 2319 1854 2370 Sc-

333 2423 558 2477 cundum
598 2420 844 2486 reliquias
866 2431 1001 2469 sero
1051 2430 1167 2482 qua:
1200 2412 1461 2467 salvandae
1510 2410 1776 2472 dicuntur,
1804 2408 1854 2459 in

335 2512 527 2581 quibus
542 2508 729 2562 electio
746 2504 1070 2559 credentium
1095 2511 1274 2556 secuta
1293 2510 1453 2554 estex
1481 2497 1660 2561 lsrael,
1689 2514 1708 2547 ί
1733 2496 1857 2549 cha-

335 2601 570 2654 rissimii
602 2608 727 2652 sunt
763 2615 780 2646 ι
801 2606 1014 2665 propter
1060 2602 1235 2661 patres
1262 2605 1275 2641 :
1301 2606 1319 2638 ι
1371 2600 1597 2655 quorum
1657 2585 1858 2638 scilicet

338 2693 494 2743 ﬁdem
534 2697 836 2756 sequentes,
872 2684 1092 2737 credunt
1138 2698 1155 2729 ι
1182 2680 1231 2731 in
1257 2693 1376 2730 eum
1438 2678 1525 2743 qui
1583 2674 1860 2727 suscitavit

337 2781 604 2834 Christum
637 2777 745 2845 (‘25)
796 2774 975 2827 Jesum
1016 2788 1044 2826 a
1085 2769 1383 2824 mortuis”.
1412 2787 1430 2818 ι
1465 2768 1526 2819 Et
1569 2766 1858 2820 secundum

341 2875 439 2924 hoc
470 2884 595 2938 erga
642 2864 938 2932 hujusmodi
989 2877 1167 2915 semen
1204 2859 1356 2912 «sine
1384 2855 1692 2924 pwiiiteutia
1735 2865 1860 2909 Sunt

340 2962 473 3014 dona
501 2969 554 3011 et
576 2956 780 3009 vocatio
806 2953 917 3006 Dei.
944 2969 961 3001 ›
997 2951 1121 3003 Post
1155 2953 1267 3002 haec
1297 2962 1420 3001 vero
1448 2949 1608 2999 etiam
1641 2944 1752 3014 (9.4)
1783 2944 1861 2997 la-

1943 953 2331 1034 incredulitatis
2368 981 2655 1043 proposxto
2697 963 3000 1023 credendi
3050 959 3304 1012 aditum
3366 953 3499 1007 aliis
3548 954 3636 1043 qui

1942 1080 1993 1123 et
2023 1068 2121 1137 ipsi
2149 1067 2257 1137 (27)
2289 1041 2441 1133 pri—us
2465 1059 2747 1115 increduli
2773 1056 3061 1114 fuerant,
3103 1044 3429 1117 patefecit.
3456 1043 3519 1096 In
3557 1041 3638 1093 bis

1943 1167 2118 1210 autem
2148 1131 2355 1223 positus
2377 1151 2513 1205 locis
2535 1147 2770 1206 Paulus,
2804 1153 2866 1198 et
2899 1141 3112 1196 altius
3156 1137 3407 1189 intuens
3441 1131 3635 1201 hujus-

1945 1247 2083 1299 modi
2114 1256 2326 1307 causas,
2353 1240 2629 1310 quomodo
2655 1238 2804 1289 Deus
2835 1234 3081 1288 malum
3117 1226 3505 1298 propositum
3530 1238 3633 1276 non

1944 1336 2194 1388 continuo
2239 1339 2448 1385 resecet
2499 1338 2555 1382 et
2586 1327 2844 1388 excidat,
2876 1324 2997 1378 sed
3041 1320 3334 1390 patiatur
3366 1325 3430 1370 et
3468 1327 3636 1368 reser-

1943 1424 2164 1493 vet(‘28)
2191 1442 2203 1476 :
2234 1421 2576 1490 prospiciens
2621 1419 2755 1487 quia
2806 1416 3056 1484 aliquid
3106 1411 3261 1467 boni
3302 1410 3362 1464 in
3401 1410 3533 1463 aliis
3550 1408 3635 1461 fu-

1948 1523 2122 1565 turum
2157 1512 2225 1562 sit
2268 1524 2361 1577 per
2399 1507 2631 1561 alterius
2671 1505 3063 1573 propositum
3108 1499 3345 1553 malum
3377 1516 3394 1552 :
3427 1499 3500 1551 ab
3531 1498 3638 1559 his,

1947 1602 2158 1666 opinor,
2183 1601 2248 1651 de
2280 1598 2478 1666 quibus
2528 1596 2898 1664 loquebatur,
2942 1591 3180 1645 retulit
3207 1587 3422 1642 oculos
3455 1588 3635 1642 cordis

1949 1691 2028 1743 sui
2065 1691 2129 1742 ad
2164 1689 2332 1756 ipsam
2370 1684 2926 1753 malitiaaoriginem,
2977 1681 3156 1750 quod
3193 1693 3336 1733 eam
3377 1678 3526 1733 Deus
3569 1692 3633 1731 ex

1949 1778 2102 1832 initio
2137 1775 2250 1844 (29)
2287 1776 2336 1827 in
2378 1774 2465 1828 his
2494 1773 2705 1841 quibus
2753 1772 2984 1826 oborta
3026 1778 3156 1834 est,
3184 1768 3534 1837 quicunque
3562 1768 3632 1819 illi

1949 1877 2092 1929 Sunt,
2127 1865 2500 1934 pullulantem,
2535 1871 2594 1914 et
2625 1861 2862 1915 arbitrii
2924 1862 3242 1916 libertate
3282 1868 3635 1913 crescentem

1906 2020 1917 2027 ι
1951 1958 2077 2011 utile
2119 1971 2222 2010 non
2264 1953 2601 2025 judicaverit
2637 1968 2914 2007 resecare
2942 1969 2967 2017 ;
3004 1952 3125 2006 sed
3168 1950 3523 2019 permiserit
3549 1963 3639 2003 eos

1952 2048 2025 2100 uti
2051 2047 2320 2114 proposito
2348 2059 2469 2109 suo,
2496 2044 2681 2097 sciens
2701 2052 2761 2096 et
2796 2042 3217 2110 prospiciens
3243 2041 3406 2108 quod
3437 2039 3635 2092 multo-

1955 2152 2071 2189 rum
2097 2134 2208 2204 (50)
2249 2132 2526 2201 profectus
2571 2140 2626 2185 et
2673 2133 2912 2184 utilitas
2974 2146 3063 2184 ex
3113 2130 3382 2184 malitia:
3426 2128 3637 2183 illorum

1952 2224 2231 2279 occasione
2259 2229 2572 2290 consurget,
2605 2231 2662 2276 et
2707 2222 3024 2275 intantum
3074 2223 3248 2291 apud
3280 2223 3499 2275 bonum
3528 2219 3639 2289 (3|)

1956 2317 2121 2371 Deum
2156 2312 2340 2365 virtuti
2373 2312 2525 2365 locus
2557 2322 2667 2377 est,
2696 2322 2759 2363 ut
2802 2321 2867 2365 et
2910 2313 3192 2366 malitia:
3243 2327 3404 2382 opus
3438 2328 3633 2380 quam-

1955 2401 2034 2453 vis
2063 2401 2134 2453 illi
2166 2399 2467 2466 perniciosa
2514 2400 2586 2451 sit
2640 2400 2711 2452 de
2748 2413 2872 2465 quo
2928 2401 3262 2468 procedit,
3302 2402 3635 2455 beneﬁcium

1957 2506 2129 2547 tamen
2159 2501 2414 2560 priestare
2456 2491 2825 2558 dispensetur
2857 2493 2964 2544 cui
3007 2506 3260 2559 agones
3290 2503 3629 2555 commovet,

1956 2599 2087 2650 cum
2122 2583 2283 2635 fuerit
2332 2591 2611 2647 superata.
2673 2580 3113 2635 Considerans
3179 2583 3375 2651 igitur
3416 2593 3639 2638 sanctus

1956 2673 2239 2743 Apostolus
2273 2680 2451 2725 tantas
2483 2685 2609 2725 esse
2638 2672 2932 2727 bonitatis
2970 2674 3091 2728 Dei
3126 2674 3265 2744 (32)
3304 2675 3556 2740 divitias,
3589 2683 3640 2727 et

1959 2775 2163 2843 tantum
2205 2763 2401 2815 divina:
2461 2762 2760 2825 sapientiae
2813 2776 2980 2831 opus
3046 2780 3207 2833 erga
3269 2766 3639 2819 rationabiles

1959 2859 2039 2928 agi
2076 2867 2315 2917 naturas,
2354 2864 2408 2906 et
2439 2853 2565 2920 quia
2593 2860 2834 2905 tantum
2869 2869 2893 2901 ι
2927 2852 3108 2907 Deus
3136 2854 3317 2907 dives
3345 2855 3515 2908 estin
3545 2853 3639 2906 titi-

1960 2948 2387 3009 sericordiu”,i
2432 2943 2726 2998 etrdives
2782 2943 2844 2996 in
2907 2958 3150 2999 omnes
3209 2947 3318 3013 qui
3384 2948 3639 2999 invocant

343 3059 512 3102 tentes
550 3056 602 3100 et
647 3044 1022 3114 profundiores
1056 3037 1442 3092 incredulitatis
1475 3052 1656 3089 eorum
1689 3035 1859 3103 aperit
1884 3058 1927 3114 ο
1959 3055 2077 3093 eum
2098 3039 2197 3101 ",i
2231 3046 2284 3089 et
2312 3045 2457 3087 tanta
2489 3043 2574 3086 est
2607 3033 2898 3088 bonitatis
2943 3033 3118 3101 ejus,
3149 3045 3216 3089 et
3246 3034 3561 3104 patientiae,
3589 3043 3642 3088 et

340 3153 551 3201 causas,
584 3145 635 3188 et
668 3135 821 3189 dicit:
863 3132 995 3199 Quia
1028 3133 1164 3203 sicut
1215 3145 1303 3182 vos
1352 3137 1541 3195 gentes
1594 3126 1855 3193 quondam

340 3244 447 3283 non
482 3225 780 3280 credebatis
802 3224 927 3288 Deo,
967 3235 1065 3273 nec
1112 3230 1285 3273 tamen
1319 3217 1513 3270 idcirco
1537 3215 1746 3283 penitus
1775 3228 1857 3266 re-

343 3318 494 3386 liquit
523 3330 616 3369 vos
648 3314 808 3375 Deus,
838 3312 928 3365 sed
966 3310 1249 3377 aliquando
1277 3307 1341 3359 ad
1376 3307 1619 3366 ultimum
1648 3302 1860 3357 miseri-

343 3407 577 3463 cordiam
601 3403 867 3459 consecuti
894 3401 1023 3454 estis
1049 3416 1062 3451 :
1087 3399 1299 3452 occasio
1327 3405 1499 3449 tamen
1527 3393 1860 3449 conferenda)

345 3501 396 3553 in
423 3512 518 3551 vos
555 3494 949 3555 misericordim,
980 3489 1159 3558 populi
1203 3487 1361 3540 lsrael
1397 3486 1742 3540 incredulitas
1768 3499 1862 3536 ex-

349 3589 483 3641 stitit
508 3601 523 3638 :
547 3586 617 3638 ita
656 3585 815 3636 etiam
849 3583 899 3633 hi
950 3581 1038 3649 qui
1069 3592 1207 3632 nunc
1235 3579 1299 3631 de
1338 3576 1530 3645 populo
1564 3575 1725 3629 lsrael
1755 3590 1860 3629 non

350 3676 699 3736 crediderunt,
732 3682 784 3725 et
807 3687 901 3739 pro
926 3668 1296 3724 incredulitate
1323 3681 1417 3719 sua
1442 3666 1681 3719 derelicti
1714 3675 1861 3727 sunt,

352 3780 405 3821 ut
447 3767 512 3819 ad
551 3781 643 3820 vos
696 3765 784 3818 Dei
836 3762 1202 3816 misericordia
1246 3758 1544 3821 ﬂecteretur
1579 3757 1711 3827 ('25),
1756 3770 1863 3810 non

352 3869 721 3926 usquequaque
745 3853 1102 3921 relinquentur
1127 3852 1180 3905 in
1214 3849 1578 3903 incredulitate
1614 3864 1744 3911 sua;
1774 3848 1866 3901 sed

353 3958 691 4017 posteaquam
756 3942 1099 4014 plenitudinis
1154 3941 1386 4009 gentium
1445 3937 1606 3991 fuerit
1655 3936 1867 4004 impleta

452 4086 493 4117 ⁸⁷
520 4083 672 4137 Joan.
712 4096 820 4147 xu,
857 4080 941 4132 15.

421 4196 531 4265 (20)
555 4194 769 4265 Editi,_c
795 4201 849 4242 et
884 4182 1553 4265 ramis_ejus_oleastri_qui
1581 4179 1871 4234 insultabat

355 4252 465 4334 (31:,
486 4252 912 4334 Atin_su_lt_abut_tti)
945 4252 1113 4309 ramis
1140 4256 1293 4307 olivae
1320 4252 1519 4304 fractis.
1544 4268 1562 4300 ι

420 4331 527 4400 (21)
563 4330 719 4400 Editi,
754 4346 771 4377 ι
796 4327 920 4400 Deo.
944 4344 963 4376 ι

422 4384 536 4464 (22)
563 4394 674 4448 Hoc
695 4384 789 4448 est.
805 4392 1134 4464 ltestnnitur
1150 4401 1337 4464 ex_m_s.
1362 4385 1526 4453 Regio
1550 4384 1811 4464 unum?)

357 4453 555 4519 Deinde
574 4465 720 4524 editi,
759 4482 775 4511 ι
803 4461 1097 4514 invidentes
1120 4453 1864 4525 prohibentapostolos,i_ete.

427 4534 539 4603 (23)
571 4520 848 4603 Christum.
880 4520 1157 4581 Omittitu'r
1195 4525 1247 4576 in
1294 4520 1473 4586 editis,
1500 4522 1591 4575 sed
1625 4520 1861 4574 restitui-

361 4612 446 4653 tur
472 4617 534 4653 ex
574 4602 817 4651 omnibus
853 4611 981 4648 mss.

430 4670 539 4739 (24)
568 4667 778 4739 Etiam._
813 4665 965 4739 Deest
997 4663 1047 4714 iu
1094 4660 1273 4739 editis.
1299 4658 1521 4739 “Deinde
1548 4672 1647 4739 ms.
1676 4656 1871 4726 Regius

363 4727 504 4791 nuin.
524 4727 688 4799 163.9,
726 4753 743 4784 ι
768 4735 977 4785 latentis
1006 4740 1060 4784 et
1087 4727 1464 4799 profundioﬂs,
1486 4745 1504 4775 ι
1532 4734 1636 4778 etc.

429 4807 539 4875 (25)
562 4807 651 4857 Sic
676 4793 773 4857 ins.
800 4801 995 4869 Regius
1017 4793 1162 4851 nuin.
1194 4796 1345 4875 1555.9,
1375 4793 1626 4874 Rabanus
1645 4803 1700 4875 et
1720 4793 1870 4846 editi.

361 4863 549 4929 Caneri
583 4887 707 4925 vero
743 4863 907 4928 mss.,—
934 4886 951 4918 ι
976 4875 1033 4920 ut
1073 4880 1165 4917 vos
1209 4864 1301 4918 Dei
1350 4863 1714 4916 misericordia
1761 4877 1875 4913 am-

364 4945 698 5010 plecteretur.
719 4957 737 4989 »
769 4938 1069 5010 Paulopost
1088 4931 1353 5010 Rabaniis,
1386 4948 1403 5010 ε
1427 4932 1517 4983 sed
1538 4941 1873 4999 posteaquam

365 5001 628 5074 plenitudo
657 5008 888 5076 gentium
933 5001 1232 5056 intraverit.
1254 5018 1274 5051 ι
1303 5001 1406 5052 Sed
1456 5014 1637 5053 uirilius
1667 5013 1795 5049 mss.
1824 5004 1877 5050 et

366 5080 487 5128 editi
513 5088 567 5129 ut
592 5077 643 5128 in
673 5083 837 5129 textu.

435 5145 543 5213 (26)
571 5146 657 5197 Sic
678 5154 821 5213 recte
851 5157 950 5196 ms.
988 5139 1184 5213 Regius
1207 5151 1355 5213 num.
1393 5133 1548 5213 1659.
1567 5132 1704 5213 lglditi
1730 5145 1877 5213 vero,

376 5230 392 5258 ι
416 5201 537 5276 quia
566 5211 986 5264 incredulitatem
1018 5201 1225 5276 illorum
1252 5204 1471 5276 salutem
1498 5205 1643 5276 facit,
1668 5201 1875 5276 uiguit:

369 5266 634 5332 conclusit
674 5279 812 5330 enim
844 5278 980 5331 Deus
1005 5275 1208 5337 omnia,
1230 5291 1250 5324 ι
1283 5282 1388 5325 etc.
1414 5271 1539 5325 Mss.
1575 5272 1675 5324 duo
1705 5266 1879 5337 Regii,

378 5361 395 5389 ς
415 5346 535 5410 quia
564 5346 980 5398 incredulitatem
1006 5342 1168 5399 lsrael
1198 5340 1420 5410 aliorum
1456 5339 1675 5393 salutem
1694 5336 1877 5410 facit,»

371 5406 473 5481 etc.
527 5412 792 5476 Rabaiius,
830 5414 997 5481 «quia
1042 5426 1136 5480 per
1191 5408 1613 5462 incredulitatem
1660 5406 1883 5458 aliorum

373 5478 591 5547 salutem
617 5481 760 5544 facit,
780 5500 799 5531 ι
828 5478 956 5547 etc.,
986 5478 1059 5536 ut
1081 5482 1133 5533 in
1170 5484 1338 5547 textu2
1371 5543 1382 5547 _
1543 5488 1581 5547 ς

443 5542 551 5609 (ἳῖ)
583 5547 645 5596 Et
684 5541 801 5610 ipsi.
825 5541 1152 5605 Onii'ttuntur
1178 5548 1228 5598 in
1256 5543 1440 5605 editis,
1466 5542 1559 5595 sed
1592 5541 1885 5595 restituun-

376 5621 460 5661 tur
483 5627 547 5662 ex
577 5628 674 5666 nis.
708 5612 874 5682 Regio
919 5632 1064 5673 num.
1100 5613 1269 5673 4659.
1301 5610 1493 5668 (lateri
1525 5624 1649 5665 vero
1675 5624 1804 5664 mss.
1833 5616 1888 5663 et

1812 4350 1946 4438 9.”

1960 3127 2379 3198 longanimitatis
2406 3122 2572 3193 642
2610 3124 2998 3192 magnitudo,
3060 3138 3331 3196 repente
3377 3126 3641 3181 interiori-

1962 3220 2062 3273 bus
2081 3232 2171 3271 eas
2198 3216 2374 3269 cordis
2402 3214 2577 3267 oculis
2607 3213 2726 3283 ('53)
2744 3216 3030 3281 intuens,
3057 3216 3640 3284 immensitatemque

1965 3323 2147 3364 earum
2188 3304 2541 3373 perspiciens,
2589 3313 2831 3371 stupore
2893 3306 3097 3360 simul
3141 3318 3207 3362 et
3250 3321 3477 3377 pavore
3528 3320 3643 3374 per-

1966 3398 2145 3452 culsus
2189 3395 2459 3448 exclamat
2499 3404 2557 3448 et
2608 3394 2751 3447 dicit
2782 3416 2797 3448 :
2831 3413 2852 3446 ι
2889 3397 2943 3452 Ο
2993 3397 3275 3454 altitudo
3325 3398 3640 3453 divitiarum

1967 3488 2241 3556 sapientiae
2275 3494 2328 3537 et
2358 3484 2605 3538 scientiae
2638 3484 2766 3548 Dei,
2798 3499 2992 3552 quam
3053 3489 3488 3543 inserutabilia
3521 3496 3644 3542 sunt

1963 3577 2161 3646 judicia
2188 3576 2323 3641 ejus,
2347 3584 2403 3628 et
2427 3575 2858 3642 investigabiles
2889 3577 3010 3631 vim
3090 3580 3274 3646 ejus!
3314 3598 3337 3632 ι
3378 3579 3537 3634 Unde
3561 3587 3642 3632 et-

1968 3668 2112 3722 enim
2144 3668 2390 3719 humanaz
2414 3665 2618 3719 mentis
2652 3679 2860 3719 sensus
2888 3666 3014 3720 ista
3048 3680 3273 3736 posset
3319 3670 3564 3740 opinari,
3589 3678 3644 3722 ut

1970 3765 2176 3810 servata
2214 3756 2504 3823 unicuique
2541 3749 2786 3807 'arbitrii
2825 3755 3157 3823 libertate,
3205 3761 3459 3814 alterius
3490 3758 3641 3813 mali-

1973 3846 2059 3899 tia:
2100 3859 2236 3911 opus
2268 3854 2575 3898 verteretur
2619 3843 2782 3897 alteri
2818 3845 2896 3898 ad
2934 3848 3223 3905 salutent
3282 3850 3433 3922 ('54),
3459 3861 3516 3903 et
3542 3849 3645 3901 rin-

1971 3935 2112 3988 centi
2161 3949 2221 3988 se
2276 3934 2481 3987 malitia
2524 3934 2769 4002 palmam
2810 3941 3169 4009 conferret,
3197 3957 3340 4012 qua:
3370 3941 3551 3997 utenti
3586 3951 3643 3992 se

1023 4078 1067 4109 ³⁸
1094 4076 1245 4128 Rom.
1274 4089 1343 4134 iv,
1373 4072 1460 4123 24.
1533 4069 1576 4100 ⁸⁸
1607 4069 1794 4135 Ephes.
1832 4082 1891 4133 n,
1925 4069 1977 4121 ι.
2023 4068 2068 4099 ⁹⁰
2101 4066 2257 4123 Rom.
2285 4083 2340 4132 x,
2376 4067 2461 4121 12.

1975 4180 2222 4233 Rabanns
2251 4181 2453 4234 habent
2483 4199 2504 4232 ι
2526 4183 2654 4236 etsi.
2682 4198 2704 4233 ι

2045 4249 2153 4327 (28)
2180 4249 2337 4327 Editj,
2357 4252 2822 4327 _ccompatitur__e_t
2856 4268 3172 4312 reservat.
3202 4279 3227 4313 ι
3268 4259 3492 4315 Deinde
3514 4273 3639 4314 mss.

1976 4315 2646 4402 pictiquenRaba'nns‘et‘
2673 4319 2840 4387 editi,
2864 4340 2907 4402 χ
2933 4329 3339 4402 prospiciens
3372 4331 3505 4397 quia
3536 4330 3634 4380 ali-

1972 4385 2098 4450 quid
2138 4386 2259 4464 boni
2291 4386 2342 4437 in
2384 4384 2512 4440 aliis
2540 4385 2793 4467 facturus
2825 4384 3065 4460 sit'per
3092 4384 3368 4453 'alterius
3393 4384 3642 4467 proposi-

1965 4460 2077 4504 tum
2107 4454 2252 4504 mali.
2284 4471 2302 4504 ι
2338 4452 2449 4507 Sed
2498 4465 2709 4507 rectius
2739 4472 2854 4507 ms.
2890 4459 3132 4507 Regium
3196 4483 3369 4507 mmL
3411 4467 3557 4507 4639
3585 4475 3640 4507 nl

1967 4460 2077 4532 tum
2107 4459 2252 4504 mali.
2284 4471 2302 4504 ι
2338 4459 2449 4507 Sed
2498 4459 2709 4510 rectius
2739 4472 2854 4512 ms.
2889 4459 3132 4533 Regius
3194 4483 3372 4521 nutu.
3395 4459 3557 4521 ’1639
3585 4475 3640 4519 ut

1967 4534 2020 4573 ιιι
2056 4531 2239 4573 nostro
2264 4530 2438 4574 textu.

1995 4587 2280 4673 ,Α(²9).Μεξ;
2312 4588 2517 4673 Regius
2545 4606 2703 4673 nun}:
2735 4593 2921 4673 _16'59,
2962 4617 2984 4649 ι
3011 4614 3211 4668 quam
3259 4603 3417 4657 Deus
3440 4616 3511 4656 ex
3539 4602 3640 4657 ini-

1968 4658 2065 4722 tio,
2073 4675 2096 4735 ρ
2116 4667 2221 4736 etc.
2240 4658 2437 4711 Caeteri
2462 4674 2623 4726 mss.,
2649 4658 2930 4718 Rabanus
2964 4658 3245 4736 et'editi,
3286 4690 3309 4722 ¢
3337 4675 3492 4741 quod
3521 4685 3638 4725 eam

1967 4740 2031 4777 ex
2072 4734 2243 4787 ιιιιιιο,
2270 4744 2290 4777 ι
2320 4735 2426 4780 etc.

2039 4792 2150 4865 (50)
2185 4792 2276 4865 Sic
2308 4808 2421 4846 nis.
2445 4795 2653 4865 Regius
2690 4814 2853 4853 num.
2898 4801 3061 4858 1659
3102 4815 3169 4860 et
3230 4808 3405 4861 editi.
3436 4805 3631 4862 Βεθετί

1972 4862 2413 4943 mssahabentx‘t
2435 4862 2601 4943 quam
2644 4868 2998 4943 inultorunl.
3029 4894 3049 4925 ι
3094 4875 3418 4941 Rabanus,
3460 4876 3625 4943 «quia

1974 4928 2282 5012 multorum.
2308 4949 2326 4981 ι
2362 4928 2572 4987 Deinde
2613 4934 2752 4988 alter
2793 4953 2908 4992 tus.
2946 4928 3422 5012 Regiusihabr—i
3459 4962 3480 4995 ι
3505 4928 3637 4999 έθη-

1973 5004 2154 5116 surgit:
2176 5011 2330 5116 )Bpl'o
2365 5017 2385 5047 ι
2408 5012 2736 5082 consurget.
2767 5023 2787 5056 ι

2233 5081 2413 5116 ouum.
2448 5069 2777 5116 Desiderat“

2187 5063 2813 5147 ﬁnitumsbesidératur
2849 5076 2910 5130 in
2937 5090 3126 5134 antea
3166 5082 3379 5137 editis.

2045 5130 2155 5271 (52)
2188 5134 2350 5212 Editi,
2385 5154 2405 5186 ι
2428 5143 2605 5194 tantae
2643 5157 2769 5197 esse
2793 5130 3461 5207 bottit‘atisﬁDei—‘iwetc.

2070 5201 2159 5268 ‘53)
2190 5201 2284 5255 Sic
2319 5218 2453 5263 mss.
2484 5207 2742 5271 plerique
2769 5222 2827 5266 et
2849 5211 3170 5271 Rabanus.
3210 5193 3330 5271 η’ἰεί
3367 5237 3461 5271 aut

2014 5201 2161 5292 ._
2172 5201 2465 5292 mss;
2484 5207 2744 5292 plerique
2769 5201 3330 5292 et_Raban‘us,vn'isi
3349 5201 3521 5292 iii-ba
3544 5218 3634 5292 ille

1977 5277 2192 5358 omittat
2224 5277 2615 5358 «magnitudo.
2646 5277 2667 5330 ἱ
2701 5279 2855 5358 Editi
2908 5300 3083 5354 vero,
3124 5277 3506 5344 (tantae'est
3540 5291 3635 5342 bo-

1979 5344 2327 5428 nitatistmet.
2362 5345 2671 5428 patientiae,
2699 5360 2794 5428 __et
2834 5344 3344 5428 longanimitatis,
3409 5368 3634 5428 repente

1981 5370 2308 5417 imm-3i,“
2363 5370 2671 5412 νηιιυιιιιω,
2720 5370 2794 5431 .et
2834 5370 2928 5406 ton
2976 5370 3344 5421 animitatts,
3409 5370 3634 5428 repente

1981 5407 2330 5461 interioribus
2385 5425 2514 5467 eam
2573 5420 2769 5475 cordis
2830 5370 3019 5478 magis
3062 5445 3086 5478 ι
3125 5436 3249 5483 etc.
3288 5428 3400 5483 Ms.
3433 5428 3634 5497 Regius

1982 5487 2128 5525 llUtll.
2156 5474 2318 5526 1659.
2355 5490 2456 5526 (et
2491 5492 2663 5526 tantm
2694 5502 2821 5526 cuni
2855 5465 3073 5526 ,ιῑινςιςῗη
3104 5495 3391 5526 t..........:-
3442 5516 3459 5526 .
3499 5507 3584 5526 -.ιι

1982 5477 2376 5565 {3933-3953;}
2397 5490 2456 5561 θ)
2491 5492 2664 5565 tantae
2694 5502 2828 5546 sunt
2855 5477 3075 5550 divitiis
3102 5477 3415 5560 tantas,
3434 5477 3628 5559 ἵῖὶέ..

1983 5555 2182 5615 omisso
2205 5558 2231 5615 ξ
2247 5554 2615 5615 magnitudo.
2642 5576 2663 5609 ι

2055 5608 2170 5678 (54)
2201 5612 2295 5667 Sic
2324 5608 2479 5676 récte
2513 5608 2622 5681 ms.
2657 5628 2867 5703 Regius
2893 5646 3050 5689 num.
3085 5631 3259 5691 1639.
3292 5633 3507 5691 (Σίριοτί
3539 5646 3635 5686 ve-
