3894 6274
344 295 492 349 *1201

1288 298 1633 354 COMMENT.
1663 298 1726 353 IN
1751 299 1960 355 EPIST.
2001 302 2088 354 AD
2116 302 2277 358 ROM.
2313 304 2436 360 LIB.
2470 303 2558 359 IX.

3344 280 3490 352 1202

340 411 649 479 perniciem
680 413 918 483 praebet?
939 413 1031 469 His
1053 413 1211 483 igitur
1238 413 1492 483 generali,
1524 424 1777 482 quantum
1800 414 1879 466 vi-
1908 418 1949 472 Α
1980 415 2091 467 tiat.
2119 416 2411 470 Consilium
2451 431 2576 470 vero
2603 414 2828 482 sapienti
2868 412 3167 468 necessario
3196 413 3248 468 in
3279 412 3491 482 sapien-

344 498 539 563 detur,
576 499 860 568 Apostolus
914 503 1115 556 ratione
1170 502 1485 570 perspectis,
1524 504 1785 557 exclamat
1828 514 1882 556 et

346 589 506 650 dicit,
540 590 661 657 quia
697 600 840 644 tanta
874 602 949 646 esl
982 592 1204 645 altitudo
1235 591 1533 644 divitiarum
1574 592 1687 655 Dei,
1721 605 1774 647 et
1796 611 1880 648 sa-

342 675 574 742 pientiae
597 679 711 747 ejus
739 689 882 733 tanta
906 692 985 733 est
1010 680 1252 743 altitudo,
1281 689 1333 733 et
1350 680 1585 734 scientia:
1615 683 1881 736 nihilomi-

345 779 460 818 nus
491 776 638 820 tanta
682 777 764 823 est
792 769 1014 823 altitudo
1064 771 1149 841 (ad
1179 771 1353 824 omnia
1386 772 1524 825 enim
1566 773 1679 827 haec
1703 775 1879 828 altitu-

343 849 497 905 diuis
534 869 710 908 sermo
734 845 1159 920 deservitl551),
1185 867 1243 909 ut
1270 859 1494 912 scrutari
1514 859 1711 925 judicia
1744 860 1879 928 ejus,

342 940 555 1006 quibus
584 958 1005 1011 unamquamque
1035 946 1275 1000 animanr
1300 955 1460 1017 atque
1487 964 1697 1005 omnem
1724 963 1880 1006 natu-

345 1043 476 1082 ram
530 1032 899 1087 rationabilem
957 1034 1248 1103 dispensat,
1300 1052 1456 1093 nemo
1507 1039 1749 1107 suiliciat,
1787 1058 1881 1097 nec

344 1118 475 1170 vias
506 1118 597 1172 Dei
636 1122 823 1185 quibus
855 1124 1177 1189 providentia
1223 1127 1335 1195 ejus
1365 1129 1561 1182 incedit
1596 1130 1705 1200 (56)
1743 1130 1885 1184 inve-

344 1203 564 1270 stigare
599 1208 793 1276 aliquis
822 1213 1005 1277 possit.
1053 1212 1259 1281 Aliquis
1308 1225 1479 1270 autem
1516 1218 1738 1272 dicimus
1780 1234 1881 1272 non

346 1290 534 1343 solum
584 1294 888 1357 hominum,
932 1296 1021 1349 sed
1070 1307 1123 1351 et
1170 1301 1331 1353 totius
1379 1312 1657 1356 creaturae.
1706 1303 1885 1372 Neque

341 1382 502 1433 enim
543 1383 907 1438 inscrutabilia
946 1387 1143 1454 judicia
1186 1390 1298 1456 ejus
1339 1390 1470 1458 (57),
1505 1401 1559 1444 et
1608 1393 1884 1462 investiga-

344 1468 497 1522 biles
527 1472 626 1524 via:
651 1472 764 1538 ejus
796 1475 1115 1537 dicerentur,
1152 1478 1251 1531 nisi
1283 1480 1403 1546 quia
1446 1480 1587 1532 nulla
1619 1491 1699 1535 est
1731 1496 1883 1535 crea-

343 1562 483 1609 tura
524 1574 644 1624 quae
679 1560 760 1612 vel
796 1561 1108 1631 investigare
1147 1566 1318 1617 valeat
1358 1566 1467 1631 illa,
1509 1569 1590 1621 vel
1636 1570 1882 1623 scrutari.

347 1642 524 1697 Solus
547 1657 631 1700 est
655 1649 793 1700 enim
820 1649 985 1703 Filius
1021 1654 1108 1719 qui
1145 1655 1351 1708 noverit
1391 1655 1601 1710 Patrem
1622 1658 1690 1721 9‘,
1721 1668 1772 1711 et
1800 1674 1887 1713 so-

342 1732 436 1787 lus
470 1745 555 1788 est
607 1737 871 1804 (Spiritus
899 1760 916 1791 ι
958 1756 1168 1797 sanctus
1210 1748 1298 1814 qui
1353 1765 1371 1797 ι
1396 1717 1884 1815 scrutatur-omnia,
1916 1717 1958 1774 Β

342 1825 521 1878 etiam
551 1826 879 1882 altitudinem
910 1830 995 1883 Dei
1024 1832 1068 1863 "
1095 1835 1224 1901 (58).
1251 1853 1269 1886 ι
1302 1836 1364 1888 Et
1388 1836 1505 1889 ideo
1536 1838 1669 1892 banc
1700 1838 1886 1892 altitu-

341 1910 537 1965 dinem
568 1913 681 1977 Dei,
712 1929 867 1982 quam
907 1926 960 1970 et
989 1918 1388 1975 inscrutabilem
1433 1922 1562 1977 dicit
1591 1933 1644 1977 et
1672 1925 1888 1979 investi-

341 2000 614 2068 gabilem,
642 2014 904 2058 creatum
932 2009 1072 2060 omni
1106 2009 1498 2065 inscrutabilem
1526 2023 1579 2066 et
1607 2016 1890 2081 investiga-

345 2090 523 2144 bil'em
571 2092 724 2147 dicit.
756 2093 832 2148 De
867 2095 998 2149 Filio
1028 2112 1153 2151 vero
1183 2108 1235 2151 et
1280 2100 1476 2169 Spiritu
1509 2113 1686 2157 sancto
1713 2105 1890 2157 dicere

344 2177 459 2230 ista
498 2193 601 2231 non
633 2190 868 2246 poterat,
913 2183 1033 2250 quia
1069 2184 1233 2238 Filius
1266 2185 1317 2239 in
1362 2188 1643 2255 Evangelio
1673 2190 1798 2242 dicit
1824 2191 1888 2242 ad

343 2262 614 2318 Patrem:
636 2284 654 2316 ι
680 2265 856 2331 Pater,
879 2271 1054 2324 omnia
1073 2286 1184 2325 mea
1203 2283 1289 2325 tua
1311 2286 1453 2340 sunt,
1475 2286 1528 2329 et
1551 2286 1633 2328 tua
1656 2293 1770 2333 mea
1782 2277 1885 2344 ’³;›

343 2362 403 2406 et
448 2355 522 2407 de
575 2354 778 2421 Spiritu
818 2370 1005 2412 sancto
1056 2361 1171 2428 ipse
1212 2361 1408 2417 Paulus
1469 2367 1774 2433 pronuntiat
1813 2368 1893 2420 di-

343 2457 487 2496 cens
505 2443 593 2497 9‘:
628 2464 645 2494 ι
668 2444 831 2500 Nemo
863 2449 1002 2501 enim
1045 2452 1145 2503 scit
1190 2452 1459 2507 hominum
1490 2469 1605 2522 qum
1651 2466 1770 2510 sunt
1796 2457 1891 2511 lio-

345 2531 545 2595 ntinis,
577 2533 678 2587 nisi
715 2535 932 2603 spiritus
962 2538 1193 2592 hominis
1220 2541 1307 2608 ῳιὶ
1350 2542 1400 2594 in
1451 2522 1567 2612 ipso
1590 2553 1668 2599 est
1701 2563 1714 2597 :
1741 2546 1809 2598 ita
1841 2557 1892 2600 et

344 2633 479 2687 quae
537 2620 589 2673 in
645 2622 751 2676 Deo
805 2637 947 2690 sunt,
1004 2643 1159 2683 nemo
1190 2633 1463 2699 cognovit,
1513 2634 1614 2687 nisi
1665 2634 1892 2702 Spiritus

345 2708 448 2762 Dei
483 2710 624 2777 (59).
648 2729 667 2762 ι
706 2711 863 2767 Vides
893 2730 1019 2782 ergo
1051 2719 1188 2785 quod
1221 2718 1412 2773 Paulus
1444 2721 1494 2773 in
1528 2724 1770 2788 praesenti
1802 2738 1891 2776 ca-

343 2798 535 2867 pitulo
569 2801 623 2852 in
655 2802 738 2855 his
770 2818 885 2871 quae
911 2806 1036 2858 dicit
1064 2824 1077 2859 :
1109 2825 1126 2856 ι
1154 2807 1281 2872 Quis
1311 2811 1448 2861 enim
1487 2815 1730 2878 cognovit
1772 2833 1893 2872 sen-

347 2902 481 2976 sum
523 2889 754 2956 Domini,
787 2902 878 2945 aut
910 2895 1031 2961 quis
1075 2896 1145 2947 illi
1193 2898 1522 2952 consiliarius
1553 2901 1648 2955 fuit
1677 2905 1825 2976 (40)?
1863 2924 1883 2958 ι

1980 505 2048 558 tia
2086 519 2179 557 sua
2211 513 2312 570 est,
2342 506 2428 574 qui
2475 517 2558 559 est
2592 505 2858 567 Christus,
2890 513 2945 557 et
2987 504 3038 557 in
3066 503 3369 567 sanctitate,
3401 504 3493 571 qui

1977 603 2056 647 est
2090 592 2318 662 Spiritus
2357 605 2587 647 sanctus.
2628 594 2799 647 Simili
2836 603 3010 646 autem
3060 593 3211 645 modo
3239 601 3292 645 et
3319 609 3338 643 ι
3365 593 3493 658 Quis

1976 680 2123 751 prior
2164 680 2306 734 dedit
2342 681 2412 745 ei,
2447 690 2500 733 et
2539 680 2859 734 retribuetur
2902 679 2991 734 ei?
3020 698 3038 729 ι
3099 676 3492 747 intelligendum

1977 780 2074 826 est.
2104 770 2266 825 Nemo
2303 771 2442 825 enim
2479 770 2676 839 aliquid
2711 770 2897 824 {actori
2927 785 3025 824 suo
3054 771 3197 838 prior
3227 770 3449 823 contulit
3478 789 3490 823 :

1978 861 2169 928 quippe
2194 874 2312 913 cum
2361 859 2521 912 etiam
2574 858 2674 911 hoc
2722 859 2893 926 ipsum
2920 858 3058 927 quod
3087 866 3189 917 est,
3221 859 3497 925 unusquis-

1977 966 2084 1019 que
2115 966 2143 1003 a
2183 949 2457 1003 conditore
2500 948 2809 1016 susceperit.
2846 966 2864 998 ί
2889 947 3146 1013 Quoniam
3179 962 3241 999 ex
3284 946 3423 1014 ipso,
3451 959 3496 999 et

1978 1056 2073 1112 per
2100 1041 2291 1109 ipsum,
2324 1047 2377 1091 et
2410 1038 2459 1091 in
2491 1039 2603 1106 ipso
2624 1047 2745 1091 sunt
2776 1037 2974 1089 omnia.
3002 1055 3019 1085 ι
3059 1033 3213 1087 Vides
3235 1034 3505 1101 quomodo

1982 1131 2032 1182 in
2064 1129 2263 1183 ultimis
2295 1127 2546 1190 ostendit,
2569 1128 2704 1195 quod
2744 1127 2793 1178 in
2823 1124 3067 1178 omnibus
3096 1138 3211 1192 quae
3238 1138 3397 1191 supra
3427 1121 3508 1174 di-

1982 1219 2080 1280 xit,
2144 1217 2434 1285 signaverit
2482 1216 2592 1285 (4‘2)
2642 1214 2946 1284 mysterium
2996 1212 3292 1266 Trinitatis.
3351 1210 3504 1265 Sicut

1981 1308 2120 1358 enim
2149 1306 2201 1359 in
2252 1305 2497 1375 praesenti
2531 1303 2646 1357 loco
2672 1302 2808 1370 quod
2841 1301 2915 1353 ait
2943 1316 2955 1350 :
2990 1318 3006 1350 ι
3035 1300 3294 1366 Quoniam
3328 1313 3393 1353 ex
3420 1298 3523 1366 ip-'

1982 1408 2063 1454 so,
2090 1401 2143 1446 et
2170 1408 2263 1461 per
2292 1393 2489 1461 ipsum,
2518 1400 2571 1444 et
2597 1390 2648 1441 in
2677 1389 2790 1455 ipso
2821 1395 2945 1441 sunt
2970 1386 3172 1448 omnia,
3198 1403 3215 1435 ι
3249 1383 3500 1438 convenit

1984 1482 2087 1535 illis
2118 1481 2271 1535 dictis
2300 1495 2418 1548 qua:
2475 1478 2613 1531 idem
2670 1475 2949 1545 Apostolus
2990 1474 3041 1526 in
3091 1473 3210 1526 aliis
3246 1479 3504 1525 memorat

1984 1570 2113 1624 locis
2141 1584 2262 1624 cum
2291 1567 2482 1622 dicit”
2512 1584 2525 1620 :
2558 1583 2575 1615 ι
2605 1564 2751 1619 Unus
2796 1564 2933 1616 Deus
2978 1560 3137 1614 Pater
3166 1574 3228 1613 ex
3257 1572 3360 1625 quo
3389 1572 3502 1610 om-

1982 1659 2091 1720 nia,
2137 1669 2188 1712 et
2230 1672 2364 1711 unus
2409 1655 2658 1709 Dominus
2705 1660 2886 1704 noster
2938 1648 3092 1702 Iesus
3132 1648 3370 1702 Christus
3410 1662 3503 1712 per

1987 1763 2141 1817 quem
2171 1747 2383 1808 omnia;
2407 1764 2424 1795 ι
2456 1756 2510 1800 et
2534 1745 2657 1798 item
2684 1744 2733 1797 in
2762 1742 2961 1807 Spiritu
2990 1739 3081 1794 Del
3117 1738 3245 1792 dicit
3282 1737 3502 1791 revelari

1985 1835 2242 1900 omnia",
2271 1846 2323 1888 et
2362 1848 2456 1903 per
2477 1835 2588 1887 haec
2611 1832 2855 1900 designat
2887 1830 2937 1882 in
2969 1826 3214 1881 omnibus
3245 1839 3363 1879 esse
3386 1840 3506 1894 pro-

1986 1923 2268 1977 videntiam
2305 1920 2612 1983 Trinitatis;
2656 1919 2727 1972 ita
2769 1925 2824 1971 et
2859 1930 2978 1969 cum
3028 1915 3197 1968 dicit:
3232 1913 3505 1966 «Altitudo

1986 2012 2308 2074 divitiarum,
2330 2028 2348 2061 ι
2381 2008 2611 2070 Patrem,
2655 2021 2721 2060 ex
2761 2018 2864 2073 quo
2896 2003 3071 2057 omnia
3105 2003 3232 2056 dicit
3261 2015 3396 2063 esse,
3428 1996 3505 2051 si-

1988 2100 2240 2166 gniﬁcat:
2288 2108 2339 2152 et
2390 2097 2662 2163 sapientia:
2712 2092 3066 2154 altitudinem,
3092 2088 3384 2151 Christum,
3416 2088 3503 2155 qui

1986 2200 2070 2242 est
2110 2187 2368 2254 sapientia
2416 2185 2550 2250 ejus,
2597 2184 2868 2236 ostendit:
2903 2193 2953 2235 et
2997 2181 3232 2234 scientia:
3268 2176 3505 2230 altitudi-

1988 2294 2127 2339 nem,
2164 2277 2416 2343 Spiritum
2440 2285 2697 2334 sanctmn,
2727 2273 2814 2339 qui
2841 2272 2998 2335 etiam
3024 2271 3126 2321 alta
3157 2267 3245 2319 Dei
3274 2264 3503 2328 novit",

1990 2367 2224 2422 declarat
2248 2365 2380 2434 (45).
2410 2363 2783 2416 Verumtamen
2812 2361 2948 2429 quod
2979 2359 3145 2413 dicit:
3176 2375 3194 2407 ι
3222 2356 3300 2409 Ex
3335 2356 3500 2423 ipso,»

1989 2458 2087 2511 hoc
2113 2459 2282 2524 ipsum
2313 2454 2451 2522 quod
2475 2468 2654 2508 sumus
2684 2452 2885 2505 indicat
2912 2465 2925 2501 :
2965 2468 2983 2500 ι
3008 2448 3109 2502 Per
3152 2447 3324 2515 ipsum
3356 2464 3374 2495 ι
3413 2460 3502 2497 au-

1992 2555 2118 2610 tem,
2156 2546 2295 2614 quod
2348 2559 2440 2612 per
2474 2541 2590 2609 eius
2619 2540 3005 2611 providentiam
3048 2539 3417 2605 dispensamur
3448 2535 3500 2588 in

1988 2637 2093 2690 vita
2126 2654 2141 2690 :
2173 2654 2192 2686 ι
2215 2635 2269 2687 ln
2320 2635 2434 2703 ipso
2457 2652 2475 2685 ι
2506 2646 2652 2697 vero,
2684 2630 2820 2699 quod
2870 2628 3130 2697 perfectio
3167 2626 3405 2680 omnium
3454 2633 3508 2677 et

1990 2722 2109 2776 finis
2139 2723 2189 2774 in
2222 2722 2333 2790 ipso
2361 2721 2462 2775 erit
2493 2729 2617 2775 tunc
2641 2732 2759 2772 cum
2790 2720 2891 2772 erit
2925 2718 3058 2769 Deus
3083 2715 3256 2768 omnia
3289 2713 3340 2766 in
3384 2727 3503 2766 om-

1989 2811 2141 2867 nibus
2161 2811 2207 2843 ’⁸
2234 2828 2248 2865 :
2280 2819 2332 2864 et
2380 2820 2506 2865 tunc
2569 2808 2709 2878 «ipsi
2777 2807 2942 2876 gloria
2974 2806 3023 2858 in
3069 2805 3258 2857 saecula
3292 2802 3510 2857 saeculo-

1988 2914 2104 2954 rum
2138 2898 2505 2969 (44):Amen.
2548 2897 2604 2951 In
2654 2897 2863 2960 saecula,
2896 2916 2913 2948 ι
2956 2904 3166 2964 propter
3215 2893 3317 2946 hoc
3365 2890 3507 2957 quod

345 2975 422 3076 de
478 2979 751 3032 creaturis
783 2981 958 3045 dicat;
1002 2993 1243 3036 naturam
1291 3000 1418 3039 vero
1447 2987 1718 3045 Trinitatis
1749 2975 1891 3048 exci—
1915 3019 1958 3077 ο
1990 2989 2243 3058 perfectio
2271 2988 2503 3042 omnium
2538 2986 2645 3056 (45)
2699 3002 2803 3039 non
2866 2986 3002 3039 intra
3061 2997 3222 3036 unum
3255 2979 3508 3035 Steculum

343 3064 472 3132 piat
509 3082 524 3118 :
558 3067 750 3133 quippe
794 3070 875 3121 cui
913 3070 1043 3122 nihil
1075 3074 1282 3126 sitcum
1322 3086 1562 3130 creatura
1590 3093 1889 3148 commune,

345 3156 462 3210 nisi
496 3154 866 3212 beneﬁcentia:
890 3174 1044 3226 opus.
1089 3161 1192 3216 Sed
1217 3172 1269 3218 et
1299 3166 1435 3231 quod
1465 3167 1539 3221 ait
1567 3184 1581 3220 :
1614 3186 1632 3219 ι
1656 3169 1787 3236 Quis
1818 3173 1888 3226 illi

344 3245 707 3300 consiliarius
737 3248 870 3301 fuit?
895 3267 912 3300 ι
940 3248 1051 3303 Non
1084 3253 1234 3318 quasi
1262 3254 1437 3307 minus
1476 3257 1585 3322 ipse
1620 3260 1890 3316 sulIiciens

346 3332 595 3388 consilio
643 3334 902 3402 indigeret
946 3336 1183 3399 alterius,
1213 3338 1304 3391 sed
1325 3339 1534 3393 consilii
1570 3344 1877 3411 participem

346 3424 570 3477 nullum
610 3425 822 3493 quidem
878 3427 1013 3479 inter
1046 3440 1321 3481 creaturas
1347 3429 1456 3501 (41)
1503 3445 1621 3485 esse
1652 3448 1884 3501 pronun-

1993 3076 2344 3136 concluditur,
2377 3075 2468 3129 sed
2514 3075 2567 3128 in
2621 3075 2781 3128 multa
2821 3073 3175 3142 protenditur,
3199 3078 3252 3123 et
3283 3069 3373 3122 vix
3415 3067 3511 3119 ali-

1992 3165 2201 3234 quando
2248 3164 2580 3230 adimplenda
2652 3171 2920 3232 speratur.
2985 3159 3168 3226 Jungit
3227 3164 3399 3210 autem
3456 3165 3512 3209 et

1997 3275 2014 3307 t
2041 3257 2229 3317 Amen,
2257 3271 2276 3304 ι
2324 3265 2381 3306 ut
2414 3252 2768 3321 intelligamus
2810 3266 2904 3319 per
2934 3250 3078 3304 illum
3108 3248 3172 3301 ad
3201 3248 3361 3301 istam
3385 3245 3511 3298 bea-

1993 3344 2269 3398 titudinem
2306 3341 2640 3405 veniendum,
2664 3342 2728 3395 de
2753 3355 2856 3409 quo
2886 3341 3141 3407 scriptum
3168 3344 3248 3389 est
3288 3336 3338 3388 in
3371 3333 3512 3402 Apo-

1991 3433 2185 3501 calypsi
2220 3451 2232 3485 :
2271 3450 2288 3483 t
2313 3431 2435 3484 Haec
2463 3430 2588 3484 dicit
2614 3430 2703 3498 qui
2740 3428 3083 3485 estAmen".
3113 3446 3130 3478 ι

346 3550 3492 3575 W

1523 3699 1871 3786 LIBER
1939 3699 2374 3791 NONUS.

428 3949 604 4022 6-53
632 3950 681 4002 l.
709 3948 836 4000 Cum
856 3963 948 4017 per
965 3964 1171 4003 omnem
1197 3959 1392 4004 textum
1413 3951 1654 4019 Epistolas
1670 3954 1721 4006 in
1739 3969 1890 4023 supe-

345 4044 612 4099 rioribus
637 4040 900 4092 docuisset
926 4040 1208 4107 Apostolus
1226 4041 1487 4109 quomodo
1531 4057 1558 4094 a
1597 4041 1792 4097 Iudaeis
1827 4046 1892 4098 ad

474 4181 522 4213 οι
556 4176 743 4232 Matth.
780 4194 856 4241 Xl,
895 4177 982 4231 27.
1081 4178 1125 4208 θ’
1151 4177 1165 4229 l
1188 4178 1307 4231 Cor.
1333 4192 1390 4241 ll,
1418 4177 1501 4229 10.

344 4264 419 4317 ιι,
469 4247 562 4302 10.
635 4246 680 4277 ’⁷
709 4246 837 4300 ibid.
910 4247 955 4278 ⁸⁸
982 4245 1111 4301 ibid.
1162 4261 1250 4310 xv,
1284 4246 1369 4300 28.
1445 4247 1488 4278 ⁹⁹
1510 4249 1668 4315 Apoc.
1696 4263 1775 4311 Ill,
1806 4249 1888 4302 14.

348 4381 424 4421 ro
454 4377 620 4424 mss.,
656 4363 904 4415 Rabanus
935 4370 987 4412 et
1029 4360 1178 4421 editi,
1231 4378 1249 4410 ι
1277 4364 1898 4428 Incomprcuensihilia...

1603 4180 1646 4213 ⁸³
1671 4179 1820 4234 Joan.
1850 4195 1977 4244 xvtt,
2008 4180 2090 4240 ια,
2188 4180 2236 4211 ⁸⁵
2260 4180 2276 4233 l
2301 4179 2422 4234 Cor.
2457 4195 2518 4242 ιι,
2550 4179 2636 4233 ll.

1992 3966 2242 4026 gentes,a
2276 3955 2678 4011 circumcisione
2709 3955 2774 4007 ad
2813 3953 2989 4016 ﬁdem,
3013 3968 3040 4006 a
3064 3952 3245 4006 littera
3268 3953 3331 4006 ad
3357 3954 3517 4023 spiri-

1990 4055 2121 4109 tum,
2142 4046 2208 4098 ab
2239 4046 2422 4099 umbra
2443 4045 2506 4098 ad
2531 4044 2832 4107 veritatem,
2856 4042 2923 4095 ab
2955 4042 3293 4098 observantia
3314 4043 3514 4099 carnali

2729 4178 2775 4210 "
2801 4177 2821 4231 ι
2846 4176 2969 4231 Cor.
3001 4191 3114 4239 vui,
3153 4174 3204 4229 6.
3274 4175 3320 4209 "
3347 4200 3367 4230 ι
3391 4191 3514 4234 νοτ.

2008 4362 2151 4430 prior
2181 4359 2337 4430 dedit
2368 4356 2463 4418 illi,
2504 4364 2557 4409 et
2593 4353 2915 4430 retribuetur
2951 4354 3037 4430 ei?
3056 4370 3097 4430 tu
3266 4352 3378 4407 haec
3418 4367 3516 4430 po-

349 4420 534 4506 Unde
564 4420 772 4485 enim...
806 4430 903 4506 ista
934 4429 1101 4506 possit
1123 4420 1290 4506 (editi.
1339 4445 1356 4477 ι
1383 4420 1469 4481 ἰιεί
1516 4431 1683 4506 possit
1704 4429 1748 4506 ξ)
1791 4433 1906 4499 opi-
1936 4435 1978 4488 D
2006 4420 2202 4506 strema
2235 4428 2391 4506 verba
2421 4444 2433 4477 :
2464 4441 2482 4473 (
2502 4432 2595 4504 aut
2624 4424 2747 4490 quis
2792 4422 2934 4506 prior
2981 4423 3124 4475 dedit
3169 4420 3342 4506 illlike‘t
3364 4424 3520 4475 retri-

350 4501 570 4558 nari...
625 4494 945 4551 verteretur‘
983 4494 1189 4562 (editi,
1244 4494 1539 4560 evertatur,
1570 4515 1588 4549 ›
1632 4494 1901 4563 llabanns,

354 4588 382 4623 ο
411 4567 681 4635 verteret)
710 4566 774 4618 ad
801 4564 1040 4635 salutem,
1063 4581 1081 4613 ι
1119 4572 1221 4616 etc.
1264 4580 1283 4613 ι

448 4637 573 4706 (35)
600 4632 737 4706 Editi
768 4632 1015 4706 plerique_
1043 4641 1095 4706 et
1139 4645 1413 4706 insanus
1450 4634 1746 4706 omittuntt
1775 4633 1859 4694 ad,
1882 4652 1900 4684 ι

262 4696 269 4759 ἶ
348 4696 519 4825 sirint
547 4696 599 4756 et
628 4696 901 4782 llaha‘nus,
930 4699 1016 4767 qui
1050 4698 1102 4751 in
1135 4697 1235 4752 line
1262 4699 1420 4753 habet
1456 4718 1475 4751 ς
1499 4702 1784 4755 disseruit»
1812 4717 1906 4770 pro

268 4786 269 4789 “
356 4797 379 4825 ι
410 4794 428 4825 ι
453 4782 685 4823 eservtt.
715 4789 733 4820 ι

268 4786 269 4789 ‘
356 4797 379 4828 ι
410 4782 685 4827 (leserwt.
715 4789 733 4820 ι

440 4837 691 4909 (56)_Sic
742 4851 840 4888 ms.
879 4833 1078 4909 Regius
1126 4848 1272 4885 num.
1328 4833 1490 4909 ᾓϐἓὸξ)ἑ
1544 4834 1726 4909 caeteri
1779 4850 1906 4909 vero

350 4902 836 4973 niss.,'Rabatttts
860 4902 1080 4973 etpediti.
1118 4916 1255 4956 «nec
1293 4903 1404 4954 vias
1458 4903 1662 4958 Domini
1713 4904 1905 4973 quibus

349 4974 726 5051 prtiyldetttia
760 4971 1018 5051 incedit.)_
1049 4977 1155 5022 etc.

440 5043 567 5114 (57)
607 5040 759 5109 Ejus,
801 5049 854 5091 et
903 5037 1222 5114 paulo_post
1278 5038 1406 5103 illa,
1442 5038 1729 5114 desunt_in
1773 5040 1906 5114 _pl_e-

351 5104 569 5179 risque
595 5104 724 5162 tttss.
751 5116 803 5157 et
833 5106 967 5171 apud
993 5104 1290 5179 Rabanum,
1320 5117 1602 5179 necnondet
1643 5105 1694 5158 in
1725 5104 1901 5169 editis,

346 5170 951 5242 Paed-restituuntur,“
980 5187 1075 5225 ms.
1114 5170 1443 5242 Regionum.
1478 5173 1629 5242 1659.

437 5245 572 5318 (58)
600 5243 698 5297 Ms.
736 5241 934 5318 Begius
982 5239 1317 5318 num._jt359,
1350 5239 1636 5318 _¢_alta.Dei.
1667 5239 1901 5318 )hCEBlel’l

347 5305 515 5375 vero
552 5305 702 5373 inss.,
733 5305 986 5363 Rabanus
1014 5305 1241 5375 et_editi,
1274 5324 1291 5355 ‹
1315 5306 1641 5358 altitudinem
1678 5307 1790 5359 Dei.
1812 5326 1831 5358 ι

437 5379 737 5451 (59)“Mss‘.
765 5376 1007 5451 quidam,
1062 5373 1311 5451 Bahanus
1336 5383 1386 5425 et
1418 5375 1571 5451 aditi...
1610 5392 1626 5422 ι
1648 5375 1745 5426 nisi
1780 5375 1905 5451 Spir

349 5439 523 5511 ritits
554 5439 799 5499 'Doznini.
830 5462 847 5493 ο
889 5439 989 5493 Sed
1023 5441 1218 5494 rectius
1258 5455 1382 5493 mss.
1425 5439 1573 5509 Regii
1602 5457 1747 5494 num.
1774 5443 1904 5499 1659

347 5535 414 5579 et
458 5516 611 5572 1640
636 5523 690 5565 ut
724 5513 774 5562 in
808 5519 988 5560 nostro
1027 5516 1191 5579 textu.

443 5584 577 5655 (40)
611 5580 769 5643 Editi,
800 5595 817 5627 ι
841 5585 928 5630 aut
970 5575 1092 5645 quis
1139 5575 1467 5630 consiliarius
1513 5574 1630 5643 fuit,
1660 5585 1750 5629 aut
1790 5577 1906 5645 quis

2006 4500 2193 4551 buetur
2213 4494 2293 4546 ei?
2313 4513 2331 4546 ι
2374 4507 2471 4547 nec
2501 4493 2552 4545 in
2580 4487 2708 4546 mss.
2741 4487 2938 4544 nostris
2966 4504 3062 4544 nec
3085 4490 3219 4557 apud
3241 4487 3517 4543 Rahanum

2007 4564 2360 4619 reperiuntur.

2068 4580 2360 4630 pertnntur.

2078 4631 2187 4699 (Η)
2216 4629 2305 4684 Sic
2335 4643 2434 4685 ms.
2460 4627 2655 4699 Regius
2688 4641 2831 4699 num.
2857 4623 2989 4699 ltili?
3010 4633 3067 4676 et
3088 4623 3353 4699 Rabanns.
3376 4622 3516 4699 Edili

2012 4690 2211 4761 vero,'c
2234 4699 2427 4750 nullam
2476 4697 2526 4748 in
2541 4690 2850 4748 'creaturis.
2879 4712 2897 4743 ι
2930 4692 3050 4761 Mss.
3071 4690 3301 4761 quidam
3325 4691 3521 4761 habent

2009 4757 2165 4821 etiam
2202 4785 2219 4817 ι
2251 4767 2466 4818 nullam.
2488 4782 2507 4815 ι
2543 4762 2740 4814 Deinde
2769 4761 2923 4813 iidem
2957 4758 3103 4818 editi,
3141 4773 3160 4806 ί
3181 4757 3231 4808 in
3258 4758 3519 4822 sapientia

2010 4852 2103 4890 sua
2137 4846 2217 4888 est
2244 4834 2454 4901 quidem
2494 4830 2755 4901 Chtjstus,
2781 4839 2835 4881 et
2866 4829 2917 4901 i_n
2976 4826 3272 4901 sanctitate
3302 4826 3517 4887 quidem

2012 4903 2238 4968 Spiritus
2260 4889 2506 4953 'sanctus.
2529 4916 2547 4948 ι
2583 4894 2686 4950 Sed
2717 4889 2894 4950 caeteri
2937 4907 3063 4945 mss.
3099 4901 3153 4945 et
3178 4889 3431 4945 Rabarus
3460 4904 3520 4947 ut

2009 4974 2061 5026 in
2095 4979 2273 5025 nostro
2298 4976 2459 5020 textu.

2076 5040 2185 5109 (ἀεὶ)
2215 5036 2372 5096 Editi,
2398 5031 2588 5098 quibus
2620 5030 2950 5109 conseptittnt
2978 5038 3160 5109 omnis
3192 5024 3358 5109 {nostri
3386 5041 3520 5106 mss.

2008 5091 2237 5167 codices,
2268 5121 2285 5153 ι
2312 5091 2687 5169 segregaverit.
2716 5116 2734 5149 ι
2766 5096 2868 5149 Sed
2898 5094 3093 5148 rectius
3114 5091 3386 5154 Rabanus,
3419 5096 3525 5148 (si.

2006 5183 2467 5311 μῗέἵῗῖῒεξιαται.
2496 5231 2925 5288 Ρτκιθτιηίιιὶιιιι·
2947 5229 2999 5281 in
3039 5226 3191 5281 libris
3216 5232 3375 5279 antea
3411 5229 3529 5282 edi-

2006 5320 2563 5445 ι’δξιίωδιιίειιιονιιηι.
2595 5370 2756 5422 Deest
2778 5365 2829 5419 in
2851 5364 3013 5419 editis
3035 5370 3087 5416 et
3127 5361 3174 5415 in
3216 5374 3313 5415 ms.
3351 5358 3536 5430 Regio

2010 5441 2342 5500 num.'1639.

2081 5513 2193 5584 (45)
2231 5510 2389 5571 Editi,
2426 5526 2443 5557 ι
2473 5505 2730 5575 perfectio
2756 5500 2949 5558 omnis.
2976 5517 2997 5551 ι
