3894 6266
260 277 407 332 1205

1204 277 1547 337 COMMENT.
1586 277 1652 331 iv
1689 276 1900 333 EPIST.
1933 275 2023 330 AD
2048 274 2210 328 non.
2241 236 2364 326 LlB.
2398 271 2487 327 ιχ.

3266 269 3400 326 1206

260 391 318 442 in
351 392 465 457 ipso
497 396 581 443 est
605 431 618 453 ,
653 389 746 443 sed
782 401 863 445 est
907 392 1243 448 absconditus
1274 411 1289 448 :
1324 410 1388 448 ne
1442 394 1576 449 forte
1623 395 1668 449 si
1715 395 1779 448 ad
1810 398 1852 452 A
1880 391 2033 443 aliam
2071 404 2187 442 esse
2212 386 2389 440 saeculi
2419 383 2583 438 futuri
2614 398 2637 441 :7
2653 391 2707 437 et
2746 381 2791 436 si
2826 380 2915 451 qui
2945 388 3065 434 sunt
3099 380 3185 449 qui
3222 393 3401 434 amant

266 479 510 531 subitum
540 487 592 532 et
618 489 741 533 ante
775 489 981 549 tempus
1007 482 1320 550 proferatur,
1343 484 1501 538 faciat
1529 499 1634 549 me,
1658 494 1711 538 et
1738 485 1781 538 si

257 571 388 634 quis
416 568 544 620 mihi
581 569 631 619 in
665 568 865 623 desidia
886 570 1074 625 similis
1094 586 1209 625 esse
1232 572 1487 637 voluerit,
1516 573 1783 642 negligen-

260 666 393 710 tem.
443 656 722 710 Videbitur
771 673 898 728 ergo
949 661 1205 728 prtecipue
1247 661 1418 714 hostia
1468 662 1689 722 vivens,
1735 671 1785 715 et

255 757 472 803 sancta.
504 757 558 798 et
596 748 700 800 Deo
730 748 966 814 placens,
1010 765 1201 816 corpus
1243 758 1360 803 esse
1408 750 1786 805 incontamina—

258 846 393 888 tum.
445 837 641 890 Verum
692 840 939 906 quoniam
984 840 1222 895 videmus
1264 842 1539 894 nonnullos
1582 852 1789 894 sancto-

256 942 401 988 rum,
435 927 647 994 aliquos
675 929 832 979 etiam
862 930 1216 996 apostolorum
1247 930 1494 983 habuisse
1521 929 1785 994 coniugia,

256 1029 365 1065 non
394 1028 778 1083 usquequaque
805 1032 1079 1084 possumus
1103 1017 1202 1069 hoc
1252 1016 1359 1085 (61)
1388 1017 1453 1069 de
1487 1018 1592 1069 sola
1626 1018 1785 1083 vi-gi-

255 1103 430 1157 nitate
452 1105 673 1165 sentire,
697 1105 934 1170 quamvis
956 1106 1006 1157 in
1025 1105 1380 1172 hujuscemodi
1397 1106 1788 1157 Itosliisitabere

254 1189 501 1255 primum
533 1192 770 1244 ordinem
816 1193 980 1259 possit
1018 1192 1128 1261 (62)
1159 1210 1172 1244 :
1206 1193 1345 1245 sicut
1373 1200 1425 1245 et
1467 1194 1518 1246 in
1556 1194 1668 1260 lege
1687 1192 1787 1244 alia

253 1283 377 1328 erat
409 1276 590 1328 hostia
616 1281 926 1340 sacerdotis,
974 1280 1073 1331 alia
1129 1280 1401 1346 principis,
1433 1279 1529 1332 alia
1555 1280 1791 1349 Synago—

253 1379 357 1430 gas,
387 1375 443 1417 et
471 1366 575 1417 alia
608 1366 766 1419 unius
798 1369 986 1420 animas
1010 1370 1048 1420 ’.
1088 1367 1150 1419 Et
1188 1370 1427 1433 quamvis
1474 1369 1525 1421 in
1559 1371 1789 1424 Ecclesia

252 1455 436 1521 prima
498 1464 610 1521 post
663 1457 928 1522 apostolus
984 1457 1154 1509 hostia
1205 1466 1517 1525 martyrum,
1560 1461 1786 1513 secunda

253 1542 534 1609 virginum
613 1544 876 1605 videatur,
951 1545 1104 1597 tertia
1170 1544 1588 1609 continentium;
1665 1556 1789 1614 puto

257 1637 445 1683 tamen
484 1632 623 1697 quod
670 1647 838 1697 neque
866 1633 939 1684 illi
969 1632 1058 1699 qui
1090 1633 1139 1683 in
1168 1633 1426 1701 conjugiis
1455 1636 1607 1699 positi
1638 1645 1787 1699 sunt,

249 1728 307 1770 et
327 1733 398 1770 ex
422 1734 691 1772 consensu
719 1718 784 1771 ad
817 1730 1023 1784 tempus
1061 1729 1248 1769 vacant
1280 1722 1503 1772 orationi
1538 1720 1602 1783 ιθ,
1646 1724 1787 1775 velut

250 1805 641 1860 Nazarzeorum
689 1819 809 1860 vota
856 1809 1138 1871 solventes,
1187 1811 1230 1862 si
1277 1809 1328 1862 in
1372 1810 1578 1863 caeteris
1605 1820 1789 1864 sancte

254 1904 427 1964 agant
456 1906 512 1948 et
540 1896 707 1964 jnste,
734 1897 958 1963 negandi
991 1906 1112 1950 sunt
1149 1911 1366 1963 corpora
1404 1912 1496 1950 sua
1540 1898 1789 1952 exhibere

250 2001 413 2054 posse
469 1986 693 2039 hostium
742 1988 1003 2046 viventem.
1035 1997 1285 2046 sanctam,
1330 1986 1433 2039 Deo
1472 1989 1787 2054 placentem;

250 2090 352 2129 nec
378 2090 598 2129 rursum
638 2090 863 2143 corpora
901 2078 1162 2144 virginum
1203 2078 1283 2130 vel
1315 2077 1718 2141 continentium,
1744 2081 1787 2132 si

249 2172 345 2217 aut
383 2164 657 2231 superbia:
697 2164 921 2226 macula,
972 2174 1064 2217 aut
1110 2167 1345 2219 avaritiae
1374 2167 1648 2229 sordibus,
1698 2180 1791 2222 aut

251 2252 453 2320 lingua:
486 2252 780 2315 maledica},
810 2253 889 2303 vel
914 2254 1172 2306 mendacii
1195 2254 1523 2307 immunditia
1551 2255 1790 2322 polluan-

249 2349 365 2402 tur,
403 2343 641 2394 hostiam
695 2353 933 2395 sanctam
985 2354 1039 2397 et
1089 2344 1193 2396 Deo
1238 2342 1529 2411 placentem
1570 2347 1787 2413 putandi

249 2440 380 2485 sunt
435 2446 505 2483 ex
560 2431 673 2484 sola
718 2432 1022 2500 virginitate
1069 2434 1178 2501 (65)
1226 2432 1468 2500 corporis
1500 2434 1786 2501 obtulisse:

249 2521 380 2589 quia
414 2521 543 2573 etin
568 2521 684 2589 lege
711 2521 880 2574 hostia
907 2537 1028 2575 cum
1070 2523 1374 2587 oll'erretur,
1413 2523 1791 2593 inspiciebatur

248 2625 281 2665 ι
312 2609 607 2664 sacerdote
639 2611 943 2679 diligentius
1001 2628 1102 2666 non
1148 2614 1315 2668 solum
1369 2617 1411 2671 si
1459 2632 1521 2670 ex
1583 2618 1790 2672 mundis

249 2709 396 2754 esset
451 2700 805 2765 animalibus,
854 2702 946 2754 sed
999 2716 1066 2755 ne
1122 2711 1213 2756 aut
1265 2706 1315 2757 in
1357 2706 1513 2758 oculo
1569 2706 1791 2760 haberet

250 2790 470 2851 vitium,
503 2790 671 2843 autin
702 2790 941 2853 auribus,
971 2799 1061 2843 aut
1084 2791 1137 2843 in
1162 2792 1404 2859 pedibus,
1437 2810 1501 2847 ne
1521 2795 1789 2858 claudum,

250 2894 321 2932 ne
354 2879 591 2941 luscum,
622 2893 686 2931 ne
707 2878 929 2931 surdum
962 2880 1152 2932 animal
1197 2880 1306 2950 (66)
1335 2883 1513 2935 divino
1541 2884 1790 2937 admove-

1884 494 2115 549 przesens
2151 475 2424 538 saeculum,
2472 484 2525 529 et
2561 490 2623 527 ea
2670 486 2786 540 quae
2812 482 2934 525 sunt
2967 472 3018 525 in
3055 472 3153 525 hoc
3186 472 3399 533 mundo,

1883 568 2166 621 secundum
2202 564 2428 617 formam
2462 562 2639 616 saeculi
2688 560 2967 628 praesentis
3000 568 3281 629 aptantur:
3310 562 3400 628 qui

1883 672 2008 711 vero
2031 671 2132 709 non
2164 654 2453 722 respiciunt
2479 665 2541 704 ea
2572 658 2690 718 (πιεε
2733 651 2996 715 videntur,
3034 650 3124 703 sed
3154 665 3268 717 quae
3298 666 3399 702 non

1883 745 2124 798 videntur
2151 752 2203 795 et
2230 752 2425 794 :eterna
2444 749 2567 793 sunt
2592 738 2656 800 "',
2681 737 3122 792 transformamur
3158 748 3215 792 et
3248 753 3403 791 reno-

1884 842 2076 886 vantur
2103 832 2166 884 ad
2196 828 2359 882 futuri
2388 828 2566 882 saeculi
2595 829 2816 880 formam
2849 845 2861 879 :
2898 837 2952 881 et
2986 830 3109 881 inde
3145 830 3201 879 lit
3226 838 3283 879 ut
3310 842 3401 880 eos

1885 935 1985 971 non
2009 926 2262 987 agnoscat
2294 915 2382 969 hic
2412 916 2666 979 mundus,
2700 916 2789 968 sed
2819 916 2940 968 odio
2970 916 3183 978 haheat,
3210 926 3261 968 et
3286 931 3404 982 per-

1885 1019 2133 1076 sequatur
2161 1010 2221 1060 “.
2248 1007 2353 1059 Sed
2372 1016 2661 1073 agnoscunt
2687 1005 2793 1073 (67)
2816 1004 2965 1057 istam
2989 1005 3209 1057 formam
3235 1003 3403 1071 angeli

1887 1100 1998 1160 Dei,
2050 1098 2139 1166 qui
2178 1106 2301 1149 sum
2359 1096 2425 1147 de
2469 1094 2557 1148 illo
2590 1094 2781 1146 saeculo
2804 1103 3046 1149 venturo.
3114 1096 3176 1148 Et
3235 1096 3406 1150 simile

1887 1188 2013 1241 mihi
2073 1187 2283 1240 videtur
2334 1200 2453 1239 esse
2497 1185 2596 1238 hoc
2646 1184 2717 1237 illi
2774 1186 2918 1239 dicto
2960 1200 3064 1253 quo
3112 1187 3224 1238 ait:
3258 1185 3404 1239 Sicut

1883 1277 2197 1341 portavimus
2225 1277 2495 1342 imaginem
2524 1275 2712 1327 terreni
2736 1315 2751 1337 ,
2791 1285 3046 1336 portemus
3067 1286 3112 1327 et
3134 1277 3403 1339 imaginem

1897 1358 2111 1410 caelestis
2142 1358 2202 1409 ¹⁵.
2231 1354 2358 1410 Vide
2384 1372 2508 1427 ergo
2543 1374 2609 1411 ne
2644 1359 2777 1412 forte
2810 1376 2928 1413 cum
2966 1366 3108 1418 venit
3145 1368 3217 1420 ira
3246 1370 3303 1423 in
3328 1385 3418 1423 cor

1896 1454 2073 1507 tuum,
2095 1448 2413 1501 conformem
2445 1456 2494 1500 te
2526 1448 2679 1502 faciat
2712 1451 2835 1505 huic
2860 1455 3049 1507 szeculo
3080 1456 3184 1523 (68)
3226 1476 3238 1509 :
3270 1456 3418 1512 simi-

1894 1536 2014 1590 liter
2041 1547 2217 1591 autem
2242 1547 2294 1591 et
2318 1540 2739 1607 concupiscentia
2770 1544 2900 1595 mala
2920 1584 2934 1605 ,
2963 1555 3015 1598 et
3047 1548 3281 1603 avaritia.
3312 1564 3415 1611 cae-

1890 1638 2108 1696 teraque
2144 1630 2270 1681 vitia
2304 1630 2496 1697 quibus
2530 1644 2762 1698 praesens
2800 1629 3051 1682 sarculum
3094 1628 3409 1695 delectatur,

1818 1706 1857 1759 Β
1887 1717 2105 1769 fortnam
2129 1718 2220 1770 tibi
2245 1718 2420 1770 saeculi
2439 1720 2709 1785 praesentis
2732 1721 3021 1788 imponant.
3038 1720 3092 1772 Si
3111 1734 3231 1771 vero
3244 1732 3411 1772 econ-

1890 1805 2049 1860 trario
2092 1808 2454 1869 mansuetudo,
2509 1810 2785 1876 patientia,
2812 1809 3023 1870 lenitas,
3060 1810 3409 1874 continentia,

1889 1896 2038 1958 ﬁdes,
2064 1896 2283 1959 veritas,
2306 1908 2615 1965 cmtcrchue
2645 1900 2869 1952 virtutes
2908 1899 3143 1951 habitent
3165 1900 3215 1951 in
3248 1913 3407 1954 sensu

1885 1983 2042 2053 655
2061 1995 2167 2049 tuo,
2193 1985 2515 2039 conformem
2546 1996 2595 2040 te
2624 1987 2784 2041 luturi
2809 1988 2984 2041 szeculi
3020 1988 3231 2052 facient,
3254 1999 3307 2041 et
3335 1990 3408 2043 ita

1888 2076 2099 2142 pulchra
2108 2090 2156 2125 ιιι
2177 2075 2368 2127 anima:
2385 2085 2483 2127 tua!
2499 2077 2729 2142 speciem
2750 2077 2988 2140 reddent,
3004 2086 3061 2130 ut
3077 2078 3300 2130 Verbum
3317 2078 3408 2130 Dei

1887 2164 2030 2230 quod
2062 2164 2339 2229 despondit
2367 2177 2481 2215 eam
2519 2166 2618 2216 sibi
2654 2167 2704 2217 in
2740 2166 3101 2220 misericordia
3124 2166 3166 2196 ¹⁶
3193 2174 3245 2219 et
3283 2166 3408 2232 lide,

1888 2253 2028 2305 dicat
2058 2254 2122 2305 ad
2163 2267 2278 2305 eam
2308 2266 2321 2303 :
2355 2250 2481 2304 Tota
2512 2270 2563 2305 es
2599 2254 2845 2320 formosa,
2875 2254 3108 2320 proxima
3134 2271 3245 2308 mea
3269 2255 3407 2326 (69),

1886 2352 1934 2393 et
1955 2342 2155 2393 macula
2177 2359 2276 2395 non
2305 2354 2376 2395 est
2410 2346 2461 2395 in
2493 2344 2619 2395 te".
2650 2343 2868 2396 Intende
2904 2352 3075 2396 autem
3105 2343 3409 2411 diligentius

1888 2431 2026 2496 quod
2058 2432 2132 2484 ait
2160 2448 2175 2484 :
2208 2431 2311 2485 Sed
2342 2432 2695 2500 reformamini
2740 2433 3062 2485 renovatione
3109 2449 3288 2487 sensus
3330 2449 3407 2488 ιιι·

1887 2521 2127 2591 stri(70),
2163 2532 2220 2573 ut
2257 2523 2501 2575 ostendat
2548 2523 2769 2575 formam
2812 2520 3023 2590 quidem
3053 2522 3408 2590 culpabilem:

1889 2609 2032 2675 prius
2060 2610 2201 2662 enim
2246 2609 2468 2663 formam
2522 2610 2736 2664 malitias
2766 2611 2949 2665 habuit
2996 2612 3169 2667 omnis
3214 2613 3409 2668 anima.

1890 2694 1992 2748 Sed
2036 2697 2350 2750 adhortatur
2382 2715 2444 2752 ex
2478 2700 2580 2753 hoc
2609 2713 2784 2752 sermo
2815 2699 3153 2767 apostolicus,
3206 2711 3286 2766 ut,
3322 2701 3411 2756 illa

1888 2784 2115 2851 abjecta,
2146 2788 2211 2838 ad
2240 2786 2566 2855 singularum
2600 2787 2851 2841 virtutum
2885 2790 3114 2855 speciem
3154 2789 3411 2845 reforme—

1890 2888 2027 2934 mur,
2058 2883 2111 2926 et
2153 2875 2225 2927 ita
2258 2875 2470 2928 demum
2505 2875 2769 2943 possimus
2800 2876 3032 2931 revelato
3063 2879 3206 2933 vultu
3232 2880 3412 2934 cordis

251 2977 406 3021 retur
436 2968 596 3020 altari
626 2967 690 3023 “.
723 2966 813 3020 Sic
845 2981 973 3037 ergo
1011 2982 1103 3034 per
1139 2972 1315 3022 onmia
1350 2974 1583 3025 membra
1617 2973 1791 3025 disc“-
1816 2996 1858 3052 ο
1889 2964 2109 3032 gloriam
2159 2964 2361 3018 Domini
2424 2969 2682 3035 speculari
2727 2972 2796 3024 ab
2845 2969 3141 3037 hujusniodi
3181 2971 3410 3037 imagine

254 3059 490 3131 titur.et
535 3066 896 3124 pertractatur
949 3059 1124 3111 hostia
1173 3059 1377 3122 vivens,
1430 3073 1634 3128 sancta,
1689 3062 1791 3117 Deo

251 3149 501 3216 placens,
530 3162 649 3214 quae
685 3147 1070 3200 rationabiliter
1089 3147 1353 3201 ollerenda
1399 3158 1498 3204 est.
1541 3151 1603 3203 Et
1638 3152 1793 3206 nolite

250 3237 581 3303 conformari
628 3237 747 3287 huic
784 3237 1014 3300 sa’culo;
1051 3238 1139 3289 sed
1185 3239 1534 3305 reformamini
1577 3256 1794 3294 renova-

251 3327 394 3378 tione
420 3340 608 3377 sensus
641 3325 815 3385 vestri,
846 3333 903 3375 ut
931 3325 1146 3377 probetis
1176 3342 1293 3393 qui:
1324 3327 1389 3377 sit
1420 3326 1652 3378 voluntas
1676 3326 1792 3388 Dei,

248 3414 389 3482 quod
414 3414 631 3476 bonum,
659 3424 705 3465 et
741 3413 1135 3475 beneplacitum,
1178 3424 1224 3465 et
1260 3415 1536 3479 perfectum
1574 3416 1616 3446 “
1657 3413 1789 3482 (65).

251 3502 555 3556 Sciendum
586 3502 827 3568 estquod
862 3501 912 3552 in
952 3500 1138 3555 Graeco
1179 3502 1400 3555 habetur
1434 3525 1446 3557 :
1478 3503 1545 3555 Ut
1574 3506 1791 3568 probetis

249 3606 370 3659 qua:
401 3591 472 3643 sit
492 3588 726 3641 voluntas
754 3588 847 3640 Dei
870 3588 1019 3650 bona,
1039 3600 1085 3642 et
1108 3591 1441 3657 beneplacita,
1471 3600 1518 3643 et
1546 3593 1785 3659 perfecta.

250 3678 361 3732 Sed
392 3692 515 3739 nos,
549 3676 675 3743 quia
708 3691 841 3730 unus
862 3676 913 3729 in
945 3686 1166 3751 utroque
1189 3689 1361 3746 potest
1390 3694 1576 3733 sensus
1601 3681 1785 3744 videri,

250 3765 703 3820 consuetudinem
769 3767 1038 3833 sequimur
1101 3767 1424 3821 Latinorum.
1479 3768 1654 3823 Nolite
1699 3785 1787 3823 er-

246 3872 320 3925 go
355 3856 496 3928 (66),
545 3856 755 3923 inquit,
793 3856 1109 3923 conformari
1151 3858 1272 3911 huic
1318 3860 1525 3913 saeculo.
1576 3860 1631 3913 In
1686 3875 1791 3929 quo

246 3947 498 4002 ostendit
552 3959 672 4000 esse
707 3947 989 4014 quamdam
1020 3946 1241 4003 formam
1287 3950 1442 4016 hujus
1481 3951 1694 4015 szeculi,
1743 3958 1796 4003 et

320 4109 344 4141 υ
400 4108 577 4162 Levit.
618 4122 689 4169 ιν,
728 4108 873 4168 5.13,
913 4108 1001 4165 εξ.
1031 4110 1095 4160 27
1144 4124 1257 4175 seq.

250 4192 338 4245 Iv,
390 4179 483 4232 18.
562 4177 605 4207 ’⁸
635 4176 785 4229 Juan.
819 4191 900 4238 sv,
949 4177 1031 4239 19,
1058 4177 1145 4230 20.

323 4311 442 4379 (6|)
480 4311 634 4364 Deest
658 4312 753 4363 Itoc
779 4312 830 4363 in
863 4312 1036 4364 editis.

331 4380 452 4448 (69.)
483 4380 647 4448 Editi,
671 4381 812 4445 prius
832 4381 1058 4448 ordinem
1098 4383 1274 4448 possit.

331 4381 430 4440 :69.
483 4380 647 4442 Editi,
671 4381 812 4445 prius
832 4381 1058 4432 ordinem
1098 4383 1274 4448 possit.

326 4380 452 4517 (63;
487 4446 663 4517 Ιξῖιίὶιίι
686 4447 916 4517 putanda
952 4456 1175 4517 suntex
1199 4450 1308 4502 sola
1344 4451 1656 4514 virginitate,
1680 4461 1785 4506 etc.

327 4514 446 4584 (61)
500 4515 598 4584 Ms.
634 4514 828 4581 Regius
854 4516 1017 4570 ειιιιιιι.
1046 4516 1200 4579 1659,
1240 4528 1415 4580 recte,
1452 4533 1512 4569 ne
1542 4526 1785 4582 surdum;

249 4594 312 4639 et
347 4586 495 4636 hanc
539 4583 844 4652 ΙιξιειιοιιριιιΔ
863 4584 1134 4652 conlirmat
1177 4586 1314 4651 quod
1359 4599 1512 4652 supra
1556 4587 1785 4648 dicitur,

250 4662 349 4705 aut
404 4654 467 4704 in
521 4650 756 4701 auribus.
806 4647 996 4702 Caneri
1060 4647 1208 4703 vero—
1240 4666 1389 4713 mss.,
1424 4647 1694 4706 'llabauus
1732 4647 1785 4706 et

252 4721 389 4774 editi
430 4720 542 4778 alii,
578 4733 639 4787 ne
668 4718 863 4769 vulsum
887 4718 1100 4787 animal,
1120 4719 1190 4772 al.
1231 4736 1291 4771 ne
1315 4721 1545 4772 avulsum
1569 4722 1783 4787 animal,

1362 4111 1404 4140 ¹⁰
1435 4109 1472 4163 ll
1509 4110 1633 4164 Cor.
1665 4126 1758 4177 vn,
1780 4111 1831 4164 5.

1224 4179 1266 4209 ⁸⁵
1306 4177 1324 4231 l
1355 4178 1478 4234 Cor.
1510 4193 1600 4243 xv,
1627 4177 1713 4232 46.
1788 4181 1830 4211 ⁸⁸
1852 4180 1988 4235 Osee
2027 4195 2085 4242 ιι.
2128 4179 2211 4233 19.

1891 3054 2276 3108 transfortuati.
2311 3056 2589 3121 Quomodo
2616 3069 2791 3111 autem
2830 3059 2880 3111 in
2922 3060 3032 3113 haec
3063 3060 3409 3113 translorme-

1891 3159 2008 3196 tnnr
2057 3146 2167 3209 ipse
2212 3147 2400 3200 edocet
2445 3148 2668 3202 dicens:
2704 3147 3050 3201 Renovatione
3088 3165 3269 3203 sensus
3318 3165 3403 3203 ve-

1888 3234 1983 3284 δινὶ
2000 3233 2129 3301 (71).
2163 3233 2463 3289 Renovatur
2494 3247 2666 3290 autem
2710 3252 2897 3291 sensus
2928 3248 3104 3291 noster
3129 3252 3219 3306 per
3255 3253 3409 3293 eser-

1888 3322 2013 3375 citia
2044 3323 2332 3391 sapientiae,
2367 3334 2421 3377 et
2454 3326 2844 3380 meditationem
2876 3326 3021 3380 verbi
3053 3327 3163 3392 Dei,
3193 3336 3247 3380 et
3277 3328 3410 3393 legis

1888 3410 2000 3478 ejus
2039 3411 2436 3481 intelligentiam
2462 3416 2751 3483 spiritalem
2782 3434 2795 3470 :
2822 3427 2877 3470 et
2905 3428 3106 3485 quanto
3135 3420 3255 3488 quis
3280 3434 3412 3487 quo-

1892 3498 2018 3552 tidie
2068 3514 2133 3552 ex
2187 3492 2584 3571 Scripturaruln
2628 3506 2839 3573 prolicit
2894 3507 3154 3570 lectione,
3210 3518 3407 3576 quanto

1890 3592 2052 3648 altius
2082 3591 2377 3667 intellectus
2409 3592 2522 3659 ejus
2555 3597 2775 3659 accedit,
2825 3606 2968 3651 tanto
3010 3613 3218 3665 semper
3243 3614 3411 3655 novus

1891 3695 1943 3739 et
1990 3684 2225 3752 quotidie
2266 3684 2857 3754 novus-ediciturUQ).
2906 3687 3099 3741 Nescio
3138 3700 3314 3742 autem
3362 3691 3409 3745 si

1890 3783 2063 3842 potest
2091 3775 2328 3827 renovari
2378 3788 2563 3828 sensus
2591 3776 2678 3842 qui
2719 3776 2869 3844 piger
2900 3785 2980 3829 est
3009 3792 3132 3845 erga
3172 3776 3411 3844 Scriptu-

1894 3876 1982 3915 ras
2031 3861 2238 3914 divinas
2294 3871 2348 3915 et
2404 3861 2769 3931 intelligentia:
2817 3865 3070 3931 spiritalis
3128 3867 3406 3930 exercitia,

1897 3949 2093 4019 quibus
2140 3950 2308 4019 possit
2358 3966 2462 4004 non
2509 3951 2676 4005 solum
2704 3952 2996 4020 intelligere
3042 3968 3158 4020 quae
3211 3954 3406 4021 scripta

1909 4112 1948 4141 ”
1975 4110 2140 4163 Levit.
2166 4111 2362 4172 xxnﬁl
2402 4126 2551 4178 seqq.
2630 4113 2670 4142 "
2706 4112 2857 4167 lioni.
2887 4128 2984 4174 sn,
3013 4114 3063 4164 2.
3142 4113 3182 4143 ¹³
3205 4113 3245 4166 ll
3286 4113 3423 4167 Cor-

2290 4179 2329 4210 "
2355 4179 2507 4233 Cant.
2550 4194 2622 4245 Iv,
2672 4180 2724 4232 7.

1817 4320 1861 4374 D
1889 4316 2103 4370 Rectius
2140 4329 2241 4368 ms.
2283 4329 2453 4377 unus,
2489 4325 2794 4381 agnoscunt.

1956 4385 2064 4454 (68)
2128 4383 2227 4454 Sic;
2267 4396 2451 4436 omnes
2495 4398 2618 4438 mss.
2660 4394 2713 4436 et
2763 4384 3033 4439 Rabanus.
3071 4384 3203 4436 Editi
3242 4400 3409 4443 vero:

1897 4451 2051 4504 Vide
2085 4468 2146 4504 ne
2200 4452 2341 4519 forte,
2381 4467 2495 4501 cum
2542 4454 2731 4503 venerit
2776 4454 2922 4505 ira...
2990 4453 3302 4519 conformem
3358 4463 3411 4510 te

1886 4521 2049 4590 facias
2085 4518 2269 4585 (editio
2306 4518 2502 4590 Veneta
2570 4520 2794 4590 facient;
2832 4518 3406 4590 Rabauus'faciunt)...

1884 4586 2125 4638 similiter
2156 4596 2200 4639 et
2236 4586 2646 4658 concupiscentia
2673 4589 2898 4641 mala....
2940 4601 2984 4641 et
3009 4599 3195 4639 cetera
3224 4586 3408 4658 quibus

1888 4669 2108 4720 prwsens
2145 4657 2408 4713 sreculum,
2447 4663 2553 4708 etc.

1958 4722 2065 4786 (69)
2107 4722 2259 4787 Editi,
2310 4721 2476 4773 amica
2509 4738 2637 4781 mea,
2672 4722 2826 4777 male.

253 4789 332 4840 al.
385 4802 455 4839 ne
481 4786 707 4853 evulsum
751 4786 962 4839 animal.
1014 4786 1145 4839 Edili
1183 4788 1433 4839 omittunt
1466 4788 1679 4841 animal.

329 4855 481 4924 (65))
509 4852 610 4924 sed
643 4853 995 4924 reformamini
1032 4855 1083 4906 in
1137 4856 1359 4924 novitate
1401 4871 1579 4908 sensus
1612 4859 1807 4918 vestri}:

254 4921 589 4988 ut‘probetis
633 4937 748 4989 quae
790 4921 853 4972 sit
881 4921 1111 4989 voluntas
1150 4922 1271 4989 (Dei,
1315 4924 1449 4984 quod
1494 4924 1700 4985 bonum,
1735 4937 1779 4976 et

257 4988 670 5053 beneplacitum,
705 4997 753 5039 et
787 4988 1084 5054 perfectum.
1139 4988 1259 5042 llaec
1302 4993 1453 5042 verba
1476 4990 1783 5043 desiderau-

262 5070 356 5113 tur
384 5061 440 5110 in
482 5056 630 5110 libris
658 5066 809 5108 antea
845 5056 1017 5108 editis.
1055 5058 1213 5110 Paulo
1243 5067 1356 5122 post
1376 5073 1497 5110 vero
1545 5075 1640 5110 Ins.
1677 5057 1780 5111 Rc-

257 5130 387 5196 gius
424 5139 595 5196 ιιιιιιι.Δ
636 5123 768 5196 16⁸59
803 5125 978 5184 habet,
1007 5122 1105 5174 Sed
1153 5140 1243 5196 nos
1280 5126 1537 5191 signantus
1578 5127 1779 5193 quidem

256 5189 392 5263 quid
431 5194 541 5263 _sit~
578 5193 633 5243 in
676 5189 891 5253 Greco;
933 5189 1349 5244 consuetudinem
1396 5189 1781 5261 tainen’sequi-

258 5259 388 5314 rnur
422 5259 747 5311 Latinorum.

338 5328 461 5397 (66)
516 5327 671 5395 Ergo.
715 5325 985 5397 Omittitnr
1017 5325 1291 5397 _in_editis
1319 5335 1374 5379 et
1419 5328 1470 5380 in
1530 5327 1790 5397 plerisque

262 5391 449 5458 ms‘s.,'
505 5391 703 5445 necnon
741 5403 793 5445 et
837 5392 980 5461 apud
998 5391 1325 5461 (Rabanutn,
1369 5397 1461 5448 sed
1497 5391 1794 5449 restituiiur

260 5479 332 5517 ex
363 5457 473 5515 nis.
513 5463 671 5528 Hegio
704 5475 846 5511 ιιιιιιι.
876 5457 1038 5528 1651).

334 5531 461 5599 (67)
521 5526 644 5583 uss.
677 5529 910 5595 plerique
931 5563 946 5590 ,
988 5526 1237 5584 liabanus
1256 5539 1310 5583 et
1332 5529 1792 5601 editi,agnoscant.

1955 4790 2065 4859 (70)
2093 4789 2180 4843 Sic
2204 4807 2299 4843 IIIS.
2331 4790 2523 4856 Regius
2547 4806 2688 4845 ιιιιιιι.
2716 4791 2868 4845 1659.
2896 4791 3031 4859 Eiliti
3064 4802 3193 4841 vero
3224 4797 3278 4843 et
3308 4791 3413 4842 Ra-

1888 4857 2075 4919 banus,
2100 4859 2154 4910 in
2179 4861 2402 4910 novitate
2438 4872 2612 4909 sensus
2644 4860 2816 4910 vestri.
2841 4857 3027 4909 Caeteri
3069 4869 3225 4916 mss.,
3256 4874 3414 4909 reno-

1884 4927 2084 4978 vatione
2111 4927 2164 4977 in
2199 4926 2421 4978 novitate
2448 4939 2624 4976 sensus
2652 4927 2822 4977 vestri.
2852 4924 3051 4978 Deinde
3073 4936 3207 4974 mss.
3242 4926 3414 4975 nostri

1884 5008 2068 5048 omnes
2089 5004 2143 5046 et
2166 4994 2433 5053 Rabanus,
2464 4991 2532 5043 Ut
2552 4994 2782 5060 ostendat
2806 4993 2925 5060 quia
2948 4993 3189 5060 formam)
3209 4992 3421 5054 quidem

1882 5060 2183 5128 culpabilem
2212 5061 2356 5127 prius
2381 5060 2600 5128 formam
2630 5057 2864 5121 malitiie,
2894 5068 2999 5112 etc.
3039 5057 3272 5128 Rectius
3293 5072 3427 5128 vero

1881 5122 2005 5183 editi
2034 5138 2090 5181 ut
2105 5128 2156 5181 in
2174 5122 2352 5180 nostro
2369 5122 2532 5179 textu.
2553 5127 2942 5189 Genebrardus,
2970 5137 3071 5192 pro
3093 5122 3435 5188 culpabilem,

1884 5196 2357 5268 perperamhabet
2386 5194 2718 5268 probabilem.
3062 5266 3069 5268 Α
3110 5257 3120 5268 ι
3548 5214 3557 5239 ρ

1964 5262 2073 5335 (Ἡ)
2101 5263 2259 5335 ξᾴιιι,
2291 5262 2356 5314 1η
2390 5264 2708 5313 renovatione
2741 5278 2915 5335 sensus
2951 5262 3143 5335 nostri.

1965 5327 2071 5402 (72)
2101 5330 2257 5402 Editi,
2296 5340 2344 5383 et
2396 5339 2640 5402 quantum
2698 5332 2814 5395 quis
2862 5327 3199 5395 quotidie....
3244 5330 3455 5398 quanto

1899 5394 2063 5454 altius
2083 5398 2368 5468 intellectus
2401 5394 2606 5468 incedit,
2642 5394 2781 5468 tanta
2812 5394 3017 5459 semper
3069 5404 3239 5468 novus
3290 5394 3464 5468 ma‘gis

1900 5479 1945 5522 et
1977 5467 2195 5534 quotidie
2221 5466 2397 5537 novior
2416 5463 2645 5537 efﬁcitur.
2667 5463 2859 5517 Deinde
2884 5454 3029 5537 mss.
3058 5457 3324 5537 quidam,
3368 5454 3475 5537 ἔχες

1904 5529 2009 5590 scio
2034 5544 2200 5589 autem
2222 5535 2265 5587 si
2291 5529 2525 5587 renovari
2553 5540 2711 5595 potest
2737 5548 2887 5585 sensu
2913 5529 3012 5598 qui
3044 5529 3192 5595 piger
3222 5530 3351 5586 est,
3373 5529 3482 5570 etc.
