3894 6248
334 313 467 367 1Ξο7

326 439 471 490 sunt,
502 434 681 477 verum
715 425 767 471 et
797 414 1061 482 explicare
1107 413 1342 480 apertius
1368 412 1500 481 (73),
1533 418 1586 464 et
1619 408 1848 462 manife-

325 526 470 572 stare
497 508 818 578 diligentius.
855 505 1034 558 Potest
1065 509 1245 556 tamen
1290 502 1401 554 lieri
1437 510 1494 554 ut
1534 514 1636 553 non
1673 497 1848 552 omnis

329 616 516 659 sensus
547 599 597 651 in
621 599 719 650 hoc
750 594 917 663 possit
944 592 1204 652 renovari,
1235 600 1292 643 ut
1321 589 1588 656 agnitione
1614 588 1850 641 scientia:

328 690 596 743 dilatetur.
627 684 802 737 Potest
827 682 968 735 enim
994 683 1237 734 renovari
1268 692 1456 733 sensus
1480 679 1543 730 ad
1565 676 1849 746 justitiam,

327 780 392 831 ad
425 775 831 835 continentiam,
861 772 925 825 ad
963 769 1403 831 misericordiam,
1436 767 1618 830 ﬁdem,
1646 766 1856 835 patien-

264 906 274 919 .
327 868 477 919 tiam.
514 864 617 918 Sed
663 864 783 916 vide
811 861 939 928 quid
974 861 1026 913 in
1076 857 1418 927 sequentibus
1461 857 1585 911 huic
1627 870 1853 909 renova-

328 956 457 1010 tioni
516 967 704 1008 sensus
766 953 1022 1022 adjungat
1067 948 1369 1018 Apostolus.
1406 946 1470 1000 Ut
1504 946 1746 1013 probetis,
1774 945 1855 996 in-

326 1044 441 1113 quit
456 1042 586 1112 (74),
599 1059 713 1111 qum
726 1043 788 1094 sit
806 1043 1039 1094 voluntas
1056 1039 1171 1102 Dei,
1189 1038 1323 1106 quod
1336 1037 1543 1098 bonum,
1559 1044 1603 1087 et
1621 1033 1855 1098 benepla-

328 1134 509 1196 citum,
531 1141 579 1184 et
604 1133 899 1199 perfectum.
928 1130 992 1182 Et
1022 1129 1202 1195 utique
1231 1127 1329 1179 nisi
1357 1126 1420 1178 ad
1445 1137 1654 1177 omnem
1683 1122 1853 1173 scien-

256 1260 257 1269 η
326 1222 456 1274 tiam
502 1230 785 1274 renovatus
815 1221 880 1272 sit
922 1233 1132 1279 sensus,
1179 1225 1234 1269 et
1280 1223 1419 1266 totus
1465 1212 1557 1264 Dei
1595 1208 1853 1275 sapientia

330 1309 679 1368 illuminatus.
722 1292 951 1375 probare
1002 1322 1102 1358 non
1138 1312 1311 1373 potest
1342 1317 1460 1370 qute
1501 1302 1569 1355 sit
1613 1299 1858 1351 voluntas

331 1396 445 1449 Dei.
486 1396 538 1447 In
576 1396 754 1448 multis
795 1396 933 1446 enim
977 1402 1192 1461 putatur
1232 1405 1352 1443 esse
1384 1389 1628 1440 voluntas
1662 1384 1774 1448 Dei,
1803 1392 1856 1434 et

332 1500 433 1538 non
465 1494 565 1538 est.
595 1486 651 1536 In
682 1497 786 1551 quo
824 1483 874 1535 hi
923 1482 1109 1547 utique
1147 1479 1234 1547 qui
1268 1491 1481 1530 sensum
1521 1488 1622 1526 non
1661 1472 1858 1525 habent

331 1581 663 1633 renovatum,
702 1578 883 1623 errant
922 1579 973 1622 et
1008 1568 1278 1620 falluntur.
1318 1566 1409 1619 Est
1446 1572 1619 1617 autem
1670 1574 1855 1614 revera

332 1677 437 1715 non
472 1659 827 1728 cujuscunque
873 1674 1061 1712 sensus
1087 1656 1219 1727 (75),
1260 1655 1352 1710 sed
1402 1655 1557 1708 valde
1592 1650 1853 1709 renovati,

1712 289 2025 347 ORIGENIS

1877 409 1922 461 Α
1951 400 2039 454 Dei
2079 362 2189 451 haec
2230 397 2368 449 bona
2400 399 2511 455 est,
2563 395 2622 441 et
2667 368 3133 447 beneplacita,’
3157 357 3719 461 atqnemerl-‘ects;

3574 241 3722 297 Ιωδ

1953 448 2152 543 Ei
2325 495 2447 550 qua:
2472 448 2659 546 magis
2690 464 3041 526 desideriis
3084 448 3722 550 nostris-indulgeat,

1954 593 2110 648 quam
2158 542 2484 628 utilitatibus
2532 542 2845 621 consulat.
2897 555 3032 611 Sed
3096 548 3250 617 jam
3289 542 3375 597 ad
3411 542 3722 608 sequentia

1955 676 2353 723 convertamur.

2021 758 2078 810 2.
2110 755 2235 808 Dico
2279 754 2419 805 enim
2466 763 2565 816 per
2610 743 2907 815 gratiam,
2974 750 3135 804 qua:
3195 732 3364 784 data
3420 736 3511 780 est
3566 724 3720 816 mihi,

1957 845 2190 901 omnibus
2232 844 2323 912 qui
2362 815 2485 892 sunt
2532 840 2681 890 inter
2732 849 2832 886 vos
2878 848 2904 884 :
2950 843 3089 881 non
3146 824 3306 893 plus
3358 834 3574 912 sapere
3611 815 3725 885 (79)

1956 950 2111 1003 quam
2144 910 2343 999 oportet
2384 943 2617 994 sapere,
2676 923 2777 975 sed
2843 932 3081 984 sapere
3136 915 3234 965 ad
3300 910 3727 1003 sobrietatem:

1957 991 2235 1090 unicuique
2276 1021 2410 1072 sicut
2447 991 2638 1067 divisit
2698 1011 2857 1064 Deus
2904 1015 3309 1059 mensuram
3348 996 3529 1090 ﬁdei.
3573 991 3729 1047 Sicut

1958 1113 2093 1165 enim
2148 1085 2210 1161 in
2258 1124 2363 1159 uno
2419 1119 2645 1170 corpore
2732 1099 2930 1152 multa
3013 1094 3335 1146 membra
3415 1085 3731 1145 habemus,

1958 1290 2032 1341 ita
2065 1288 2215 1340 multi
2263 1300 2429 1337 unum
2466 1297 2667 1350 corpus
2715 1293 2932 1331 sumus
2991 1276 3063 1326 in
3127 1271 3456 1330 Christo;

1959 1387 2130 1429 autent
2157 1375 2292 1427 alter
2323 1372 2548 1426 alterius
2576 1369 2829 1422 membra
2846 1366 2929 1418 '°.
2966 1361 3362 1418 Sciendum
3390 1358 3600 1425 primo
3625 1363 3731 1419 est,

1958 1468 2098 1534 quod
2128 1466 2215 1519 ubi
2235 1480 2330 1518 nos
2356 1463 2656 1523 habemus,
2678 1458 2967 1511 omnibus
2996 1454 3121 1523 qui
3148 1461 3311 1505 sum
3351 1452 3517 1501 inter
3540 1463 3659 1509 vos,
3678 1446 3732 1499 in

1960 1555 2146 1610 Grasco
2200 1555 2449 1615 habetur,
2497 1551 2645 1602 omni
2683 1549 2782 1617 qui
2837 1556 2931 1598 est
2984 1546 3059 1595 in
3142 1544 3360 1595 vobis.
3392 1539 3515 1604 Qui
3546 1550 3735 1591 sermo

1960 1646 2144 1713 utique
2185 1645 2250 1695 ad
2295 1657 2389 1695 eos
2422 1642 2631 1693 indicat
2678 1638 2951 1690 verbum
3015 1632 3207 1694 ﬁeri,
3258 1631 3377 1699 qui
3426 1643 3571 1683 cum
3609 1637 3734 1681 ante

331 1762 384 1804 et
411 1751 489 1819 (ut
518 1718 587 1802 iia
617 1718 811 1825 dicam)
843 1751 907 1801 ad
939 1749 1028 1801 Dei
1072 1718 1187 1813 jam
1228 1745 1511 1814 imaginem
1560 1740 1856 1802 reformati,
1892 1738 1933 1790 Β
1962 1751 2062 1789 non
2092 1733 2309 1795 fuerint,
2366 1744 2510 1782 nunc
2560 1740 2690 1781 esse
2738 1732 3134 1792 eruperunt.
3209 1722 3402 1775 Deus
3459 1718 3651 1780 enim,
3678 1725 3735 1770 ut

335 1842 559 1907 probare
603 1841 654 1893 in
707 1840 929 1909 singulis
973 1839 1273 1906 quibusque
1316 1849 1435 1902 quae
1481 1834 1707 1902 agimus,
1742 1844 1860 1898 qua:

336 1931 619 1997 loquimur,
664 1944 780 1995 qua:
822 1929 1133 1997 cogitamus,
1174 1928 1215 1978 si
1246 1926 1317 1978 sit
1356 1923 1601 1976 voluntas
1651 1920 1776 1983 Dei;
1809 1931 1861 1973 et

337 2020 470 2073 nihil
514 2020 729 2073 omnino
767 2018 849 2071 vel
888 2031 1068 2083 agere,
1115 2015 1198 2068 vel
1242 2014 1440 2074 dicere,
1494 2011 1571 2063 vel
1629 2009 1863 2079 cogitare

337 2109 476 2175 quod
501 2108 760 2160 voluntati
825 2107 911 2159 Dei
960 2119 1065 2158 non
1118 2102 1347 2155 senserit
1398 2102 1703 2152 convenire.
1735 2096 1864 2159 Quae

269 2200 274 2204 ’
337 2197 423 2260 sit,
459 2197 646 2264 inquit,
677 2194 915 2249 voluntas
955 2193 1068 2255 Dei,
1107 2191 1244 2260 quod
1275 2191 1483 2249 bonum,
1513 2198 1556 2239 et
1582 2187 1865 2254 beneplaci-

339 2300 466 2350 tam,
494 2295 544 2339 et
577 2285 874 2352 perfectum.
912 2282 967 2335 Si
1008 2280 1297 2335 secundum
1329 2279 1429 2332 hoc
1460 2277 1695 2344 legamus
1722 2275 1863 2342 quod

340 2375 394 2426 in
427 2372 632 2425 Latinis
680 2369 950 2422 codicibus
989 2367 1307 2426 invenimus,
1354 2365 1441 2417 hic
1482 2363 1585 2415 erit
1629 2377 1862 2416 sensus:

339 2461 471 2526 Quia
503 2459 746 2512 voluntas
781 2458 871 2511 Dei
920 2466 1001 2510 est
1045 2456 1300 2524 quidquid
1342 2455 1559 2517 bonum,
1605 2461 1658 2505 et
1704 2453 1865 2504 bene«

342 2550 614 2615 placitum,
642 2557 695 2600 et
719 2547 1008 2614 perlectum
1033 2554 1112 2597 est
1131 2544 1238 2612 (76)
1263 2561 1276 2595 :
1305 2554 1400 2595 nec,
1422 2540 1865 2610 potest(77)aliud

342 2639 477 2691 velle
522 2638 679 2702 Deus,
724 2637 821 2689 nisi
876 2636 1013 2703 quod
1055 2636 1247 2686 bonum
1280 2642 1361 2684 est
1388 2648 1401 2683 :
1428 2640 1480 2684 et
1509 2632 1693 2694 utique
1726 2629 1866 2696 quod

347 2728 543 2778 bonum
581 2736 664 2778 est
690 2735 743 2778 et
784 2725 1097 2793 perlectum,
1129 2725 1245 2775 sine
1279 2721 1435 2775 dubio
1481 2721 1582 2773 hoc
1618 2721 1722 2773 Deo
1754 2719 1867 2786 pla-

351 2823 455 2866 cet.
506 2814 561 2865 Si
605 2827 728 2867 vero
771 2813 1059 2865 secundum
1113 2812 1215 2863 hoc
1263 2811 1403 2877 quod
1446 2805 1676 2859 diximus
1731 2807 1868 2872 apud

342 2902 558 2956 Griecos
586 2901 790 2964 haberi,
819 2901 867 2953 id
912 2911 994 2953 est
1032 2910 1087 2952 ut
1128 2899 1346 2965 probetis
1379 2913 1493 2966 quae
1521 2898 1586 2949 sit
1635 2897 1869 2950 voluntas

343 2990 442 3046 Dei
469 2991 620 3054 bona,
653 3001 698 3043 et
725 2989 1059 3057 beneplacita,
1085 2998 1130 3039 et
1163 2987 1407 3054 perfecta,
1440 2995 1616 3053 potest
1652 2986 1867 3054 quidem

345 3079 482 3132 idem
507 3079 643 3145 quod
683 3092 841 3146 supra
873 3078 1121 3139 diximus,
1165 3075 1354 3137 videri,
1384 3075 1523 3141 quod
1551 3073 1661 3144 (78)
1694 3075 1871 3127 omnis

349 3166 585 3219 voluntas
618 3166 707 3220 Dei
740 3168 872 3220 bona
901 3168 993 3229 sit,
1030 3175 1083 3218 et
1133 3163 1488 3231 beneplacita,
1526 3171 1583 3216 et
1610 3162 1868 3231 perfecta.

345 3255 527 3310 Potest
555 3266 731 3310 autem
757 3265 809 3309 et
840 3257 943 3308 tale
967 3256 1165 3322 aliquid
1196 3255 1247 3307 in
1278 3256 1360 3308 bis
1386 3255 1722 3308 sermonibus
1748 3268 1872 3306 sen-

347 3344 457 3405 tiri,
492 3344 614 3411 quia
658 3343 750 3397 Dei
788 3345 997 3411 quidem
1043 3343 1288 3396 voluntas
1329 3356 1539 3409 semper
1578 3343 1716 3396 bona
1759 3350 1870 3404 est,

347 3434 439 3485 sed
471 3447 576 3486 non
608 3447 815 3500 semper
846 3433 979 3485 bona
1008 3433 1120 3500 ejus
1146 3431 1417 3484 voluntate
1441 3432 1732 3499 dispensari
1763 3445 1875 3485 me-

349 3535 551 3586 remur,
581 3536 748 3590 neque
776 3522 1103 3589 beneplacita
1135 3529 1189 3574 et
1222 3520 1476 3586 perfecta.
1502 3522 1659 3574 Verbi
1689 3535 1870 3588 causa,

350 3620 409 3661 ut
438 3622 723 3680 angeretur
750 3612 876 3665 Saul
911 3614 961 3665 in
1011 3627 1182 3680 regem
1236 3611 1336 3665 fuit
1383 3612 1590 3681 quidem
1622 3615 1873 3667 voluntas

350 3699 468 3763 Dei,
489 3701 582 3755 sed
612 3716 714 3754 non
746 3701 1098 3770 beneplacita,
1137 3716 1307 3768 neque
1343 3703 1599 3770 perlecta.
1631 3704 1874 3757 lrascens

348 3784 495 3842 enim
516 3789 725 3858 populo,
754 3791 841 3858 qui
874 3790 1189 3844 refutaverat
1220 3790 1382 3843 Deum
1411 3794 1605 3845 habere
1633 3808 1790 3860 super
1818 3808 1877 3848 se

350 3893 551 3947 regem,
578 3894 752 3947 regem
782 3880 858 3934 eis
886 3882 1151 3934 hominem
1179 3882 1339 3950 jussit
1370 3882 1572 3935 institui
1592 3882 1655 3935 ¹⁸.
1690 3881 1792 3936 Sed
1825 3891 1879 3937 et

350 3967 613 4036 Propheta
656 3986 721 4023 ex
772 3980 992 4038 persona
1030 3972 1118 4024 Dei
1166 3973 1293 4025 dicit
1324 3990 1337 4024 :
1366 3971 1555 4024 Dimisi
1586 3987 1672 4024 eos
1697 3988 1879 4024 secun-

351 4060 476 4111 dum
504 4060 757 4112 desideria
797 4062 966 4113 cordis
1006 4077 1203 4125 eorum,
1234 4071 1288 4112 ut
1333 4062 1463 4113 irent
1492 4062 1546 4112 in
1583 4061 1878 4119 cupiditati-

354 4152 447 4201 bus
480 4150 586 4201 suis
602 4151 670 4201 ¹⁹.
703 4148 791 4203 Sic
839 4163 964 4218 ergo
1008 4150 1288 4217 aliquando
1320 4153 1376 4202 lit
1405 4149 1648 4202 voluntas
1684 4149 1773 4202 Dei
1824 4151 1876 4201 iu

354 4240 440 4292 his
488 4242 538 4292 in
586 4242 774 4308 quibus
806 4241 1228 4307 concupiscimus
1261 4251 1315 4294 et
1348 4240 1709 4293 desideramus
1737 4253 1752 4291 :
1784 4241 1876 4294 sed

264 4381 273 4397 ,
354 4331 442 4396 qui
480 4341 760 4383 renovatus
801 4341 881 4384 est
916 4347 1094 4394 sensu,
1124 4333 1349 4398 probare
1376 4332 1535 4385 debet
1560 4332 1603 4384 si
1633 4331 1877 4385 voluntas

429 4419 510 4472 ⁸⁸1
548 4420 673 4486 Reg.
700 4436 793 4483 vtt,
828 4421 857 4470 7
886 4436 998 4490 seq.

355 4487 375 4540 l
398 4489 522 4543 Cor.
549 4502 609 4550 ιι,
634 4491 686 4541 Δ.

425 4579 533 4647 (75)
575 4580 738 4647 Ειιὶιί,
768 4598 828 4633 ea
855 4582 1112 4647 applicare
1140 4581 1385 4640 apertius.

425 4646 532 4717 (7i)
564 4646 755 4716 lnquit.
793 4649 947 4701 Deest
986 4652 1035 4699 in
1074 4650 1231 4701 editis
1274 4658 1326 4701 et
1373 4650 1422 4701 in
1472 4648 1706 4716 pluribus
1738 4666 1866 4705 mss.

360 4716 564 4770 necnon
612 4720 747 4782 apud
798 4718 1091 4775 Rabanutu.
1124 4717 1214 4769 sed
1246 4716 1543 4769 restituitur
1569 4733 1637 4777 ex
1667 4719 1872 4773 duobus

358 4801 483 4839 mss.
521 4782 719 4850 Regiis;
760 4785 960 4838 Deinde
1007 4801 1133 4847 mss.
1163 4785 1398 4851 plerique
1422 4796 1473 4838 et
1499 4787 1649 4845 editi,
1685 4784 1747 4837 Et
1771 4788 1875 4839 uti-

354 4870 451 4922 que
489 4855 588 4907 nisi
620 4853 687 4904 ad
728 4869 897 4906 omnes
928 4854 1222 4917 (Rabanus,
1273 4857 1339 4904 ad
1371 4854 1563 4922 omnia)
1602 4863 1873 4908 renovatus

356 4921 420 4993 sit
443 4938 638 4993 sensus,
673 4932 719 4975 et
744 4923 1208 4993 totus__(Rabanu_s,
1244 4930 1294 4993 et
1330 4921 1459 4993 tota)
1501 4921 1876 4993 De_i_s_apientia

356 4989 699 5051 illuminatus,
733 4998 837 5043 etc.
870 4990 973 5044 Sed
1003 5005 1128 5044 mss.
1158 4990 1348 5058 Regius
1389 4989 1534 5043 num.
1561 4989 1711 5049 1659,
1742 5000 1798 5042 ut
1826 4992 1877 5044 iu

357 5068 539 5128 nostro
572 5068 740 5121 testu,
771 5058 869 5128 nisi
908 5060 1045 5128 quod
1087 5073 1185 5126 pro
1218 5070 1263 5128 et
1316 5068 1451 5111 totus
1482 5058 1576 5111 Dei
1605 5060 1877 5128 sapientia,

360 5124 556 5178 habeat
579 5136 625 5179 et
665 5128 738 5178 ita
779 5126 870 5179 Dei
911 5124 1179 5194 sapientia.
1220 5127 1381 5180 Paulo
1423 5138 1538 5194 post
1585 5141 1710 5178 vero
1739 5127 1877 5179 idem

365 5207 464 5270 ius.
487 5194 679 5270 Regius
701 5206 754 5270 et
776 5196 898 5247 editi
919 5196 1127 5270 habent
1146 5211 1365 5270 numero
1391 5195 1667 5264 singulari,
1695 5194 1749 5246 in
1777 5210 1878 5260 quo

364 5263 407 5330 is
433 5264 608 5330 utique
628 5266 717 5330 qui
748 5279 948 5315 sensum
984 5280 1084 5315 nan
1110 5263 1259 5315 habet
1298 5263 1609 5322 renovatum,
1641 5271 1801 5326 errat,
1830 5271 1878 5313 et

367 5325 596 5390 fallitur,-
620 5325 709 5382 sed
737 5333 911 5384 caueri
944 5347 1070 5385 mss.
1097 5342 1150 5385 et
1173 5330 1419 5386 Rabanus
1444 5332 1717 5401 pluraliter
1745 5341 1802 5383 ut
1827 5332 1878 5383 in

369 5402 547 5446 llOSll‘O
583 5407 743 5450 textu.

439 5458 548 5592 (75)
583 5463 741 5527 Editi,
771 5482 870 5518 non
895 5467 1140 5534 cujusque
1166 5483 1363 5521 sensus.

467 5526 550 5592 76)
581 5530 639 5582 Si
684 5538 958 5586 secundum
1007 5537 1101 5588 hoc
1140 5537 1363 5592 leuamus

581 5526 970 5609 Si'secundum'
1004 5526 1101 5609 sic
1140 5537 1364 5609 legamus
1404 5536 1540 5609 qqud
1569 5537 1638 5609 in
1680 5535 1876 5609 Latinis

376 5596 631 5648 codicibus
651 5598 957 5667 invenimus,
995 5605 1073 5655 hic
1113 5596 1208 5657 erit
1241 5596 1454 5658 sensus:
1479 5602 1613 5667 Quia
1644 5604 1872 5656 voluntas

1077 4421 1118 4453 ¹⁹
1143 4419 1338 4474 Psalm.
1362 4436 1521 4485 Lxxx,
1544 4421 1629 4473 l5.
1703 4420 1749 4452 ²⁰
1775 4420 1927 4475 Rom.
1950 4437 2049 4484 xu,
2091 4422 2124 4475 ὃ
2171 4435 2286 4490 seq.

1960 1826 2097 1878 idem
2125 1822 2417 1892 Apostolus
2442 1819 2557 1889 (80)
2596 1818 2765 1879 ait“,
2806 1822 2999 1870 vdeat
3034 1830 3197 1884 qua:
3236 1830 3376 1866 non
3416 1822 3585 1877 sunt,
3616 1822 3734 1864 tmt-

1958 1930 2111 1983 quam
2142 1928 2259 1979 qua!
2285 1920 2428 1963 sunt.
2473 1908 2647 1979 646
2676 1906 2805 1959 Non
2843 1915 3010 1958 sunt
3047 1915 3289 1957 autem
3325 1904 3391 1957 hi
3426 1902 3534 1970 qui
3567 1901 3735 1970 parti-

1959 2004 2104 2069 cipes
2154 2014 2258 2052 nou
2319 2009 2446 2051 sunt
2499 1999 2620 2064 ejus
2660 1996 2765 2064 qui
2816 2004 2986 2047 vere
3060 2003 3208 2060 est,
3275 1994 3393 2062 qui
3462 1993 3617 2045 dixit
3669 1992 3732 2045 sd

1970 2091 2181 2159 Moysen
2198 2091 2244 2120 ¹¹
2276 2106 2289 2141 :
2326 2088 2429 2139 Dic
2457 2088 2592 2152 ﬁliis
2626 2085 2820 2138 Israel
2849 2084 3002 2153 (81)
3053 2101 3072 2136 :
3114 2082 3258 2148 Qui
3286 2096 3416 2147 est,
3462 2083 3624 2135 misit
3656 2096 3734 2137 ιιι

1962 2182 2028 2232 ad
2065 2196 2170 2232 vos.
2205 2178 2357 2241 Quod
2391 2192 2522 2242 ergo
2556 2176 2637 2226 ait
2673 2173 2909 2226 Paulus
2950 2192 2968 2226 :
3018 2172 3194 2226 Dico
3246 2175 3425 2227 enim
3481 2175 3731 2228 omnibus

1961 2270 2048 2337 qui
2078 2278 2196 2321 sunt
2230 2268 2367 2319 inter
2400 2281 2524 2329 vos;
2572 2266 2685 2326 vel,
2730 2273 2801 2317 ut
2857 2264 2927 2316 in
2998 2264 3275 2317 Graecis
3337 2265 3561 2318 haberi
3595 2264 3730 2316 disi-

1968 2373 2105 2421 mus,
2137 2358 2276 2410 omni
2304 2357 2394 2425 qui
2419 2368 2497 2407 est
2529 2359 2586 2407 in
2615 2355 2795 2415 vobis,
2840 2355 3076 2408 simile
3110 2367 3221 2409 est
3260 2372 3346 2410 ac
3391 2357 3444 2409 si
3480 2356 3729 2411 diceret:

1966 2449 2093 2502 Dico
2135 2448 2270 2498 enim
2320 2446 2468 2499 omni
2507 2444 2603 2511 qui
2649 2444 2706 2496 in
2760 2445 2896 2497 Deo
2951 2455 3094 2509 est,
3169 2463 3306 2499 non
3356 2446 3504 2513 plus
3547 2461 3729 2513 sapere

1964 2555 2116 2608 quam
2156 2544 2351 2603 Oportet
2388 2550 2600 2602 sapere.
2654 2532 3140 2589 Verumtamen
3210 2539 3576 2591 videndum
3627 2546 3729 2601 est,

1968 2632 2089 2702 quia
2116 2629 2335 2690 Paulus,
2372 2628 2513 2680 sicut
2552 2636 2608 2680 et
2645 2626 2701 2678 in
2743 2626 2895 2679 aliis
2931 2628 3134 2693 dicit,
3171 2642 3313 2682 non
3352 2632 3418 2681 in
3453 2628 3732 2683 suasoriis

1964 2721 2242 2791 sapientia:
2269 2718 2506 2772 carnalis
2548 2718 2745 2771 verbis
2783 2718 2864 2781 ³³,
2927 2720 3052 2772 sed
3114 2736 3243 2787 per
3297 2721 3580 2792 gratiam
3612 2734 3732 2790 qua

1968 2810 2065 2864 sibi
2106 2810 2229 2863 data
2274 2817 2359 2862 est
2400 2807 2673 2874 loquitur.
2715 2808 2824 2860 Est
2859 2810 3050 2861 enim
3120 2813 3340 2864 multa
3400 2812 3729 2865 diﬂ’erentis

1970 2914 2064 2969 per
2091 2898 2313 2969 gratiam
2347 2895 2652 2963 loquentis,
2672 2906 2733 2950 et
2756 2911 2870 2963 per
2908 2897 3294 2955 humanam
3338 2902 3722 2972 sapientiam.

1974 2990 2207 3056 Denique
2233 2997 2287 3039 et
2323 2985 2484 3038 rebus
2527 2986 2663 3052 ipsis
2709 3000 2880 3056 stepe
2931 3001 3375 3059 compertum
3425 3004 3547 3055 est,
3599 3008 3732 3046 nou-

1972 3079 2142 3133 nullos
2187 3077 2506 3143 eloquentes
2541 3086 2601 3128 et
2654 3079 2944 3132 eruditos
2988 3082 3183 3136 viros
3244 3099 3382 3137 non
3445 3085 3637 3153 solum
3676 3084 3728 3137 in

1971 3181 2237 3231 sermone,
2267 3165 2359 3218 sed
2381 3175 2438 3218 et
2464 3166 2517 3216 in
2549 3166 2828 3220 sensibus
2865 3181 3345 3238 prapotentes
3380 3190 3526 3229 cum
3560 3176 3728 3228 multa

1971 3259 2024 3311 in
2076 3256 2331 3310 Ecclesiis
2373 3255 2641 3320 dixerint,
2681 3267 2740 3310 et
2779 3257 3141 3325 ingentem
3185 3265 3496 3331 plausum
3549 3265 3731 3320 laudis

1971 3347 2297 3415 acceperint,
2335 3348 2615 3400 neminem
2671 3356 2880 3401 tamen
2930 3353 3332 3409 auditorum
3370 3374 3451 3412 ex
3491 3359 3583 3412 his
3613 3370 3731 3426 qua

1972 3440 2108 3493 dicta
2133 3448 2256 3493 sunt
2277 3438 2770 3507 compunctionem
2802 3443 3034 3498 cordis
3087 3448 3429 3517 accipere,
3462 3463 3575 3502 nec
3607 3462 3731 3517 pro-

1972 3530 2133 3584 ﬁcere
2154 3529 2217 3582 ad
2251 3528 2434 3593 (idem,
2462 3542 2564 3582 nec
2588 3528 2659 3580 ad
2687 3528 2993 3584 timorem
3038 3534 3163 3589 ltei
3192 3552 3275 3592 ex
3316 3540 3729 3594 recordatione

1974 3633 2158 3673 eorum
2185 3632 2302 3685 qua:
2329 3619 2478 3671 dicta
2510 3626 2644 3671 sunt
2694 3619 2961 3675 incitari
3001 3640 3023 3677 ;
3061 3629 3187 3681 sed
3232 3632 3568 3683 suavitate
3595 3644 3728 3698 qua

1973 3709 2124 3771 dam,
2176 3716 2230 3759 et
2277 3705 2645 3759 delectatione
2689 3706 2817 3760 sola
2876 3713 3175 3769 auribus
3237 3727 3435 3785 capta
3482 3720 3726 3773 discedi-

1975 3803 2063 3847 tur
2089 3794 2199 3864 (82)
2231 3808 2413 3861 :saepe
2443 3802 2629 3847 autem
2662 3796 2828 3849 viros
2862 3814 3001 3851 non
3047 3818 3318 3873 magna:
3347 3808 3725 3878 eloquentia,

1976 3897 2071 3935 nec
2103 3885 2482 3951 compositioni
2520 3887 2814 3940 sermonis
2872 3895 3267 3963 studentes,
3326 3902 3547 3956 verbis
3592 3902 3725 3956 sim-

1974 3974 2200 4043 plicibus
2230 3984 2285 4026 et
2310 3974 2698 4042 incompositis
2732 3981 2977 4036 multos
3032 3985 3417 4046 inﬁdelium
3454 3994 3533 4047 ad
3566 3993 3726 4046 ﬁdem

1976 4073 2325 4126 convertere,
2388 4067 2662 4133 superbos
2723 4068 3055 4130 inclinare
3124 4080 3210 4133 ad
3281 4082 3724 4147 humilitatem,

1976 4152 2325 4221 peccantibus
2349 4153 2634 4208 stimulum
2672 4163 3136 4222 conversionis
3181 4171 3487 4241 inﬁgere.
3527 4174 3598 4228 Et
3624 4174 3726 4226 hoc

1978 4243 2160 4309 utique
2188 4242 2399 4308 signum
2433 4251 2544 4306 est,
2589 4245 2741 4297 sicut
2790 4247 2854 4300 in
2902 4260 3225 4318 presenti
3264 4261 3615 4330 Apostolus
3648 4262 3729 4315 di-

1983 4333 2075 4395 cit,
2096 4346 2219 4423 "per
2265 4332 2496 4423 gratiam
2552 4333 2706 4399 loqui
2743 4349 2883 4403 quae
2933 4341 3094 4398 data
3152 4358 3262 4404 est
3305 4350 3583 4423 eis(83).
3616 4352 3726 4422 Ego

2358 4420 2688 4487 “Rom-IV.
2755 4425 2855 4482 η.
2989 4432 3294 4495 “Exod.
3370 4420 3604 4510 Ill-.174.
3670 4420 3727 4476 *υ

1907 4589 1951 4643 D
1980 4579 2071 4672 {’5‘
2095 4577 2443 4672 ii.’..‘l“.‘.‘ifi.’f’ffi
2467 4577 3296 4672 iantasstkeeeelaetym.
3321 4608 3386 4653 ει
3409 4600 3724 4672 partem

1977 4646 2229 4719 est._l_|_:t:t:
2252 4649 2446 4719 desunt
2484 4647 2539 4699 in
2580 4648 2746 4703 libris
2777 4646 2969 4711 antea
3003 4646 3232 4719 cuius,

2048 4714 2159 4782 (77)
2192 4713 2356 4774 Euliti,
2383 4731 2488 4766 non
2521 4727 2723 4781 potest,
2750 4731 2871 4775 etc.

2049 4784 2161 4851 (78)
2189 4782 2465 4845 Rabunus,
2513 4794 2691 4848 potest

1980 4852 2163 4913 videri,
2193 4854 2354 4915 quod,
2389 4862 2498 4904 etc.

2051 4919 2161 5001 (79)
2191 4918 2313 5001 limo
2340 4920 2529 4982 verba,
2560 4938 2671 5001 non
2705 4927 2838 5001 plus
2867 4947 3113 5001 sapere,
3149 4953 3255 4995 etc

1982 4985 2130 5068 alter,
2149 4989 2371 5048 alterius
2420 4985 2717 5068 membra,‘
2738 4985 2963 5054 desunt
2989 4985 3080 5059 in'

1982 5066 2208 5110 tuuutur
2231 5071 2298 5107 ex
2322 5061 2584 5112 omnibus
2612 5079 2754 5117 mss.
2990 5056 3003 5058 θ
3020 5056 3051 5059 “⁷
3110 5056 3301 5068 ""“'
3322 5056 3343 5080 ν

2056 5125 2165 5195 (80)
2196 5125 2358 5195 Editj,
2387 5130 2667 5195 eruperint.
2713 5134 2868 5188 Deus

1983 5192 2086 5256 lus,
2112 5205 2218 5265 etc.
2276 5192 2385 5265 Ms.
2430 5194 2645 5265 Regius
2676 5219 2836 5261 num.

1985 5265 2076 5313 sed
2122 5263 2330 5329 reliqua
2376 5263 2497 5329 ipse
2525 5263 2604 5320 _et
2666 5276 2865 5329 caueri

1983 5329 2183 5383 habent
2213 5342 2273 5383 ut
2316 5334 2370 5385 in
2413 5344 2591 5390 testu.

2056 5399 2170 5504 ξ
2190 5399 2718 5504 ἓξίιὲἶρηιίξξκςξξξεε
2757 5414 3146 5504 ﬁliis-istud,
3184 5432 3383 5487 male.

2055 5467 2668 5560 (ﬁg-)_§chlgllS,‘ReglllS
2696 5467 3146 5550 udinLEoBaYi’
3569 5520 3705 5560 vero

1982 5535 2245 5602 plerique,
2282 5535 2571 5601 nimum"
2645 5535 2663 5537 ‘
2697 5535 2856 5542 """
2890 5535 3036 5545 ἠν
3077 5535 3343 5557 ν-νυι-ιιο
3380 5535 3538 5560 uss.

2052 5604 2165 5675 (83)
2197 5606 2330 5664 Mss.
2363 5616 2626 5690 plerique
2669 5637 2730 5684 et
2753 5629 2917 5699 editi,
2952 5634 3107 5705 signi
3160 5651 3357 5699 θείη..
3388 5662 3533 5715 qui:
3566 5651 3703 5701 dats

2737 4790 3015 4863 quidem,
3068 4810 3138 4853 ut
3189 4820 3395 4872 supra
3441 4809 3723 4881 diximus,

3368 4963 3575 5017 usque
3624 4953 3717 5016 ad,

3385 5020 3500 5073 sed
3553 5024 3719 5077 resti-

2900 5210 3057 5265 1639
3113 5217 3340 5274 itidem
3395 5210 3714 5293 casperinl;

2914 5295 3068 5336 mss.
3124 5303 3382 5346 necnon
3422 5293 3712 5350 Rabatius
