3894 6250
372 290 529 346 1209

1347 298 1692 357 COMMENT.
1731 300 1797 357 IN
1835 299 2048 357 EPIST.
2095 301 2180 354 AD
2214 300 2374 357 BOM.
2400 301 2523 356 LIB.
2557 299 2644 355 IX.

3391 303 3526 358 1210

366 413 565 460 autem
595 416 745 475 puto,
773 421 879 463 non
912 411 1082 466 solum
1113 413 1166 466 in
1191 413 1352 468 verbo
1377 416 1467 468 Dei
1497 417 1787 471 Ecclesiam
1817 419 1912 472 do-
1938 425 1979 478 Α
2010 419 2109 471 hac
2143 419 2472 481 detinitioue,
2508 430 2563 471 ιιι
2592 427 2836 471 naturam
2866 415 2948 470 vel
2988 430 3203 470 causam
3234 420 3437 487 peccati
3472 422 3526 473 in

363 496 631 551 eentlbus
653 497 841 552 adesse
873 501 1116 567 gratiam,
1148 503 1191 556 si
1227 503 1453 558 talissit
1488 520 1666 560 sermo
1697 508 1904 576 qualem

362 593 546 649 supra
588 584 838 649 diximus,
887 590 975 657 qui
1020 591 1309 644 auditorem
1363 607 1464 646 non
1510 602 1616 648 tam
1664 597 1908 660 delectet,

364 684 545 738 quam
583 674 843 737 stimulet,
895 686 947 731 et
997 679 1060 730 ad
1105 680 1397 746 profectum
1439 682 1665 750 aliquem
1703 685 1910 738 virtutis

362 759 649 827 adducat;
698 764 789 817 sed
821 769 955 819 etin
992 770 1236 823 omnibus
1271 771 1383 823 iere
1428 787 1544 840 quae
1589 779 1814 840 aguntur
1856 774 1907 827 in

362 847 516 912 vita,
557 850 629 902 ita
677 864 795 904 esse
832 851 1191 920 deprehendes
1212 856 1340 925 (84).
1386 860 1479 912 Est
1525 861 1662 913 enim
1712 861 1905 928 aliquis

361 935 467 1003 qui
499 944 559 989 et
592 938 643 990 in
670 953 733 992 eo
763 942 901 1007 quod
924 942 1033 1008 agit
1058 953 1110 996 et
1139 944 1191 996 in
1226 961 1289 998 eo
1311 947 1448 1014 quod
1474 948 1726 1013 loquitur,
1757 950 1910 1001 habet

362 1024 652 1091 gratiam;
686 1039 738 1080 et
767 1029 902 1082 alius
930 1031 1017 1097 qui
1053 1034 1311 1086 interdum
1336 1045 1389 1087 et
1414 1038 1723 1103 prudentius
1746 1039 1912 1106 loqui-

360 1120 486 1177 tur,
520 1124 577 1167 et
606 1117 909 1183 diligentius
939 1134 1001 1172 ac
1027 1120 1340 1177 laboriosius
1368 1126 1496 1193 agit,
1522 1141 1690 1194 neque
1716 1127 1768 1179 in
1793 1143 1910 1181 ver-

357 1200 456 1256 bis
482 1205 625 1270 suis,
655 1220 827 1274 neque
850 1208 903 1261 in
932 1211 1092 1277 gestis
1139 1211 1342 1265 invenit
1374 1216 1622 1282 gratiam.
1652 1217 1905 1283 Denique,

355 1288 523 1343 sicut
546 1300 601 1346 et
628 1293 680 1345 iu
710 1294 828 1348 aliis
856 1294 962 1362 iam
991 1297 1216 1350 diximus
1238 1300 1369 1367 (85),
1393 1302 1652 1367 scriptum
1680 1312 1759 1355 est
1786 1303 1905 1369 quia

352 1387 420 1432 et
454 1379 662 1449 Joseph
711 1383 908 1436 invenit
959 1387 1181 1453 gratiam
1231 1388 1283 1440 in
1328 1394 1612 1456 conspectu
1658 1391 1910 1458 principis

356 1473 619 1525 carceris
633 1472 698 1533 ³⁵,
725 1481 779 1525 et
804 1473 995 1526 Esther
1021 1476 1217 1528 invenit
1240 1479 1459 1545 gratiam
1484 1480 1617 1545 apud
1647 1493 1818 1547 regem
1841 1479 1908 1532 ⁸⁸.

357 1557 704 1624 Reperimus
732 1570 907 1616 autem
940 1576 1038 1617 nos
1069 1567 1119 1616 in
1158 1567 1382 1631 quodam
1413 1569 1696 1621 secretiore
1733 1568 1910 1623 libello

349 1648 643 1716 scriptum
678 1652 829 1717 quasi
863 1653 1103 1721 angelum
1133 1656 1414 1721 quemdam
1442 1670 1561 1709 esse
1584 1657 1787 1724 gratiae,
1818 1659 1905 1725 qui

2004 518 2067 555 eo
2096 513 2316 570 ponant,
2362 505 2405 556 si
2452 513 2543 556 aut
2588 504 2815 557 addatur
2857 503 3053 570 aliquid
3092 504 3399 568 virtutibus,
3435 517 3528 562 aut

2006 593 2294 647 minuatur.
2337 592 2497 647 Verbi
2539 595 2729 662 gratia,
2770 594 2975 660 iustitia
3026 596 3194 648 virtus
3233 606 3315 647 est
3342 614 3357 649 :
3389 606 3439 649 et
3477 598 3526 652 si

2005 680 2124 747 quis
2160 680 2336 732 minus
2366 682 2563 747 aliquid
2595 681 2717 734 facit
2741 682 2852 751 (93)
2883 698 3038 749 quam
3071 684 3271 747 iustitia
3308 686 3525 752 patitur,

2005 768 2120 820 sine
2144 768 2302 820 dubio
2325 768 2552 833 injustus
2569 779 2667 822 est.
2685 771 2739 822 Si
2770 772 2889 837 quis
2907 787 3031 824 vero
3055 775 3150 825 Stlb
3179 774 3353 839 specie
3374 773 3529 837 justi-

2008 856 2092 909 tite
2111 871 2236 924 erga
2267 859 2524 911 vindictas
2550 860 2744 911 nimius
2791 862 2900 923 liat,
2928 872 2978 914 et
3018 865 3209 915 saevius
3249 867 3408 930 agitet
3445 865 3524 917 ul-

2008 944 2197 1007 tiones,
2233 946 2284 997 in
2331 946 2696 998 crudelitatem
2724 948 2831 1017 (9-1)
2884 964 2948 1002 ex
2998 950 3195 1015 iustitia
3251 953 3528 1006 devolutus

2006 1046 2104 1090 est.
2136 1033 2285 1089 Unde
2312 1044 2365 1087 et
2392 1033 2635 1095 Salomon
2669 1036 2852 1089 dicit”
2882 1055 2896 1091 :
2929 1038 3054 1103 Noli
3082 1039 3195 1107 ﬁeri
3218 1041 3392 1109 justus
3417 1042 3527 1111 (95)

2004 1122 2241 1174 multant.
2307 1122 2563 1174 Similiter
2615 1132 2668 1175 et
2719 1123 2974 1190 libertas,
3042 1129 3084 1180 si
3141 1130 3278 1181 intra
3335 1139 3531 1197 tempe-

2006 1211 2234 1262 rantiam
2281 1226 2429 1263 suam
2483 1212 2574 1274 sit,
2619 1213 2786 1266 virtus
2832 1226 2941 1278 est;
2993 1219 3037 1271 si
3097 1219 3270 1272 minus
3314 1218 3526 1283 habeat,

2007 1301 2303 1354 timiditas:
2333 1303 2378 1355 si
2430 1302 2676 1369 amplius,
2731 1306 2997 1359 temeritas
3043 1309 3362 1360 nominatur.
3409 1309 3530 1362 Pari

2007 1390 2163 1441 modo
2199 1399 2253 1442 et
2313 1390 2587 1456 prudentia
2632 1389 2674 1442 si
2714 1391 2764 1442 in
2795 1405 2887 1444 sua
2933 1407 3180 1446 mensura
3224 1395 3312 1460 sit,
3360 1396 3530 1450 Virtus

2006 1484 2123 1542 est;
2162 1478 2206 1530 si
2256 1479 2428 1531 minus
2462 1477 2676 1541 habeat,
2728 1480 3111 1547 imprudentia;
3165 1483 3208 1535 si
3254 1484 3527 1551 plusquam

2006 1575 2236 1632 oportet,
2268 1568 2463 1620 malitia
2503 1568 2818 1632 appellatur.
2853 1569 2978 1622 lude
3015 1580 3139 1637 puto
3171 1573 3308 1638 quod
3342 1583 3394 1626 et
3416 1587 3532 1625 ser-

2007 1668 2137 1721 pens
2164 1655 2323 1724 647
2352 1656 2401 1707 iu
2433 1661 2675 1722 paradiso
2704 1658 3014 1726 prudentior
3034 1661 3207 1712 dictus
3231 1662 3299 1712 sit
3322 1663 3531 1716 caeteris

346 1740 539 1793 etiam
566 1744 881 1797 vocabulum
913 1760 975 1799 ex
1005 1747 1171 1815 gratia
1194 1748 1448 1800 traheret.
1478 1748 1745 1802 Anauehel
1769 1752 1908 1802 enim
1942 1744 1983 1797 Β
2009 1743 2190 1797 bestiis
2213 1746 2276 1807 ³ο,
2314 1747 2413 1799 hoc
2474 1758 2555 1800 est
2600 1749 2858 1801 excedens
2888 1764 3184 1803 mensuram
3215 1752 3525 1818 prudentia,

349 1828 579 1884 dicitur
604 1830 749 1902 (86),
791 1836 927 1900 quod
974 1845 1053 1888 est
1103 1836 1506 1905 interpretatum
1561 1840 1728 1905 gratia
1794 1838 1907 1891 Dei.

348 1915 483 1974 Hoc
522 1935 651 1990 ergo
694 1924 956 1990 scriptura
1009 1924 1095 1977 illa
1146 1925 1470 1988 continebat,
1520 1927 1660 1993 quod
1711 1926 1905 1981 missus

352 2017 525 2062 esset
553 2024 582 2061 a
618 2010 841 2065 Domino
868 2017 965 2065 iste
1011 2012 1226 2081 angelus
1271 2014 1333 2066 ad
1365 2014 1572 2078 Esther,
1606 2024 1661 2066 ut
1689 2016 1736 2069 ei
1785 2031 1907 2085 grao

350 2095 504 2148 tiam
541 2097 693 2151 daret
720 2101 855 2166 apud
882 2114 1077 2167 regem.
1106 2100 1196 2153 Sic
1220 2114 1345 2168 ergo
1372 2101 1472 2152 alia
1504 2101 1670 2153 virtus
1694 2111 1774 2154 est
1795 2117 1910 2155 ser-

349 2186 550 2240 monis
577 2188 665 2254 qui
700 2202 798 2253 per
818 2190 1038 2254 gratiam
1068 2188 1284 2252 dicitur,
1321 2197 1375 2241 et
1403 2189 1505 2243 alia
1537 2190 1619 2245 vis
1654 2192 1910 2245 doctrina:

348 2284 637 2341 potestas.
669 2275 821 2329 Alius
846 2286 1020 2330 autem
1057 2291 1232 2330 sermo
1255 2278 1365 2346 (87)
1393 2287 1472 2332 est
1504 2292 1569 2332 ex
1612 2280 1911 2333 eruditione

347 2368 668 2420 communi,
700 2374 788 2426 qut
812 2362 1047 2428 quamvis
1072 2363 1245 2416 lautus
1269 2366 1335 2418 sit
1354 2376 1407 2419 et
1429 2376 1540 2420 arte
1568 2370 1907 2438 compositus,

348 2453 556 2499 tamen
583 2445 629 2497 si
664 2461 774 2498 non
813 2462 909 2515 per
945 2449 1160 2518 gratiam
1194 2453 1276 2504 vel
1307 2453 1497 2508 dicitur
1529 2457 1609 2508 vel
1640 2459 1905 2524 scribitur,
1968 2464 1975 2469 “

345 2536 640 2591 delectare
664 2536 900 2592 fortassis
927 2547 1100 2607 potest
1127 2540 1384 2610 legentem
1405 2584 1419 2607 ,
1447 2545 1704 2600 adducere
1732 2556 1905 2603 autem

343 2626 422 2680 ad
462 2626 775 2695 profectum
817 2643 924 2682 non
974 2637 1145 2698 potest
1184 2633 1492 2688 auditorem.
1528 2636 1720 2691 Paulus
1751 2639 1907 2709 igitur

342 2728 472 2768 non
518 2715 695 2768 solum
740 2717 854 2785 ipse
901 2733 1016 2785 qua:
1053 2720 1179 2774 dicit
1218 2723 1324 2793 (88)
1361 2738 1456 2792 per
1491 2727 1707 2796 gratiam
1745 2730 1902 2795 dicit,

343 2804 450 2859 sed
491 2813 553 2859 et
591 2805 921 2861 auditoribus
956 2808 1066 2862 suis
1114 2821 1359 2879 precatur
1404 2817 1621 2884 gratiam
1672 2819 1813 2884 dari;
1850 2828 1903 2874 et

349 2903 473 2944 non
530 2890 705 2944 solum
746 2893 992 2958 gratiam,
1035 2894 1127 2947 sed
1161 2904 1215 2947 et
1258 2896 1649 2949 multitudinem
1698 2900 1901 2966 gratim.

351 2978 456 3032 Sic
502 2979 648 3030 enim
695 2978 877 3031 scribit
911 2998 923 3031 :
958 2976 1137 3031 Gratia
1178 2981 1317 3033 vobis
1354 2982 1724 3049 Multiplicetur
1747 2984 1791 3014 '°
1814 3002 1826 3035 :
1852 2995 1905 3035 et

348 3067 412 3121 in
452 3066 716 3121 omnibus
763 3067 1014 3134 Epistolis
1047 3070 1158 3123 suis
1197 3070 1325 3123 dicit
1357 3087 1370 3123 :
1416 3044 1599 3123 Gratia
1651 3073 1808 3133 vobis,
1856 3085 1902 3124 et
1930 3044 1970 3101 δ

346 3172 493 3227 pax.
529 3155 635 3210 Sed
663 3156 934 3210 videamus
969 3158 1093 3224 quid
1123 3155 1232 3227 (89)
1260 3166 1339 3211 est
1366 3160 1503 3226 quod
1549 3174 1642 3226 per
1675 3161 1899 3228 gratiam

347 3242 492 3315 q’ua
522 3246 648 3298 data
678 3255 764 3298 est
791 3246 913 3309 sibi,
935 3246 1218 3313 Apostolus
1247 3247 1375 3299 dicit
1401 3248 1646 3301 omnibus
1671 3249 1758 3315 qui
1782 3258 1904 3302 sunt

345 3336 514 3392 inter
541 3334 831 3389 Romanos.
869 3333 989 3387 Non
1014 3337 1151 3402 plus,
1182 3335 1351 3404 inquit
1375 3335 1505 3406 (90),
1542 3353 1719 3401 sapere
1751 3353 1904 3405 quam

347 3432 573 3492 oportet
603 3439 804 3489 sapere,
837 3424 925 3475 sed
968 3438 1145 3486 sapere
1182 3427 1250 3474 ad
1291 3424 1636 3479 sobrietatem.
1689 3426 1907 3479 Videtur

346 3517 548 3568 adhuc
577 3513 643 3564 ad
673 3513 1037 3575 superbientes
1064 3526 1239 3566 ramos
1266 3513 1499 3577 oleastri,
1517 3525 1568 3567 et
1593 3516 1905 3570 insultantes

347 3603 541 3658 ramis
579 3603 669 3671 qui
718 3604 785 3656 de
837 3603 972 3656 bona
1017 3600 1160 3655 oliva
1207 3601 1430 3657 defracti
1482 3613 1603 3657 sunt
1629 3606 1695 3669 ’⁷,
1748 3608 1903 3660 etiam

345 3695 516 3749 hunc
541 3692 652 3761 (91)
687 3700 875 3759 aptare
898 3705 1220 3755 sermonem,
1247 3701 1299 3744 et
1324 3693 1502 3746 dicere
1527 3695 1629 3758 eis,
1658 3709 1759 3746 nou
1804 3694 1899 3748 de-

346 3785 497 3839 bere
524 3781 643 3849 plus
667 3794 852 3848 sapere
879 3794 1034 3847 quam
1065 3787 1271 3847 oportet
1302 3794 1486 3848 sapere
1518 3798 1533 3834 :
1558 3784 1697 3849 quod
1732 3783 1902 3836 simile

340 3881 441 3926 est
472 3871 555 3923 illi
587 3869 819 3923 sermoni
850 3883 1007 3936 quem
1044 3869 1211 3921 dixit:
1240 3867 1365 3920 Noli
1393 3871 1604 3936 superbe
1635 3886 1808 3936 sapere
1824 3872 1898 3934 ²³;

346 3963 467 4017 hoc
488 3967 581 4013 est
603 3960 742 4010 enim
774 3958 889 4026 plus
918 3970 1104 4025 sapere
1129 3956 1237 4027 (92)
1277 3971 1436 4025 quam
1467 3969 1692 4025 oportet.
1721 3960 1901 4012 Scien-

348 4053 497 4108 dum
530 4057 708 4102 tamen
738 4058 842 4110 est,
875 4048 1013 4115 quod
1051 4058 1104 4101 et
1131 4047 1308 4101 caeleri
1339 4046 1529 4099 eruditi
1559 4049 1653 4099 viri
1685 4056 1901 4101 utuntur

2007 1843 2062 1887 et
2090 1834 2143 1886 in
2179 1846 2354 1899 partes
2391 1836 2605 1891 malitiae
2648 1839 2942 1905 prolapsus.
2991 1839 3115 1893 lude
3156 1848 3209 1892 et
3245 1841 3337 1893 lilii
3373 1842 3531 1910 hujus

2006 1924 2185 1976 saeculi
2232 1927 2603 1990 prudentiores
2648 1927 2892 1980 dicuntur
2940 1943 3097 1996 quam
3147 1930 3235 1983 lilii
3283 1930 3416 1985 lucis
3442 1932 3526 1996 ἰς

2006 2010 2121 2079 plus
2166 2012 2305 2064 enim
2348 2015 2562 2079 sapiunt
2591 2030 2745 2081 quam
2772 2026 2981 2082 oportet
3011 2032 3219 2085 sapere.
3260 2019 3325 2072 Et
3358 2021 3434 2072 sic
3473 2021 3527 2075 in

2006 2098 2224 2164 singulis
2277 2100 2574 2166 quibusque
2620 2101 2903 2154 virtutibus
2951 2114 3122 2169 potest
3173 2106 3365 2172 aliquis
3414 2107 3529 2173 plus

2011 2199 2199 2252 sapere
2225 2202 2384 2253 quam
2412 2198 2621 2255 oportet
2654 2205 2860 2258 sapere.
2893 2192 3071 2245 Potest
3096 2197 3254 2247 etiam
3286 2197 3334 2248 in
3365 2199 3528 2252 casti-

2007 2282 2116 2327 tate
2141 2275 2333 2342 aliquis
2367 2278 2482 2341 plus
2523 2293 2715 2345 sapere
2755 2294 2911 2345 quam
2956 2291 3163 2348 oportet
3205 2298 3422 2351 sapere,
3470 2297 3528 2340 ut

2006 2372 2129 2415 sunt
2172 2362 2247 2414 illi
2295 2364 2379 2431 qui
2420 2369 2686 2418 attendunt
2734 2369 2996 2432 spiritibus
3041 2372 3429 2440 seductort’bns,
3477 2384 3526 2427 et

2018 2450 2266 2506 doctrinis
2293 2455 2686 2521 da'ntoniorum,
2717 2461 2770 2511 in
2798 2461 3051 2528 hypocrisi
3077 2463 3209 2530 falsa
3246 2466 3526 2534 loquentes,

2016 2544 2352 2593 materiatura
2384 2544 2621 2597 habentes
2650 2550 3015 2602 conscientiam
3043 2568 3212 2616 suout,
3252 2557 3525 2621 prohiben-

2004 2639 2077 2681 tes
2114 2632 2332 2694 nubere,
2375 2645 2423 2685 et
2462 2634 2769 2691 abstinentes
2794 2655 2847 2691 se
2873 2657 2904 2693 a
2929 2644 3053 2694 cibis
3081 2659 3207 2711 quos
3246 2645 3353 2714 (96)
3390 2646 3527 2701 Deus

2004 2722 2189 2772 crearit
2207 2722 2272 2774 ³⁸.
2297 2723 2382 2775 lsti
2408 2724 2524 2791 plus
2545 2728 2753 2795 sapiunt
2770 2730 2833 2783 de
2853 2733 3096 2785 castitate
3118 2749 3271 2803 quam
3295 2745 3523 2804 oportet.

2004 2808 2176 2865 Minus
2210 2821 2384 2866 autem
2424 2816 2560 2881 sapit
2590 2831 2743 2883 quam
2783 2831 2992 2887 oportet
3031 2812 3335 2879 luxuriosus
3361 2838 3413 2880 et
3442 2829 3527 2881 iu-

2005 2909 2204 2953 cestus.
2253 2899 2361 2968 Ego
2401 2913 2574 2956 autem
2614 2907 2735 2959 dico
2767 2910 2904 2973 quod
2947 2919 3000 2963 et
3029 2913 3257 2967 haeretici
3299 2916 3416 2982 plus
3440 2933 3527 2971 ss-

2003 2988 2152 3055 piunt
2181 2990 2245 3042 de
2275 2991 2485 3044 Christo
2521 3009 2676 3059 quam
2711 3008 2912 3062 oportet
2955 3015 3167 3068 sapere,
3204 3009 3291 3071 qui
3332 3018 3526 3077 negant

2005 3089 2124 3126 eum
2152 3076 2241 3128 Dei
2284 3080 2547 3131 creatoris
2590 3080 2933 3147 esseFilium,
2968 3089 3059 3140 sed
3086 3089 3305 3145 alterius
3348 3076 3525 3150 nescio

2006 3162 2156 3230 Cujus
2185 3165 2419 3218 melioris
2449 3165 2539 3219 Dei
2578 3168 2709 3238 (97).
2750 3172 2852 3226 Sed
2879 3183 2933 3227 et
2970 3175 3041 3228 illi
3077 3178 3194 3244 plus
3222 3180 3285 3234 de
3311 3181 3526 3238 Christo

2007 3255 2220 3320 sapiunt
2255 3270 2411 3321 quam
2454 3268 2661 3322 oportet
2701 3276 2915 3337 sapere,
2952 3266 3041 3332 qui
3085 3278 3277 3335 negant
3310 3286 3428 3324 eum
3471 3274 3537 3337 in.

2006 3353 2165 3393 carne
2184 3345 2413 3409 venisse,
2435 3356 2488 3398 et
2512 3356 2691 3400 natum
2715 3364 2831 3403 esse
2842 3330 2915 3403 lex
2936 3351 3169 3422 Virgine,
3192 3360 3284 3410 sed
3309 3360 3527 3414 cteleste

2006 3430 2054 3483 ei
2089 3446 2282 3498 corpus
2326 3435 2617 3503 assignant.
2665 3436 2720 3490 lu
2769 3440 2852 3492 his
2889 3455 3016 3508 ergo
3058 3445 3304 3500 omnibus
3331 3447 3523 3505 Paulus

2009 3531 2102 3570 nos
2132 3521 2240 3571 vult
2276 3537 2377 3574 non
2418 3523 2533 3589 plus
2571 3541 2748 3593 sapere
2788 3544 2937 3595 quam
2973 3543 3165 3595 oportet
3199 3552 3397 3604 sapere,
3435 3542 3524 3592 sed

2004 3622 2180 3673 sapere
2218 3610 2286 3661 ad
2320 3611 2682 3679 sobrietatem,
2728 3617 2868 3682 quod
2903 3618 2952 3670 in
2979 3619 3163 3676 Graeco
3193 3625 3389 3678 dicitur
3417 3643 3521 3682 σω-

2006 3695 2276 3764 φροσύνη,
2318 3698 2368 3750 in
2404 3703 2600 3754 nostris
2635 3711 2808 3755 autem
2852 3706 3155 3775 codicibus,
3201 3713 3301 3767 hoc
3342 3724 3420 3769 est
3468 3718 3523 3770 in

2006 3781 2294 3851 Scripturis
2318 3788 2530 3854 divinis,
2562 3792 2808 3845 sobrietas
2836 3811 2863 3845 a
2889 3800 3174 3865 majoribus
3202 3803 3523 3871 interpreta-

2004 3879 2113 3924 tum
2149 3883 2247 3938 est,
2291 3876 2357 3928 ab
2385 3878 2502 3931 aliis
2551 3888 2728 3934 tamen
2763 3886 2985 3940 eruditis
3022 3890 3149 3943 viris
3185 3894 3520 3959 temperantia

2003 3963 2234 4030 ponitur,
2256 3980 2374 4034 quae
2404 3974 2749 4038 temperantia
2780 3990 2881 4027 una
2910 3991 2974 4029 ex
3003 3989 3228 4044 quatuor
3255 3983 3520 4048 generali-

2001 4049 2099 4102 bus
2132 4051 2412 4107 virtutibus
2442 4057 2692 4113 habetur.
2726 4061 2788 4113 Et
2818 4062 2870 4114 iu
2907 4065 3006 4119 hoc
3039 4080 3164 4134 ergo
3193 4069 3306 4121 loco
3331 4068 3521 4122 melius

426 4164 632 4245 ’jGen.
662 4162 950 4245 XX-XIX,.9:1'.
1023 4163 1067 4194 ”
1089 4162 1296 4245 Esther.
1319 4162 1541 4245 ιιι-ῆι...
1565 4163 1901 4245 “lPet_r._t,f

2026 4165 2068 4196 "
2093 4165 2245 4221 Rom.
2274 4183 2345 4232 ιι,
2381 4169 2465 4222 17.
2540 4171 2584 4203 ’⁸
2604 4173 2755 4229 Rom.
2780 4190 2853 4237 XI,
2881 4174 2965 4228 ΞΟ.
3039 4176 3083 4207 ¹⁹
3104 4178 3276 4232 Eccle.
3303 4193 3393 4245 vn,
3432 4179 3519 4237 17.

343 4235 400 4271 ⁸⁸
430 4234 577 4289 Gen.
614 4247 697 4295 ιιι,
730 4232 781 4283 1.
854 4230 895 4261 ³¹
921 4230 1045 4284 Luc.
1079 4247 1185 4297 χιι,
1221 4234 1274 4286 8.
1369 4231 1412 4263 ³²
1438 4232 1459 4286 l
1482 4230 1618 4286 Tim.
1647 4246 1720 4295 tv,
1750 4232 1867 4286 1-3.

342 4334 435 4382 est
486 4326 557 4377 ei.
601 4321 705 4375 Sed
754 4321 950 4376 rectius
994 4337 1092 4376 ms.
1138 4324 1334 4393 Regius
1379 4340 1524 4379 num.
1569 4323 1705 4380 1659
1746 4335 1806 4379 ιιι
1842 4325 1894 4379 in
1927 4329 1971 4383 D

346 4403 557 4449 nostro
584 4400 752 4445 textu.

428 4462 552 4530 (84)
582 4459 741 4530 Editi,
768 4459 1121 4530 deprehendet.
1153 4459 1349 4530 Deinde
1368 4461 1521 4514 iidem
1548 4469 1600 4514 et
1626 4477 1752 4515 mss.
1776 4461 1890 4526 ple-

347 4526 576 4598 rique:
614 4526 706 4599 E_st
738 4530 871 4599 enim
897 4529 985 4592 qui
1026 4527 1239 4599 etquod
1263 4529 1433 4599 agitet
1474 4530 1610 4596 quod
1645 4531 1891 4599 loquitur.

346 4595 472 4653 Sed
506 4611 608 4650 tus.
636 4595 829 4662 Regius
861 4609 1004 4649 num.
1034 4596 1166 4649 1659
1189 4606 1242 4647 ut
1266 4597 1316 4647 iu
1346 4595 1513 4648 textu.

427 4665 554 4728 (85)
585 4663 742 4723 Editi,
765 4663 870 4721 iam
897 4666 1139 4721 scriptum
1162 4679 1270 4715 esse
1300 4664 1547 4716 diximus.
1606 4688 1609 4691 ·

420 4730 547 4800 (86)
577 4729 739 4790 Editi,
775 4728 1082 4800 Reperimus
1107 4739 1288 4800 autem,
1313 4731 1365 4780 in
1403 4730 1712 4800 qttodant....
1746 4733 1895 4799 quasi

341 4798 605 4870 angelum
645 4798 918 4870 quemdam
949 4799 1176 4870 gratim,
1205 4799 1398 4870 quia...‘
1422 4798 1619 4870 Anabel
1649 4798 1782 4870 enim
1813 4801 1896 4870 dig

340 4865 524 4927 crtior,
560 4877 663 4920 etc.
696 4866 821 4919 Mss.
852 4866 1010 4934 etiam
1052 4866 1288 4934 plerique
1318 4865 1512 4916 habent
1536 4866 1730 4918 Anahel
1757 4884 1774 4919 :
1801 4869 1892 4921 scd

339 4938 566 4993 rectius
595 4949 695 4987 ms.
723 4948 883 4997 unus,
905 4933 1180 4986 Ananeltel.
1215 4933 1285 4985 Ita
1308 4935 1467 4983 etiam
1496 4934 1892 4999 intetpretatutn

338 5005 604 5073 reperies
629 5002 881 5055 Anameel
902 5001 1066 5054 lilium
1096 5002 1292 5063 Saloni,
1318 4999 1569 5056 inJerem.
1596 5013 1711 5069 cap.
1730 5016 1892 5059 χχχιι.

338 5070 599 5143 vers.__8_,
629 5078 758 5123 tom.
784 5082 862 5122 Ill.
1247 5132 1258 5143 ,

426 5137 1026 5207 (87)_lta_omnes_mss
1093 5137 1298 5207 nostri:
1329 5148 1430 5185 ms.
1481 5142 1653 5207 tamen
1698 5137 1892 5207 Regius

340 5201 710 5261 nutu."l659,
743 5201 939 5252 omittit
978 5202 1071 5252 vis.
1107 5202 1241 5252 Editi
1280 5215 1418 5261 vero,
1455 5211 1504 5251 et
1538 5204 1644 5255 alia
1686 5209 1759 5257 vis
1777 5201 1893 5262 ’ἀο-

339 5275 569 5330 animo,
600 5285 715 5337 qua:
746 5278 964 5334 potestas
995 5280 1226 5320 vocatur.
1256 5267 1405 5320 Alius
1449 5284 1616 5322 sermo
1641 5284 1736 5338 est,
1760 5286 1889 5344 etc.,

338 5341 564 5396 Otttisso
610 5346 800 5389 autem.

425 5407 546 5478 (88)
571 5407 865 5478 Steotnnes
895 5416 1025 5455 mss.
1049 5404 1229 5459 nostri.
1252 5402 1388 5457 Editi
1415 5417 1569 5474 vero,
1594 5420 1695 5461 non
1720 5410 1886 5465 solum

340 5472 465 5532 ista
506 5488 623 5536 qute
644 5472 789 5531 dicit,
816 5478 917 5521 etc.

356 5606 377 5635 ι
422 5541 544 5610 (89)
576 5538 730 5602 Editi,
768 5538 985 5604 quidem.

2073 4324 2406 4393 (90)Wlnquit.
2436 4326 2863 4384 Praetermittitur
2886 4333 2935 4393 iu
2958 4322 3136 4387 editis.

1993 4464 2026 4515 ἡ
2066 4394 2171 4463 (91)
2191 4392 2348 4512 Ιῗὲίιί,
2373 4406 2418 4446 et
2441 4398 2739 4452 insultantes
2765 4392 2965 4470 quidem
2991 4404 3138 4457 bona:
3166 4404 3334 4471 olims,
3364 4418 3520 4460 etiam

2032 4479 2151 4522 unc,
2181 4477 2210 4514 e
2270 4501 2284 4515 .

2062 4528 2171 4600 (92)
2202 4528 2312 4581 Hoc
2334 4539 2405 4582 est
2437 4534 2569 4584 enim
2598 4533 2712 4601 plus
2754 4552 2946 4604 sapere.
2975 4538 3094 4593 llaec
3131 4541 3181 4591 in
3220 4541 3378 4595 editis
3412 4557 3519 4595 non.

1992 4608 2320 4662 comparent.

2400 4678 2446 4721 et
2473 4670 2517 4722 si
2537 4672 2660 4735 quid
2690 4674 2856 4743 minus
2880 4676 3072 4743 aliquis
3094 4676 3238 4741 facit.

2084 4733 2169 4807 94)
2201 4735 2426 4807 Εύίιίβι
2453 4733 2578 4791 mss.
2620 4742 2852 4806 quidam,
2882 4754 2926 4794 et
2963 4733 3145 4796 inicius
3173 4755 3315 4807 agat,
3348 4760 3403 4799 tn
3432 4746 3527 4797 ul-

1992 4802 2159 4878 tionis
2179 4804 2501 4878 crudelitate,
2529 4802 2652 4878 etcf
2676 4807 2778 4859 Sed
2805 4812 3000 4863 rectius
3023 4826 3119 4863 tus.
3147 4802 3346 4878 Regius
3368 4827 3515 4865 num.

1992 4871 2128 4924 1659
2151 4880 2204 4924 et
2237 4870 2485 4926 Rabanus
2506 4884 2560 4926 ut
2587 4876 2635 4926 in
2661 4886 2843 4927 nostro
2867 4887 3031 4929 tt-xtu.

2061 4940 2169 5009 (95)
2211 4939 2367 5004 Editi,
2410 4943 2463 5011 in
2505 4943 2663 5011 multo
2698 4945 2894 5009 justus.
2955 4944 3020 4995 Et
3046 4945 3215 5011 (paulo
3261 4955 3379 5010 post.
3413 4964 3517 5004 ms.

1990 5005 2185 5080 Regius
2215 5023 2358 5080 nutu.
2403 5009 2549 5080 16597
2574 5005 2750 5074 habet,
2775 5013 3010 5080 sitninus
3033 5005 3239 5074 habeat,
3263 5005 3519 5080 formido.

2058 5076 2167 5146 (96)
2195 5077 2282 5128 Sic
2305 5091 2401 5129 ms.
2425 5076 2620 5144 Regius
2647 5093 2782 5130 num.
2812 5078 2966 5132 1659.
2996 5080 3185 5131 Caneri
3214 5076 3342 5132 vero
3358 5076 3523 5146 'mss.,

1989 5146 2236 5196 Rabauus
2262 5151 2315 5196 et
2340 5146 2463 5195 editi
2487 5182 2502 5207 ,
2536 5146 2869 5211 loquentium,
2898 5145 3248 5197 cauteriotam
3279 5148 3525 5201 habentes

1989 5212 2282 5280 (itabanus,
2326 5213 2644 5280 trahentium)
2672 5250 2688 5265 .
2720 5250 2735 5265 .
2771 5253 2784 5266 .
2817 5214 3207 5280 prohibentium
3235 5214 3450 5279 nubere,
3476 5223 3533 5268 et

1994 5281 2253 5357 abstinere
2282 5296 2312 5330 a
2343 5280 2504 5357 cibis,
2530 5295 2683 5353 ‘quos,
2722 5290 2917 5357 etcL“
3065 5346 3075 5356 _
3188 5344 3201 5356 .
3270 5343 3305 5357 λ
3347 5348 3357 5357 _
3492 5294 3495 5299 ’

2060 5348 2168 5417 (97)
2209 5346 2303 5426 bis.
2342 5343 2733 5426 RegiusLuutn.
2782 5346 2957 5411 i659,
3003 5343 3545 5426 minoris-'Deisseti

1987 5415 2169 5472 omnes
2209 5417 2295 5471 alii
2337 5432 2493 5484 mss.,
2528 5416 2778 5472 [tabanus
2833 5426 2891 5470 et
2948 5415 3077 5469 editi
3114 5415 3321 5466 rectius
3376 5422 3437 5467 ut
3486 5416 3551 5468 in:

1989 5495 2153 5541 textu.
