3910 6280
307 303 434 356 1211

1707 288 2023 344 ORIGENIS

3561 247 3713 302 ιιιε».

306 412 540 480 Apostoli
571 411 708 463 dicta
747 409 988 460 lacerent
1010 445 1024 467 ,
1056 405 1099 458 si
1132 403 1452 457 haberemus
1484 410 1536 455 et
1564 417 1660 456 nos
1697 404 1829 456 seri-
1860 408 1904 461 Λ
1935 401 2094 452 Iatur.
2147 397 2212 450 Et
2260 397 2332 448 ita
2384 391 2638 480 invenias
2683 376 3714 480 unumquemque‘propitiatus

307 513 456 571 ptum
489 499 772 554 secundum
800 496 968 549 Graeci
1011 496 1273 547 sermonis
1303 495 1553 544 virtutem
1574 532 1589 556 ,
1622 497 1706 546 sed
1741 510 1832 544 sa-

305 607 423 658 pere
452 589 519 640 ad
563 586 957 652 temperantiam
987 597 1006 634 :
1039 585 1137 636 hoc
1166 592 1247 636 est
1269 620 1284 646 ,
1316 592 1374 634 ut
1404 583 1454 634 in
1479 584 1724 636 omnibus
1751 582 1832 635 vel

309 693 426 745 quae
454 677 690 744 agimus,
723 674 805 726 vel
837 688 954 740 qua:
983 672 1270 740 loquimur,
1301 671 1382 723 vel
1411 685 1526 738 quae
1555 673 1831 735 sentimus,

309 764 710 832 temperantiam
759 771 1056 815 teneamus.
1111 763 1164 814 ln
1214 761 1296 813 his
1333 762 1470 813 enim
1511 775 1627 827 quas
1675 775 1832 826 supra

306 853 732 907 enumeravimus
755 868 920 921 neque
946 852 1173 918 amplius
1197 865 1364 918 neque
1389 851 1561 902 minus
1591 849 1703 902 fieri
1740 849 1834 901 de-

307 945 467 1005 bere,
504 943 715 994 modum
755 956 970 994 servare
1002 942 1146 992 novit
1173 940 1282 992 sola
1311 939 1680 1006 temperantia.
1712 937 1836 989 Post

311 1031 422 1084 haec
440 1031 513 1082 ait
539 1047 551 1081 :
577 1029 860 1095 Unicuique
882 1031 1008 1080 sicut
1029 1029 1196 1080 divisit
1218 1027 1352 1079 Deus
1370 1042 1656 1078 mensuram
1677 1024 1797 1091 ﬁdei
1815 1037 1833 1074 .'

313 1119 414 1174 hoc
445 1129 544 1182 est,
580 1127 636 1170 ut
671 1120 802 1170 sciat
839 1101 1193 1184 unusquisque
1223 1127 1276 1169 et
1318 1116 1573 1182 intelligat
1616 1129 1732 1181 quae
1776 1113 1828 1164 in

311 1220 376 1259 eo
401 1207 472 1258 sit
504 1219 751 1256 mensura
797 1207 975 1272 gratia:
1009 1205 1126 1268 Dei,
1161 1217 1318 1271 quam
1346 1202 1594 1268 consequi
1646 1202 1837 1254 meruit

311 1307 407 1360 per
451 1293 628 1343 (idem.
689 1291 952 1342 Interdum
993 1291 1131 1341 enim
1177 1289 1369 1354 accipit
1410 1289 1529 1354 quis
1562 1303 1589 1338 a
1635 1287 1738 1340 Deo
1782 1297 1838 1337 ut

312 1384 486 1450 sapiat
515 1383 567 1436 in
598 1395 756 1450 opere
786 1380 896 1448 (98)
927 1379 1206 1431 eharitatis
1229 1417 1243 1440 ,
1273 1386 1361 1428 aut
1390 1385 1446 1428 ut
1475 1377 1644 1442 sapiat
1676 1374 1726 1426 in
1759 1373 1837 1426 of-

314 1473 437 1525 ﬁcio
476 1471 722 1524 visitandi
748 1509 762 1534 ,
801 1479 888 1520 aut
922 1481 1045 1532 erga
1090 1465 1483 1518 misericordias
1525 1475 1835 1530 pauperum,

315 1561 571 1614 auteirca
612 1558 858 1611 debilium
897 1571 1114 1617 curam,
1163 1562 1251 1605 aut
1283 1568 1406 1621 erga
1449 1553 1724 1604 viduarum
1777 1559 1833 1603 et

313 1649 627 1716 pupillorum
643 1645 1126 1707 defensionem,aut
1149 1656 1269 1710 erga
1299 1641 1668 1708 hospitalitatis
1694 1641 1838 1693 solli-

1933 500 2055 552 erga
2093 497 2254 536 unum
2294 479 2514 547 aliquod
2545 473 2838 536 ofﬁcium,
2894 478 2968 521 et
3027 456 3415 552 speciali-ns
3465 466 3712 551 operam

1932 575 2096 638 dare;
2137 582 2336 626 caetera
2379 583 2509 623 vero
2549 562 2871 634 sequentia
2927 557 3231 610 habere.
3285 546 3516 611 Neque
3555 542 3712 638 enim

1933 663 2033 714 hoc
2064 633 2296 713 dicimus
2337 657 2482 724 quod
2525 633 2699 708 unum
2751 647 3066 703 suﬂicere
3123 639 3422 698 debeat,
3461 633 3574 688 sed

1933 751 2165 805 cundum
2227 722 2456 801 fortnam
2525 739 2811 813 propositi
2867 731 3211 800 exempli.
3277 727 3499 788 Sicut,
3553 722 3716 775 verbi

1934 841 2127 909 gratia,
2177 841 2365 892 oculus
2411 835 2655 902 speciale
2705 830 2987 885 cilicium
3071 822 3296 876 habet
3359 826 3433 870 ut
3491 816 3715 877 videat,

1934 907 2094 981 unttm
2151 936 2325 978 tamen
2377 925 2452 994 (4)
2497 934 2584 977 est
2636 937 2709 974 ex
2764 918 3094 973 oninibus
3163 922 3237 965 et
3301 911 3371 962 in
3433 907 3718 961 omnibus

1935 1017 2206 1072 membris.
2254 1025 2463 1068 etcum
2493 1012 2737 1079 singulis
2778 1010 2909 1077 agit
2943 1004 3229 1063 omnia,
3275 1009 3348 1054 et
3397 1014 3547 1053 cum
3594 999 3718 1066 ipso

1934 1107 2139 1172 singula
2164 1119 2390 1174 quaeque
2415 1112 2590 1171 agunt
2613 1101 2809 1154 omnia
2843 1117 2859 1162 ;
2892 1099 2988 1151 ita
3028 1104 3104 1150 et
3145 1094 3268 1161 qni
3308 1106 3430 1159 per
3456 1089 3715 1156 gratiam

1937 1195 2057 1247 lidei
2111 1211 2274 1246 unum
2325 1193 2550 1261 aliquod
2603 1193 2822 1244 donum
2866 1185 3186 1256 speciale
3242 1181 3566 1235 meruerit
3610 1178 3715 1250 (5),

1938 1285 2067 1338 illud
2099 1284 2313 1350 quidem
2347 1281 2743 1351 principaliter
2775 1279 3231 1332 administrat
3265 1291 3286 1337 ;
3335 1275 3402 1326 in
3435 1273 3718 1326 omnibus

1937 1389 2062 1428 vero
2088 1374 2302 1427 actibus
2344 1373 2531 1426 socius
2563 1386 2694 1424 cum
2727 1369 2991 1422 caneris
3039 1367 3360 1419 habetur
3415 1372 3478 1418 et
3531 1364 3715 1432 partio

1938 1476 2081 1529 ceps.
2127 1463 2409 1526 Quomodo
2438 1471 2626 1512 autem
2662 1473 2886 1525 corpus
2932 1455 3130 1509 istud
3199 1455 3270 1506 in
3311 1454 3584 1506 Christo
3623 1454 3714 1515 sit,

1940 1550 1990 1602 id
2021 1558 2105 1604 est
2139 1552 2190 1602 in
2217 1551 2476 1610 veritate,
2502 1559 2554 1602 et
2581 1548 2903 1614 sapientia,
2935 1555 3010 1600 et.
3048 1544 3370 1614 justitia,
3401 1553 3468 1597 et
3498 1543 3716 1598 saneti-

1940 1638 2226 1700 ﬁcatione,
2256 1653 2375 1704 qme
2411 1638 2600 1688 omnia
2635 1635 2918 1688 Christus
2953 1643 3073 1687 est
3101 1675 3122 1696 ,
3181 1647 3369 1700 saepe
3403 1633 3537 1700 jam
3577 1633 3717 1686 dixi-

314 1739 626 1790 citudinem.
659 1735 780 1788 Haec
808 1748 936 1800 ergo
963 1733 1164 1801 singula
1193 1731 1370 1784 divisit
1397 1732 1680 1798 unicuique
1701 1731 1839 1783 Deus
1873 1719 1914 1776 Β
1944 1741 2078 1778 mus.
2121 1725 2236 1778 Jatn
2267 1724 2435 1794 648
2467 1739 2603 1776 vero
2631 1725 2678 1777 si
2718 1724 2776 1775 in
2814 1725 2938 1776 hoc
2979 1736 3332 1788 corpore,
3377 1718 3555 1770 verbi
3588 1733 3715 1788 gra-

314 1829 603 1882 secundum
646 1840 945 1878 mensuram
996 1823 1138 1876 fidei.
1179 1822 1281 1875 Sed
1327 1822 1371 1874 si
1417 1823 1460 1873 is
1498 1822 1589 1888 qui
1635 1821 1842 1887 accepit

315 1917 536 1982 gratiam
567 1925 622 1967 ut
645 1915 706 1968 de
731 1928 836 1966 uno
861 1913 1036 1980 aliquo
1067 1912 1252 1963 borum
1284 1919 1512 1977 saperet,
1551 1924 1654 1962 non
1688 1910 1845 1962 intel-

315 2005 444 2073 ligat
475 2018 775 2057 mensuram
806 2002 914 2070 (99)
943 2001 1126 2068 gratim
1154 1999 1252 2051 sibi
1291 1999 1445 2060 datm,
1477 1997 1565 2049 sed
1599 1997 1727 2049 velit
1754 2012 1842 2048 sa—

316 2109 446 2163 pere
475 2095 539 2145 de
572 2092 833 2158 sapientia
869 2090 990 2152 Dei,
1029 2092 1092 2141 de
1115 2089 1277 2140 verbo
1313 2087 1567 2138 doctrinae
1592 2125 1608 2148 ,
1635 2088 1698 2138 de
1723 2101 1845 2153 pro-

316 2184 578 2236 fundioris
612 2181 848 2234 scientiae
889 2179 1126 2242 ratione,
1161 2177 1210 2228 in
1240 2193 1346 2244 quo
1371 2178 1591 2244 gratiam
1627 2191 1728 2228 non
1759 2191 1845 2228 ac-

325 2275 501 2340 cepit,
535 2282 584 2324 et
625 2287 726 2324 non
763 2281 864 2321 tam
904 2271 1108 2322 discere
1145 2266 1301 2330 velit,
1327 2282 1482 2334 quam
1514 2268 1704 2320 docere
1731 2281 1845 2334 quae

319 2363 521 2425 nescit;
563 2362 664 2414 iste
709 2375 828 2412 cum
872 2359 1046 2411 minus
1085 2358 1292 2425 sapiat,
1341 2355 1460 2422 plus
1507 2355 1617 2406 vult
1661 2369 1846 2422 sapere

319 2467 478 2518 quam
507 2459 736 2518 oportet.
771 2448 882 2501 Non
910 2449 1050 2498 enim
1083 2448 1220 2513 sapit
1251 2445 1312 2496 ad
1348 2443 1758 2506 temperantiam
1791 2453 1847 2494 ut

321 2542 582 2593 custodiat
605 2543 875 2608 unicuique
895 2541 1026 2591 sicut
1049 2540 1222 2590 diuisit
1244 2536 1376 2587 Deus
1396 2551 1684 2587 mensuram
1705 2535 1843 2601 ﬁdei.

323 2632 515 2686 Verum
541 2643 596 2684 ιιι
623 2632 920 2683 evidentius
947 2630 1120 2681 adhuc
1148 2629 1212 2680 de
1246 2628 1327 2678 his
1355 2624 1431 2692 (1)
1453 2624 1733 2692 Apostolus
1757 2626 1848 2678 de-

323 2721 579 2787 signaret,
609 2718 899 2770 introducit
923 2715 1243 2783 exetnplum,
1269 2721 1321 2764 et
1346 2713 1470 2765 dicit
1499 2728 1512 2762 :
1544 2712 1689 2765 Sicut
1715 2715 1846 2764 enim

323 2810 375 2860 in
424 2824 526 2859 uno
567 2821 774 2873 corpore
823 2804 984 2856 inulta
1034 2803 1258 2854 membra
1308 2801 1580 2861 habemus,
1623 2802 1848 2851 membra

322 2907 495 2949 autem
527 2896 696 2947 omnia
739 2911 838 2946 non
869 2893 1101 2944 eumdem
1131 2900 1300 2942 actum
1329 2891 1512 2941 habent
1539 2903 1555 2938 :
1588 2889 1661 2940 ita
1699 2888 1848 2940 multi

323 3002 484 3039 unum
509 3001 690 3051 corpus
721 2999 896 3036 sumus
937 2983 990 3034 in
1027 2979 1233 3033 Christo
1253 3017 1268 3042 ,
1299 2979 1489 3044 singuli
1521 2987 1690 3030 autem
1718 2979 1849 3030 alter

324 3077 540 3128 alterius
588 3076 812 3127 membra
855 3087 873 3125 .'
915 3071 1306 3125 ordinatissime
1347 3084 1441 3136 per
1484 3069 1594 3121 hinc
1635 3085 1849 3137 compo-

326 3179 456 3216 nens
487 3178 641 3217 omne
669 3177 859 3230 corpus
887 3161 1134 3214 Ecclesia:
1160 3175 1174 3221 ;
1209 3169 1264 3210 ut
1293 3158 1430 3211 sicut
1461 3159 1696 3210 membra
1730 3173 1851 3211 cor-

325 3255 472 3322 poris
517 3254 720 3321 singula
769 3267 989 3320 quaeque
1038 3251 1281 3320 proprios
1327 3250 1523 3300 habent
1569 3257 1745 3314 actus,
1799 3259 1851 3302 et

289 3327 297 3337 ’
326 3342 510 3394 olIiciis
536 3345 646 3394 suis
672 3342 1080 3409 unumquodque
1109 3343 1358 3403 deservit,
1396 3356 1492 3394 nec
1525 3352 1702 3394 tamen
1736 3354 1852 3407 posv

328 3432 480 3484 sibile
516 3441 597 3484 est
636 3441 690 3482 ιιι
718 3446 818 3484 non
855 3446 1114 3484 consensu
1158 3442 1337 3485 mutuo
1365 3432 1464 3484 sibi
1500 3431 1724 3485 invicem
1762 3446 1851 3484 ce-

329 3520 457 3571 dant
487 3536 499 3570 :
535 3519 638 3580 ita,
683 3517 878 3585 inquit,
921 3526 972 3568 et
1015 3516 1066 3568 in
1113 3516 1347 3568 Ecclesia
1388 3532 1505 3583 qua:
1538 3526 1620 3568 est
1663 3530 1853 3583 corpus

331 3606 552 3667 Christi,
580 3607 816 3658 diversos
844 3605 1036 3673 singuli
1072 3607 1322 3658 habemus
1343 3616 1513 3658 actus.
1542 3605 1695 3658 Verbi
1728 3620 1852 3673 gra-

333 3694 402 3746 tia
437 3710 450 3744 :
499 3694 634 3747 alius
673 3693 902 3747 studium
946 3710 1103 3747 omne
1151 3708 1274 3761 erga
1317 3695 1630 3762 sapientiam
1674 3694 1765 3746 Dei
1800 3702 1854 3746 et

331 3783 626 3834 doctrinam
667 3783 812 3837 verbi
854 3783 1106 3847 adhibet,
1149 3795 1204 3837 et
1246 3784 1297 3836 in
1336 3783 1678 3837 meditatione
1725 3783 1855 3851 legis

332 3873 519 3925 divinae
559 3873 644 3926 die
673 3889 734 3926 ac
761 3883 916 3927 nocte
960 3875 1228 3942 persistit;
1275 3883 1328 3926 et
1371 3885 1452 3926 est
1481 3873 1654 3943 magni
1701 3874 1854 3941 hujus

331 3963 566 4030 corporis
595 3963 800 4015 oculus.
831 3963 1004 4026 Alius,
1038 3971 1095 4014 ιιι
1129 3977 1290 4030 supra
1322 3962 1574 4024 diximus,
1607 3976 1729 4030 erga
1759 3961 1857 4013 mi-

330 4052 605 4105 nisterium
641 4051 884 4113 fratrum,
915 4061 969 4104 et
1002 4052 1348 4120 indigentium
1378 4060 1528 4105 curat
1553 4050 1660 4120 (2);
1700 4059 1754 4103 et
1777 4058 1857 4102 est

331 4142 504 4194 sancti
536 4140 693 4208 hujus
722 4141 958 4207 corporis
991 4156 1198 4195 manus.
1235 4143 1382 4194 Alius
1413 4141 1678 4194 studiosus
1707 4139 1857 4192 audi-

332 4238 417 4283 tor
456 4241 540 4284 est
575 4232 718 4284 verbi
753 4233 841 4285 Dei
870 4249 884 4296 ;
928 4240 981 4284 et
1019 4233 1163 4284 auris
1193 4242 1275 4284 est
1303 4231 1564 4298 corporis.
1608 4229 1760 4281 Alius
1789 4228 1854 4281 ad

1945 1814 2037 1874 tia,
2067 1823 2122 1863 ut
2154 1813 2223 1864 sit
2251 1811 2327 1881 (6)
2367 1812 2567 1878 aliquis
2613 1811 2864 1871 oculus,
2921 1809 3120 1876 quod
3176 1818 3292 1860 est
3346 1808 3413 1860 in
3467 1821 3714 1874 corpore

1947 1912 2054 1954 toto
2082 1901 2352 1965 nobilius;
2384 1901 2470 1952 vel
2505 1915 2704 1953 n‘iamis
2728 1939 2745 1963 ,
2802 1901 2979 1967 quod
3038 1897 3380 1965 sequenti
3436 1897 3578 1951 loco
3619 1896 3714 1949 ba-

1941 1993 2055 2045 beri
2089 2001 2308 2060 potest;
2341 2002 2434 2044 aut
2463 1993 2640 2055 auris,
2674 2001 2777 2044 aut
2806 1991 3069 2059 lingua,
3119 1999 3248 2043 ant
3278 1999 3523 2044 caetera
3556 2005 3710 2059 quaa-

1943 2097 2044 2148 que
2077 2097 2195 2148 qua:
2227 2083 2480 2135 videntur
2509 2082 2849 2135 honestiora
2882 2097 3040 2135 esse
3085 2101 3103 2136 :
3153 2091 3228 2135 et
3273 2098 3513 2136 rursus
3550 2092 3614 2136 ut
3643 2083 3712 2137 sit

1944 2170 2154 2237 aliquod
2197 2170 2345 2224 aliud
2393 2169 2705 2222 membrum
2749 2185 2826 2224 ex
2889 2172 3002 2224 his
3049 2187 3219 2240 qua:
3266 2172 3578 2226 videntur
3622 2174 3709 2225 in-

1948 2261 2252 2312 honestiora
2284 2275 2403 2313 esse
2431 2277 2448 2321 ;
2482 2263 2599 2329 ipse
2628 2262 2852 2330 aliquid
2895 2278 3139 2318 causae
3184 2267 3577 2332 praestiterit
3608 2267 3706 2336 (7),

1946 2364 2012 2401 an
2055 2349 2146 2402 Dei
2197 2351 2474 2404 voluntate
2517 2354 2735 2418 absque
2787 2357 2940 2409 ullis
2994 2358 3305 2411 omnino
3358 2360 3578 2412 causis
3619 2360 3708 2414 ille

1947 2437 2115 2500 illud,
2152 2438 2233 2489 vel
2266 2438 2353 2490 ille
2383 2439 2461 2508 (8)
2519 2441 2654 2492 illud
2691 2446 3104 2501 constitutus
3176 2450 3274 2502 sit
3340 2451 3706 2515 membrum,

1946 2543 2106 2595 supra
2154 2538 2389 2581 nostram
2426 2545 2549 2584 esse
2578 2531 3070 2603 intelligentiam
3116 2549 3320 2606 puto.
3379 2540 3606 2594 Verum
3639 2555 3710 2595 ne

1949 2619 1999 2670 hi
2036 2619 2123 2686 qui
2163 2629 2385 2672 naturas
2421 2621 2676 2675 diversas
2718 2636 3030 2678 asserunt.
3085 2631 3526 2695 animarum,
3574 2643 3633 2683 et
3673 2644 3704 2683 ι

1948 2707 2171 2760 diversis
2199 2707 2574 2761 conditoribus
2607 2709 2925 2766 institutas
2953 2752 2974 2776 ,
3010 2715 3253 2769 locum
3298 2718 3701 2772 conﬁrmandi

1949 2799 2213 2865 dogmatis
2255 2797 2340 2850 sui
2383 2797 2634 2852 invenire
2681 2803 3072 2872 videantur,
3126 2824 3210 2862 ea
3256 2826 3412 2878 qua
3448 2814 3701 2867 nobisin

1948 2887 2313 2954 superioribus
2363 2888 2428 2940 de
2463 2889 2613 2942 vasis
2668 2891 2938 2948 honoris
2995 2908 3069 2950 et
3137 2902 3339 2956 vasis
3400 2913 3700 2958 contume-

1950 2977 2033 3029 lia:
2060 2977 2103 3006 ³³
2131 2977 2359 3030 disserta
2389 2986 2538 3038 sunt,
2571 2979 2746 3031 etiam
2783 2981 2845 3033 in
2881 2983 2980 3053 (9)
3024 2993 3367 3052 praesenti
3410 2991 3706 3046 suﬂiciant

1949 3066 2082 3123 loco.
2109 3065 2387 3135 Nunquam
2415 3069 2560 3120 enim
2593 3073 3076 3132 concedendum
3129 3093 3245 3136 est.
3276 3122 3298 3148 ,
3361 3094 3433 3138 ut
3477 3087 3602 3141 sive
3647 3087 3704 3140 in

1951 3155 2219 3222 praisenti,
2269 3157 2380 3210 sive
2414 3155 2466 3208 in
2500 3159 2832 3224 prieteritis,
2885 3164 3037 3220 sive
3099 3171 3319 3225 etiam
3385 3173 3450 3226 in
3501 3175 3704 3228 [υιω-ίε

1950 3247 2178 3334 βωουιὶε,
2211 3263 2314 3300 non
2340 3249 2414 3300 ita
2439 3263 2916 3323 unumquemque
2949 3258 3319 3326 dispenset
3347 3263 3483 3334 (10)
3512 3265 3700 3319 divina

1949 3333 2310 3400 Providentia,
2331 3346 2386 3389 ut
2412 3338 2859 3410 uniuscujusque
2888 3348 3228 3404 meritum
3253 3333 3515 3408 arbitrii
3540 3358 3702 3410 liber-

1952 3430 2058 3474 tate
2083 3425 2362 3477 colleetum
2394 3429 2686 3480 materiam
2720 3430 3078 3498 praebuerit
3117 3440 3566 3510 dispensanti.
3605 3442 3702 3498 Ju-

1951 3515 2064 3600 sms
2085 3520 2176 3600 est
2196 3511 2336 3563 enim
2362 3513 2523 3577 Deus,
2547 3524 2603 3566 et
2628 3515 2917 3584 injustitia
2953 3540 3095 3578 non
3128 3540 3243 3583 est
3265 3535 3441 3600 apud
3473 3549 3608 3588 eum
3632 3533 3698 3586 ³³.

2021 3599 2075 3652 5.
2125 3599 2392 3692 ῌαὺεηιεε
2435 3605 2578 3656 enim
2629 3605 2745 3673 (Η)
2797 3609 2966 3665 dona
3012 3599 3400 3674 secundum
3458 3624 3700 3692 gratiam

1953 3689 2224 3781 quaedam
2261 3700 2334 3743 est
2375 3693 2544 3754 nobis,
2584 3696 2952 3766 differentia,
3011 3707 3154 3760 sive
3188 3689 3588 3781 prophetiam
3617 3733 3700 3769 se-

1952 3780 2178 3830 cundum
2229 3783 2484 3833 rationem
2528 3783 2701 3850 ﬁdei,
2743 3791 2863 3842 sive
2917 3780 3398 3856 ministerium.
3433 3808 3497 3858 in
3541 3807 3701 3860 mini.

1953 3869 2200 3929 strando,
2246 3869 2352 3921 sive
2387 3871 2480 3936 qui
2516 3873 2671 3926 docet
2713 3877 2771 3928 in
2819 3879 3162 3951 doetrina,
3205 3893 3323 3956 qui
3360 3895 3702 3948 exhortatur

1953 3956 2009 4055 in
2042 3957 2386 4055 exhortando,
2416 3963 2509 4026 qui
2542 3964 2735 4055 tribuit
2769 3968 2828 4019 in
2859 3971 3333 4047 simplicitate,
3361 3988 3472 4054 qui
3502 3995 3697 4055 pucea

1953 4045 2008 4096 in
2041 4047 2413 4114 sollicitudine,
2457 4052 2552 4118 qui
2587 4053 2886 4110 miseretur
2929 4064 2999 4115 in
3039 4045 3400 4128 ιιειαι-ειάιὲ
3432 4045 3515 4132 ἐξ
3560 4078 3698 4133 Cum

1955 4134 2178 4224 disisset
2215 4137 2456 4204 singulos
2486 4156 2742 4212 quosque
2777 4151 3210 4214 credentium
3249 4169 3545 4222 membra
3577 4183 3699 4224 esse

1955 4223 2111 4316 unius
2170 4229 2412 4295 corporis
2463 4230 2717 4300 Christi;
2789 4253 2957 4294 nunc
3035 4255 3251 4315 quasi
3317 4223 3696 4316 diversorum

332 4321 583 4374 visendos
616 4315 1013 4384 accumbentes,
1043 4331 1097 4374 et
1132 4321 1476 4388 requirendos
1515 4318 1850 4382 tribulantes,
1884 4327 1926 4380 ι)
1957 4313 2317 4369 membrorum
2343 4317 2730 4376 diversitatem
2755 4333 2964 4395 operis
2995 4313 3418 4415 enumerat;
3451 4313 3524 4404 et

331 4419 388 4462 et
421 4410 618 4476 positos
663 4411 716 4462 in
751 4411 1154 4463 necessitatibus
1189 4409 1450 4463 eruendos
1483 4417 1567 4462 est
1605 4408 1856 4475 impiger;

333 4499 423 4567 qui
457 4513 548 4566 pes
572 4499 686 4552 sine
714 4499 874 4552 dubio
904 4499 977 4568 (5)
1015 4497 1362 4554 ecclesiastici
1402 4496 1638 4564 corporis
1680 4495 1858 4562 appel-

436 4593 479 4622 ³³
510 4594 662 4646 Rom.
692 4608 767 4655 Ix,
791 4592 882 4645 21.
946 4593 991 4622 ”
1012 4591 1167 4645 Joan.
1199 4606 1293 4652 vn,
1325 4591 1410 4645 18.
1479 4588 1523 4620 ³⁵
1552 4587 1707 4641 Rom.
1738 4587 1935 4648 xu.(i-8

425 4685 510 4748 98)
535 4685 690 4745 Editi,
707 4685 912 4743 accidit,
933 4693 986 4736 ut
1003 4688 1112 4752 quis
1130 4702 1161 4736 a
1183 4697 1284 4735 beo
1302 4683 1466 4746 sapiat
1485 4683 1540 4733 in
1561 4697 1726 4748 opere,
1749 4692 1851 4736 etc.

424 4755 696 4824 99)4Editi,
720 4771 818 4824 non
843 4755 1414 4824 intelligitmensuram,
1439 4763 1543 4803 etc.

399 4816 474 4890 (Ι)
496 4816 577 4874 ὀε
607 4823 703 4874 his.
745 4823 897 4875 Deest
927 4823 976 4873 in
1008 4816 1193 4875 editis.
1237 4821 1429 4872 Deinde
1469 4833 1592 4890 mss.
1623 4816 1860 4890 plerique

333 4884 672 4945 et'lt'abanus
707 4906 799 4958 pro
843 4891 1126 4954 designaret
1168 4887 1704 4958 habentrassignaret.
1751 4884 1853 4937 Sed

337 4975 437 5011 ms.
471 4961 664 5024 liegius
697 4975 840 5014 num.
875 4959 1003 5012 1659
1035 4971 1085 5013 et
1115 4959 1240 5015 editi
1281 4966 1336 5008 ιιι
1375 4957 1422 5006 in
1457 4965 1619 5024 textu.

409 5028 480 5093 (‘2)
515 5023 603 5079 Sic
632 5044 729 5078 ms.
756 5027 951 5094 Regius
987 5045 1131 5082 num.
1158 5026 1309 5084 1659.
1345 5023 1535 5077 Caneri
1580 5034 1854 5094 vero‘tnss.

339 5103 392 5145 et
417 5090 564 5157 editi,
593 5108 635 5146 et
661 5090 996 5160 indigentium
1028 5095 1526 5156 curam.‘l{abanus,
1557 5101 1602 5143 et
1631 5090 1860 5154 indigen-

344 5161 465 5211 tium
493 5180 666 5213 curam
699 5165 865 5215 habet.

349 5293 362 5304 ,
409 5229 675 5304 (δλιέόὶιί,
721 5243 765 5282 ει
803 5250 886 5293 pes
927 5235 1033 5288 sine
1069 5237 1258 5296 dubio,
1311 5239 1413 5282 ctc.
1450 5227 1667 5286 Deinde,
1693 5235 1747 5304 let
1788 5225 1858 5304 itit

344 5294 560 5374 infici-'5“
590 5315 986 5374 ""P'ﬂqwmque
1015 5323 1103 5368 pro
1134 5294 1280 5374 posse
1306 5315 1428 5368 ergo
1458 5311 1616 5348 unum
1652 5294 1859 5362 aliquod

343 5361 814 5435 oﬂioi‘um‘sp‘iritale
840 5361 1044 5435 operam
1075 5361 1220 5430 dore.

349 5426 670 5548 ωιξὲηειξιῗῖ
695 5426 924 5499 spiritale
942 5426 1158 5509 o/ﬁciuﬁ
1177 5426 1340 5500 habet
1368 5445 1420 5488 ut
1451 5434 1640 5495 videat,
1665 5445 1862 5482 verum-

522 5535 532 5550 .
568 5512 668 5550 etc.

417 5555 489 5624 (5)
517 5561 669 5626 Editi,
697 5582 852 5624 unum
881 5575 1090 5646 aliquod
1116 5588 1306 5645 bonum
1339 5570 1573 5642 spiritale
1604 5567 1809 5620 meruit.

1963 4416 2120 4507 causa
2143 4445 2159 4471 ,
2191 4407 2335 4462 velut
2361 4411 2521 4465 oculo
2552 4415 2735 4468 visum
2758 4455 2774 4480 ,
2809 4419 2889 4472 ita
2927 4433 3191 4498 menti,
3228 4407 3517 4505 quaeest
3549 4443 3698 4497 inle-

1963 4499 2074 4549 rior
2118 4499 2338 4566 oculus,
2389 4505 2701 4572 prophetia:
2745 4513 3024 4584 assignat
3079 4499 3441 4600 oﬂicium;
3491 4545 3554 4588 et
3599 4532 3696 4588 alii

2029 4677 2461 4777 (fillin'ffﬂi‘ii
2497 4699 2662 4777 9331c:
2685 4688 3193 4777 ,¹ῗ³ῗ›⁹.βι,εξάίιίρ
3237 4721 3462 4776 recte.
3501 4720 3564 4765 ιιι
3595 4713 3690 4777 εει.

1961 4750 2895 4885 fisﬁi'ﬂﬂ-o‘iiii'iif‘oiii33.13;?
2923 4769 3188 4836 “"”“°"
3223 4780 3449 4834 “""‘°
3482 4782 3693 4840 (λειετί

2139 4883 2610 4974 ξιίονιξιέζμιξιξεί-υξ
2645 4911 2814 4974 num:
2836 4883 3026 4959 71659.
3059 4906 3181 4963 Ms.
3221 4919 3446 4973 codex
3481 4919 3690 4974 Vallis-

1958 4950 2128 5031 Qlarze
2142 4957 2293 5032 addit
2327 4971 2398 5006 an
2428 4950 2555 5023 po'st
2589 4961 2740 5045 ipse.
3199 4950 3471 5042 .5333;
3495 4950 3688 5045 ἓῗιῗίῗῖ

1964 5022 2300 5094 ipsemaltqutd
2328 5038 2506 5094 causa
2537 5042 2844 5094 primum.
3669 5032 3688 5048 .

2035 5087 2111 5160 (8)
2142 5089 2298 5160 Deest
2330 5091 2420 5145 ille
2452 5096 2506 5146 in
2537 5087 2755 5160 editis.

2036 5158 2278 5253 $9,),(Eﬁifi
2307 5169 2514 5253 ξιλξιξξζ
2535 5158 2794 5253 Regius
2813 5197 2985 5239 num.
3020 5188 3166 5245 16⁵59
3201 5197 3519 5253 omittunt
3549 5201 3630 5253 in.

1965 5226 2518 5351 anltlggnMusﬁﬁsecg‘ius
2556 5252 2734 5298 num.
2775 5226 3631 5330 “5'59,.iiivp’:a':e;iiib:;u.lf
3659 5306 3677 5323 .

2187 5366 2218 5381 ,.
2277 5367 2312 5381 η
2374 5378 2381 5381 _
2435 5318 2650 5381 iusque
2685 5351 2704 5366 ο
2741 5359 2759 5374 .
2792 5361 2809 5376 ο
2838 5363 2854 5377 .
2889 5333 3187 5381 materiam
3219 5339 3542 5381 trra-buprit
3567 5341 3677 5381 dis-

2038 5443 2632 5571 zi'iiwﬁififife‘t‘s‘?
2663 5443 3170 5571 ίιῖξίξίξὶζξὲδὶέὲὲξὲ

1968 5511 2149 5622 αα(ἓὲ
2168 5511 2612 5640 ριίξᾶηὲἑέωίῗερδι
2663 5523 2728 5581 in
2787 5511 2965 5596 libris
3232 5545 3431 5603 editis.
3487 5544 3678 5614 Alias,
