3910 6240
301 261 450 316 1215

1245 259 1582 321 COMMENT.
1617 257 1682 312 IN
1719 257 1926 312 EPIST.
1963 258 2054 311 AD
2083 257 2246 314 ROM.
2286 258 2409 311 LIB.
2447 255 2528 309 IX.

3311 253 3444 307 121-1

297 387 568 447 tanquam
601 379 775 433 manui
810 377 1162 432 ministerium
1196 376 1486 440 adscribit;
1512 385 1567 429 et
1597 375 1683 430 alii
1716 385 1829 429 tan-
1860 387 1901 437 Α
1933 389 1997 427 ne
2041 374 2279 426 videatur
2327 375 2392 427 de
2443 369 2656 425 homine
2688 365 2902 420 arbitrii
2946 374 3178 436 potestas
3224 367 3440 424 auferri.

295 482 468 533 quam
517 468 714 535 linguae
761 469 1052 522 doctrinam
1095 467 1281 520 tribuit
1327 484 1340 518 :
1389 467 1632 520 similiter
1671 468 1830 518 etiam

291 569 527 611 uetera.
579 559 710 611 lllud
753 572 958 626 quoque
1003 559 1137 624 quod
1184 557 1336 610 nobis
1383 557 1435 608 in
1475 557 1830 624 superioribus

291 647 616 714 ambiguum
668 645 977 707 videbatur,
1026 645 1280 706 absolvit,
1327 645 1412 698 ubi
1467 645 1830 712 quaerebamus

290 743 485 785 utrum
513 735 920 800 unumquodque
947 738 1236 786 membrum
1263 735 1326 785 ad
1355 735 1593 795 honesta,
1623 733 1702 786 vel
1733 733 1831 784 mi-

289 833 402 871 nus
455 821 678 873 honesta
719 820 956 887 corporis
999 819 1166 873 oﬂicia
1214 821 1406 888 aliquid
1454 834 1514 872 ex
1557 835 1614 873 se
1653 835 1829 874 causa:

287 909 598 973 praebendo
643 909 845 962 vent-rit
879 926 891 960 :
924 924 988 960 au
1029 911 1186 962 nullis
1223 925 1287 962 ex
1330 911 1540 969 causis,
1582 910 1671 962 sed
1719 910 1828 962 sola

284 987 388 1046 Dei
427 996 703 1049 voluntate
747 997 1020 1048 bonesuun
1040 1039 1056 1060 ,
1089 997 1172 1050 vel
1205 997 1377 1049 minus
1405 996 1680 1049 honestum
1712 1011 1829 1050 esse

286 1085 608 1137 membrum
643 1086 924 1152 unicuique
952 1086 1246 1152 delegatum
1280 1086 1346 1138 sit
1373 1086 1502 1154 (12).
1534 1084 1681 1148 Quod
1704 1100 1828 1153 ergo

285 1170 365 1224 ibi
404 1174 564 1226 nobis
599 1173 771 1226 minus
802 1176 1004 1228 clarum
1039 1174 1154 1237 fuit,
1187 1176 1270 1227 bic
1295 1175 1579 1240 Apostolus
1607 1175 1826 1227 eviden-

286 1270 375 1315 ter
405 1265 621 1330 aperuit
655 1265 853 1326 dicens,
892 1267 994 1318 sive
1018 1266 1330 1332 proli/retium
1362 1266 1490 1334 (15),
1531 1267 1632 1318 sive
1672 1267 1824 1318 mini-

282 1353 540 1414 sterium,
573 1355 685 1405 sive
719 1353 916 1420 reliqua
944 1355 1075 1408 dona
1111 1355 1399 1422 gratiarum
1432 1356 1704 1406 secundum
1740 1371 1827 1407 ra-

279 1440 496 1492 tionem
537 1442 660 1504 ﬁdei
694 1442 806 1494 dari
857 1459 869 1494 :
919 1443 1158 1509 quamvis
1201 1458 1372 1496 sermo
1405 1445 1536 1505 iste,
1584 1446 1680 1497 hoc
1721 1452 1824 1504 est,

277 1527 581 1579 secundum
609 1527 717 1595 (Η)
750 1530 993 1581 rationem
1033 1529 1191 1595 ﬁdei,
1235 1531 1369 1595 apud
1409 1530 1623 1584 Latinos
1656 1531 1825 1582 minus

273 1616 517 1684 proprie
588 1617 868 1670 translatus
921 1619 1178 1671 videatur.
1245 1618 1518 1687 ’Δναλογία
1579 1620 1716 1672 enim
1770 1620 1821 1672 in

1937 460 2298 511 Verumtamen
2327 474 2392 512 ex
2436 459 2535 511 hoc
2575 456 2716 524 quod
2756 453 2831 505 ait
2872 454 2981 507 dari
3025 455 3246 524 gratiam
3275 457 3342 507 ad
3385 456 3439 507 id

1928 548 2060 616 quod
2087 548 2322 614 expedit,
2359 556 2534 614 potest
2562 546 2673 597 ﬁeri
2706 553 2762 596 ut
2793 545 2890 597 etsi
2928 544 2996 596 sit
3025 543 3132 612 (18)
3175 544 3225 596 in
3264 544 3435 612 aliqui.

1929 650 2168 688 mensura
2196 634 2312 688 ﬁdei
2349 643 2488 686 tanta
2509 673 2524 696 ,
2555 647 2678 700 quae
2703 631 3044 684 excelsiorem
3085 632 3302 698 gratiam
3335 648 3443 686 me-

1929 735 2107 776 reatur
2135 724 2392 789 accipere,
2430 723 2472 774 si
2501 731 2717 774 sanctus
2758 719 2984 787 Spiritus
3023 720 3201 773 futura
3233 722 3442 788 prospi-

1925 813 2072 865 ciens
2105 812 2351 879 expedire
2389 809 2664 876 accipienti
2709 823 2813 861 non
2859 808 3086 876 judicet,
3143 807 3442 860 necessario

1925 901 2122 954 dividat
2165 900 2445 964 unicuique
2490 907 2646 965 prout
2688 899 2892 950 vnltet
2934 896 3162 963 expedit.
3209 895 3443 964 Denique

1926 988 2201 1041 nonnullos
2266 987 2500 1039 videmus
2569 990 2834 1054 accepisse
2892 985 3120 1052 gratiam
3185 984 3440 1037 doctrina:

1924 1078 2007 1130 vel
2041 1077 2421 1130 exhortationis
2461 1076 2526 1127 ad
2568 1076 2810 1142 plebem,
2851 1086 2902 1128 et
2945 1089 3006 1127 ex
3050 1075 3147 1127 hoc
3188 1076 3301 1142 ipso
3337 1075 3444 1128 eta-

1925 1176 2005 1220 tos
2039 1175 2195 1233 atque
2242 1167 2292 1217 in
2337 1167 2632 1232 superbiam
2680 1179 2861 1217 versos
2910 1165 2960 1215 in
3006 1164 3260 1231 judicium
3310 1165 3442 1216 inci-

1924 1257 2062 1308 disse
2086 1255 2278 1307 diaboli
2312 1271 2324 1305 :
2356 1254 2487 1306 alios
2516 1253 2781 1320 accepisse
2811 1253 3022 1319 quidem
3052 1253 3306 1318 gratiam,
3347 1258 3439 1306 sed

1926 1343 2086 1413 649
2115 1344 2424 1412 negligentia
2452 1344 2609 1395 animi
2637 1354 2689 1396 et
2719 1343 2836 1394 vitae
2871 1343 3068 1396 desidia
3094 1344 3388 1410 corrupisse
3421 1359 3437 1396 :

1924 1435 2058 1486 unde
2087 1443 2203 1485 erat
2234 1444 2284 1486 et
2324 1434 2408 1486 ille
2453 1433 2540 1499 qui
2577 1442 2850 1500 acceptum
2883 1431 3157 1484 denarium
3194 1431 3243 1482 in
3284 1431 3438 1482 suda-

1924 1523 2001 1573 rio
2033 1523 2330 1590 colligavit,
2377 1537 2472 1575 nec
2506 1523 2712 1588 operari
2743 1535 2805 1574 ex
2839 1536 2902 1573 eo
2944 1521 3141 1586 aliquid
3182 1519 3346 1571 voluit
3372 1519 3438 1573 ".

1925 1612 2202 1678 Propterea
2243 1614 2466 1679 denique
2492 1624 2544 1664 et
2581 1611 2866 1679 Apostolus
2903 1612 3088 1663 scribit
3132 1609 3196 1662 ad
3239 1610 3437 1662 charis-

273 1704 506 1768 Grmco,
558 1721 660 1758 non
697 1716 800 1758 tam
845 1707 976 1759 ratio
1023 1722 1178 1773 quant
1226 1723 1474 1760 mensura
1523 1717 1822 1774 competens
1853 1693 1893 1745 Β
1921 1703 2112 1755 simum
2168 1701 2270 1754 sibi
2321 1701 2483 1753 ﬁlium
2517 1701 2736 1755 dicens:
2767 1701 2890 1754 Noli
2921 1700 3168 1768 negligere
3215 1699 3436 1766 gratiam

274 1792 388 1845 diei
427 1803 625 1860 potest,
660 1804 717 1845 ut
747 1794 864 1861 quia
895 1809 996 1846 uno
1031 1809 1132 1846 non
1161 1804 1352 1862 potest,
1390 1795 1591 1848 duobus
1621 1810 1816 1850 sermo-

1918 1805 2031 1856 qua?
2060 1790 2111 1840 in
2140 1797 2186 1839 te
2213 1797 2285 1839 est
2313 1787 2388 1849 ⁸ος
2427 1795 2671 1855 tanquam
2705 1789 2878 1840 sciens
2910 1801 3064 1854 posse
3093 1787 3312 1850 gratiam
3345 1797 3435 1851 per

272 1881 451 1935 nibus
496 1883 811 1951 explicetur.
863 1883 1154 1936 Secundum
1200 1884 1308 1952 (15)
1359 1901 1646 1938 mensuram
1697 1901 1821 1955 ergo
1919 1876 2283 1944 negligentiam
2311 1877 2564 1942 deperire.
2590 1876 2734 1939 Quod
2755 1883 2926 1928 autem
2958 1876 3117 1927 dixit:
3147 1873 3433 1926 Secundum

273 1970 412 2038 ﬁdei
442 1971 862 2040 uniuscujusque
893 1974 1222 2026 diversitates
1245 1975 1358 2025 dari
1386 1975 1684 2041 pronuntiat
1707 1990 1820 2039 gra-
1919 1966 2167 2016 ταιίοηεηι
2196 1964 2275 2016 νει
2313 1979 2598 2015 immuni"?
2631 1964 2749 2030 ﬁdei
2776 1964 2840 2028 δ’,
2888 1962 3147 2030 90103301
3193 1961 3343 2027 Ριθηθ
3382 1962 3432 2012 ίη

272 2059 514 2123 tiarum,
549 2072 629 2123 ut,
661 2062 804 2114 verbi
831 2077 1017 2124 causa,
1057 2072 1270 2128 accepta
1313 2063 1430 2127 quis
1462 2063 1653 2128 gratia,
1695 2063 1819 2116 illud
1917 2053 2276 2120 superioribus
2303 2053 2595 2119 expositurus
2645 2068 2760 2120 qua:
2801 2053 2868 2104 sit
2915 2053 3042 2104 ﬁdes
3085 2067 3198 2119 quae
3225 2067 3252 2102 a
3284 2050 3431 2104 nobis

269 2146 358 2199 vel
412 2147 546 2200 illud
575 2151 868 2201 membrum
901 2150 951 2200 in
983 2150 1178 2203 Christi
1208 2163 1426 2216 corpore
1473 2149 1584 2202 ﬁat.
1628 2150 1692 2201 Et
1733 2150 1819 2201 hic
1918 2145 2238 2211 requiratur,
2273 2152 2325 2195 et
2352 2159 2469 2209 quae
2497 2145 2564 2195 sit
2589 2159 2706 2210 qua:
2734 2159 2761 2194 τι
2805 2143 2911 2196 Deo
2943 2158 3036 2210 per
3072 2142 3296 2210 gratiam
3338 2141 3429 2194 da-

267 2236 507 2304 quidem
534 2253 824 2290 mensuram
848 2239 968 2302 ﬁdei
993 2254 1204 2291 causam
1239 2239 1612 2304 capiendamm
1645 2239 1819 2304 pnsuii
1920 2239 2001 2280 tur
2032 2231 2317 2282 secundum
2355 2230 2454 2281 hoc
2485 2229 2620 2296 quod
2648 2230 2782 2282 idem
2812 2230 3092 2296 Apostolus
3123 2230 3251 2282 dicit
3277 2247 3290 2281 :
3332 2229 3428 2283 lli:

268 2324 633 2391 gratiarum;
676 2325 737 2376 ad
780 2324 1080 2378 Corinthios
1107 2339 1232 2378 vero
1263 2325 1502 2378 scribens
1533 2327 1605 2377 ait
1634 2337 1652 2378 :
1687 2323 1818 2377 Uni-
1913 2318 2039 2384 ﬁdes
2068 2320 2118 2370 in
2155 2319 2324 2370 eodem
2357 2317 2550 2384 Spiritu
2582 2318 2624 2348 δ’
2661 2334 2677 2370 :
2707 2329 2760 2372 et
2784 2319 2907 2371 item
2957 2321 3041 2370 ubi
3073 2319 3183 2385 (19)
3212 2319 3432 2387 apostoli

266 2416 474 2481 cuique
505 2423 674 2465 autem
695 2414 850 2464 datur
875 2414 1220 2480 manifestatio
1245 2413 1471 2481 Spiritus
1512 2415 1576 2465 ad
1607 2415 1661 2465 id
1684 2415 1818 2480 quod
1914 2408 1979 2460 ad
2015 2408 2290 2460 Domitium
2337 2407 2558 2459 dicunt:
2595 2409 2738 2476 Auge
2778 2407 2920 2459 nobis
2965 2407 3114 2473 ﬁdem
3156 2406 3200 2436 “
3243 2420 3258 2456 :
3293 2407 3430 2473 quod

266 2503 491 2569 expedit
517 2502 594 2567 ³⁶;
623 2511 819 2569 etpost
855 2516 1017 2569 pauca
1054 2502 1198 2554 addit
1227 2519 1241 2555 :
1276 2501 1460 2555 Omnia
1498 2510 1665 2569 autem
1701 2519 1818 2568 ope-
1915 2495 2046 2549 ﬁdes
2075 2495 2282 2563 quidem
2310 2510 2424 2562 qua:
2453 2504 2627 2562 speret
2655 2506 2706 2548 et
2752 2496 2951 2559 credat,
2997 2505 3051 2548 et
3087 2497 3284 2562 absque
3328 2494 3430 2548 ulla

267 2565 437 2643 ratur
464 2565 602 2642 unus
634 2565 786 2662 atque
822 2565 953 2642 idem
989 2590 1235 2656 Spiritus,
1275 2591 1502 2643 dividens
1544 2565 1818 2657 unicuique
1915 2583 2243 2639 dubitatione
2282 2583 2529 2648 conﬁdat,
2558 2585 2607 2636 in
2643 2584 2792 2637 nobis
2813 2591 2928 2636 cst:
2978 2585 3110 2636 ratio
3153 2599 3277 2636 vero
3309 2583 3428 2636 lidei

268 2677 389 2750 (16)
421 2689 577 2746 prout
607 2679 710 2730 vult
740 2679 803 2729 ⁸⁷.
842 2677 990 2733 Unde
1027 2678 1152 2730 mihi
1181 2679 1422 2740 videtur,
1468 2687 1571 2731 tam
1603 2680 1667 2732 ad
1707 2677 1814 2732 Ro-
1913 2676 2095 2741 ipsius,
2135 2683 2186 2725 et
2215 2674 2469 2738 scientia,
2507 2684 2559 2726 et
2586 2673 2848 2740 perfectus
2884 2688 3064 2726 eorum
3098 2689 3212 2740 quae
3252 2673 3430 2726 credi-

266 2780 478 2820 manos
511 2781 670 2832 quam
701 2764 764 2816 ad
790 2763 1092 2817 Corintbios
1122 2765 1382 2829 scribens,
1419 2775 1524 2819 tres
1551 2766 1816 2834 capienda:
1914 2778 2032 2815 mus
2053 2762 2370 2825 intellectus,
2400 2766 2669 2814 donatura
2702 2761 2827 2814 Deo.
2859 2761 2960 2814 Sed
2992 2772 3044 2815 et
3074 2761 3199 2814 illud
3232 2763 3281 2814 in
3312 2761 3430 2816 loco

264 2854 477 2920 gratia:
527 2851 713 2905 modos
756 2851 974 2915 docere,
1017 2861 1072 2904 ut
1104 2867 1170 2904 ex
1210 2854 1364 2906 nobis
1401 2853 1452 2906 in
1486 2867 1549 2919 eo
1587 2853 1669 2920 agi
1720 2853 1817 2905 ali-
1913 2865 2014 2904 non
2042 2851 2341 2903 emittamus
2366 2853 2502 2918 quod
2533 2852 2740 2904 videtur
2767 2851 3068 2904 secretioris
3091 2865 3208 2904 esse
3237 2861 3431 2920 myste-

265 2942 411 3008 quid
446 2940 732 3002 ostendat,
767 2938 1050 3006 plurimum
1103 2947 1274 2992 tamen
1320 2940 1370 2992 in
1412 2941 1503 2993 Dei
1538 2939 1814 3008 largitione
1841 2988 1877 3008 η
1914 2939 1996 2992 rii.
2029 2939 2084 2992 Si
2112 2939 2249 2991 enim
2287 2939 2338 2990 in
2371 2940 2610 3006 praesenti
2641 2939 2830 2992 szeculo
2860 2939 2950 2992 dat
2977 2939 3112 2991 Deus
3147 2939 3428 3006 unicuique

262 3030 602 3083 consistere.
636 3027 791 3081 Ponit
816 3042 943 3096 ergo
975 3037 1027 3080 et
1055 3043 1342 3081 mensuram
1377 3028 1499 3095 ﬁdei
1530 3044 1648 3082 esse
1671 3069 1686 3094 ,
1720 3043 1813 3094 per
1840 3025 1879 3043 υ
1911 3025 2134 3094 gratiam
2173 3027 2449 3077 secundum
2479 3040 2766 3078 mensuram
2793 3025 2935 3092 ﬁdei,
2965 3026 3079 3079 sine
3112 3027 3272 3079 dubie
3298 3035 3350 3078 et
3372 3026 3426 3079 in

261 3132 443 3187 quam
477 3116 598 3183 quis
626 3116 848 3185 gratiam
881 3115 1016 3184 capit
1045 3131 1060 3180 ;
1105 3117 1250 3183 ponit
1293 3125 1348 3170 et
1374 3117 1441 3169 ad
1477 3117 1530 3168 id
1559 3117 1693 3184 quod
1725 3133 1813 3170 ια)-
1909 3118 2086 3168 l'uturo
2117 3114 2256 3166 dabit
2282 3116 2563 3182 unicuique
2595 3118 2815 3184 gratiam
2848 3131 2941 3184 pro
2989 3131 3233 3168 mensura
3273 3119 3428 3168 meri-

260 3208 415 3276 pedit
446 3207 604 3271 dari;
633 3214 686 3258 et
711 3204 964 3270 Spiritum
997 3204 1230 3257 dividere
1258 3216 1410 3274 prout
1436 3205 1563 3258 vult.
1597 3205 1662 3259 Ut
1686 3219 1812 3274 ergo
1912 3213 2118 3266 torum;
2147 3211 2198 3255 et
2226 3203 2269 3256 si
2320 3203 2369 3254 in
2419 3203 2660 3269 przesenti
2699 3203 2896 3256 smculo
2927 3203 3042 3256 talis
3078 3213 3157 3255 est
3187 3203 3276 3255 Dei
3318 3203 3428 3256 dis-

261 3303 431 3349 tanta
472 3294 526 3347 in
574 3294 726 3346 nobis
755 3293 884 3346 lides
918 3293 1233 3356 inveniatur,
1263 3303 1458 3361 quanta
1494 3293 1660 3361 possit
1689 3293 1806 3346 sub-
1907 3290 2166 3359 pensatio,
2197 3299 2254 3342 et
2303 3289 2418 3342 talis
2463 3291 2562 3341 erit
2604 3293 2763 3342 etiam
2811 3291 2861 3343 in
2900 3291 3111 3354 luturo;
3166 3291 3430 3358 quomodo

259 3383 558 3439 limiorem
616 3383 836 3450 gratiam
875 3382 1183 3448 promereri,
1215 3382 1381 3435 nostri
1405 3383 1577 3450 Operis
1607 3383 1812 3434 videtur
1909 3395 2012 3432 non
2040 3389 2093 3431 et
2119 3380 2168 3432 iu
2197 3380 2474 3447 praeteritis
2502 3380 2711 3434 saeculis
2745 3380 2880 3450 (20),
2914 3397 3032 3450 qua:
3065 3380 3276 3434 fuerunt
3307 3391 3430 3435 ante

256 3483 315 3529 et
359 3471 539 3526 studii
578 3487 592 3523 :
627 3479 684 3523 ut
725 3479 898 3522 autem
927 3469 988 3522 ad
1028 3469 1078 3522 id
1116 3469 1271 3522 detur
1298 3473 1436 3539 quod
1469 3471 1714 3538 expedit,
1758 3480 1810 3526 et
1907 3485 2024 3534 nos,
2050 3469 2233 3524 similis
2264 3470 2352 3524 Dei
2384 3471 2706 3538 dispensatio
2731 3487 2856 3540 erga
2887 3488 3093 3526 onmem
3129 3474 3418 3528 rationabi-

257 3559 409 3613 utile
432 3557 507 3610 sit
531 3557 832 3624 accipienti,
868 3555 957 3608 Dei
983 3554 1235 3621 judicium
1258 3567 1375 3622 est;
1409 3557 1488 3610 vel
1518 3559 1732 3610 omnino
1764 3558 1808 3612 si
1906 3559 2006 3613 lem
2029 3570 2325 3614 creaturam
2357 3561 2520 3616 fuisse
2565 3562 2846 3618 credetur?
2893 3561 2992 3615 Sed
3015 3562 3124 3630 jam
3154 3565 3426 3616 videamus

257 3647 389 3700 dari
423 3644 575 3706 velit,
607 3643 657 3696 in
690 3645 803 3710 ipso
827 3652 926 3696 est.
959 3642 1076 3696 ldeo
1104 3652 1156 3698 et
1185 3643 1236 3697 in
1273 3645 1390 3698 aliis
1426 3645 1562 3698 idem
1588 3647 1810 3713 Aposto-
1905 3664 2021 3717 quae
2062 3652 2165 3704 sint
2207 3651 2316 3720 (21)
2347 3653 2481 3705 dona
2510 3667 2626 3720 qua:
2669 3661 2943 3705 enumerat
2979 3653 3266 3704 secundum
3299 3668 3425 3721 gra-

254 3739 348 3792 lus
410 3735 545 3788 dicit
599 3752 612 3786 :
671 3733 826 3785 Nunc
873 3744 1039 3786 autem
1089 3734 1224 3788 Deus
1281 3737 1447 3802 posuit
1499 3737 1552 3788 in
1602 3753 1809 3802 corpore
1905 3739 2032 3791 tiam
2065 3739 2210 3794 data.
2267 3739 2572 3807 Prophetia,
2619 3743 2810 3809 inquit,
2843 3751 2896 3794 et
2945 3741 3320 3804 ministerium,
3373 3750 3426 3794 et

254 3824 682 3893 unumquodque
704 3823 977 3875 membrum
1000 3835 1150 3892 prout
1174 3823 1326 3878 voluit
1348 3825 1411 3878 ³⁸.
1438 3824 1614 3878 Voluit
1634 3837 1806 3878 autem
1905 3830 2161 3893 doctrina,
2194 3841 2246 3882 et
2272 3831 2593 3895 exhortatio,
2625 3842 2676 3885 et
2701 3832 2937 3893 tributio,
2971 3832 3068 3883 hoc
3092 3839 3174 3882 est
3202 3839 3426 3897 praesta-

253 3917 421 3971 Deus
452 3913 738 3966 secundum
783 3913 1030 3965 rationem
1076 3914 1157 3967 vel
1195 3931 1489 3967 mensuram
1533 3915 1654 3982 ﬁdei
1693 3931 1808 3984 quae
1903 3920 1999 3982 tio,
2030 3929 2084 3971 et
2104 3933 2349 3986 praeesse,
2381 3931 2433 3972 et
2477 3919 2737 3972 misereri.
2771 3919 2862 3973 llis
2886 3919 3060 3986 jungit
3113 3927 3165 3970 et
3193 3921 3425 3970 charita-

252 4013 348 4058 est
385 4003 447 4055 in
498 4001 651 4053 nobis
689 3999 838 4067 (17);
881 4000 958 4053 vel
999 4001 1163 4054 voluit
1199 4005 1266 4054 ad
1311 4004 1364 4055 id
1403 4005 1539 4072 quod
1582 4005 1804 4072 expedit.
1905 4015 2031 4069 tem,
2070 4017 2122 4060 et
2147 4016 2356 4060 czetera.
2394 4008 2465 4060 De
2494 4008 2684 4074 quibus
2719 4007 2860 4060 dicat
2909 4008 3132 4059 fortasse
3177 4005 3374 4072 aliquis
3407 4021 3422 4057 :

250 4091 379 4145 Nisi
423 4088 567 4141 forte
600 4089 668 4140 ita
701 4087 896 4156 aliquis
934 4099 989 4142 et
1030 4090 1130 4144 hoc
1160 4091 1284 4144 velit
1310 4093 1638 4162 intelligere,
1670 4095 1807 4148 Deus
1905 4097 1959 4150 Si
1989 4097 2098 4150 haec
2126 4096 2300 4150 omnia
2331 4111 2426 4164 per
2455 4097 2680 4165 gratiam
2716 4098 2904 4147 dantur
2935 4095 3065 4164 (29.),
3099 4109 3199 4146 non
3243 4095 3343 4146 erit
3370 4093 3423 4146 in

250 4179 444 4248 posuit
479 4177 535 4229 in
572 4192 783 4244 corpore
808 4180 1201 4247 unumquodque
1228 4180 1507 4234 membrum
1533 4194 1682 4252 prout
1718 4199 1804 4236 vo-
1903 4185 2055 4252 culpa
2083 4185 2124 4238 si
2158 4185 2275 4252 quis
2307 4200 2406 4237 non
2430 4185 2725 4252 prophetet,
2773 4193 2860 4236 aut
2889 4201 2990 4237 non
3020 4184 3299 4247 ministret,
3334 4191 3424 4235 aut

248 4269 368 4322 luit
389 4307 410 4330 ,
459 4276 520 4320 ut
553 4266 710 4318 voluit
739 4265 803 4318 ad
839 4268 1112 4318 membrum
1153 4271 1320 4338 magis
1365 4271 1659 4333 referatur,
1707 4273 1805 4326 hoc
1835 4285 1880 4345 υ
1909 4289 2012 4326 non
2043 4277 2246 4340 doceat,
2286 4284 2376 4327 aut
2407 4289 2508 4327 non
2561 4276 2892 4336 exbortetur,
2939 4284 3028 4327 aut
3073 4289 3173 4326 non
3207 4273 3424 4336 tribuat,

1839 2988 1879 3043 C

248 4364 369 4419 est,
404 4363 563 4424 prout
596 4353 782 4417 voluit,
814 4361 970 4421 prout
990 4353 1168 4422 elegit,
1199 4366 1354 4424 prout
1378 4374 1588 4428 operam
1617 4363 1795 4428 dedit;

331 4485 429 4541 ³⁸1
459 4489 586 4543 Cor.
615 4503 710 4550 ιιι,
745 4489 796 4541 7.
851 4488 894 4518 ³⁷
921 4487 1046 4540 ibid.
1080 4491 1164 4543 11.
1213 4491 1256 4522 ³⁸
1280 4493 1406 4547 ibid.
1435 4495 1518 4549 18.

247 4557 397 4613 Cor.
428 4557 586 4622 xn,9.
660 4557 704 4587 “
736 4555 862 4609 Luc.
886 4571 1010 4618 xvu,
1031 4559 1084 4612 5.

334 4668 457 4741 (12)
483 4667 583 4741 Ms.
604 4668 805 4735 Regius
827 4683 969 4722 num.
991 4669 1144 4741 1639.,
1166 4673 1511 4741 unusquisque
1533 4674 1802 4729 derelictus

246 4739 357 4793 sit.
390 4740 496 4789 Sed
533 4743 707 4788 caeteri
737 4751 861 4787 mss.
891 4746 944 4788 et
969 4739 1096 4789 editi
1129 4747 1185 4790 ut
1214 4740 1262 4789 in
1299 4739 1461 4792 textu.

364 4806 452 4872 15)
487 4804 630 4855 Editi
665 4818 960 4872 perperam,
989 4805 1094 4857 sive
1119 4808 1404 4872 prophetia.

364 4869 454 4928 14)
494 4871 811 4924 Secundum.
837 4869 1098 4924 Omittunt
1120 4869 1179 4925 in
1211 4869 1386 4928 editis.

328 4939 455 5020 (15)
487 4939 985 5020 Dditi.__secun‘dum
1033 4957 1151 5020 ergo
1187 4942 1307 5006 ﬁdei
1347 4960 1636 4999 mensuram
1679 4951 1797 5001 uni-

244 5009 458 5076 cuique
493 5009 816 5059 diversitates
840 5009 980 5066 dari,
1011 5019 1113 5061 etc.

305 5075 452 5147 (16)
480 5075 653 5147 Alius,
681 5074 917 5140 singulis,
949 5076 1042 5127 sed
1072 5091 1168 5129 ms.
1194 5076 1390 5147 Regius
1415 5095 1561 5132 num.
1587 5082 1718 5136 1639
1744 5094 1795 5138 et

243 5145 322 5200 ed
332 5143 422 5203 i’ti,
453 5143 748 5208 unicuique.

330 5210 455 5330 £17)
487 5209 626 5263 Editi
649 5245 665 5271 ,
710 5207 986 5259 secundum
1015 5209 1137 5274 ﬁdei
1167 5229 1450 5266 mensuram
1482 5231 1596 5281 qua:
1625 5228 1696 5270 est
1743 5221 1795 5273 in

369 5295 439 5330 ιε.

243 5295 439 5334 110038.

262 5382 264 5384 τ
327 5346 450 5416 (18)
484 5344 594 5416 Ms._
608 5343 826 5416 plures,
859 5350 910 5391 ut
940 5343 1114 5416 sisit,
1144 5357 1247 5401 etc.
1279 5349 1476 5402 Deinde
1505 5349 1648 5413 editi,
1679 5362 1795 5407 tan—

243 5411 1115 5489 toque-"excellentioremngr‘atiam
1135 5452 1170 5489 ,_
1190 5429 1292 5469 etc.
1323 5417 1494 5489 Paulo
1520 5411 1643 5484 post
1666 5435 1795 5476 vero

242 5476 371 5556 ηιέἶ
410 5479 607 5556 Regius
643 5491 788 5554 num.
827 5476 961 5527 1639
1001 5481 1195 5556 oniittit
1245 5476 1534 5556 necessario
1579 5488 1791 5556 dividat,

241 5562 309 5604 et
354 5544 548 5612 habet,
595 5544 868 5608 unicuique
897 5555 1048 5608 prout
1085 5551 1190 5602 vult
1231 5554 1488 5618 expediat.

1596 4497 1640 4528 "
1669 4497 1794 4551 Luc.
1826 4511 1936 4560 six,
1977 4492 2066 4556 20,
2105 4491 2194 4546 21.

1907 4372 1999 4416 aut
2025 4377 2125 4414 non
2154 4365 2355 4430 praesit,
2386 4373 2477 4416 aut
2513 4379 2616 4417 non
2664 4365 2998 4427 misereatur,
3045 4371 3134 4414 aut
3173 4375 3274 4414 non
3305 4362 3426 4414 dili-

2288 4492 2636 4558 “lTim.tv,
2686 4493 2770 4547 14.
2868 4491 3260 4555 “Roin.xtt,3.
3335 4487 3423 4543 "l

2868 4495 2908 4524 “
2934 4492 3188 4555 Renum,
3206 4491 3260 4546 5.

1970 4674 2078 4744 (19)
2115 4673 2213 4728 Ms.
2245 4673 2440 4741 Regius
2477 4690 2622 4728 num.
2675 4674 2831 4734 1659,
2881 4677 3026 4730 alibi.
3066 4673 3260 4726 Deinde
3284 4675 3421 4741 Apo-

1900 4745 2018 4796 stoti
2046 4745 2376 4795 desideratur
2408 4744 2460 4795 in
2487 4754 2640 4795 antea
2664 4745 2836 4796 editis.

1971 4811 2084 4880 (20)
2113 4811 2268 4880 Editi,
2297 4811 2538 4880 talis_ertt
2565 4813 2780 4880 etiam...
2807 4811 3057 4876 quomodo
3081 4823 3180 4859 non
3207 4818 3421 4880 prseter-

1897 4877 1987 4932 itis
2029 4879 2262 4936 sa’culis,
2289 4887 2392 4929 etc.
2419 4877 2539 4930 Mss.
2585 4878 2818 4943 plerique
2853 4881 3099 4928 omittunt
3141 4879 3421 4943 utrobique

1894 4960 1978 5012 et;
2005 4949 2095 5001 sed
2131 4961 2228 5000 ms.
2257 4945 2451 5010 Regius
2487 4961 2626 4997 nutu.
2660 4944 2791 5012 16559
2821 4945 2946 4993 utin
2973 4953 3140 4994 textu.

1964 5015 2072 5084 (21)
2127 5014 2282 5084 Editi,
2329 5017 2638 5084 crederetur.
2669 5010 2802 5084 _Se_d
2839 5013 2952 5084 jam
2999 5012 3260 5084 videamus
3292 5027 3416 5084 quur

1895 5097 2032 5145 sunt,
2055 5079 2155 5136 etc.
2192 5081 2406 5141 Deinde,
2438 5080 2730 5145 Prop/retia,
2753 5079 2940 5143 inquit,
2961 5090 3030 5130 est
3055 5079 3414 5145 ministerium,

1897 5164 2000 5205 etc.
2031 5154 2093 5205 Et
2127 5149 2279 5216 paulo
2306 5157 2420 5214 post
2449 5164 2546 5198 tns.
2579 5146 2768 5210 Regius
2798 5162 2942 5196 nutu.
2992 5147 3146 5216 1639:
3183 5146 3267 5216 sed
3315 5148 3414 5216 tris

1897 5222 2067 5281 bitere,
2098 5211 2190 5268 hoc
2212 5211 2596 5281 esu—praetore,
2619 5226 2660 5263 et
2689 5227 2930 5277 pra’esse,
2961 5225 3064 5266 etc.
3111 5211 3210 5263 Sed
3239 5215 3418 5268 caeteri

1897 5304 2021 5341 mss.
2053 5298 2106 5339 ut
2135 5287 2184 5336 in
2215 5293 2391 5336 nostro
2425 5293 2589 5334 textu.

1963 5356 2074 5424 (22)
2117 5353 2280 5424 Editi,
2314 5353 2401 5401 dat
2444 5365 2538 5424 pro
2581 5351 2790 5424 dantur.
2825 5346 3032 5424 Deinde
3072 5359 3172 5400 ms.
3219 5345 3421 5424 Regius

1898 5413 2035 5475 nunt.
2060 5413 2224 5479 '1659,
2252 5434 2350 5470 non
2389 5413 2481 5470 erit
2521 5432 2574 5466 in
2609 5413 2755 5475 culpa
2791 5413 2836 5462 si
2861 5418 3064 5480 quidem
3087 5429 3185 5465 non
3205 5413 3424 5480 propin.

1897 5501 2029 5547 tet...
2057 5491 2144 5558 qui
2187 5487 2386 5558 ΙιοηρηΔ
2408 5486 2635 5537 omnium
2673 5482 2910 5558 gratiam
2950 5498 3047 5533 non
3083 5483 3280 5544 accipit.
3316 5483 3428 5540 Sed

1897 5549 2080 5613 caeteri
2109 5571 2256 5622 mss.,
2295 5553 2543 5610 Rabanus
2571 5559 2623 5605 et
2647 5549 2772 5601 editi
2806 5557 2868 5600 ut
2900 5551 2954 5602 in
2982 5562 3160 5604 uosuo
3185 5561 3354 5606 textu.
