3910 6244
265 276 418 329 ΙΞΠ

1199 276 1542 334 COMMENT.
1580 276 1644 329 ΙΝ
1678 274 1889 332 EPIST.
1927 276 2015 330 AD
2054 275 2214 331 ROM.
2254 276 2381 329 LlB.
2423 276 2509 331 IX.

3288 280 3421 335 1218

262 405 398 457 qua:
429 368 667 459 superius
699 385 839 441 dicta
890 401 1009 457 est;
1058 393 1161 446 hoc
1187 401 1266 445 est
1298 409 1313 443 :
1346 389 1464 444 Non
1493 390 1607 458 plus
1632 407 1805 459 sapere
1833 393 1877 450 Α
1904 390 2125 444 fortasse
2146 405 2276 457 opus
2305 404 2442 453 esse,
2468 405 2569 443 non
2604 397 2774 443 tamen
2808 401 2855 442 et
2882 391 3055 456 operis
3091 393 3254 461 ipsius
3282 412 3418 457 unus

260 493 434 546 quam
458 488 654 545 oportet
680 494 857 541 sapere
880 495 899 532 .'
933 490 1008 541 ttt,
1034 481 1177 533 verbi
1209 493 1386 538 causa.
1421 479 1654 532 dicamus
1698 494 1800 532 non

259 569 475 622 debere
504 570 734 637 eumqui
784 573 1077 635 ministrat,
1111 573 1162 623 in
1192 569 1537 623 ministrando
1571 569 1684 633 plus
1717 584 1805 621 sa-

258 673 405 725 pere
431 674 590 726 quam
618 668 824 726 oportet
850 675 1036 729 sapere
1061 678 1073 712 :
1099 671 1149 713 et
1175 660 1264 726 qui
1289 658 1460 715 docet.
1489 658 1538 708 in
1566 656 1801 708 doctrina

259 764 376 800 non
413 749 537 817 plus
563 763 752 816 sapere
791 764 949 817 quam
998 756 1205 826 oportet
1248 761 1474 811 sapere:
1518 758 1569 797 et
1594 746 1679 810 qui
1706 760 1801 797 ex-

259 839 547 899 hortatur,
574 839 624 890 in
656 839 1027 891 exhortatione
1054 852 1154 889 non
1184 837 1298 899 plus
1318 849 1499 902 sapere
1521 833 1628 902 (38)
1647 848 1799 902 quam

257 938 490 993 oportet
515 942 720 993 sapere.
759 927 902 980 Multi
940 928 1076 979 enim
1108 935 1319 993 accepto
1355 923 1683 985 ministerio,
1722 922 1801 974 vel

258 1026 497 1085 accepta
527 1018 765 1070 doctrina
802 1017 917 1084 plus
963 1026 1247 1081 saptterunt
1281 1030 1434 1082 quam
1462 1014 1692 1081 oportuit
1716 1027 1800 1065 sa-

255 1121 403 1173 pere
438 1107 553 1175 (⁵59)
581 1124 595 1159 :
624 1116 676 1160 et
717 1108 841 1160 elati
888 1108 938 1160 in
972 1104 1343 1174 arrogantiam,
1377 1104 1455 1156 vel
1492 1104 1543 1155 in
1587 1102 1801 1155 delicias

254 1196 520 1259 resoluti,
565 1196 865 1264 prmcipites
910 1205 1245 1249 corruerunt.
1283 1193 1383 1257 Qui
1423 1194 1721 1247 exhortatur
1748 1193 1800 1245 in

255 1286 615 1338 exhortando.
646 1285 951 1337 Exhortatio
981 1283 1087 1353 (40)
1137 1285 1338 1350 species
1364 1292 1447 1336 est
1473 1283 1718 1335 doctrina:
1748 1291 1800 1335 et

253 1375 439 1435 verbi,
471 1389 581 1442 quo
609 1374 817 1427 afﬂictae
838 1376 1024 1426 anima:
1062 1373 1449 1440 Scripturarum
1505 1373 1797 1425 divinarum

253 1467 565 1532 prudenter
588 1465 781 1532 aptatis
811 1473 864 1516 et
901 1464 953 1516 in
985 1479 1144 1517 unum
1196 1463 1429 1515 collectis
1467 1463 1799 1515 sermonibus

256 1553 601 1606 relevantnr.
648 1552 854 1605 Accidit
899 1552 1038 1604 enim
1088 1566 1223 1617 stepe
1264 1550 1452 1602 animas
1504 1550 1799 1601 tribulatio-

253 1656 394 1693 num
428 1640 708 1694 nimietate
732 1640 1058 1706 desperatio;
1110 1652 1204 1690 nec
1238 1637 1387 1689 facile
1419 1638 1673 1702 reparari,
1708 1647 1798 1688 aut

255 1729 413 1781 refici
445 1729 858 1796 quibuscunque
888 1728 1064 1781 verbis
1112 1737 1301 1793 potest,
1348 1728 1589 1791 quamvis
1635 1726 1795 1792 polita
1829 1693 1869 1746 Β

253 1819 347 1870 illa
374 1820 491 1871 sint
516 1828 570 1869 et
605 1817 921 1883 plausibilia.
952 1814 1007 1869 Si
1042 1832 1165 1868 vero
1194 1830 1369 1867 sermo
1397 1815 1597 1867 habens
1632 1816 1797 1867 virtu-

253 1918 365 1961 tem
400 1907 591 1976 gratia:
617 1907 705 1958 Dei
738 1906 893 1958 fuerit
914 1907 1198 1964 adhibitus.
1230 1914 1353 1957 time
1384 1918 1478 1956 cor
1503 1904 1618 1971 ejus
1642 1920 1798 1971 pene-

254 2008 390 2058 trat,
440 2009 499 2050 et
543 1998 957 2051 consolationem
1002 1996 1218 2063 praebet,
1272 2009 1333 2046 ac
1380 2009 1523 2059 spem
1587 2004 1796 2049 revocat

250 2085 639 2152 desperatione
681 2084 946 2144 submota,
1009 2083 1293 2135 secundum
1338 2081 1464 2132 illud
1515 2082 1650 2146 quod
1704 2096 1797 2148 per

251 2175 580 2242 prophetam
606 2174 804 2226 dictum
840 2181 920 2224 est
964 2186 993 2223 a
1042 2170 1262 2223 Domino
1287 2170 1395 2240 (41)
1427 2189 1440 2222 :
1474 2169 1793 2233 Sacerdotes,

251 2260 548 2326 loquimini
572 2261 625 2311 in
656 2261 808 2311 corde
844 2258 1133 2311 Jerusalem
1167 2257 1231 2310 ".

328 2348 365 2399 ὅ
418 2348 525 2410 Qui
556 2345 733 2397 tribuit
756 2347 809 2396 iu
838 2344 1180 2407 simplicitate,
1212 2345 1298 2410 qui
1317 2356 1495 2410 praeest
1522 2345 1574 2396 in
1600 2345 1793 2396 sollici—

252 2438 467 2498 tudine,
493 2438 583 2505 qui
606 2437 873 2489 miseretur
904 2436 955 2487 in
1001 2435 1260 2487 hilaritate
1294 2435 1352 2484 ⁵³.
1389 2435 1485 2497 Qui
1515 2434 1695 2487 tribuit
1744 2442 1796 2487 et

253 2534 487 2595 praestat
517 2525 899 2592 indigentibus,
934 2532 1161 2589 oportet,
1199 2524 1384 2592 inquit,
1420 2533 1475 2574 ut
1510 2523 1561 2574 in
1591 2523 1792 2590 simpli-

256 2620 434 2673 citate
469 2617 651 2669 cordis
679 2615 777 2667 hoc
822 2613 981 2666 faciat
1022 2614 1162 2680 (42);
1195 2615 1294 2667 hoc
1322 2623 1424 2677 est,
1452 2629 1516 2666 ne
1560 2614 1796 2666 videatur

253 2708 485 2776 quidem
517 2705 828 2758 benefacere
859 2702 1225 2770 indigentibus,
1256 2703 1414 2755 corde
1444 2718 1569 2755 vero
1591 2702 1793 2755 laudem

255 2803 474 2863 quierat
501 2794 570 2845 ab
599 2793 917 2845 bominilms.
945 2789 1052 2844 Non
1076 2801 1156 2843 est
1182 2804 1308 2857 ergo
1345 2790 1655 2855 simplicitas
1678 2791 1791 2858 (45)

265 2885 312 2937 si
334 2883 486 2935 aliud
513 2882 599 2947 agi
628 2882 865 2933 videatur
898 2881 948 2933 in
980 2880 1239 2941 manibus,
1267 2888 1318 2931 et
1358 2878 1498 2931 aliud
1530 2888 1794 2944 quieratur

256 2972 314 3025 in
341 2973 535 3025 corde.
572 2969 669 3034 Qui
702 2984 824 3021 vero
859 2977 1042 3035 praeest
1070 2966 1343 3031 fratribus,
1373 2967 1453 3019 vel
1486 2968 1572 3035 qui
1607 2976 1792 3034 praeest
1820 3005 1861 3063 ο

254 3061 540 3124 Ecclesiae,
578 3061 629 3112 in
668 3058 1015 3111 sollicitudine
1044 3070 1161 3108 esse
1205 3056 1361 3109 debet
1391 3071 1491 3109 non
1541 3056 1795 3110 humana-

258 3167 383 3205 rum
414 3163 725 3211 causarum,
763 3161 857 3198 nec
885 3145 1215 3199 saecularium
1242 3158 1416 3196 rerum
1470 3145 1603 3213 (lucc
1652 3146 1792 3198 enim

254 3240 574 3295 sollicitudo
618 3238 786 3291 aliena
819 3238 976 3290 debet
1023 3252 1141 3290 esse
1174 3238 1239 3289 ab
1286 3236 1368 3289 his
1407 3236 1496 3302 qui
1548 3236 1795 3289 Ecclesia:

254 3328 527 3398 praesunt)
548 3326 670 3379 :sed
704 3324 859 3377 talem
887 3322 1226 3390 reripiat(u)
1243 3322 1643 3374 sollicitudinem
1673 3336 1797 3387 qua-

254 3420 363 3473 lem
397 3415 690 3482 Apostolus
717 3414 845 3465 dicit
873 3429 885 3463 :
919 3412 1208 3465 Concursus
1247 3413 1299 3462 in
1326 3426 1405 3461 me
1443 3411 1791 3476 quotidianus,

252 3506 569 3563 sollicitudo
596 3505 823 3556 omnium
849 3502 1217 3554 Ecclesiarum.
1249 3498 1376 3562 Quis
1398 3499 1713 3565 inﬁrmatur,
1746 3509 1791 3552 et

251 3615 351 3667 ego
384 3614 497 3650 non
539 3592 814 3659 inﬁrmor?
863 3590 989 3654 Quis
1030 3590 1439 3648 scandalizatur,
1479 3598 1524 3640 et
1574 3604 1664 3655 ego
1691 3604 1792 3641 non

250 3702 385 3739 uror
417 3684 515 3736 "2
548 3682 650 3747 Qui
682 3694 808 3749 ergo
844 3688 1035 3748 praeest
1068 3678 1317 3731 Ecclesiis
1350 3676 1504 3730 talem
1536 3678 1791 3731 sollicitu-

250 3776 442 3827 dinem
478 3772 676 3824 habere
704 3768 879 3828 debet,
911 3777 961 3820 et
991 3767 1131 3819 illam
1166 3767 1320 3817 aliam
1349 3765 1654 3818 saecularem
1692 3764 1788 3817 ha-

250 3866 385 3920 bere
419 3862 643 3915 omnino
671 3874 775 3910 non
804 3857 974 3912 debet.
1005 3856 1106 3920 Qui
1136 3857 1403 3907 miseretur
1427 3855 1481 3907 in
1511 3854 1789 3906 hilaritate.

252 3954 526 4007 Videntur
549 3949 662 4019 (45)
689 3946 927 4001 fortassis
955 3961 1115 3999 unum
1155 3953 1311 4012 atque
1350 3943 1487 3996 idem
1515 3957 1630 3996 esse
1655 3942 1794 4010 quod

249 4057 424 4112 supra
459 4039 596 4093 dixit
621 4054 634 4087 :
663 4035 764 4100 Qui
794 4032 972 4087 tribuit
1002 4034 1054 4084 in
1081 4031 1429 4099 simplicitate,
1456 4039 1507 4083 et
1535 4030 1632 4082 hoc
1656 4048 1668 4083 :
1695 4028 1794 4092 Qui

251 4138 545 4191 miseretur.
566 4129 678 4198 (46)
711 4129 765 4181 in
786 4128 1068 4180 hilaritate.
1097 4124 1197 4177 Sed
1240 4123 1365 4175 mibi
1403 4121 1607 4174 videtur
1635 4134 1793 4172 unum

326 4247 375 4279 ⁸¹¹
408 4245 521 4298 lsa.
562 4241 706 4303 “,2.

326 4337 449 4405 (58)
477 4334 642 4405 A_lias,
663 4334 717 4383 in
740 4327 1053 4382 exhortando
1085 4344 1185 4379 non
1210 4328 1321 4395 plus
1344 4343 1540 4394 sapere,
1564 4338 1669 4379 etc.

326 4337 425 4405 (58
477 4337 642 4396 Alias,
663 4337 717 4383 in
740 4337 1053 4382 exhortando
1085 4344 1185 4379 non
1210 4337 1321 4395 plus
1344 4343 1540 4394 sapere,
1564 4338 1669 4379 etc.

324 4337 449 4474 (39}
490 4403 649 4464 Editi,
697 4410 1008 4474 perperam,
1042 4410 1193 4462 quam
1232 4405 1421 4461 oportet
1461 4411 1655 4463 sapere.
1690 4392 1786 4446 Ms.

252 4490 425 4534 unus,
460 4485 616 4539 quam
652 4473 899 4539 oporteret
932 4479 1126 4539 sapere.

325 4528 449 4609 (to)
472 4528 805 4609 Exhortatio.
837 4532 989 4584 Deest
1024 4528 1325 4609 plenum-su
1375 4595 1409 4609 ﬁ
1506 4598 1517 4609 .

326 4594 451 4678 (41)
476 4605 573 4659 Ms.
605 4604 797 4678 Brittius
831 4614 975 4678 nutu.
1020 4597 1172 4678 195.9,
1195 4598 1333 4678 dicit
1369 4595 1634 4678 Dontinus.
1686 4594 1789 4649 Sed

252 4666 446 4733 caeteri
477 4688 630 4730 mss.,
663 4666 910 4721 [tabanus
929 4675 978 4718 et
1000 4666 1123 4717 cditi
1155 4675 1210 4716 ut
1240 4666 1290 4715 in
1318 4672 1483 4716 textu.

328 4745 452 4815 (L2)
494 4740 654 4800 Editi,
688 4745 901 4803 oportet,
934 4734 1115 4801 inquit,
1148 4734 1203 4785 iu
1242 4734 1564 4799 simplicitate
1618 4732 1789 4784 cordis

421 4825 591 4862 “€878.

253 4814 367 4869 itare
389 4814 591 4932 gnere.
1353 4869 1365 4880 .
1479 4869 1489 4878 .
1529 4866 1540 4877 .

324 4882 386 4947 (4
432 4886 450 4949 )
477 4879 601 4930 Mss.
633 4874 755 4949 duo,
785 4870 901 4949 Non
930 4877 1151 4949 estergo
1169 4869 1299 4949 bona
1322 4866 1652 4949 simplicity,
1670 4874 1784 4949 etc,

251 4933 367 5005 Sed
401 4933 542 5000 b'ona
568 4943 829 4996 amittitur
861 4940 912 4989 in
944 4933 1308 5005 anteageditis,
1351 4937 1480 5005 et_iu
1520 4933 1789 5005 plerisque

251 5001 394 5072 Bisi.
434 5023 492 5068 et
520 5012 655 5079 apud
696 5003 1239 5079 Rahanutu.__Deinde_
1274 5018 1371 5056 ms.
1404 5001 1601 5070 Regius
1639 5015 1784 5052 num.

250 5070 401 5140 5659
431 5070 634 5133 omiitit
658 5084 835 5141 purast
868 5071 1131 5139 fratribus,
1166 5070 1257 5141 vel.

328 5134 451 5222 (ξι)
479 5134 760 5222 Recteins.
793 5134 1167 5222 Regius-num.
1207 5138 1367 5222 sese,
1407 5136 1639 5203 recipiat.
1674 5134 1787 5187 cm-

253 5207 359 5275 ιειῆ
393 5207 553 5276 uiss.,
584 5216 907 5280 [labentiset
932 5207 1080 5266 editi,
1116 5207 1383 5280 recipiant.
1471 5269 1482 5280 _

328 5273 699 5356 (45)‘Siﬁchms.
729 5278 918 5356 Regius
940 5273 1269 5356 numLtfiﬁg.
1297 5273 1486 5356 Crateri
1508 5282 1634 5320 vero
1661 5285 1785 5323 mss.

252 5369 308 5412 et
332 5341 502 5409 ‘edi'ti.
542 5349 770 5401 Videtur.
806 5341 997 5394 Deinde
1197 5344 1419 5412 dixerat.

330 5404 452 5491 (λδ)
492 5404 823 5491 blgnkcgius
850 5425 994 5491 nurui.
1024 5409 1263 5491 $59,.“
1300 5404 1543 5491 pia—pp;
1563 5405 1760 5491 15,53?
1763 5432 1789 5491 ἶ

252 5473 380 5553 tur,
398 5473 509 5542 eic.
541 5473 769 5553 Editi,}t
791 5478 905 5553 hoc,
932 5476 983 5525 id
1008 5485 1103 5541 est,
1123 5477 1210 5545 qui
1240 5478 1527 5541 miseretur,
1556 5481 1653 5529 etc.
1680 5473 1785 5527 Sed

254 5549 446 5615 cmteri
475 5568 606 5609 mss.
639 5558 695 5602 ut
719 5549 770 5601 in
801 5552 964 5599 textu.

776 4238 820 4270 ⁸³
847 4236 994 4290 Rom.
1033 4253 1125 4298 xtt,
1155 4235 1208 4289 8.
1282 4235 1327 4266 ³⁸
1351 4233 1390 4286 ll
1414 4234 1535 4288 Cor.
1573 4249 1644 4296 χι,
1666 4233 1754 4296 28,
1781 4232 1869 4287 29.
1942 4234 1989 4265 "
2018 4234 2272 4295 Iturium,
2303 4236 2351 4288 9.

1868 5344 2038 5399 Amodo
2063 5383 2078 5407 ,
2110 5353 2212 5397 etc.
2264 5344 2513 5397 Rabatttts
2538 5380 2553 5402 ,
2605 5345 2657 5393 in
2704 5357 2909 5407 peccata
2934 5381 2949 5405 ,

1899 478 2137 532 allectus.
2165 478 2315 530 Aliud
2339 488 2417 531 est
2450 479 2587 530 enim
2620 479 2746 531 dare
2773 479 3043 548 indigenti,
3072 491 3124 534 et
3169 482 3305 536 aliud
3336 494 3421 539 est

1898 565 2083 621 allecto
2120 568 2494 623 misericordiae
2520 585 2637 622 cum
2663 569 2932 638 indigente
2963 573 3146 638 partiri
3178 590 3191 624 :
3224 582 3273 627 et
3302 575 3419 629 ideo

1899 672 2002 708 non
2054 652 2163 707 vult
2212 657 2261 707 in
2314 657 2399 709 tali
2431 672 2591 725 opere
2636 673 2751 712 esse
2791 660 3073 712 tristitiam.
3135 661 3232 727 Qui
3278 665 3419 717 enim

1900 753 2162 809 prserogat
2194 741 2301 812 (l7)
2335 744 2608 811 pecuniam
2660 760 2830 808 suam,
2874 748 2917 800 si
2963 749 3188 802 inlidclis
3226 750 3316 816 sit,
3368 760 3423 804 et

1900 841 2229 897 recepturqu
2274 845 2331 882 se
2372 832 2646 897 desperet,
2687 835 2991 887 necessario
3040 844 3285 901 tanquam
3331 838 3422 905 qui

1898 932 2011 970 eam
2045 919 2331 986 perdiderit
2373 921 2733 972 contristatur.
2784 923 2880 986 Qui
2924 938 3046 976 vero
3088 939 3205 976 cum
3237 925 3337 978 fide
3368 936 3424 980 et

1898 1023 1987 1076 spe
2017 1009 2113 1062 hoc
2134 1010 2260 1077 agit,
2292 1010 2341 1061 in
2372 1009 2634 1062 hilaritate
2663 1022 2715 1063 et
2740 1011 2919 1064 ltntitia
2951 1013 3057 1081 agit
3086 1014 3215 1083 (48),
3247 1025 3422 1070 certus

1898 1099 2034 1164 quod
2071 1113 2227 1166 parva
2282 1098 2390 1150 lucc
2437 1114 2552 1166 qua:
2597 1115 2692 1165 pro
2737 1103 2982 1157 mandato
3021 1104 3109 1155 Dei
3150 1106 3419 1171 expendit,

1899 1189 2137 1258 ingentes
2185 1188 2281 1240 sibi
2320 1202 2445 1254 apes
2491 1190 2785 1243 caelestium
2826 1192 3150 1257 divitiarum,
3203 1194 3421 1263 insuper

1897 1289 2067 1330 autem
2102 1288 2154 1330 et
2176 1287 2423 1330 aeternam
2455 1278 2730 1332 conferant
2758 1280 2939 1334 vitam.

1966 1367 2015 1418 4.
2062 1366 2302 1418 Charitas
2342 1367 2448 1418 sine
2488 1368 2812 1421 simulatione
2854 1369 2917 1419 ⁸⁸.
2972 1368 3076 1435 Ego
3118 1378 3241 1438 puto
3282 1373 3420 1438 quod

1894 1459 2068 1509 Omnis
2090 1458 2321 1511 charitas
2342 1474 2455 1524 qua:
2474 1475 2574 1511 non
2594 1469 2672 1511 est
2692 1461 2976 1512 secundum
3002 1461 3183 1522 Deum,
3203 1444 3424 1515 simula-

1895 1556 1944 1597 ta
1967 1545 2056 1607 sit,
2084 1556 2137 1599 et
2157 1561 2279 1600 vera
2317 1564 2418 1600 non
2450 1549 2538 1600 sit.
2572 1547 2772 1600 Etenim
2809 1559 3019 1602 creator
3056 1551 3245 1603 anima:
3284 1553 3423 1606 Deus

1896 1635 2090 1689 idcirco
2111 1638 2156 1690 ei
2179 1654 2297 1690 cum
2324 1639 2528 1692 caateris
2550 1639 2834 1691 virtutibus
2853 1639 3007 1690 etiam
3028 1638 3272 1694 allectum
3294 1643 3419 1693 cha-

1898 1724 2055 1793 651
2104 1727 2275 1779 rilatis
2319 1728 2562 1792 inseruit,
2612 1739 2667 1781 ut
2691 1728 2869 1798 diligat
2901 1729 3097 1795 Deum,
3129 1740 3179 1782 et
3212 1744 3271 1783 ea
3304 1746 3422 1797 qua:

1898 1815 2009 1865 vult
2057 1815 2210 1867 Deus.
2244 1816 2371 1869 Cum
2411 1831 2532 1884 ergo
2566 1833 2696 1884 Opus
2727 1820 2824 1872 hoc
2859 1819 2910 1870 in
2939 1820 3169 1871 animam
3213 1820 3423 1874 dederit

1898 1902 2212 1966 charitatis,
2248 1905 2548 1973 quicunque
2591 1907 2733 1960 aliud
2783 1908 2975 1975 aliquid
3020 1907 3126 1976 (49)
3176 1908 3424 1962 dilexerit

1898 2003 2053 2055 quam
2094 1991 2274 2053 Deum,
2301 2001 2353 2044 et
2380 2008 2495 2060 qua:
2519 1994 2626 2046 Deo
2660 1994 2867 2061 placent
2889 2030 2905 2054 ,
2938 1995 3170 2049 charitas
3197 1996 3247 2050 in
3272 2011 3336 2050 eo
3358 1997 3421 2048 li-

1898 2087 1979 2127 cta
2001 2087 2056 2128 et
2079 2080 2323 2132 simulata
2346 2081 2559 2133 dicenda
2585 2091 2683 2135 cst.
2712 2081 2811 2135 Sed
2839 2092 2892 2135 et
2918 2084 2961 2136 si
2984 2085 3100 2149 quis
3122 2085 3419 2150 proximum

1898 2180 2048 2216 suum
2079 2166 2276 2233 diligat,
2307 2178 2357 2219 et
2384 2185 2499 2221 cum
2518 2183 2781 2223 errantem
2804 2186 2921 2222 eum
2940 2172 3251 2224 viderituon
3275 2187 3420 2227 com-

1899 2262 2125 2316 moneat,
2148 2268 2250 2307 non
2275 2256 2526 2323 corrigat,
2552 2258 2792 2309 simulata
2817 2257 3049 2312 charitas
3073 2260 3168 2312 ista
3198 2260 3420 2314 dicenda

1897 2350 1995 2392 est.
2034 2339 2097 2393 Et
2130 2340 2247 2394 ideo
2278 2344 2406 2395 nihil
2463 2345 2657 2398 habere
2693 2347 3065 2414 adulatorium,
3117 2351 3246 2403 nihil
3270 2349 3421 2404 fuca-

1900 2436 2005 2478 tum
2038 2428 2269 2481 charitas
2310 2430 2484 2495 debet,
2516 2432 2653 2484 sicut
2691 2441 2745 2485 et
2787 2435 2909 2486 alibi
2953 2436 3091 2489 idem
3134 2436 3419 2505 Apostolus

1897 2516 2017 2567 dicit
2048 2534 2061 2568 :
2085 2515 2321 2569 Charitas
2343 2522 2404 2571 de
2427 2523 2577 2572 corde
2608 2537 2758 2587 puro,
2784 2532 2829 2575 et
2856 2526 3164 2577 conscientia
3198 2526 3351 2591 bona,
3368 2537 3419 2581 et

1894 2607 1997 2671 ﬁde
2020 2623 2117 2658 non
2143 2608 2263 2673 [icta
2294 2609 2382 2662 δ”.

1963 2696 2013 2749 5.
2044 2695 2283 2751 0dieutes
2326 2698 2517 2753 malum
2542 2738 2558 2762 ,
2602 2702 2918 2758 adhazrentes
2955 2703 3085 2757 bono
3123 2704 3192 2757 ".
3222 2704 3417 2760 Mirum

1894 2783 2116 2839 fortasse
2146 2786 2234 2850 sit,
2267 2786 2404 2853 quod
2438 2788 2573 2839 inter
2598 2798 2785 2841 etetera
2820 2791 2955 2844 bona
2985 2790 3233 2844 virtutum
3259 2806 3415 2846 assu-

1896 2874 2057 2925 mitur
2087 2874 2259 2926 etiatu
2302 2875 2511 2938 odium,
2556 2885 2609 2929 et
2655 2885 2902 2945 tanquam
2949 2879 3307 2934 necessarium
3350 2881 3419 2936 ab

1894 2962 2145 3030 Apostolo
2174 2962 2282 3032 (50)
2309 2965 2537 3029 ponitur.
2574 2965 2718 3018 Unde
2747 2976 2946 3019 certum
2971 2976 3053 3020 est
3091 2968 3266 3022 inesse
3297 2971 3416 3021 ani-

1896 3066 1993 3104 ma:
2020 3051 2125 3103 odii
2156 3049 2401 3103 affectum
2428 3069 2440 3103 :
2481 3061 2560 3105 est
2588 3055 2726 3106 enim
2768 3054 3029 3108 laudabile
3069 3055 3243 3108 odisse
3267 3056 3414 3117 vitia,

1893 3141 2072 3194 odisse
2106 3148 2338 3208 peccata.
2374 3138 2481 3192 Nisi
2525 3142 2663 3194 enim
2708 3142 2824 3209 quis
2868 3145 2991 3196 odio
3032 3143 3222 3196 habeat
3269 3144 3415 3205 vitia,

1893 3246 1998 3283 non
2034 3241 2207 3298 potest
2250 3247 2461 3296 amare,
2492 3247 2591 3285 nec
2620 3247 2940 3286 conservare
2982 3234 3228 3287 virtutes.
3259 3234 3415 3286 Verbi

1893 3321 2082 3387 gratia,
2110 3322 2151 3373 si
2186 3323 2304 3388 quis
2342 3322 2652 3389 pudicitiam
2683 3324 2946 3374 custodire
2974 3334 3265 3389 pr0ponat,
3310 3338 3413 3377 non

1895 3416 2061 3476 potest
2094 3424 2208 3462 eam
2261 3418 2374 3463 tuto
2414 3425 2647 3471 servare,
2681 3410 2783 3463 nisi
2826 3412 3005 3464 odium
3052 3413 3320 3480 quoddam
3359 3422 3414 3465 et

1894 3499 2303 3551 exsecrationem
2353 3504 2632 3552 adversum
2658 3500 3036 3566 impudicitiam
3077 3511 3273 3554 sumat.
3304 3500 3413 3555 Dif-

1895 3586 2048 3640 ficilis
2077 3587 2247 3650 enim,
2275 3598 2327 3641 et
2356 3588 2505 3641 valde
2549 3587 2773 3643 difﬁcilis
2813 3600 2893 3641 est
2933 3590 3021 3642 illa
3065 3592 3413 3654 continentia,

1894 3675 1979 3726 ubi
2007 3676 2334 3729 desideratur
2368 3676 2492 3729 illud
2520 3692 2548 3728 a
2575 3692 2678 3744 quo
2708 3678 2999 3732 abstinetur
3022 3717 3036 3742 ,
3065 3688 3116 3731 et
3151 3680 3415 3745 cupiditas

1894 3764 2052 3816 animi
2071 3764 2184 3816 solo
2212 3775 2348 3817 metu
2378 3765 2536 3817 futuri
2557 3765 2740 3833 iudicii
2771 3766 3090 3819 refrenatur.
3115 3767 3414 3823 Periculosa

1896 3851 2035 3912 haec,
2070 3864 2123 3906 et
2156 3853 2309 3906 valde
2338 3854 2626 3921 periculosa
2655 3866 2814 3919 sunt,
2846 3857 2945 3910 nisi
2976 3858 3263 3910 secundum
3291 3873 3417 3910 cou-

1896 3942 2068 3994 silium
2091 3944 2325 4010 Apostoli
2357 3946 2593 3998 odientes
2618 3945 2774 4009 mala,
2794 3956 2846 3998 et
2878 3948 3133 4013 impacata
3158 3949 3416 4016 quodam—

1897 4032 2051 4084 modo
2084 4032 2192 4102 (5t)
2222 4033 2495 4087 adversum
2528 4049 2590 4088 ea
2622 4036 2856 4088 odiorum
2902 4036 3038 4090 bella
3085 4047 3413 4106 peragentes,

1898 4120 1976 4173 sic
2016 4121 2376 4176 adhaereatnus
2420 4125 2574 4176 bono.
2627 4124 3021 4178 Observandum
3086 4127 3243 4180 etiam
3290 4126 3411 4189 hoc,

2444 4237 2510 4267 ⁸³·
2540 4236 2554 4288 1
2584 4237 2719 4289 Tim.
2755 4253 2792 4300 ι,
2818 4252 2870 4290 v.
2974 4237 3019 4269 "
3052 4237 3201 4305 lingu.
3237 4255 3330 4300 xu,
3360 4238 3412 4293 9.

1960 4327 2069 4395 (47)
2111 4331 2199 4381 Sic
2245 4346 2427 4384 ntunes
2479 4346 2603 4383 uzss.
2666 4332 2851 4384 nostri.
2898 4329 3146 4384 [tabanus
3197 4348 3320 4385 vero
3358 4342 3414 4388 ct

1889 4396 2037 4456 editi,
2072 4411 2263 4463 erogat.
3068 4444 3073 4449 .

1960 4464 2069 4534 (48)
2104 4465 2223 4520 Mss.
2264 4469 2388 4525 duo,
2419 4470 2513 4518 hoc
2533 4469 2671 4533 agit;
2708 4476 2760 4520 et
2792 4476 2967 4534 postea
2991 4467 3139 4523 editi.
3171 4477 3335 4519 certus
3362 4478 3413 4521 et

1891 4532 2046 4603 quod,
2072 4543 2175 4603 etc.
2204 4535 2395 4585 Deinde
2434 4532 2585 4588 iidem
2630 4536 2752 4587 editi
2784 4532 2834 4587 et
2873 4551 2995 4586 mss.
3025 4536 3281 4603 plerique.
3325 4552 3414 4587 m-

1889 4601 2455 4671 peuditjpdigentibus,
2496 4604 2591 4654 sibi
2629 4620 2766 4670 opes,
2813 4614 2916 4656 etc.
2947 4601 3050 4655 Sed
3082 4601 3183 4655 ms.
3217 4604 3414 4671 liegitts

1892 4682 2035 4718 nutu.
2068 4668 2201 4721 1659
2225 4679 2277 4721 et
2306 4669 2551 4723 [tabanus
2576 4682 2631 4722 ut
2660 4668 2711 4722 in
2742 4682 2920 4721 nostro
2952 4680 3113 4724 textu.

1961 4735 2069 4802 (49)
2095 4736 2181 4788 Sic
2211 4753 2309 4790 ms.
2334 4737 2526 4805 Regius
2554 4754 2697 4789 nutu.
2730 4738 2884 4790 5659.
2914 4738 3102 4791 (Steteri
3126 4752 3252 4789 vero
3276 4751 3409 4791 mss.

1892 4812 1945 4856 ct
1976 4806 2123 4865 editi,
2157 4806 2248 4856 hoc
2274 4821 2398 4869 apus
2432 4806 2602 4856 anima
2627 4808 2822 4857 dederit
2851 4808 3021 4869 (editi,
3046 4805 3206 4867 dedit)
3235 4805 3412 4857 chari-

1892 4873 2005 4929 tati.
2029 4876 2311 4938 quicunque
2341 4874 2484 4924 aliud
2505 4872 2835 4939 aliquid,etc.
2863 4871 3145 4939 Rabanus,
3162 4872 3259 4922 hoc
3282 4887 3412 4937 opus

1891 4940 1943 4990 in
1988 4941 2159 4991 anima
2208 4942 2443 5001 dederit,
2485 4938 2735 4991 charitate
2764 4938 3248 5007 quicunquegaliud,
3279 4947 3411 5002 etc.,

1887 5010 2085 5129 pgsso
2113 5008 2324 5075 aliquid,
2354 5009 2493 5075 quod
2521 5009 2676 5060 etiam
2697 5005 2896 5061 omittit
2920 5005 3015 5060 ms.
3041 5005 3238 5073 Regius
3259 5019 3408 5059 num.

1956 5144 2065 5212 (50)
2090 5141 2247 5204 Editi,
2269 5141 2455 5212 Mirum
2485 5141 2701 5208 fortasse
2721 5142 2976 5210 siquidem
2996 5142 3132 5193 inter
3157 5150 3417 5195 cetera...

1888 5210 2172 5265 necesSario
2200 5212 2261 5260 ab
2290 5210 2556 5271 Apostolo,
2580 5220 2685 5260 etc.

1957 5281 2067 5345 (5|)
2096 5276 2504 5345 Etlititodieules
2534 5276 2744 5338 malum,
2767 5286 2816 5328 et
2838 5284 3066 5344 peccata,
3091 5282 3149 5345 et
3171 5276 3432 5342 quodam-

2995 5356 3092 5411 pt‘O
3134 5344 3431 5411 impacata.

1892 5415 2087 5468 Deinde
2116 5426 2216 5466 ms.
2242 5411 2435 5480 Regius
2467 5425 2615 5465 num.
2642 5410 2778 5467 1659
2809 5413 2953 5468 addit
2980 5410 3054 5465 sic
3092 5420 3220 5464 ante
3244 5410 3441 5461 adme-

1893 5496 2112 5537 reamus.
