3910 6244
364 262 502 316 1221

357 463 637 532 ledictum,
661 471 748 524 sed
776 472 907 524 bene
934 471 1096 542 loqui,
1121 479 1254 532 bene
1285 481 1480 544 dicere,
1510 485 1642 540 bene
1669 489 1892 555 precari.

357 563 420 604 ut
449 569 513 606 ex
550 555 650 610 hoc
679 570 729 612 et
763 560 884 612 boni
931 563 1126 618 domini
1180 569 1317 620 servi
1346 608 1359 631 ,
1391 579 1443 623 et
1491 573 1612 627 boni
1657 578 1892 646 magistri

353 643 651 697 credantur
673 661 788 700 esse
821 649 1078 718 discipuli.
1111 654 1390 710 Sciendum
1432 669 1606 715 tamen
1643 674 1722 719 est
1751 643 1890 734 quod

351 741 539 784 sermo
565 734 649 786 hic
673 736 1049 795 benedictionis
1069 744 1117 796 in
1145 745 1432 814 Scripturls
1452 751 1664 806 diverse
1689 758 1888 823 positus

351 813 652 874 invenitur.
679 823 807 877 Nam
828 836 882 879 et
907 828 1044 882 Dens
1066 832 1379 891 benedicere
1405 841 1484 892 vel
1511 841 1769 906 homines,
1805 846 1885 898 vel

348 912 550 957 caetera
583 924 698 974 qua:
719 927 1009 980 creaverat,
1030 920 1294 975 invenitur
1309 925 1354 955 ⁸ο
1378 943 1390 988 ;
1416 937 1468 978 et
1491 928 1728 982 homines
1751 931 1883 1000 (65),

348 991 436 1043 vel
463 1004 673 1050 etatem:
705 1012 960 1058 creatura:
994 1006 1154 1062 Deum
1183 1012 1494 1069 benedicere
1541 1019 1791 1086 juheutur
1813 1023 1880 1078 ⁸¹.

345 1078 456 1132 Sed
491 1083 583 1136 Dei
613 1088 820 1152 quidem
850 1094 1140 1151 benedictio
1162 1101 1356 1169 aliquid
1375 1078 1726 1177 muneris(64)
1745 1127 1880 1164 sem-

342 1183 446 1234 per
478 1172 566 1225 his
613 1178 703 1242 qui
746 1180 812 1230 ab
842 1197 906 1234 eo
933 1183 1308 1241 benedicuntur
1345 1192 1576 1259 impertit
1602 1172 1878 1254 {homines

342 1272 482 1312 vero
515 1262 678 1317 Deum
707 1267 1015 1326 benedicere
1037 1314 1052 1336 ,
1084 1292 1178 1343 pro
1201 1293 1264 1330 eo
1293 1283 1428 1348 quod
1455 1295 1534 1336 est
1567 1284 1796 1352 laudare,
1825 1299 1878 1343 et

339 1349 549 1412 gratias
591 1352 808 1417 referre,
855 1359 1119 1418 dicuntur.
1145 1364 1241 1418 Hic
1289 1377 1459 1422 tamen
1485 1372 1761 1439 Apostolus
1795 1378 1874 1430 di-

336 1448 475 1486 cens
506 1436 637 1507 (65),
658 1439 967 1511 Benedicite,
997 1460 1043 1501 et
1067 1453 1219 1505 nolite
1240 1457 1558 1522 maledicere,
1583 1466 1730 1529 quasi
1754 1482 1870 1521 cum

334 1539 700 1592 provocamur
717 1533 785 1586 ab
803 1535 1047 1600 inimicis,
1069 1541 1150 1593 vel
1167 1559 1282 1594 cum
1309 1545 1620 1616 instigamur
1646 1554 1866 1622 injuriis,

335 1627 533 1670 monet
575 1634 639 1670 ne
677 1636 774 1688 pro
805 1626 1094 1681 maledictis
1121 1631 1392 1719 maledicta
1429 1640 1742 1709 reddamus;
1774 1648 1866 1700 sed

333 1701 607 1761 iaciamus
629 1711 764 1776 quod
789 1713 898 1779 ipse
917 1719 980 1768 de
995 1701 1281 1787 semetipso
1303 1725 1508 1791 scribit,
1527 1730 1615 1783 ubi
1645 1701 1862 1786 dicit“:

335 1790 733 1861 Maledicimur,
761 1811 808 1852 et
836 1802 1173 1860 benedicimus
1203 1809 1333 1879 (66).

404 1882 500 1934 15.
535 1882 769 1938 Gaudere
800 1905 912 1940 cum
958 1896 1331 1961 gaudentibus,
1369 1903 1491 1968 ﬂere
1537 1922 1649 1958 cum
1691 1909 1866 1975 ﬂenti-

329 1967 426 2019 bus
461 1968 530 2022 ⁸³.
570 1969 819 2025 Habenda
847 1985 926 2027 est
952 1980 1110 2031 etiam
1146 1982 1195 2034 in
1231 1986 1328 2039 hoc
1357 1967 1659 2057 competens
1683 1967 1790 2064 (67)
1814 2006 1867 2050 et

327 2069 458 2122 apta
510 2060 798 2116 distinctio.
849 2063 961 2117 Non
1021 2071 1156 2122 enim
1209 2076 1606 2147 quibuscunque
1663 2060 1865 2150 gaudiis

327 2142 760 2202 Christianorum
792 2155 975 2219 gaudia
1007 2159 1258 2214 socianda
1309 2179 1470 2228 sunt,
1504 2183 1598 2221 nec
1641 2173 1862 2238 quibus-

326 2248 551 2302 cunque
591 2237 802 2291 ﬂetibus
849 2241 1092 2312 lacrynue
1135 2259 1330 2303 nostra:
1383 2237 1672 2323 jungendze
1720 2271 1857 2317 sunt.

325 2321 522 2390 Neque
549 2329 688 2379 enim
719 2331 762 2382 si
791 2332 991 2384 videam
1019 2338 1249 2402 gaudere
1278 2341 1504 2410 aliquem
1537 2362 1694 2415 super
1719 2366 1857 2418 qum-

324 2420 413 2461 stu
451 2416 714 2478 pecunias,
743 2429 832 2471 aut
859 2424 1244 2486 possessionum
1262 2428 1552 2500 latituome,
1576 2446 1666 2490 aut
1692 2454 1858 2492 saecu-

324 2497 463 2552 laris
501 2502 718 2558 honoris
747 2511 1051 2574 eminentia,
1074 2520 1428 2584 congratulari
1448 2523 1612 2578 debeo
1647 2529 1855 2591 talibus,

319 2585 414 2652 qui
459 2588 626 2640 sciam
680 2593 817 2657 quod
859 2595 1157 2662 hujusmodi
1195 2607 1379 2671 gaudia
1429 2609 1597 2665 luctus
1635 2585 1862 2684 sequan;

321 2683 413 2726 tur
441 2683 502 2726 et
531 2675 790 2744 lacrymaa.
823 2682 879 2734 ln
909 2692 1109 2739 tantum
1138 2694 1332 2746 etenim
1365 2697 1471 2766 (68)
1503 2715 1605 2753 non
1633 2675 1856 2773 est-gau-

318 2765 568 2818 dendum
606 2768 673 2821 de
711 2771 917 2836 talibus,
959 2784 1018 2828 ut
1053 2777 1306 2836 Dominus
1341 2765 1608 2857 discipulis
1643 2765 1769 2848 suis
1790 2811 1859 2851 ne

321 2851 454 2905 inde
479 2854 692 2920 quidem
721 2860 943 2924 gaudere
963 2869 1282 2920 concesserit
1309 2875 1445 2936 quod
1476 2877 1728 2931 dt‘emonia
1757 2885 1852 2936 sibi

320 2939 585 2994 videbant
623 2957 740 2997 esse
766 2948 1014 3012 subjecta.
1053 2954 1140 3005 sed
1171 2955 1244 3006 ait
1271 2957 1384 3010 eis:
1417 2958 1594 3015 Nolite
1635 2971 1855 3032 gaudere

317 3030 452 3094 quia
481 3030 738 3084 dannonia
781 3035 918 3088 vobis
943 3039 1168 3108 subjecta
1207 3053 1366 3108 sunt;
1401 3049 1488 3099 sed
1513 3030 1746 3117 gaudete,
1771 3057 1852 3109 in-
1879 3081 1917 3131 ε

316 3118 466 3181 quit,
499 3120 622 3187 quia
652 3125 858 3176 nomina
883 3138 1046 3180 vestra
1074 3131 1260 3197 scripta
1281 3147 1395 3187 sunt
1424 3137 1475 3189 in
1503 3140 1630 3191 libro
1653 3143 1764 3196 vitae
1787 3146 1852 3200 ⁸⁸.

316 3207 387 3260 Et
430 3224 529 3262 nos
558 3226 684 3278 ergo
728 3213 773 3266 si
813 3217 1082 3272 videamus
1124 3221 1190 3272 ab
1225 3222 1398 3291 aliquo
1436 3228 1541 3282 tale
1566 3245 1694 3297 Opus
1723 3236 1853 3302 geri,

312 3299 470 3364 quod
498 3299 549 3350 in
580 3301 715 3354 cmlo
747 3305 908 3357 scribi
932 3306 1142 3372 dignum
1175 3310 1276 3374 sit,
1307 3313 1416 3366 sive
1455 3315 1672 3382 justitize
1701 3299 1853 3387 opus.

312 3385 438 3437 sive
459 3387 760 3452 charitatis,
788 3392 896 3444 sive
929 3397 1089 3460 pacis,
1117 3398 1226 3450 sive
1270 3401 1674 3471 misericordiae;
1703 3421 1756 3462 et
1785 3413 1852 3465 ita

310 3483 557 3540 gestum,
592 3485 647 3526 ut
675 3477 724 3528 in
757 3478 890 3530 libro
919 3481 1037 3534 vitae
1071 3485 1251 3538 referri
1284 3504 1568 3556 mereatur,
1603 3497 1851 3553 debemus

311 3742 380 3792 ad
425 3739 600 3793 lucem
629 3743 870 3798 veritatis
905 3749 1142 3813 venisse,
1174 3762 1227 3805 et
1273 3759 1628 3814 remissionem
1662 3779 1845 3830 pecca-

309 3838 520 3889 torum,
550 3839 604 3884 et
632 3834 849 3898 gratiam
879 3840 1045 3890 sancti
1084 3838 1307 3907 Spiritus
1358 3851 1614 3904 meruisse
1639 3891 1651 3910 .
1681 3854 1839 3908 debe-

309 3934 439 3971 mus
474 3921 708 3985 gaudere
741 3937 855 3974 cum
885 3927 1090 3980 talibus.
1117 3930 1370 3986 Similiter
1389 3946 1561 3990 autem
1590 3942 1712 4007 [lere
1727 3959 1841 3996 cum

307 4010 580 4077 ﬂentibus,
607 4025 710 4064 non
731 4026 846 4065 eum
867 4015 967 4068 illis
995 4021 1082 4085 qui
1111 4019 1235 4074 ﬂent
1265 4036 1494 4079 mortuos
1519 4043 1639 4082 suos
1665 4031 1730 4094 ⁸⁵,
1755 4033 1838 4098 ju-

308 4097 529 4162 bemur,
553 4105 644 4148 aut
663 4099 751 4166 qui
783 4099 905 4152 llent
936 4103 1122 4156 damna
1152 4108 1443 4173 saacularia,
1470 4114 1695 4168 scientes
1715 4097 1835 4182 quia

306 4186 474 4254 hujus
511 4186 689 4239 saeculi
721 4190 930 4242 tristitia
974 4204 1180 4245 mortem
1211 4209 1447 4261 operatur
1470 4201 1536 4254 ⁸⁸.
1569 4201 1676 4255 Νοιι
1713 4216 1834 4258 sunt

309 4286 442 4339 ergo
490 4271 734 4340 lacrymte
763 4285 953 4328 nostra:
995 4278 1268 4347 jungendze
1298 4299 1417 4338 cum
1450 4288 1638 4344 talibus
1675 4308 1689 4355 ;

1286 270 1625 330 COMMENT.
1665 275 1728 329 IN
1760 276 1972 331 EPIST.
2004 281 2094 333 AD
2125 281 2288 337 HOM.
2324 285 2444 338 LlB.
2487 287 2572 341 IX.

359 374 479 430 Non
511 379 616 432 vult
640 378 916 434 credentes
941 381 1156 440 Christo
1185 386 1249 441 de
1279 404 1372 442 ore
1399 407 1494 444 suo
1523 394 1759 461 proferre
1788 412 1896 450 ma-
1923 401 1967 456 Α
1991 401 2078 465 qui

3379 307 3398 358 1
3411 306 3514 358 2222

2106 403 2247 468 ﬂent,
2272 407 2512 470 quoniam
2541 408 2639 474 ipsi
2667 411 3064 467 consolabuntur
3084 416 3149 471 ⁸⁷.
3185 419 3239 474 Si
3267 425 3384 490 quis
3425 427 3515 482 lict

1999 505 2093 557 pro
2125 495 2352 557 peccatis
2376 497 2506 557 suis,
2534 498 2576 550 si
2606 501 2723 566 quis
2753 512 2869 566 post
2899 504 3144 559 delictmn
3187 517 3512 570 convertitur

1997 581 2060 629 ad
2093 583 2474 648 paenitentiam,
2503 596 2554 640 et
2581 601 2813 644 errorem
2844 608 2992 646 suum
3016 597 3258 666 lacrymis
3284 603 3442 670 lavat,
3463 610 3509 661 si

1994 669 2109 734 quis
2140 670 2431 735 ingemiscit
2463 677 2620 728 etiam
2651 680 2698 730 in
2728 681 3029 739 habitaeulo
3063 687 3161 740 isto
3207 694 3427 757 positus,
3456 710 3510 753 et

1993 758 2054 808 ad
2081 758 2346 812 Christum
2398 765 2568 818 redire
2603 767 2900 832 desiderat,
2936 783 2988 826 et
3023 789 3261 832 sanctum
3297 783 3507 837 deside—

1994 847 2123 898 rium
2152 847 2502 920 Iacrymarum
2523 856 2827 922 profusione
2845 862 3046 917 solatur
3067 867 3195 936 (70),
3223 871 3506 939 jungamus

1988 950 2106 988 cum
2135 938 2324 993 talibus
2354 941 2612 1013 lacrymas
2636 959 2867 1012 nostras,
2884 963 2936 1005 et
2959 957 3182 1021 gemitus
3205 967 3500 1029 sociemus;

1985 1039 2102 1076 nam
2137 1029 2243 1093 (71)
2278 1031 2486 1084 tristitia
2517 1051 2631 1101 qute
2651 1043 2928 1094 secundum
2969 1044 3131 1096 Deum
3161 1059 3252 1106 est,
3281 1049 3500 1105 salutem

1981 1116 2213 1169 stabilem
2251 1136 2342 1185 per
2370 1125 2714 1186 pauitantiam
2744 1142 2986 1196 aperatur
3006 1134 3071 1186 ⁸⁸.

2051 1226 2131 1279 16.
2167 1228 2398 1296 ldipsum
2419 1235 2627 1286 invicem
2656 1241 2921 1292 sentientes
2945 1242 3008 1294 ⁸⁸.
3046 1241 3230 1298 Ξυνιηο
3262 1248 3359 1304 iste
3392 1267 3495 1307 non

1981 1325 2164 1367 natura
2195 1318 2293 1376 sui,
2319 1319 2409 1372 sed
2431 1321 2865 1389 interpretatione
2890 1331 3166 1387 obscurior
3196 1339 3367 1393 factus
3389 1350 3492 1395 est.

1979 1402 2086 1456 lloc
2114 1415 2197 1458 est
2219 1408 2357 1460 enim
2380 1413 2515 1477 quod
2535 1413 2683 1476 dicit,
2710 1425 2766 1467 ut
2796 1417 2867 1469 ita
2897 1419 2960 1472 de
2988 1422 3150 1476 fratre
3181 1428 3491 1495 sentiamus,

1974 1504 2030 1544 ut
2062 1493 2126 1546 de
2161 1497 2309 1549 nobis
2339 1501 2499 1566 ipsis;
2527 1512 2578 1553 et
2609 1504 2676 1556 ita
2711 1508 2928 1563 velimus
2954 1515 3230 1579 proximo,
3276 1521 3413 1573 sicut
3441 1532 3496 1574 et

1973 1583 2125 1636 nobis
2155 1585 2428 1640 volumus:
2464 1599 2521 1640 ut
2549 1601 2600 1642 et
2641 1593 2888 1650 Dominus
2919 1599 2967 1650 in
3015 1602 3297 1672 Evangelio
3325 1609 3488 1662 dicit:

1972 1671 2097 1733 Qua:
2133 1675 2286 1728 vultis
2321 1688 2374 1730 ut
2413 1681 2608 1746 faciant
2649 1687 2782 1738 vobis
2813 1689 3063 1756 homines,
3103 1699 3275 1750 eadem
3314 1709 3362 1752 et
3405 1717 3488 1755 vos

1900 1739 1937 1791 Β
1962 1757 2116 1824 facile
2148 1762 2248 1815 im.
2277 1766 2342 1820 ὀ.

2032 1868 2114 1922 17.
2149 1869 2266 1922 Non
2293 1873 2400 1926 alta
2429 1882 2720 1946 sentientes,
2746 1885 2833 1935 sed
2865 1886 3144 1942 humilibus
3168 1898 3487 1952 consentien-

1963 1963 2033 2007 tes
2061 1958 2126 2009 θί.
2157 1957 2462 2027 Superbiam
2491 1981 2583 2032 per
2623 1973 2793 2023 omnia
2829 1974 2938 2044 (72)
2975 1979 3330 2046 refugiendam
3378 1990 3478 2041 do-

1961 2054 2044 2098 cet
2075 2062 2088 2107 ;
2125 2049 2223 2100 hoc
2252 2051 2391 2104 enim
2439 2055 2568 2109 dicit
2612 2059 2714 2110 alta
2759 2065 2974 2117 sentire.
3015 2068 3170 2138 653
3201 2072 3264 2124 Et
3291 2077 3480 2130 merito

1959 2135 2199 2200 superbia
2247 2137 2492 2205 fugienda
2534 2155 2635 2206 est,
2663 2161 2779 2200 cum
2818 2135 3099 2219 Scriptura
3134 2135 3315 2226 vdicat,
3357 2168 3479 2232 quia

1957 2220 2157 2274 initium
2183 2227 2473 2282 discedendi
2504 2251 2534 2284 a
2578 2234 2704 2295 Deo,
2736 2243 2970 2304 superbia
3017 2255 3090 2296 est
3122 2246 3184 2294 ’⁸.
3217 2248 3355 2303 Bene
3383 2267 3480 2304 att-

1960 2319 2060 2364 tem
2090 2329 2191 2366 uno
2208 2332 2446 2373 sermone
2475 2323 2848 2381 institutionem
2878 2332 3183 2389 humilitatis
3205 2343 3473 2408 exposuit;

1956 2404 2249 2457 consentire
2283 2409 2421 2461 enim
2471 2413 2770 2478 humilibus,
2820 2429 2872 2472 et
2902 2435 3080 2476 amare
3125 2428 3365 2494 humiles,
3395 2442 3478 2484 at-

1956 2501 2056 2553 que
2087 2489 2344 2547 inclinare
2382 2510 2440 2549 se
2473 2500 2536 2550 ad
2574 2515 2686 2561 eos,
2733 2504 2832 2558 hoc
2867 2517 2946 2559 est
2984 2525 3322 2569 corisuescere
3353 2518 3474 2571 imi-

1959 2576 2054 2628 tari
2104 2592 2223 2630 eum
2281 2586 2367 2650 qui
2418 2601 2534 2638 cum
2587 2591 2636 2642 iu
2685 2590 2853 2645 forma
2912 2595 3002 2650 Dei
3045 2612 3204 2665 esset,
3251 2602 3472 2660 formam

1954 2667 2086 2718 servi
2143 2673 2391 2738 suscepit,
2441 2685 2494 2726 et
2546 2677 2842 2736 humiliavit
2894 2699 2951 2738 se
2997 2702 3161 2756 usque
3211 2692 3276 2746 ad
3328 2709 3469 2748 mor-

1955 2763 2055 2807 tem
2086 2758 2152 2810 ’³.

2023 2867 2106 2919 18.
2141 2867 2316 2924 Nolite
2336 2889 2442 2928 esse
2471 2878 2740 2943 prudentes
2767 2888 2902 2950 apud
2922 2892 3248 2956 vosmetipsos
3270 2895 3335 2946 ".
3368 2896 3471 2960 Qui

1951 2954 2046 3007 sibi
2084 2957 2178 3025 ipsi
2203 2962 2432 3027 prudens
2474 2981 2591 3020 esse
2631 2971 2851 3033 videtur,
2899 2974 2982 3027 hic
3013 2991 3129 3029 cum
3161 2987 3463 3050 arrogantia

1952 3043 2142 3096 Slltlllts
2164 3055 2278 3109 est;
2311 3062 2410 3102 nec
2437 3061 2608 3116 potest
2645 3069 2818 3107 veram
2842 3060 3147 3122 sapientiam
3185 3062 3272 3117 Dei
3310 3067 3465 3132 scire,

1957 3134 2046 3186 qm
2074 3136 2220 3175 suam
2252 3125 2515 3180 stultitiim
2544 3133 2689 3197 quasi
2725 3135 3030 3200 sapientiam
3064 3143 3205 3195 colit.
3239 3125 3470 3210 Denique

1954 3210 2005 3262 in
2050 3216 2404 3280 superioribus
2451 3221 2583 3274 hanc
2626 3222 2784 3277 fuisse
2833 3227 3208 3284 incredulitatis
3256 3248 3467 3287 causam

1949 3297 2162 3364 Iudaeis,
2193 3304 2301 3370 ipse
2327 3307 2515 3360 Paulus
2541 3311 2766 3376 edocuit,
2790 3316 2969 3369 dicens
2987 3319 3050 3370 de
3071 3321 3164 3380 eis,
3187 3323 3306 3388 quia
3333 3325 3470 3390 igno-

1953 3399 2126 3443 rantes
2167 3391 2260 3444 Dei
2290 3395 2580 3461 justitiam,
2621 3412 2668 3452 et
2711 3418 2854 3454 suam
2891 3405 3151 3470 justitiam
3187 3423 3464 3476 querentes

1949 3487 2190 3542 statuere,
2206 3485 2428 3549 justitiaz
2458 3487 2548 3540 Dei
2568 3507 2664 3541 non
2687 3503 2804 3544 sunt
2830 3495 3040 3562 subjecti
3063 3498 3126 3550 ’⁵.
3158 3499 3242 3553 Sic
3265 3517 3388 3571 ergo
3411 3512 3466 3558 et

1948 3570 2032 3631 qui
2068 3574 2202 3634 apud
2233 3575 2568 3640 semetipsum
2608 3581 2817 3644 sapiens
2857 3593 2957 3646 est,
2995 3602 3096 3637 non
3135 3597 3306 3652 potest
3335 3570 3460 3643 esse

1945 3657 2152 3721 sapiens
2177 3663 2312 3727 apud
2341 3663 2526 3717 Deum.

2010 3769 2094 3822 19.
2132 3769 2277 3824 Nulli
2301 3776 2492 3827 malum
2521 3796 2612 3845 pro
2641 3782 2775 3834 malo
2798 3783 3060 3837 recidentes
3085 3786 3149 3838 9‘.
3183 3787 3236 3840 Si
3266 3791 3458 3844 malum

1941 3857 2136 3912 inferre
2167 3877 2384 3928 peccare
2415 3876 2514 3934 est,
2553 3883 2605 3923 et
2630 3873 2844 3924 reddere
2874 3874 3064 3926 nudum
3098 3891 3223 3938 non,
3257 3890 3312 3930 ut
3342 3883 3458 3946 qni-

1938 3946 2150 4002 busdam
2181 3953 2400 4017 videtur,
2426 3956 2619 4023 justum
2645 3970 2744 4023 est,
2772 3963 3047 4016 sedsimile
3064 3977 3331 4030 pt'CCatttm
3354 3979 3458 4035 est,

1935 4043 2041 4100 aut,
2066 4046 2122 4090 ut
2138 4054 2234 4106 ego
2259 4042 2890 4115 arbitror,etiamgravius.
2912 4049 3038 4102 Nam
3058 4053 3142 4105 ille
3161 4054 3247 4120 qui
3265 4058 3456 4110 malum

1932 4125 2076 4190 prior
2113 4127 2304 4192 intulit,
2338 4130 2470 4185 forte
2503 4135 2610 4201 (75)
2643 4151 2743 4187 non
2773 4137 2936 4189 sensit
2963 4141 3153 4195 malum
3173 4159 3288 4198 esse
3317 4148 3453 4212 quod

1932 4213 2071 4265 fecit.
2091 4215 2188 4280 Qui
2207 4230 2377 4272 autem
2399 4223 2619 4276 reddidit
2636 4226 2848 4288 malum,
2870 4243 2932 4280 eo
2950 4229 3064 4296 ipso
3082 4247 3185 4298 quo
3204 4233 3271 4285 ad
3296 4234 3456 4287 ulcis-

1928 4305 2150 4357 cendum
2171 4318 2246 4358 est
2271 4320 2460 4374 motus,
2489 4314 2763 4368 confessus
2776 4328 2854 4368 est
2873 4320 3101 4373 sensisse
3131 4322 3321 4376 malum
3339 4339 3455 4379 esse

308 4373 434 4412 cum
460 4358 566 4411 illis
587 4359 813 4412 ﬂendum
839 4367 994 4416 estde
1019 4369 1207 4433 quibus
1235 4371 1361 4426 dicit
1390 4375 1634 4432 Dominus
1655 4400 1667 4434 :
1691 4381 1836 4438 Beati
1868 4382 1910 4435 Ι)
1937 4395 2075 4457 quod
2101 4358 2460 4451 reddiditivlivt,
2479 4358 2594 4455 ideo
2627 4405 3008 4471 respiciendum
3037 4423 3244 4478 semper
3276 4421 3358 4467 est
3388 4415 3452 4465 ad

379 4497 428 4528 se
468 4494 674 4576 gae-[3,},
703 4496 788 4549 22.
862 4498 1071 4576 “illan:
1093 4519 1179 4576 _l_ll,
1205 4504 1269 4576 57
1297 4523 1404 4576 seq.

1506 4513 1548 4543 ⁸³
1577 4514 1736 4572 lCor.
1775 4536 1842 4582 tv,
1883 4523 1957 4574 12.

2048 4526 2092 4555 ⁸³
2121 4525 2270 4607 lippi.
2301 4547 2394 4593 xu,
2421 4535 2619 4607 13h“
2654 4537 2781 4592 Luc.
2814 4557 2865 4600 χ,
2887 4541 2976 4594 ‘20.
3049 4542 3093 4572 ⁸⁵
3123 4542 3306 4595 Matth.
3339 4560 3450 4607 vm,

308 4566 398 4618 22.
467 4565 514 4596 οι
544 4564 580 4616 ιι
611 4566 732 4616 Cur.
762 4582 852 4630 m,
882 4568 962 4620 ιο.
1029 4564 1448 4639 ⁸⁷ΜιιιιΙι.ν,’5.
1523 4564 1855 4640 nimia",

308 4650 386 4673 ιιι
440 4635 522 4673 Hi,
603 4633 646 4665 9⁸
675 4634 807 4673 Ennii
874 4651 902 4673 vr
949 4637 1010 4673 l1
1124 4640 1169 4669 9|
1200 4641 1363 4673 Dl.:l:..
1415 4662 1448 4673 ..
1499 4648 1529 4673 [ρ
1647 4651 1690 4673 ιιι.
1723 4655 1756 4673 n

1985 4593 2070 4673 ip,
2121 4564 2574 4673 ’δδςῑίίυλῖξιῖῖια
2653 4564 3034 4673 κ”ιξλιλᾰιῖΐίιη
3062 4564 3450 4669 ιεῗ¹·’¹ἐέ¹ιιῖ,¹ιὶξῖ

307 4650 410 4696 xu,
440 4635 526 4686 16.
603 4633 646 4665 θ’
673 4634 830 4687 Eccli.
873 4637 1030 4697 Χ,11.
1124 4640 1169 4669 ³³
1199 4633 1382 4707 Philip.
1413 4662 1472 4708 ιι,
1499 4648 1550 4701 6.

379 4747 497 4816 (65)
554 4747 722 4810 Editi,
755 4766 868 4817 qua:
919 4755 1139 4816 creavit,
1189 4758 1467 4826 invenitur,
1499 4765 1620 4816 item
1666 4768 1833 4823 homi-

306 4831 398 4868 nes
409 4854 422 4874 ,
451 4825 559 4869 θιο.

381 4884 494 4953 (61)
525 4883 620 4953 Ms.
654 4899 787 4935 unus
811 4895 861 4938 et
889 4885 1155 4953 Rabanus,
1184 4892 1328 4944 aliud
1357 4900 1602 4950 muneris.

381 4951 730 5040 (65))DLicens.
753 4953 912 5040 LDeLest
944 4951 1383 5040 in_antea_editis,
1415 4972 1541 5019 etin
1563 4967 1828 5040 plerisque

306 5035 458 5088 mss.
480 5019 729 5072 Rabanus
752 5021 913 5073 habet
945 5025 1015 5074 ait
1046 5040 1139 5088 pro
1165 5031 1354 5082 dicens.

379 5087 490 5155 (66)
518 5087 676 5155 Editi,
706 5091 795 5139 sed
817 5087 1170 5146 benedicimus.

379 5154 489 5222 ’67)
516 5154 675 5228 [ξιίίιί9
699 5159 854 5228 etiam
879 5159 966 5228 hic
984 5174 1284 5228 competens,
1311 5175 1416 5216 etc.

379 5221 490 5294 (68)
518 5221 927 5294 Etenimalleest
954 5226 1005 5277 in
1041 5221 1185 5281 libris
1215 5221 1367 5284 antea
1398 5233 1570 5287 editis.

378 5289 488 5362 (69)
515 5289 616 5343 Ms.
645 5289 839 5354 Regius
874 5307 1014 5345 num.
1046 5295 1204 5366 1639,
1241 5302 1326 5352 hic
1362 5310 1416 5352 et
1447 5302 1577 5355 infra
1597 5342 1611 5367 ,
1651 5307 1714 5360 de
1746 5319 1827 5364 ta-

384 5376 466 5410 illo

299 5363 488 5494 ab???)
515 5425 609 5501 Sic
620 5432 765 5501 recte
795 5440 890 5478 ms.
925 5425 1114 5501 Regius
1144 5448 1286 5501 num.
1319 5433 1471 5488 1659.
1493 5437 1674 5491 Crateri
1702 5458 1828 5501 vero

301 5511 438 5547 mss.
469 5504 522 5547 et
548 5495 709 5556 editi,
735 5505 780 5545 et
806 5499 1080 5574 secundum
1121 5500 1426 5553 desiderium
1471 5495 1827 5574 laerymarum

293 5563 605 5632 profusione
620 5563 836 5616 lavatur.
858 5561 1122 5631 llabanus,
1135 5577 1182 5620 et
1197 5577 1431 5623 sanctum
1446 5561 1824 5636 άθιὲάὲνίιιηι...

1647 4651 1690 4682 ³⁸
1721 4655 1872 4710 Rom.
1907 4651 2092 4722 $1.16.

2188 4665 2233 4695 ”
2256 4665 2406 4722 Rom.
2451 4685 2502 4735 ι,
2535 4676 2588 4725 5.
2692 4676 2736 4708 ’⁸
2763 4676 2912 4730 Rout.
2960 4665 3052 4740 xli,
3093 4679 3176 4731 17.

1937 4775 2096 4832 lavat.

2003 4846 2112 4924 (71)
2144 4846 2299 4924 Nam.
2331 4851 2571 4924 Deest_in
2604 4855 2832 4924 editiset
2881 4858 2931 4924 in
2980 4857 3244 4924 plerisque
3294 4875 3445 4920 mes.-,

1934 4917 2021 4992 sed
2065 4917 2356 4992 restituitur
2386 4937 2450 4992 es
2483 4921 2714 4992 Rahauo.
2751 4922 2848 4975 Ms.
2885 4917 3080 4992 Regius
3112 4917 3254 4979 num.
3291 4917 3444 4992 1659,

1933 4981 2107 5080 halt-cst,
2142 4983 2336 5080 ’Ql'ristia
2370 4989 2500 5039 enim
2537 5005 2628 5055 pro
2657 4981 3088 5080 Ngmltristilitlz‘.”
3121 5058 3132 5068 _
3346 5062 3378 5080 ﬂ
3439 5069 3442 5072 .

2096 5057 2108 5080 ἱ
2183 5067 2228 5080 ιη
2258 5067 2436 5080 [ιιι-..ΛΔ
2475 5072 2575 5080 ...δη
2632 5067 2675 5080 ,ιι
2756 5076 2776 5080 ,μ
2806 5074 2949 5080 ...-.---
3019 5073 3027 5080 .
3078 5071 3131 5080 -.-
3159 5073 3276 5080 -.Α-Α

2000 5049 2108 5136 (ρ.)
2141 5051 2228 5102 Sic
2258 5067 2438 5106 omnes
2475 5049 2598 5133 mss.
2629 5067 2679 5136 et
2707 5056 2972 5136 Rabanus.
3001 5058 3132 5136 Editi
3159 5073 3302 5136 vero,
3340 5062 3447 5115 Sué

1925 5119 2150 5175 perbiam
2183 5134 2334 5178 super
2374 5125 2618 5176 omnia...
2651 5125 2745 5174 hoc
2780 5128 2914 5177 enim
2955 5126 3320 5191 beneplacitum
3371 5143 3443 5184 est

1928 5182 2150 5272 DemnEt
2181 5189 2358 5266 merito
2383 5192 2616 5272 superbia
2655 5191 2898 5272 [ugienda
2928 5205 3031 5254 est,
3061 5182 3174 5272 cum
3199 5198 3448 5272 scriptun;

1927 5253 2013 5328 sit,
2043 5251 2174 5328 Quia
2196 5254 2391 5328 initium
2415 5251 2759 5328 discedendi'a
2789 5261 2892 5314 Deo
2913 5251 3147 5328 superbia
3174 5271 3248 5312 est
3299 5251 3450 5320 Unde

1929 5319 2198 5392 Apostolus
2227 5322 2288 5392 in
2316 5338 2414 5374 uno
2457 5323 2745 5392 (Rabanus,
2776 5328 2829 5379 in
2861 5319 3048 5392 primo)
3080 5343 3318 5383 sermone
3370 5337 3451 5387 itt-

1929 5386 2240 5438 stitutionem
2270 5386 2572 5443 humilitatis
2595 5386 2931 5446 commendat.

1997 5463 2104 5533 (7'5)
2145 5461 2315 5513 Forte.
2359 5464 2525 5544 Deest;
2561 5463 2611 5512 in
2651 5464 2804 5544 editis
2832 5473 2885 5544 e_t
2912 5464 3274 5544 inplerisque
3324 5483 3456 5524 mss.

1927 5531 2134 5586 necnon
2173 5540 2226 5583 et
2261 5531 2407 5598 apud
2436 5531 2724 5587 ltahanum.
2764 5531 2868 5586 Sed
2903 5531 3197 5588 restituitur
3237 5548 3311 5586 ex
3351 5551 3464 5590 uno

1901 5587 2029 5657 tms.
2067 5599 2227 5671 Regio
2261 5587 2408 5653 num.
2445 5598 2593 5653 1610.
