3910 6244
378 248 524 305 1225
1305 254 1650 312 COMMENT.
1690 252 1755 306 IN
1792 252 2008 309 EPIST.
2042 254 2133 307 AD
2166 256 2331 313 ROM.
2372 258 2500 314 LlB.
2534 259 2620 313 IX.
3404 264 3541 318 129.6

373 384 480 440 put
519 375 743 439 inimici,
794 378 846 432 in
902 379 1221 444 adiutorium
1275 378 1442 446 ipsius
1497 382 1914 446 congregantur.
1944 375 1989 430 A
2015 373 2133 442 ipso
2156 375 2258 429 sibi
2284 375 2460 430 datam
2485 376 2713 444 gratiam
2744 377 3104 443 conﬁtentur;
3144 377 3236 433 sed
3280 388 3371 432 aut
3416 394 3541 448 pro-

371 461 561 517 Potest
584 466 724 519 enim
768 467 880 520 ﬁeri
908 477 965 520 ut
993 468 1199 521 animus
1230 466 1377 521 ferus
1417 480 1481 520 ac
1517 466 1778 520 barbarus
1813 466 1910 520 ini-
2008 462 2139 530 prie
2178 462 2449 517 industria:
2493 464 2781 530 ascribunt,
2823 474 2917 519 aut
2968 479 3130 534 super
3175 466 3446 530 magistris
3488 475 3543 517 et

373 553 504 606 mici
532 552 667 621 (85),
698 555 742 608 si
768 556 956 609 sentiat
993 555 1301 610 beneficium
1337 566 1603 625 nostrum,
1639 558 1683 610 si
1725 556 1910 610 huma-
2007 551 2398 606 institutoribus
2454 552 2771 622 gloriantur.
2838 552 2998 607 Nobis
3068 564 3242 606 autem
3307 554 3547 606 ostendit

369 641 624 701 nitatem.
672 645 716 697 si
768 645 1034 707 affectum,
1085 646 1128 698 si
1188 646 1438 713 pietatem
1496 644 1707 705 videat'.
1760 661 1906 700 com-
2004 640 2286 708 Apostolus
2329 657 2485 695 omne
2520 642 2658 709 quod
2702 643 2897 697 bonum
2941 651 3043 706 εει,
3084 656 3113 694 ³
3160 640 3265 695 Deo
3308 656 3450 703 esse.
3487 648 3540 695 ει

368 732 719 797 punctionem
761 735 935 787 cordis
979 736 1174 801 capiat,
1214 735 1481 788 commissi
1523 735 1906 804 paenitudinem
2005 744 2104 797 per
2141 730 2398 797 Spiritum
2435 746 2676 785 sanctum
2703 732 2839 795 dari,
2887 733 3026 785 sicut
3053 743 3106 786 et
3129 729 3361 785 Jacobus
3407 745 3539 798 apo-

366 825 546 883 gerat.
575 829 628 872 et
652 834 717 872 ex
738 820 837 874 hoc
879 822 1013 886 ignis
1054 822 1106 874 in
1153 836 1218 875 eo
1266 822 1476 889 quidam
1535 823 1904 884 succendatur,
2005 820 2169 873 stolus
2198 820 2374 874 dicit:
2411 820 2575 875 Omne
2612 824 2793 875 datum
2832 824 3018 875 bonum
3069 833 3117 875 et
3160 837 3309 875 omne
3346 822 3539 874 donum

364 908 459 972 qui
483 923 605 960 eum
636 924 729 976 pro
756 912 1022 966 commissi
1050 912 1369 966 conscientia
1407 911 1514 981 (86)
1555 921 1824 979 torqueat,
1850 920 1907 966 et
2003 907 2280 974 perfectum
2310 908 2578 961 desursum
2623 920 2696 963 est
2740 911 3051 964 descendens
3099 927 3133 962 a
3186 910 3343 964 Patre
3383 910 3538 962 lumi-

362 997 596 1064 adurat;
631 1008 685 1054 et
720 1001 803 1054 isti
840 1010 996 1055 erunt
1031 1002 1289 1056 carbones
1321 1003 1455 1072 ignis
1491 1002 1581 1069 qui
1625 1015 1785 1069 super
1820 1015 1908 1053 ca-
2005 1013 2127 1049 num
2156 998 2236 1061 ";
2274 999 2447 1067 utqui
2477 998 2748 1067 gloriatur,
2779 1000 2834 1052 in
2863 999 3079 1053 Domino
3110 1000 3360 1069 glorietur
3386 998 3451 1054 υ.

363 1095 464 1152 put
492 1086 608 1152 ejus
640 1103 704 1142 ex
735 1098 920 1143 nostro
965 1091 1335 1146 misericordiae
1384 1102 1438 1145 et
1491 1091 1702 1159 pietatis
1744 1104 1905 1159 opere
2070 1088 2157 1141 25.
2199 1089 2482 1143 Videamus
2519 1103 2646 1159 ergo
2693 1104 2831 1142 nunc
2865 1090 2990 1157 quid
3017 1091 3199 1144 etiam
3245 1090 3298 1144 in
3344 1103 3537 1144 conse-

358 1187 785 1245 congregantur.
825 1178 995 1247 Caput
1018 1195 1163 1246 vero,
1203 1180 1494 1248 principale
1525 1181 1704 1234 cordis
1727 1180 1906 1248 appel-
2003 1177 2281 1246 quentibus
2328 1176 2573 1245 adjungat
2622 1178 2909 1243 Apostolus
2942 1196 2955 1230 :
2992 1179 3172 1232 Omnis
3218 1179 3395 1232 animo
3443 1195 3536 1243 po-

360 1263 514 1318 tatur
545 1283 559 1319 :
587 1276 641 1320 et
669 1268 856 1322 merito
880 1278 1038 1333 caput
1082 1269 1295 1334 dicitur,
1350 1271 1501 1338 cujus
1551 1270 1822 1323 intellectu
1853 1276 1907 1322 et
2003 1267 2270 1319 testatibus
2316 1266 2705 1319 sublimioribus
2744 1267 3010 1334 subjaceat
3049 1269 3094 1300 ιδ
3134 1269 3267 1338 (9t).
3314 1268 3535 1323 Videtur

353 1354 648 1420 prudentia
680 1357 914 1408 membra
941 1367 1196 1424 reguntur
1222 1358 1488 1411 universa.
2003 1357 2132 1409 mihi
2166 1357 2218 1409 in
2248 1356 2349 1409 hoc
2381 1355 2531 1409 valde
2566 1355 2901 1411 laudabiliter
2930 1358 3161 1410 animam
3206 1360 3531 1420 nominasse,

424 1441 522 1496 24.
549 1443 676 1497 Noli
697 1446 836 1498 vinci
865 1462 895 1497 a
926 1446 1084 1508 malo,
1119 1447 1206 1498 sed
1230 1449 1371 1500 vince
1401 1449 1454 1500 in
1478 1448 1607 1500 bono
1640 1447 1832 1498 malum
1858 1447 1899 1498 ⁸.
2000 1461 2155 1514 quam
2190 1445 2465 1514 subjacere
2502 1447 2854 1513 potestatibus
2882 1447 3054 1513 jubet.
3083 1445 3361 1514 Nunquam
3390 1446 3535 1500 enim

350 1531 610 1585 Vincitur
644 1549 670 1585 a
702 1535 863 1597 malo,
898 1536 987 1602 qui
1017 1537 1175 1590 'malis
1213 1548 1527 1604 provocatus
1577 1538 1744 1589 reddit
1791 1553 1903 1590 ma-
2001 1537 2244 1599 dixisset,
2275 1537 2449 1589 omnis
2491 1538 2708 1605 spiritus
2758 1537 3028 1603 subjaceat
3081 1537 3353 1603 potestati.
3408 1537 3526 1599 sed.

350 1620 492 1671 lum.
546 1619 603 1673 ln
656 1621 794 1673 bono
839 1631 1009 1676 autem
1063 1625 1222 1677 vincit
1278 1626 1473 1676 malum
1526 1625 1613 1691 qui
1669 1626 1900 1691 acceptis
1932 1682 1970 1691 _
2001 1625 2165 1675 omnis
2194 1623 2389 1676 anima.
2413 1625 2488 1678 De
2511 1639 2613 1691 qua
2641 1624 2937 1677 dill'erentia
2960 1638 3101 1691 saepe
3127 1621 3237 1690 jam
3275 1625 3528 1686 diximus,

348 1708 518 1762 malis
552 1711 781 1764 restituit
813 1713 968 1767 bona.
1020 1713 1235 1768 Certum
1288 1724 1369 1768 est
1407 1716 1544 1768 enim
1600 1716 1738 1768 hanc
1778 1729 1894 1768 esse
1932 1682 1973 1735 Β
2000 1712 2140 1779 quod
2187 1711 2449 1765 interdum
2500 1726 2594 1779 per
2650 1712 2916 1775 animam,
2975 1713 3243 1765 interdum
3281 1727 3376 1780 per
3414 1727 3532 1765 car-

345 1798 485 1851 mali
537 1808 803 1861 naturam.
862 1810 919 1854 ut
963 1817 1026 1854 ex
1083 1803 1339 1857 similibus
1385 1804 1494 1857 suis
1541 1811 1792 1871 augeatur
1841 1811 1895 1855 et
1995 1815 2137 1863 nem,
2186 1800 2451 1854 interdum
2508 1816 2602 1866 per
2659 1801 2926 1867 spiritum,
2991 1801 3152 1856 homo
3202 1802 3528 1856 nominatur.

344 1898 601 1951 crescat;
636 1889 774 1941 sicut
804 1889 907 1957 igni
934 1890 978 1944 si
1010 1891 1179 1960 ignem
1208 1892 1433 1960 juugas;
1470 1891 1600 1944 sicut
1640 1892 1683 1943 si
1723 1889 1892 1943 noctis
1993 1888 2096 1941 Sed
2133 1901 2252 1941 cum
2301 1904 2329 1940 a
2369 1897 2520 1956 parte
2567 1889 2780 1943 meliore
2830 1890 3185 1944 nominandus
3225 1900 3327 1955 est,
3379 1895 3528 1960 quasi

343 1976 592 2030 tenebris
628 1978 898 2049 acris(87)
934 1980 1168 2033 nubilum
1219 1983 1471 2034 societur.
1524 1981 1723 2032 Bonum
1766 1993 1892 2032 vero
1990 1976 2080 2043 qui
2145 1977 2401 2044 spiritalis
2463 1976 2690 2043 intelligi
2776 1976 3004 2039 debeat,
3096 1979 3318 2046 spiritus
3395 1981 3530 2034 dici-

340 2064 388 2118 si
416 2065 709 2128 adhibeas,
752 2070 1134 2121 exterminatur
1184 2068 1400 2121 malum.
1434 2069 1709 2122 Contraria
1746 2082 1891 2119 nam-
1992 2075 2076 2118 tur
2118 2082 2132 2119 :
2181 2067 2390 2132 quando
2430 2065 2496 2117 ab
2536 2066 2823 2127 inferiore,
2870 2069 3045 2119 anima
3098 2085 3111 2121 :
3161 2084 3283 2121 cum
3328 2085 3456 2123 vero
3494 2088 3526 2124 a

339 2169 454 2222 que
484 2156 771 2225 contrariis
805 2158 1155 2224 perimuntur,
1218 2159 1351 2210 sicut
1384 2171 1475 2224 per
1522 2172 1709 2225 aquam
1756 2158 1890 2222 ignis
1987 2154 2146 2224 655
2176 2154 2438 2207 deteriore
2469 2156 2794 2215 nominatur,
2824 2169 2953 2208 caro
2981 2157 3174 2209 dicitur
3206 2175 3219 2210 :
3249 2168 3301 2211 et
3335 2158 3523 2212 horum

336 2245 729 2311 exstinguitur,
772 2254 825 2299 et
852 2260 943 2313 per
978 2246 1143 2298 lucem
1187 2249 1419 2300 tenebrae
1467 2246 1732 2314 fugantur.
1786 2246 1888 2298 Sed
1990 2245 2291 2298 testimonia
2315 2247 2381 2298 de
2402 2245 2692 2311 Scripturis
2713 2260 2852 2312 saepe
2875 2247 3211 2312 protulimus.
3231 2247 3379 2302 Nunc
3398 2264 3527 2318 ergo

338 2332 586 2386 fortasse
611 2333 755 2386 dicat
783 2334 976 2401 aliquis
1021 2334 1234 2387 Paulum
1265 2349 1359 2400 per
1413 2335 1730 2400 imperitiam
1766 2348 1884 2386 ser-
1986 2335 2237 2401 quoniam
2270 2344 2532 2400 prtecepta
2552 2333 2893 2387 credentibus
2921 2335 3385 2403 ponitApostolus,
3412 2339 3526 2390 vult

335 2424 526 2477 monis
552 2438 580 2475 a
614 2426 881 2492 proposito
915 2426 1200 2489 decidisse;
1243 2427 1517 2495 proposuit
1556 2427 1698 2480 enim
1744 2427 1883 2495 loqui
1988 2438 2085 2477 nos
2107 2424 2368 2490 quietem,
2398 2434 2650 2491 quantum
2697 2425 2751 2476 in
2793 2424 2945 2477 nobis
2970 2434 3070 2486 est,
3100 2426 3379 2493 praesentis
3406 2428 3525 2480 vita:

335 2509 407 2563 de
464 2509 626 2564 donis
671 2513 957 2580 gratiarum
1012 2528 1127 2582 qua:
1181 2531 1274 2581 per
1327 2516 1580 2583 Spiritum
1643 2526 1884 2571 sanctum
1985 2526 2273 2580 pacemque
2310 2526 2538 2566 servare.
2574 2513 2640 2566 Et
2686 2513 2734 2567 si
2786 2515 2998 2582 quidem
3036 2514 3169 2568 tales
3217 2530 3402 2568 sumus
3429 2517 3524 2583 qui

331 2596 565 2651 dantur.
616 2599 682 2652 Et
726 2601 934 2668 quidem
968 2604 1104 2668 quod
1140 2604 1213 2656 ait
1247 2622 1261 2657 :
1304 2605 1422 2657 Sive
1451 2605 1743 2673 prophetia,
1781 2606 1885 2659 sive
1984 2601 2247 2669 conjuncti
2305 2604 2529 2657 Domino
2573 2620 2710 2657 unus
2744 2619 2864 2657 cum
2901 2618 2965 2658 eo
3008 2605 3228 2672 spiritus
3258 2607 3424 2659 simus
3454 2607 3521 2668 “,

331 2689 719 2753 ministerium,
749 2691 854 2742 sive
879 2690 1135 2756 doctrina,
1159 2694 1261 2746 sire
1281 2695 1568 2747 exhortatio
1593 2694 1634 2757 ’,
1665 2705 1885 2763 possunt
1984 2691 2207 2745 Domino
2226 2691 2454 2746 dicimur
2479 2706 2596 2747 esse
2624 2693 2866 2761 subjecti.
2893 2695 2947 2747 Si
2980 2709 3103 2749 vero
3129 2696 3359 2749 nondum
3391 2696 3522 2750 tales

332 2778 457 2832 haec
506 2779 575 2831 ad
612 2778 746 2831 dona
788 2780 1042 2846 spiritalia
1082 2782 1365 2848 pertinere.
1398 2782 1660 2837 Fortassis
1698 2794 1750 2837 et
1781 2783 1883 2837 hoc
1982 2795 2181 2843 sumus,
2212 2783 2306 2835 sed
2336 2784 2633 2837 communis
2660 2785 2831 2837 adhuc
2852 2786 3026 2837 anima
3056 2794 3138 2839 est
3159 2786 3210 2839 in
3228 2786 3380 2841 nobis
3401 2801 3520 2853 quae

328 2869 489 2937 quod
511 2870 788 2936 sequitur:
821 2868 922 2933 Qui
946 2871 1122 2922 tribuit
1143 2872 1198 2922 in
1221 2872 1565 2941 simplicitate,
1589 2874 1677 2940 qui
1702 2884 1881 2939 praeest
1981 2870 2176 2923 habeat
2207 2871 2405 2938 aliquid
2438 2871 2594 2938 hujus
2624 2874 2837 2934 mundi,
2866 2888 2983 2940 qua!
3017 2876 3086 2927 sit
3113 2876 3160 2929 ei
3188 2876 3367 2944 aliquo
3397 2878 3516 2930 alli-

326 2959 386 3011 in
419 2957 801 3017 sollicitudine.
860 2960 948 3027 qui
989 2960 1258 3012 miseretur
1297 2961 1350 3014 in
1397 2962 1662 3014 hilaritate
1692 2960 1757 3022 ¹⁶,
1789 2976 1879 3015 su-
1906 2983 1947 3040 C
1982 2968 2100 3027 gata
2133 2960 2344 3025 negotio
2367 2960 2499 3027 (92),
2528 2960 2649 3012 huic
2676 2971 2934 3028 pratcepta
2962 2962 3245 3031 Apostolus
3270 2964 3439 3031 ponit,
3464 2972 3520 3018 et

327 3049 648 3116 perint-ibus
686 3048 853 3115 possit
894 3049 1143 3119 adjungi:
1197 3066 1257 3105 ea
1286 3066 1422 3105 .vero
1469 3066 1586 3119 quae
1614 3062 1733 3120 post
1760 3052 1873 3107 haec
1981 3047 2110 3101 dicit
2145 3057 2204 3099 ut
2233 3046 2467 3113 subjecta
2522 3050 2593 3101 sit
2643 3051 2990 3116 potestatibus
3043 3054 3264 3107 mundi:
3298 3056 3419 3122 quia
3463 3064 3517 3108 et

325 3148 643 3199 enumerat,
676 3149 735 3191 ut
761 3139 830 3191 sit
856 3140 1082 3193 eharitas
1114 3142 1225 3194 sine
1250 3141 1609 3204 simulatione,
1641 3143 1870 3195 odientes
1980 3136 2232 3190 Dominus
2271 3137 2421 3199 dixit.
2450 3146 2509 3190 ut
2553 3138 2604 3190 hi
2638 3140 2726 3207 qui
2774 3142 2971 3194 habent
3006 3142 3058 3194 in
3112 3158 3170 3197 se
3216 3146 3512 3212 superscri-

325 3228 538 3280 malum
559 3266 576 3291 ,
610 3227 926 3280 adhaerentes
947 3231 1076 3281 bono
1096 3269 1110 3293 ,
1133 3232 1383 3283 charitate
1411 3233 1759 3299 fraternitatis
1794 3233 1878 3283 in-
1976 3225 2208 3293 ptionem
2221 3225 2468 3288 Caesaris.
2493 3227 2710 3281 reddant
2728 3228 2919 3284 Cmsal‘i
2935 3247 3052 3297 qua!
3072 3231 3511 3288 suntCaesaris“.

324 3320 499 3371 νῑεεηι
540 3317 811 3384 diligentes
832 3355 848 3378 ,
889 3319 1080 3370 honore
1104 3321 1312 3372 inuicem
1340 3322 1699 3383 prmenienm
1726 3323 1794 3385 ιι,
1818 3331 1872 3375 ει
1976 3314 2163 3368 Petrus
2183 3322 2237 3366 et
2262 3312 2494 3367 Joannes
2535 3315 2662 3368 nihil
2696 3316 2961 3371 habebant
3003 3324 3143 3388 quod
3175 3320 3372 3376 Caesari
3396 3324 3514 3377 red-

324 3419 534 3461 caetera
563 3406 887 3473 hujusmodi,
920 3416 1183 3474 praecepta
1214 3410 1388 3476 potius
1415 3410 1555 3462 dicat
1577 3425 1870 3479 essequam
1975 3405 2189 3467 όθτθηις
2224 3404 2356 3457 die“
2379 3403 2519 3456 enim
2547 3403 2740 3460 Pelqu
2766 3427 2777 3460 ε
2819 3410 3018 3462 Aurum
3045 3421 3090 3463 et
3114 3423 3381 3480 argentum
3409 3430 3512 3468 non

323 3499 501 3553 dona.
546 3496 652 3550 Sed
681 3497 1075 3551 consideremus
1109 3499 1411 3568 diligentius
1458 3514 1523 3554 ne
1562 3500 1695 3555 forte
1738 3518 1873 3570 quo-
1972 3492 2130 3545 Ιιαθεο
2166 3495 2227 3544 ³⁷·
2260 3493 2358 3558 Ουῖ
2385 3494 2486 3548 hoc
2517 3511 2617 3550 ηοιι
2648 3498 2827 3560 habet.
2852 3514 2949 3553 nec
2973 3500 3166 3555 Caesari
3191 3503 3349 3557 habet
3365 3505 3513 3573 quod

322 3588 482 3639 niam
512 3574 727 3654 quidem
779 3585 831 3637 in
876 3585 957 3638 bis
1000 3586 1247 3640 omnibus
1279 3587 1530 3642 moralem
1556 3588 1728 3641 locum
1762 3601 1872 3642 tra-
1973 3583 2182 3645 reddat,
2213 3598 2313 3636 nec
2345 3583 2482 3636 unde
2532 3587 2935 3643 sublimioribus
2964 3591 3232 3659 subjaccat
3271 3602 3509 3661 potesta-

318 3683 485 3728 ctare
506 3673 759 3735 instituit,
786 3682 842 3727 et
880 3688 983 3727 non
1008 3674 1180 3728 solum
1214 3677 1265 3728 in
1293 3676 1393 3729 fide
1431 3679 1675 3732 veritatis
1707 3678 1873 3731 stabi-
1973 3673 2130 3725 tibus.
2171 3672 2270 3739 Qui
2307 3692 2427 3731 vero
2465 3677 2623 3731 habet
2648 3687 2738 3731 aut
2772 3681 3071 3745 pecuniam,
3096 3691 3188 3736 aut
3216 3686 3511 3751 possessio-

318 3763 436 3817 lem
488 3771 547 3816 et
590 3762 936 3826 immobilem,
992 3779 1171 3817 verum
1225 3775 1279 3819 et
1325 3767 1378 3819 in
1432 3766 1666 3821 moribus
1710 3783 1873 3820 orna-
1969 3776 2085 3825 nes,
2134 3776 2226 3816 aut
2262 3766 2456 3834 aliquid
2500 3767 2551 3819 in
2603 3768 2800 3821 saeculo
2856 3770 3043 3838 negetii
3083 3769 3229 3839 (93).
3283 3772 3507 3827 audiat:

323 3858 446 3905 tum
493 3849 607 3920 (88)
643 3849 815 3903 facere
842 3850 1218 3912 Christianum,
1250 3853 1368 3906 ideo
1394 3855 1461 3906 ad
1496 3867 1715 3907 munera
1742 3870 1868 3923 gra-
1970 3850 2153 3903 Omnis
2183 3855 2359 3905 anima
2387 3855 2723 3920 potestatibus
2754 3857 3132 3911 sublimioribus
3150 3860 3413 3927 subjaceat
3442 3862 3506 3914 “.

320 3942 540 3995 tiarum
574 3941 734 3991 etiam
775 3940 990 3993 moralia
1021 3952 1281 4009 praecepta
1324 3944 1608 4011 conjungat
1663 3945 1871 4015 (89),ut
1988 3976 1989 3979 η
2033 3943 2120 3995 26.
2138 3941 2256 3995 Non
2273 3954 2345 3996 est
2366 3946 2706 4013 enim,inquit
2725 3946 3093 4015 (94),potestas
3118 3950 3222 4002 nisi
3246 3966 3280 4002 α
3303 3949 3409 4003 Deo
3437 3951 3503 4004 ¹⁹.

317 4030 588 4084 ostendat
624 4027 946 4083 Christianis
980 4029 1141 4083 etiam
1190 4033 1303 4086 haec
1361 4047 1457 4100 per
1501 4033 1592 4088 Dei
1640 4036 1866 4101 gratiam
1966 4031 2102 4084 Dicit
2151 4032 2375 4085 fortasse
2401 4032 2633 4100 aliquis:
2665 4034 2800 4099 Quid
2827 4036 2991 4102 ergo?
3018 4035 3084 4089 Et
3131 4037 3218 4091 illa
3259 4048 3499 4106 potestas

317 4122 471 4176 dari.
509 4119 649 4174 Sunt
676 4121 814 4172 enim
861 4132 915 4173 et
959 4123 1195 4177 nonnulli
1240 4124 1512 4191 gentilium
1557 4128 1867 4194 compositis
1963 4140 2081 4194 qua
2113 4141 2296 4179 servos
2322 4124 2413 4177 Dei
2464 4126 2826 4193 persequitur,
2859 4126 3014 4179 iidem
3043 4128 3336 4197 impugnat,
3373 4129 3503 4189 reli-

315 4210 579 4266 lnoribus
623 4218 678 4264 et
725 4211 943 4264 honeste
989 4211 1242 4266 institutis
1270 4210 1403 4280 (90),
1437 4215 1527 4282 qui
1559 4224 1734 4270 tamen
1765 4218 1866 4271 hoc
1962 4214 2170 4283 gionetn
2198 4213 2493 4277 subvertit,
2521 4229 2549 4265 a
2593 4214 2699 4266 Deo
2734 4215 2848 4267 est?
2872 4216 2951 4267 Ad
2986 4216 3086 4269 hoc
3121 4216 3354 4271 breviter
3406 4232 3497 4271 re-

294 4302 507 4370 -ipsum
544 4300 687 4366 quod
714 4300 931 4364 habent,
962 4315 1067 4354 non
1099 4305 1165 4356 ad
1192 4302 1357 4356 Deum
1384 4302 1641 4369 relerunt,
1669 4319 1767 4359 nec
1799 4306 1865 4360 ab
1896 4302 1941 4356 D
1966 4302 2362 4372 spondebimus.
2393 4299 2561 4355 Nemo
2601 4311 2683 4356 est
2722 4305 2814 4370 qui
2863 4306 3069 4358 nesciat
3098 4307 3238 4374 quod
3279 4315 3333 4360 et
3360 4307 3508 4362 visus

390 4437 417 4469 θ
447 4436 609 4490 Rom.
640 4450 735 4499 xu,
781 4433 868 4489 at.
940 4434 1118 4503 tiltid.
1163 4435 1216 4499 6,
1261 4435 1313 4489 8.
1372 4476 1381 4483 .
1420 4437 1463 4468 ιο
1508 4437 1637 4492 nua.
1684 4439 1737 4492 s.
1784 4434 1785 4437 ‘
1840 4439 1881 4470 ιι
1910 4438 1934 4490 i‘

1958 4437 2037 4490 iis.
2080 4437 2113 4489 9
2170 4444 2223 4487 et
2266 4434 2365 4503 to.
2450 4432 2709 4503 ‘ﬂJacob.
2744 4451 2782 4497 ι,
2832 4436 2919 4488 t7.
3025 4436 3115 4489 ιιι
3174 4396 3373 4503 Comi,
3413 4440 3502 4498 ει.

318 4506 369 4539 ⁸⁵
390 4505 562 4560 Rom.
593 4520 713 4567 xm,
739 4504 791 4556 1.
867 4502 950 4554 "‘l
981 4502 1101 4556 Cor.
1130 4518 1204 4567 Vl,
1230 4504 1312 4556 17.
1393 4505 1435 4536 ⁸⁸
1456 4504 1643 4559 Matth.
1677 4507 1862 4568 xxn,9

1677 4522 1811 4568 χχιι,
1837 4507 1929 4560 21.
2005 4506 2046 4536 ¹⁷
2077 4506 2196 4557 Act.
2230 4519 2310 4566 ιιι,
2341 4502 2395 4555 6.
2473 4501 2517 4532 “'
2542 4504 2692 4557 Rom.
2738 4518 2853 4567 xm,
2888 4506 2934 4557 ι.
3012 4504 3054 4535 ¹⁹
3086 4504 3212 4559 ibid.

420 4623 515 4689 85)
541 4619 699 4689 Editi,
733 4628 787 4689 ut
815 4632 1008 4679 amens,
1029 4616 1206 4689 ferus.
1230 4627 1281 4680 et
1316 4617 1854 4689 barbartts‘inimicus.
1965 4616 2371 4689 nesteinstituti.

420 4624 515 4689 85)
541 4624 699 4682 Editi,
733 4628 787 4671 ut
815 4632 1008 4679 amens,
1046 4624 1206 4675 ferus.
1230 4627 1281 4680 et
1316 4624 1567 4668 barbarus
1595 4624 1854 4671 inimicus.
1965 4627 2102 4671 ueste
2126 4624 2371 4670 instituti.

395 4624 517 4763 £86)
545 4688 635 4742 Sic
658 4687 861 4763 rectius
894 4699 993 4736 ms.
1026 4683 1224 4763 Regius
1266 4700 1421 4763 nuut._
1470 4686 1620 4740 1659.
1668 4685 1857 4763 Czeteri
2036 4684 2158 4763 (9l)_
2197 4685 2358 4763 Editi.
2406 4685 2668 4763 videamus
2719 4700 2840 4763 ego
2885 4701 3019 4763 nunc
3052 4687 3176 4763 quid
3231 4687 3286 4739 in
3329 4703 3502 4763 conse-

316 4751 462 4815 vero
496 4751 624 4811 inss.
658 4764 714 4807 et
739 4754 887 4816 editi,
914 4767 1006 4819 pro
1040 4753 1311 4805 commisso
1353 4751 1469 4821 (aL,
1497 4769 1589 4820 pro
1615 4757 1861 4806 commis-
1963 4751 2233 4821 quentibus
2262 4754 2411 4821 dicat,
2433 4751 2939 4821 Aposgtolus.g0mnis
2972 4751 3240 4821 animm...
3290 4754 3500 4807 subdita

210 4810 219 4824 ‘
315 4810 926 4897 é'fqbngqimuwfejé;
992 4852 1019 4897 ,ν
1058 4887 1069 4897 ⁸
1106 4886 1122 4897 ε
1200 4888 1213 4897 ⁸
1289 4887 1316 4897 ﬂ
1359 4810 1396 4897 ί
1432 4810 1466 4897 ι’
1497 4810 1508 4820 ”
1646 4887 1658 4897 ⁸
1965 4810 2050 4875 sit.
2090 4819 2301 4873 Videtur
2322 4820 2446 4871 mihi
2470 4810 2529 4897 in
2555 4818 2818 4897 hocgalde
2857 4819 3214 4897 laudabiliter,
3248 4829 3351 4874 etc.
3391 4822 3498 4897 sed

398 4886 518 4965 (87)
543 4892 710 4965 Alias.
742 4892 871 4965 sicut
899 4888 1030 4965 ignis
1052 4886 1168 4965 (aL,
1195 4887 1322 4957 igni)
1351 4888 1396 4942 si
1426 4889 1592 4956 ignem
1629 4887 1821 4957 jungas
1843 4902 1863 4940 :
1964 4904 2151 4965 omnes
2192 4902 2317 4965 mss.
2352 4889 2529 4965 nostri
2564 4895 2625 4965 et
2661 4886 3012 4965 [tabanusmt
3057 4889 3110 4939 in
3161 4896 3342 4965 textu,
3390 4891 3498 4965 nisi

312 4953 465 5021 sicut
497 4953 662 5014 noctis
685 4964 905 5011 tenebrat
922 4953 974 5009 si
996 4953 1151 5017 aeris,
1183 4953 1312 5010 etc.’
1447 4953 1463 4956 ’
1630 4953 1640 4956 ’
1731 4953 1747 4957 ⁷
1964 4955 2100 5021 quod
2139 4955 2384 5018 habeant,
2426 4953 2637 5005 Videtur
2664 4953 2791 5005 mihi
2825 4956 2877 5005 in
2915 4954 3010 5006 hoc
3054 4971 3156 5007 non
3194 4954 3340 5008 valde
3382 4957 3498 5009 lau-

398 5032 518 5097 (88)
549 5028 676 5081 Mss.
709 5027 973 5097 plerique__
995 5031 1049 5076 et
1084 5025 1233 5085 editi,
1289 5025 1569 5097 stabilem,_
1594 5033 1860 5097 vitiumet
1964 5022 2221 5097 debilitet;
2242 5031 2387 5097 ξιιμ
2416 5022 2638 5097 sedhvogt
2662 5037 2763 5072 non
2794 5022 3089 5097 redundare
3120 5023 3357 5097 videtur.

310 5088 667 5163 immobilem.
709 5088 776 5146 'in
819 5088 1047 5145 moribus
1087 5103 1346 5172 ornatum,
1376 5104 1476 5146 etc.
1524 5092 1623 5171 bis.
1662 5091 1863 5160 Regius
2035 5090 2150 5210 (921)
2180 5090 2340 5169 Editi,
2363 5093 2416 5141 in
2452 5088 2714 5154 aliquibus
2745 5088 2970 5168 .allsqata
3012 5092 3248 5168 negotiis.
3278 5089 3496 5171 Rectius

316 5183 482 5210 nllm-
535 5164 689 5210 1659.
729 5162 986 5210 stabilem.
1033 5175 1205 5210 verum
1241 5169 1286 5210 et
1328 5177 1383 5210 tn
1427 5160 1661 5210 omnibus
1704 5176 1861 5210 orna-
1965 5176 2066 5210 ms.
2153 5171 2301 5210 catus
2346 5170 2492 5208 num.
2523 5153 2681 5210 1639.
2711 5171 2757 5208 et
2803 5155 2978 5210 altauo
3006 5157 3225 5210 αιιιααια
3271 5170 3495 5210 ηεσοιιο,

316 5153 483 5224 num.
535 5153 690 5227 1659,
729 5162 986 5223 stabilem,
1033 5175 1205 5212 verum
1241 5169 1286 5211 et
1328 5153 1383 5211 in
1427 5160 1661 5213 omnibus
1696 5153 1861 5227 orna-
1965 5153 2066 5215 ms'.
2107 5153 2301 5224 Regius
2346 5153 2681 5227 ntt_nt._1639,
2706 5158 2757 5227 ei
2803 5153 2978 5227 aliquo
3006 5153 3225 5227 alligata
3271 5163 3495 5225 negotio.

316 5223 469 5295 tum.
495 5247 623 5293 etc.,
650 5223 849 5285 omisso
876 5227 1202 5281 immobilem.
1233 5228 1482 5281 Rabanus
1504 5266 1519 5287 .
1548 5226 1786 5279 stabilem
1810 5236 1859 5280 et
1963 5226 2150 5283 Caneri
2186 5223 2312 5295 ipsa.
2333 5232 2387 5295 et
2410 5223 2679 5295 Rabanns,
2700 5223 2756 5295 in
2783 5224 3195 5295 aliquoalligata
3222 5223 3461 5295 negotiis.

316 5288 649 5356 immobilem
671 5337 687 5359 .
729 5297 958 5349 moribus
978 5304 1239 5358 ornatum,
1264 5306 1386 5351 etc..
1424 5298 1626 5347 omisso
1665 5311 1858 5350 verum.
2034 5295 2143 5363 (9'5)
2172 5289 2411 5363 Negotii._
2435 5288 2712 5363 omittitur
2744 5293 2798 5343 in
2851 5288 3022 5363 editis
3048 5288 3103 5344 et
3134 5292 3197 5344 in
3228 5288 3500 5363 plerisque

320 5372 440 5427 Sed
481 5357 756 5436 legendum
792 5365 999 5436 videtur
1033 5371 1093 5416 ut
1118 5366 1170 5417 in
1205 5357 1384 5419 nostro
1405 5373 1570 5419 textu.
1965 5357 2584 5436 t_ns's.,'sed~’restituitur
2629 5370 2699 5410 ex
2749 5373 2852 5412 ms.
2898 5358 3062 5429 Regio
3094 5370 3241 5412 num.
3279 5357 3503 5415 ιθδθέι

422 5431 1012 5506 89)“Ει1ἓιὲοςοηὶιιη9ίις
1098 5500 1110 5506 -
1198 5501 1210 5506 -
1374 5499 1386 5506 .

1966 5431 2275 5506 “3,93,90,21
2387 5494 2399 5506 .
2512 5492 2542 5506 ..
2600 5490 2644 5506 η
2842 5496 2860 5506 ρ
2958 5495 2972 5506 -
3114 5492 3172 5506 -ο

424 5490 521 5583 90)
546 5490 704 5583 Εάἱιίᾼζ
736 5490 957 5583 (leuatis
988 5500 1271 5583 institutis:
1298 5499 1386 5583 sed
1415 5511 1602 5583 omnes
1642 5512 1786 5583 mss.‘
1807 5506 1864 5583 et
2036 5495 2144 5569 (9t)
2176 5493 2349 5558 Enim,
2381 5492 2565 5561 inquit.
2600 5490 2729 5549 Haec
2753 5496 2916 5583 verba
2942 5495 3132 5550 desunt
3157 5492 3213 5546 in
3246 5493 3442 5549 editis.

320 5565 595 5630 Rabauus
641 5578 699 5620 ut
736 5568 786 5619 in
816 5578 981 5620 textu.
1032 5567 1298 5632 Fortasse~
1325 5565 1626 5636 legendum,
1665 5576 1713 5620 et
1766 5567 1866 5620 ho-

570 5662 835 5721 Ριτιιοι..
874 5661 989 5722 Gn.
1033 5659 1202 5723 XIV.

3132 5649 3213 5711 39
