3910 6292
290 244 422 298 122'!

1745 236 2060 291 ORIGENIS

3505 217 3645 272 1228

290 360 446 412 nobis
465 374 490 410 ιι
526 357 632 413 Deo
650 357 870 410 donatus
899 363 997 417 est,
1024 362 1077 406 et
1105 352 1338 414 auditus,
1371 358 1423 405 et
1448 363 1655 406 sensus.
1691 351 1821 406 Cum

2102 366 2107 390 ν
2158 347 2237 399 his
2276 361 2393 414 qua:
2446 344 2609 398 idolis
2665 339 3104 399 immolantur,
3145 345 3205 389 et
3250 333 3568 403 sanguine,
3600 345 3646 387 et

289 467 423 520 ergo
453 466 480 504 a
514 450 619 503 Deo
645 448 934 501 habeamus
964 447 1096 507 lucc,
1132 444 1183 496 in
1216 453 1478 512 potestate
1524 453 1699 497 tamen
1732 458 1830 497 no-

290 550 403 593 stra
438 549 517 594 est
555 548 610 591 ut
641 539 754 589 visu
789 535 867 587 vel
909 537 973 587 ad
1022 532 1160 585 bona
1193 533 1278 586 vei
1311 536 1377 586 ad
1426 533 1560 586 mala
1587 541 1826 596 utamur;

293 630 536 681 similiter
566 626 676 695 (95)
708 634 761 678 et
791 626 999 687 auditu,
1031 633 1085 677 et
1113 630 1255 677 motu
1286 638 1559 685 manuum,
1590 633 1644 676 et
1676 624 1830 691 cogi-

293 719 494 771 tatione
521 730 707 769 sensus
736 734 748 767 :
780 724 835 768 et
885 715 936 766 in
974 715 1074 767 hoc
1113 724 1193 767 est
1220 713 1420 780 justum
1447 712 1705 780 judicium
1741 713 1829 765 Dei

293 809 429 877 quod
461 807 542 860 his
571 821 688 874 qua:
734 806 823 860 ille
851 807 915 859 ad
961 821 1093 860 usus
1132 805 1298 858 bonos
1332 804 1494 868 dedit,
1532 818 1628 857 nos
1656 803 1830 856 abuti-

293 914 413 952 mur
442 897 550 967 (96)
577 899 642 950 ad
672 897 832 964 impia
862 905 917 949 et
955 895 1134 963 iniqua
1167 895 1483 950 ministeria.
1513 895 1589 948 lta
1630 909 1756 962 ergo
1779 903 1833 947 et

292 997 526 1056 potestas
558 987 730 1040 omnis
755 1002 784 1038 a
821 986 925 1040 Deo
952 988 1073 1038 data
1106 996 1186 1039 est
1224 986 1293 1037 ad
1316 986 1600 1037 vindictam
1626 984 1832 1049 quidem

289 1079 570 1138 ntalorum,
596 1077 803 1129 laudent
834 1092 948 1129 vero
984 1078 1233 1129 bonorum
1256 1076 1322 1137 ²⁰,
1354 1077 1493 1129 sicut
1527 1076 1666 1129 idem
1694 1077 1834 1141 Apo-

291 1172 459 1224 stolus
485 1170 537 1223 in
561 1168 1004 1236 subsequentibus
1027 1168 1155 1221 dicit
1182 1168 1246 1217 ²¹.
1276 1166 1391 1219 Erit
1429 1174 1602 1218 autem
1633 1165 1831 1233 justum

289 1264 546 1332 judicium
576 1260 667 1314 Dei
698 1274 826 1330 erga
855 1274 948 1313 eos
972 1258 1059 1326 qui
1093 1267 1370 1325 acceptam
1399 1265 1717 1323 potestatem
1744 1269 1831 1308 se-

292 1348 518 1404 cundum
552 1362 675 1401 suas
709 1348 1027 1416 impietates,
1061 1355 1114 1401 et
1148 1360 1250 1399 non
1303 1344 1596 1399 secundum
1629 1343 1834 1397 divinas

292 1442 596 1497 temperant
624 1430 797 1500 leges.

359 1523 445 1577 27.
479 1522 545 1578 Et
573 1523 692 1577 ideo
717 1522 845 1575 dicit
871 1544 881 1577 :
907 1520 1092 1590 Itaque
1112 1522 1201 1589 qui
1234 1521 1424 1574 resistit
1450 1521 1714 1587 potestati,
1736 1519 1833 1572 Dei

292 1614 609 1668 ordinationi
656 1614 879 1676 resistit;
925 1614 1014 1680 qui
1056 1623 1226 1664 autem
1271 1612 1541 1674 resistunt,
1589 1613 1687 1679 ipsi
1736 1612 1833 1664 sibi

1931 439 2224 505 stt/fucatis,
2245 448 2290 490 et
2320 435 2698 503 fornicatione,
2738 450 2772 485 a
2810 431 3035 501 quibus
3079 426 3498 480 custodientes
3530 439 3651 478 vos-

1932 529 2178 592 metipsos
2230 528 2352 579 bene
2406 527 2595 594 agetis.
2638 524 2839 576 Valete
2863 523 2947 575 ’7.
2986 520 3051 574 In
3092 519 3199 571 his
3234 531 3397 585 ergo
3439 530 3655 585 praece-

1930 619 2037 686 ptis
2073 623 2123 670 iu
2159 617 2355 685 quibus
2382 616 2516 670 dicit
2543 615 2687 669 nihil
2720 611 2985 682 amplius
3021 608 3495 677 imponendum
3529 621 3655 662 esse

1931 710 2111 763 oneris
2148 710 2232 763 his
2284 707 2377 775 qui
2426 722 2496 761 ex
2530 706 2803 776 gentibus
2850 702 3159 764 credunt,
3198 699 3329 753 nisi
3386 706 3456 751 ut
3482 699 3654 751 absti-

1932 809 2095 852 neant
2122 815 2180 853 se
2219 802 2283 855 ab
2312 802 2400 855 his
2417 815 2540 869 qua:
2572 797 2738 853 idolis
2763 793 3213 856 immolantur,
3244 798 3317 844 et
3348 789 3658 856 sanguine,

1931 899 1985 942 et
2011 888 2372 953 suﬂ‘ocatis,et
2394 891 2804 953 fornicatione,
2831 898 3043 953 neque
3075 880 3513 937 homicidium
3535 895 3659 950 pro-

1936 980 2167 1040 hibetur,
2227 996 2399 1049 neque
2452 980 2829 1044 adulterium,
2872 988 3085 1044 neque
3142 971 3433 1033 furtum.
3468 986 3655 1040 neque

1934 1064 2300 1117 masculorum
2330 1065 2684 1127 concubitus,
2725 1080 2926 1132 neque
2954 1071 3197 1117 caetera
3234 1059 3514 1114 crimina
3542 1075 3661 1128 quae

1933 1154 2128 1207 divinis
2164 1164 2216 1207 et
2243 1155 2504 1210 humanis
2538 1157 2761 1225 legibus
2804 1152 3197 1221 puniuntur.
3244 1149 3439 1218 Quod
3485 1151 3534 1205 si
3572 1151 3665 1204 illa

1934 1243 2044 1297 sola
2072 1258 2190 1312 quae
2213 1260 2373 1314 supra
2400 1246 2733 1300 memoravit
2757 1244 2871 1315 (1),
2897 1242 3329 1296 observanda
3360 1241 3515 1296 dicit
3543 1256 3667 1296 esse

1932 1331 2275 1399 Christianis,
2309 1336 2584 1388 videbitur
2622 1336 2711 1387 eis
2754 1335 2827 1387 de
2874 1333 3137 1386 emteris
3192 1331 3460 1386 dedisse
3494 1330 3667 1385 licen-

1934 1423 2079 1476 tiam.
2120 1422 2223 1476 Sed
2255 1423 2377 1477 vide
2413 1423 2844 1478 ordinationem
2882 1419 3179 1491 Spiritus
3222 1420 3439 1475 sancti
3481 1438 3496 1473 :
3532 1435 3669 1487 quo-

1933 1511 2076 1566 niam
2107 1513 2323 1582 quidem
2369 1523 2569 1569 cmtera
2607 1514 2861 1569 crimina
2899 1513 3130 1567 saeculi
3174 1511 3439 1583 legibus
3489 1514 3670 1567 vindi-

1934 1614 2218 1668 cantur,et
2257 1604 2596 1673 superﬂuum
2636 1607 2961 1659 videbatur
2978 1620 3133 1660 esse
3167 1620 3251 1660 ea
3289 1620 3462 1661 nunc
3486 1606 3672 1661 divina

291 1703 675 1755 damnationem
713 1702 988 1771 acquirunt
1015 1702 1058 1732 "
1084 1701 1215 1771 (97).
1247 1699 1361 1754 Non
1390 1701 1477 1754 hic
1508 1702 1572 1753 de
1602 1700 1704 1754 illis
1739 1714 1831 1768 po-
1866 1685 1908 1738 Β
1938 1691 2052 1762 lege
2101 1694 2401 1760 prohiberi,
2450 1709 2573 1762 quae
2606 1693 2983 1749 sullicienter
3024 1695 3331 1749 humana
3392 1697 3527 1766 lege
3563 1698 3671 1767 ple-

297 1790 577 1863 testatibus
597 1789 726 1843 dicit
748 1804 864 1857 quae
887 1790 1288 1858 persecutiones
1317 1788 1554 1843 inferunt
1576 1789 1731 1853 ﬁdei;
1761 1789 1831 1842 ibi

294 1880 436 1932 enim
460 1878 745 1932 dicendum
775 1892 854 1932 est
885 1897 897 1931 :
939 1878 1044 1930 Deo
1074 1887 1268 1944 oportet
1297 1878 1648 1943 obtemperare
1667 1878 1831 1945 magis

293 1984 448 2034 quam
502 1968 790 2022 hominibus
816 1969 859 2000 ”
880 2008 894 2034 ,
922 1969 1012 2021 sed
1046 1969 1111 2020 de
1150 1969 1267 2022 istis
1310 1968 1681 2023 communibus
1706 1968 1834 2021 dicit

294 2074 413 2129 quae
442 2074 545 2114 non
570 2069 691 2114 sunt
717 2061 889 2113 timori
918 2060 1037 2115 boni
1059 2062 1250 2128 operis,
1271 2062 1360 2114 sed
1389 2061 1512 2113 mali
1530 2061 1575 2092 "
1599 2076 1614 2113 :
1639 2060 1833 2128 quibus

295 2150 479 2218 utique
504 2150 596 2218 qui
638 2150 856 2214 resistit,
881 2149 993 2217 ipse
1040 2150 1139 2202 sibi
1185 2150 1580 2204 damnationem
1614 2164 1710 2219 pro
1743 2165 1834 2217 ge-

294 2246 495 2293 storum
530 2252 744 2293 suorum
770 2237 1029 2307 qualitate
1064 2238 1354 2305 conquirit.

361 2328 449 2385 28.
480 2328 565 2383 Vis
590 2339 783 2392 autem,
813 2330 1007 2398 inquit,
1038 2346 1136 2383 non
1167 2333 1344 2383 timere
1369 2333 1710 2397 potestatem?
1751 2333 1835 2401 [ac

292 2418 429 2484 quod
468 2417 657 2471 bonum
689 2425 784 2481 est,
809 2426 855 2470 et
883 2417 1089 2469 habebis
1115 2418 1318 2470 laudent
1346 2435 1410 2470 ea:
1432 2418 1562 2480 illa;
1588 2419 1680 2473 Dei
1698 2422 1834 2474 enim

290 2508 530 2562 minister
555 2517 630 2559 est
655 2507 745 2560 tibi
771 2507 822 2560 in
848 2507 1056 2560 bonum.
1080 2506 1140 2561 Si
1171 2517 1343 2561 autem
1373 2511 1511 2577 quod
1543 2509 1737 2563 malum
1756 2522 1836 2566 est

295 2597 498 2665 feceris,
524 2599 682 2650 time:
704 2613 804 2650 non
841 2600 973 2650 enim
1002 2601 1111 2652 sine
1142 2611 1302 2651 causa
1344 2599 1576 2667 gladium
1620 2612 1835 2668 portat:

295 2684 392 2738 Dei
414 2685 554 2737 enim
574 2685 811 2738 minister
835 2694 912 2738 est
937 2702 954 2738 :
978 2685 1163 2739 vindex
1196 2688 1250 2740 in
1270 2689 1349 2739 ira
1370 2688 1416 2740 ei
1439 2688 1526 2757 qui
1557 2690 1696 2757 quod
1718 2705 1834 2744 ma-

296 2776 404 2828 lunt
426 2783 501 2829 est
527 2776 631 2843 agit
652 2776 717 2827 ⁹⁸.
750 2775 924 2830 Movet
959 2791 1042 2831 me
1071 2778 1121 2830 in
1147 2778 1230 2831 his
1252 2779 1589 2833 sermonibus
1616 2780 1834 2848 Paulus,

294 2866 442 2935 quod
479 2874 794 2935 potestatem
824 2866 1001 2921 szeculi
1028 2876 1083 2920 et
1110 2867 1345 2935 judicem
1384 2868 1568 2922 mundi
1611 2869 1701 2923 Dei
1739 2872 1838 2924 mi-

297 2958 522 3011 nistrum
570 2955 732 3019 dicit;
767 2965 821 3009 et
853 2957 955 3010 hoc
994 2971 1097 3009 non
1140 2955 1339 3020 semel,
1376 2957 1466 3011 sed
1517 2960 1751 3013 secundo
1784 2968 1837 3014 et
1864 2997 1907 3058 Ο

299 3047 455 3100 tertio
488 3045 700 3112 repetit.
717 3044 892 3098 Velim
931 3060 1058 3113 ergo
1082 3046 1354 3113 requirere
1386 3051 1653 3114 quomodo
1671 3048 1834 3116 iudex

296 3133 478 3187 mundi
509 3132 596 3187 Dei
629 3132 869 3185 minister
893 3133 983 3185 sit.
1016 3131 1319 3185 Invenimus
1352 3133 1607 3200 scriptum
1655 3134 1705 3187 in
1732 3134 1837 3189 Ac-

296 3221 438 3277 tibus
454 3221 992 3291 ⁸ιιρςσςιιοιοιηιιιι,ιιιιίει
1019 3222 1400 3276 convenientes
1440 3223 1491 3275 in
1516 3239 1678 3276 unum
1706 3237 1834 3292 apo-

295 3312 417 3369 Itoli
447 3321 745 3366 statuerunt
789 3312 1002 3366 decreta
1036 3326 1153 3380 quae
1183 3316 1472 3366 observare
1521 3311 1834 3369 deberemus

298 3417 396 3459 nos
445 3401 534 3469 qui
574 3416 641 3455 ex
690 3401 942 3470 gentibus
972 3401 1297 3454 credidimus
1334 3400 1554 3455 Christo
1608 3401 1743 3473 (98),
1780 3403 1833 3457 in

296 3493 491 3562 quibus
519 3492 635 3563 hinc
662 3492 1037 3549 continentur:
1070 3491 1301 3557 Apostoli
1337 3503 1385 3544 et
1407 3493 1688 3560 presbyteri
1716 3492 1835 3561 fra-

295 3583 459 3637 tribus
483 3582 569 3651 qui
594 3592 714 3635 sunt
745 3581 885 3648 apud
912 3580 1263 3643 Antiochiam,
1286 3589 1333 3633 et
1373 3580 1609 3650 Syriam,
1631 3592 1679 3636 et
1706 3581 1837 3637 Cili-

295 3673 456 3736 ciam,
480 3673 715 3726 omnibus
745 3672 916 3740 quiea:
940 3671 1171 3741 gentibus
1209 3672 1559 3735 crediderunt,
1592 3674 1832 3729 salutem.

302 3760 557 3827 Quoniam
578 3762 782 3829 quidem
811 3762 1101 3815 audivimus
1139 3761 1389 3830 quosdam
1429 3762 1593 3815 exisse
1625 3778 1658 3815 α
1689 3763 1835 3818 nobis

293 3860 344 3907 et
389 3849 688 3919 perturbare
737 3866 849 3915 vos,
887 3851 1071 3920 quibus
1110 3866 1214 3903 non
1263 3851 1631 3916 mandavimus
1652 3854 1716 3906 “.
1774 3854 1837 3908 Et

296 3949 413 4007 post
450 3938 723 4009 aliquanta
771 3941 983 3995 additur
1026 3957 1041 3992 :
1098 3938 1302 3993 Placuit
1338 3955 1459 4008 ergo
1495 3941 1606 4010 (99)
1655 3952 1834 3996 sancto

298 4025 525 4095 Spiritui
545 4038 594 4081 et
620 4028 786 4092 nobis,
819 4027 948 4080 nihil
974 4026 1196 4093 amplius
1238 4030 1511 4095 superponi
1532 4030 1673 4083 vobis
1697 4047 1831 4099 pon-

295 4116 456 4181 deris,
478 4124 666 4185 prazter
700 4133 762 4170 ea
793 4133 907 4185 qua:
936 4118 1225 4171 necessaria
1255 4128 1394 4179 sunt,
1426 4128 1482 4170 ut
1523 4119 1828 4177 abstineatis

361 4226 407 4258 ”
434 4226 454 4278 l
480 4225 623 4280 Petr.
658 4242 717 4288 ις,
772 4226 859 4279 14.
945 4228 987 4258 ἰ
1015 4225 1169 4279 Rom.
1215 4242 1332 4292 xm,
1362 4228 1418 4285 5.
1446 4228 1499 4280 4.

295 4465 350 4509 et
378 4452 665 4511 "Rabanus,
699 4467 815 4505 cum
854 4452 977 4521 ergo
1000 4454 1110 4506 lucc
1134 4470 1166 4504 a
1207 4452 1311 4523 Deo
1340 4455 1443 4507 sint
1464 4494 1479 4518 ,
1501 4456 1554 4508 in
1591 4466 1837 4523 potestate

298 4537 471 4593 tamen
500 4532 680 4573 nostra
702 4524 888 4593 astuti
913 4526 1020 4593 uisu
1066 4525 1143 4593 uel
1182 4521 1249 4573 ad
1274 4523 1430 4586 bona,
1453 4523 1528 4593 uel
1560 4521 1628 4578 ad
1652 4528 1791 4580 mala
1816 4546 1835 4593 ,-

297 4592 559 4654 similiter,
595 4590 892 4664 etc._Editi,
923 4589 1056 4644 Cum
1084 4592 1198 4664 [nec
1234 4605 1364 4664 ergo
1392 4608 1423 4643 a
1449 4592 1559 4664 Deo
1590 4594 1644 4647 in
1688 4589 1835 4664 pote;

299 4669 436 4715 state
458 4668 645 4711 nostra
674 4659 813 4722 sint;
845 4667 1016 4713 tamen
1045 4662 1121 4712 uti
1151 4660 1262 4713 visu
1290 4661 1365 4712 uel
1408 4663 1473 4713 ad
1498 4662 1629 4714 bona
1656 4659 1732 4718 vel
1767 4667 1837 4717 ad

296 4730 441 4782 mala
462 4742 756 4782 possumus.

368 4795 479 4868 (96)
505 4795 669 4858 Editi,
698 4796 785 4868 his
807 4813 934 4865 quos
967 4798 1035 4868 ad
1079 4797 1318 4868 ususille
1348 4798 1503 4853 bonos
1530 4798 1700 4868 dedit,
1743 4819 1834 4857 nos

296 4863 582 4934 abutimur,
607 4874 714 4918 etc.
740 4863 865 4918 Mss.
891 4867 1106 4934 quidam
1139 4866 1335 4920 habent
1362 4868 1655 4920 abutamur.

366 4933 482 5002 (97)
511 4931 844 5003 Qui__autem
891 4931 1155 4997 resistunt,
1181 4936 1279 5003 ipsi
1309 4934 1406 4987 sibi
1446 4938 1830 4993 damnationem

299 4999 590 5070 acquirunt.
615 4999 737 5055 Hinc
767 5016 938 5070 neque
966 5004 1019 5056 in
1052 5019 1182 5057 mss.
1200 4999 1379 5070 neque
1399 5004 1533 5070 apud
1558 5003 1827 5060 Rabanum

302 5070 674 5136 reperiuntur;
704 5072 796 5122 sed
827 5082 1037 5124 exstant
1072 5075 1122 5124 in
1153 5073 1326 5125 editis.
1366 5071 1564 5127 Deinde
1590 5089 1692 5128 ms.
1720 5074 1825 5128 lle-

300 5140 420 5201 gius
457 5138 604 5192 nutu.
628 5137 789 5201 4659,
818 5137 939 5193 Νοιι
967 5139 1062 5192 Ιιόε
1087 5145 1151 5192 de
1174 5139 1299 5201 illis,
1331 5149 1433 5194 etc.

371 5204 481 5270 (98)
507 5204 956 5274 Editi,roredimus
994 5209 1218 5262 Christo.
1259 5207 1459 5264 Deinde
1501 5210 1657 5263 iidem
1695 5211 1823 5265 editi
1929 5228 2114 5273 nostro
2146 5204 2319 5274 textu:

303 5278 522 5348 etumss.
557 5273 785 5348 quidam
808 5279 955 5348 ,_qui
980 5289 1100 5330 sunt
1130 5276 1438 5348 Antioehiw,
1476 5289 1525 5348 et
1571 5277 1756 5347 Syriae,
1786 5290 1833 5332 et

304 5333 523 5416 ,Cilicite.
556 5333 659 5393 S'ed
686 5333 1028 5416 msXKegius
1055 5361 1207 5416 num.
1248 5345 1384 5400 1659
1402 5333 1463 5416 et
1492 5333 1755 5401 Rab'auus'
1779 5359 1831 5401 ut

309 5399 571 5533 animo
605 5416 773 5475 textu,
810 5399 1080 5491 nisivquod
1114 5399 1365 5469 Rabauus
1399 5399 1603 5471 habeth
1618 5399 1709 5485 μέν
1724 5399 1838 5486 *ΡΓδ

305 5536 489 5663 αὲἔυ)
542 5538 705 5611 Ειιῑιῖ,
732 5557 919 5609 om.
946 5553 1054 5613 Sed
1082 5564 1267 5610 omnes
1297 5565 1426 5608 mss.
1470 5562 1524 5610 et
1561 5552 1839 5620 Rabanus,

361 4232 407 4258 "
436 4232 454 4278 l
482 4232 623 4280 Petr.
658 4242 717 4288 ις,
772 4232 859 4279 14.
945 4232 987 4258 ἰ
1018 4232 1169 4279 Rom.
1215 4242 1332 4292 xm,
1362 4232 1418 4285 5.
1446 4232 1499 4280 4.
1589 4232 1635 4267 ⁸⁸
1678 4232 1840 4288 ibid.€

296 4298 343 4330 “
369 4296 487 4350 Act.
515 4294 697 4360 “.23,
724 4295 817 4349 24.
884 4296 933 4325 ’ν
966 4296 1094 4349 ibid.
1119 4295 1208 4357 28,
1229 4296 1319 4349 29.
1393 4297 1439 4328 ⁸⁸
1462 4297 1614 4351 Rom.
1645 4315 1705 4364 ιι,
1738 4303 1822 4356 12.

945 4232 987 4258 ἰ
1018 4232 1169 4279 Rom.
1215 4242 1332 4292 xm,
1362 4232 1418 4285 3.
1446 4232 1499 4280 4.
1589 4232 1635 4267 ⁸⁸
1678 4232 1804 4286 ibid.
1828 4235 1882 4289 2.
1980 4238 2027 4268 "
2052 4241 2170 4290 Act.
2208 4254 2262 4300 ν,
2296 4240 2391 4295 29.

895 4296 933 4325 "
966 4296 1094 4349 ibid.
1119 4295 1208 4357 28,
1229 4296 1319 4349 29.
1393 4297 1439 4328 ⁸⁸
1462 4297 1614 4351 Rom.
1645 4315 1705 4364 ιι,
1738 4303 1822 4356 12.
1893 4305 1938 4337 ³⁸
1968 4304 2155 4359 Matth.
2187 4323 2314 4371 xxv,
2347 4310 2439 4364 21.

366 4387 486 4457 (~95)
516 4385 606 4437 Sic
636 4399 737 4437 ms.
764 4384 961 4454 Regius
988 4400 1136 4457 num.
1167 4384 1323 4457 1εξ59.
1344 4385 1529 4457 Cameri
1556 4403 1683 4442 vero
1708 4407 1837 4446 mss.
1872 4398 1918 4455 D

1933 5079 2316 5177 uiueres.-
2350 5091 2603 5177 «item.
2626 5095 2701 5151 ει
2734 5079 2909 5177 ’ποῖά

1932 1792 2184 1847 ctuntur;
2209 1783 2374 1854 656
2400 1783 2490 1837 illa
2525 1784 2644 1838 sola
2672 1785 2745 1838 de
2777 1784 3016 1853 quibus
3051 1784 3229 1840 nihil
3270 1788 3553 1842 humana
3585 1788 3672 1843 les

1932 1877 2139 1930 dixerat
2168 1885 2221 1930 et
2249 1891 2371 1944 qua:
2422 1875 2682 1945 religioni
2715 1877 3111 1932 videbantur
3158 1881 3547 1945 convenire,
3577 1884 3673 1935 de-

1932 1966 2102 2019 cernit
2132 1963 2231 2036 (2).
2273 1966 2353 2019 Ex
2387 1981 2500 2034 quo
2535 1976 2780 2036 apparet
2823 1965 3122 2035 judicent
3181 1971 3416 2025 mundi
3453 1981 3674 2042 partem

1933 2056 2219 2108 maximam
2267 2053 2365 2106 Dei
2400 2054 2536 2123 legis
2571 2056 2841 2123 implere.
2877 2055 3128 2111 Omnia
3186 2060 3376 2113 enim
3432 2061 3673 2114 crimina

1932 2159 2051 2213 qute
2072 2146 2339 2205 vindicari
2368 2149 2488 2201 vult
2521 2146 2693 2210 Deus,
2722 2163 2844 2201 non
2879 2163 3004 2218 per
3048 2151 3408 2206 antistites
3432 2162 3498 2205 et
3527 2153 3672 2222 prin-

1932 2236 2077 2303 cipes
2101 2235 2496 2302 Ecclesiarum,
2527 2237 2625 2291 sed
2652 2252 2758 2306 per
2790 2239 3016 2293 mundi
3039 2238 3352 2305 judicent
3384 2244 3477 2314 (5)
3494 2244 3677 2298 uoluit

1933 2325 2230 2387 vindicari;
2275 2335 2331 2379 et
2371 2327 2478 2381 hoc
2525 2329 2714 2384 sciens
2773 2329 3051 2396 Paulus,
3093 2344 3287 2391 recte
3336 2350 3484 2392 eum
3519 2337 3675 2391 mini-

1933 2424 2103 2468 Strum
2129 2413 2218 2466 Dei
2241 2412 2489 2467 nominat
2512 2422 2570 2468 et
2598 2416 2905 2472 vindicem
2937 2406 3016 2475 in
3071 2436 3236 2479 eum
3270 2426 3368 2495 (4)
3400 2426 3508 2494 qui
3537 2427 3683 2495 quod

1933 2500 2129 2554 malum
2157 2511 2240 2556 est
2274 2503 2408 2571 agit.
2434 2502 2594 2568 Quod
2618 2514 2817 2559 autem
2855 2507 3026 2563 dicit
3064 2512 3153 2567 de
3184 2521 3512 2582 potestate
3533 2536 3547 2570 ;
3568 2513 3682 2568 Fac

1933 2591 2069 2659 quod
2103 2591 2294 2645 bonum
2330 2602 2426 2655 est,
2460 2604 2510 2646 et
2540 2595 2768 2648 habebis
2801 2597 3071 2654 laudem
3116 2620 3202 2659 ea:
3236 2622 3343 2671 ea,
3377 2608 3570 2665 altius
3596 2625 3685 2665 re-

1935 2681 2259 2751 quirendum
2286 2682 2424 2738 mihi
2453 2684 2698 2739 videtur.
2730 2687 2871 2744 Non
2922 2693 3118 2748 enim
3158 2704 3568 2757 consuetudo
3603 2710 3686 2758 est

1936 2773 2295 2841 potestatibus
2346 2777 2534 2830 saeculi
2596 2778 2844 2837 laudare
2903 2785 3035 2840 hos
3099 2792 3221 2860 qui
3290 2809 3424 2849 non
3472 2796 3687 2851 fuerint

1937 2863 2233 2919 criminosi.
2260 2863 2394 2959 Nam
2424 2879 2734 2959 peccantes
2753 2873 3028 2940 quidem
3062 2884 3387 2950 puniunt,
3418 2903 3541 2942 non
3568 2904 3687 2959 pee-

1937 2965 2127 3009 cantes
2158 2968 2288 3015 vero
2317 2956 2543 3011 laudare
2569 2960 2655 3013 eis
2697 2976 2834 3018 mos
2872 2968 3110 3025 nullus
3143 2985 3274 3029 est.
3324 2978 3455 3032 Sed
3493 2956 3687 3034 videa-

1941 3061 2062 3100 mus
2091 3060 2159 3101 ne
2186 3044 2325 3100 forte
2345 3045 2745 3121 Paulus'etiam
2774 3067 2928 3109 cum
2967 3064 3264 3119 moralia
3301 3070 3557 3125 videtur
3586 3073 3688 3126 do-

1942 3149 2086 3203 cere,
2114 3134 2606 3229 insererehsemper
2658 3140 2848 3195 etiam
2903 3144 2991 3201 de
3055 3157 3418 3224 mysteriis
3474 3160 3687 3229 aliquid

1940 3239 2046 3322 non
2072 3224 2312 3280 omittat.
2363 3226 2580 3282 Etenim
2609 3231 2808 3289 sciens
2843 3236 2944 3309 (5)
2994 3249 3181 3310 quod
3223 3265 3446 3305 omnes
3493 3224 3592 3322 qui
3634 3255 3689 3309 in

1939 3315 2051 3385 lege
2087 3328 2448 3385 peccaverunt,
2471 3333 2581 3386 per
2608 3322 2787 3391 legem
2815 3328 3317 3396 judicabunmr
3344 3344 3401 3376 ³⁸
3428 3363 3446 3399 :
3488 3315 3692 3400 unum-

1938 3418 2203 3505 quemque
2228 3408 2497 3505 autem‘in
2519 3410 2746 3505 indicio
2777 3415 2889 3471 illa
2919 3418 3032 3475 lex
3075 3425 3234 3481 sine
3259 3431 3465 3489 dubio
3492 3445 3692 3505 arguet

1939 3498 2233 3581 secundum
2284 3498 2426 3564 quod
2480 3499 2623 3555 visit
2663 3501 3109 3572 (ostendimus
3141 3531 3378 3577 autem
3418 3498 3693 3581 saucium

1940 3580 2201 3652 Spiritum
2224 3584 2276 3637 in
2306 3585 2493 3688 multis
2521 3589 2791 3649 humanae
2828 3595 2961 3668 legi
3000 3602 3229 3663 locum
3261 3613 3694 3688 dedisse)cer-

1941 3680 2054 3724 tum
2086 3681 2171 3725 est
2203 3685 2331 3739 ergo
2362 3673 2444 3743 (ϐ)
2476 3677 2610 3744 quia
2652 3679 2711 3733 in
2747 3682 2854 3737 die
2894 3686 3146 3754 iudicii
3186 3698 3469 3758 habebit
3519 3673 3692 3761 etiam

1939 3777 2003 3817 ex
2033 3764 2153 3817 istis
2184 3763 2389 3834 legibus
2415 3765 2636 3859 laudem
2661 3773 2826 3840 apud
2860 3776 3073 3838 Deum
3114 3785 3176 3843 is
3213 3793 3335 3859 qui
3372 3795 3538 3854 nihil
3563 3813 3697 3853 con-

1939 3860 2023 3946 tra
2053 3863 2286 3910 statutas
2307 3858 2655 3914 commiserit
2685 3861 2883 3934 leges,
2920 3885 3080 3930 cum
3119 3858 3391 3941 dicetur
3420 3888 3483 3943 ei
3519 3903 3554 3943 ει
3586 3892 3695 3946 Do-

1941 3945 2085 4051 mino
2152 3946 2325 4051 ἔζησε,
2361 3966 2506 4004 serue
2532 3951 2669 4051 bene
2705 3965 2762 4008 et
2795 3958 3016 4024 ﬁdelis
3040 4005 3063 4031 ,
3110 3987 3315 4040 super
3360 3996 3565 4048 pauca
3588 3982 3695 4051 [αἱ-

1937 4036 2002 4087 sti
2040 4034 2233 4103 ﬁdelis,
2272 4054 2431 4108 super
2476 4044 2651 4096 multa
2687 4052 2742 4098 te
2776 4034 3294 4121 constituami”.
3360 4034 3695 4130 'Sciend'um

1938 4132 2119 4201 tamen
2152 4136 2234 4180 est
2263 4129 2407 4197 quod
2432 4130 2589 4198 justo
2621 4133 2711 4187 lea:
2746 4154 2872 4194 non
2907 4158 3005 4200 est
3040 4155 3295 4223 posita,
3326 4164 3440 4216 sed
3467 4166 3695 4234 injustis

1980 4238 2409 4349 33%.!
2466 4243 2513 4273 ’⁸
2538 4242 2706 4303 Rom.
2734 4264 2875 4319 xm,
2902 4255 2973 4313 3.
3072 4266 3133 4296 ⁸⁸
3162 4268 3335 4328 ibid.
3371 4273 3418 4330 3
3450 4286 3516 4333 et
3571 4290 3694 4349 ﬁet!-

2016 4396 2092 4534 (l)
2127 4396 2292 4462 Etliti,
2318 4403 2631 4457 memoravi.

2016 4466 2070 4534 (2
2124 4467 2285 4530 Editi,
2329 4471 2631 4534 quoniamq

2612 4476 3699 4634 ῖέἑέξπαξετετιεεεειξηείεετε

1942 4603 2118 4655 diuina
2151 4605 2272 4703 lege.
2305 4606 2602 4684 prohibere,
2634 4603 3698 4703 ᾳὶιιε,ἰιιῇἷέίἕιιῖἕιῗιῖιῖζυιῑῗιαηῦπ

1940 4670 2892 4771 essetesse.uictarum
2943 4700 3113 4753 ηειιει
3145 4705 3448 4768 hama...
3480 4719 3578 4771 ι..
3608 4666 3701 4771 .lf

2001 4942 2084 5013 (37)
2116 4943 2284 5009 Alias,
2311 4947 2545 5013 judiees.

2128 5012 2368 5079 Editi,et
2406 5018 2657 5087 judicent
2704 5030 2766 5084 in
2814 5051 2888 5090 eu

1936 5156 2042 5201 etc.
2077 5150 2183 5204 Sed
2228 5168 2336 5208 ms.
2368 5150 2421 5208 Β

1942 5286 2093 5381 ...Εἰ
2117 5287 2433 5381 ξίξδέξιυὲσὲε
2460 5314 2600 5357 mss-
2630 5311 2823 5365 nostri
2855 5325 2918 5371 et
2945 5321 3132 5381 editi.

1936 5328 2095 5438 αἰῷῇ
2117 5328 2600 5424 ἶὲἷεὲὲίιιὲῗὲ.ιιιδδ.
2631 5328 2823 5365 nostri
2855 5328 2918 5371 8|
2945 5328 3132 5381 editi.
3161 5328 3501 5396 Rabanus
3532 5358 3697 5407 γεω,
