3910 6230
408 283 556 339 1229

1339 288 1684 344 COMMENT.
1726 288 1792 343 IN
1824 290 2034 347 EPIST.
2077 292 2163 345 AD
2198 292 2362 348 ROM.
2407 293 2530 349 LIB.
2571 292 2662 348 1X.

3430 295 3563 351 12⁸50
3594 298 3603 309 ”

401 407 591 451 etnon
632 399 872 465 subditis,
903 402 1157 464 scelestis,
1207 402 1508 468 homicidis,
1559 410 1936 471 contaminatis,
1964 416 2009 470 Α
2038 412 2223 463 mundo
2255 413 2317 475 “,
2360 413 2431 465 ait
2474 413 2630 466 etiam
2688 411 2823 466 hoc:
2857 411 2963 464 Nos
2990 422 3156 464 autem
3196 428 3293 465 non
3323 414 3559 479 spiritum

400 484 653 552 periuris,
694 497 740 540 et
763 492 958 542 cteteris
983 494 1069 560 qui
1097 491 1393 557 hujusmodi
1424 504 1543 546 sunt
1578 496 1643 547 ³ο.
1669 496 1767 565 Ipsi
1793 493 1935 550 enim

397 584 532 626 sunt
562 577 654 642 qui
687 576 873 633 timent
899 580 1089 648 legem.
1109 581 1208 646 Qui
1242 590 1410 637 autem
1441 583 1565 637 facit
1594 586 1810 651 bonum,
1839 586 1936 640 hoc

394 671 488 714 est
543 664 632 732 qui
664 680 770 720 non
803 677 943 722 metu
973 667 1119 737 legis,
1158 672 1248 723 sed
1281 686 1463 736 amore
1490 673 1612 726 boni
1646 673 1768 728 facit
1794 675 1933 742 quod

394 752 604 804 bonum
629 763 732 817 est,
768 756 865 810 iste
898 754 1006 824 jtim
1053 773 1156 812 non
1183 759 1429 828 sub-lege
1471 760 1683 824 litterae,
1715 761 1806 814 sed
1837 761 1933 814 sub

391 838 523 907 lege
563 842 784 909 spiritus
809 845 958 901 vivit.
981 876 989 884 ν

467 930 560 984 29.
589 931 718 985 Ideo
739 949 940 989 necesse
966 945 1040 989 est
1070 937 1304 991 subditos
1331 955 1460 1000 esse.
1489 956 1588 993 non
1626 940 1788 993 solum
1813 957 1933 1009 pro-

387 1027 515 1085 pter
548 1022 703 1086 iram,
720 1024 808 1076 sed
832 1034 879 1077 et
901 1033 1109 1092 propter
1134 1029 1497 1081 conscientiam
1525 1030 1618 1100 (7).
1646 1029 1779 1084 Ideo'
1796 1032 1931 1083 enim

386 1119 440 1161 et
491 1112 690 1165 tributa
722 1114 960 1180 penditis.
994 1113 1227 1168 Ministri
1271 1119 1405 1173 enim
1439 1118 1534 1172 Dei
1566 1130 1714 1182 sunt,
1756 1122 1809 1171 in
1839 1120 1932 1173 hoc

386 1202 568 1261 ipsum
594 1203 844 1258 instantes
865 1206 929 1258 “.
955 1203 1179 1259 Ordinat
1209 1207 1422 1273 quidem
1466 1225 1561 1278 per
1596 1212 1713 1264 haec
1738 1209 1932 1264 Paulus

386 1291 696 1347 Ecclesiam
744 1295 858 1359 Dei,
891 1305 956 1351 ut.
989 1299 1123 1352 nihil
1151 1299 1358 1352 adversi
1393 1300 1718 1369 principibus
1756 1310 1809 1353 et
1836 1314 1931 1367 po-

384 1383 683 1437 testatibus
711 1386 886 1440 satculi
917 1403 1125 1456 gerens,
1162 1403 1254 1458 per
1285 1390 1514 1457 quietem
1542 1399 1597 1443 et
1629 1390 1927 1456 tranquilli-

380 1480 564 1526 tatem
619 1474 760 1540 vitae,
811 1490 944 1545 opus
977 1476 1197 1544 iustitia;
1232 1490 1287 1533 et
1324 1479 1534 1546 pietatis
1572 1489 1838 1533 exerceat.
1870 1478 1924 1533 Si

380 1562 538 1615 enim
579 1577 856 1631 ponamus,
896 1567 1043 1621 verbi
1065 1569 1269 1645 gratia,
1289 1570 1568 1622 credentes
1590 1567 1803 1621 Christo
1834 1584 1925 1636 po-

381 1652 678 1709 testatibus
725 1656 899 1709 saeculi
956 1671 1058 1710 non
1086 1670 1208 1711 esse
1255 1656 1541 1722 subjectos,
1577 1658 1774 1730 tyibuta
1820 1673 1923 1710 non

2034 502 2185 567 hujus
2208 490 2384 554 mundi
2402 503 2707 569 accepimus,
2723 502 2810 554 sed
2831 502 3066 569 spiritum
3087 501 3172 568 qui
3191 517 3252 553 ea:
3275 500 3376 555 Deo
3397 512 3470 555 est
3493 502 3558 554 ³⁸.

2035 591 2133 655 Qui
2160 600 2334 645 autem
2362 592 2535 645 adhuc
2567 591 2631 647 de
2653 593 2849 643 mundo
2878 600 2979 655 est,
3007 601 3059 645 et
3089 606 3202 658 qua}
3227 592 3399 644 mundi
3434 602 3560 645 sunt

2033 682 2191 749 sapit,
2216 691 2269 732 et
2295 694 2409 747 qua:
2438 681 2613 733 carnis
2636 689 2759 734 sunt
2782 680 2994 748 quarrit,
3037 682 3334 735 neceSsario
3379 682 3559 749 subje-

2033 779 2150 821 ctus
2180 776 2263 822 est
2303 767 2559 821 ministris
2590 771 2803 835 mundi;
2839 770 3104 835 subjectus
3140 780 3311 822 autem
3347 781 3560 837 pI‘Oplel'

2032 856 2184 919 iram,
2216 870 2372 923 quam
2398 856 2496 910 sibi
2528 857 2909 911 thesauriza‘vit
2928 873 2990 911 ex
3012 860 3263 921 peccatis.
3287 858 3347 910 Et
3365 860 3431 912 ob
3460 860 3559 912 hoc

2031 944 2159 996 mihi
2186 945 2394 998 videtur
2420 944 2530 1013 (1‘2)
2560 946 2735 1000 dicere
2766 968 2777 1000 :
2811 945 2935 999 Ideo
2960 963 3161 1000 necesse
3191 958 3264 1000 est
3305 950 3559 1016 subjectos

2030 1049 2170 1095 esse,
2205 1024 2306 1086 non
2351 1033 2517 1085 solum
2559 1030 2767 1100 propter
2803 1037 2957 1098 iram,
2992 1037 3083 1089 sed
3118 1047 3163 1089 et
3198 1048 3403 1103 propter
3432 1054 3558 1089 con-

2028 1122 2293 1172 scientiam
2312 1120 2391 1184 “;
2424 1120 2674 1189 quoniam
2698 1124 2786 1188 qui
2810 1122 3073 1185 subditur,
3096 1124 3253 1175 habet
3284 1125 3392 1193 (15)
3424 1126 3472 1177 in
3500 1141 3559 1179 se

2029 1202 2170 1278 quod
2223 1219 2502 1262 accusetur
2538 1225 2566 1262 a
2610 1212 2961 1264 conscientia.
2992 1210 3085 1264 His
3112 1222 3234 1281 ergo
3273 1214 3432 1265 etiam
3461 1212 3559 1265 tri-

2031 1300 2157 1353 buta
2185 1298 2424 1367 quaedam
2455 1292 2753 1367 pendimus,
2780 1300 2900 1351 dum
2931 1300 3101 1354 adhuc
3124 1304 3409 1356 secundum
3441 1317 3558 1353 car-

2029 1404 2150 1442 nem
2188 1387 2437 1451 vivimus,
2466 1397 2519 1441 et
2555 1403 2671 1455 qua:
2723 1387 2902 1447 carnis
2932 1396 3051 1441 sunt
3078 1390 3390 1465 cogitamus.
3423 1388 3555 1444 Nam

2027 1479 2072 1531 si
2093 1479 2301 1549 vineam
2329 1482 2538 1535 Domini
2561 1482 2817 1543 colamus,
2840 1490 2892 1532 et
2920 1479 3080 1531 vitem
3106 1494 3305 1545 veram,
3331 1495 3447 1546 qum
3474 1489 3557 1533 est

2026 1567 2266 1623 Christus
2284 1570 2410 1641 (14),
2433 1584 2775 1624 exerceamus
2798 1570 2850 1621 in
2874 1567 3043 1629 nobis,
3065 1554 3127 1620 de
3151 1568 3253 1621 ista
3274 1569 3422 1622 vinea
3451 1583 3556 1620 non

2026 1655 2284 1712 ministris
2313 1660 2485 1712 saeculi
2519 1660 2811 1725 pendemus
2839 1656 3055 1716 tributa,
3080 1657 3174 1709 sed
3206 1656 3303 1723 ipsi
3331 1655 3555 1709 Domino

376 1743 638 1808 reddere,
682 1758 781 1798 nec
830 1745 1107 1813 vectigalia
1146 1719 1433 1815 pensitare,
1485 1719 1615 1798 nulli
1652 1747 1916 1809 timorem,
1955 1719 1995 1773 Β
2023 1744 2297 1799 l'ructusin
2320 1719 2559 1822 tempore
2595 1730 2911 1800 reddemus:
2950 1719 3239 1798 secundum
3271 1746 3409 1813 quod
3442 1746 3556 1813 ipse

375 1831 525 1885 nulli
564 1832 822 1887 honorem
874 1833 1114 1898 deferre,
1156 1848 1329 1890 nonne
1369 1849 1464 1904 per
1496 1835 1610 1889 hinc
1653 1844 1919 1889 rectorum

374 1930 440 1975 et
470 1923 769 1991 principum
802 1924 992 1979 merito
1020 1925 1071 1979 in
1103 1925 1414 1995 semetipsos
1440 1939 1605 1991 arma
1640 1935 1922 1993 converte-

373 2021 534 2075 rent,
559 2022 615 2067 et
641 2025 1006 2082 persecutores
1048 2015 1260 2083 quidem
1305 2029 1429 2068 suos
1457 2014 1808 2077 excusabiles,
1838 2029 1922 2068 se-

373 2105 647 2173 metipsos
660 2119 787 2159 vero
806 2106 1096 2174 culpabiles
1119 2106 1353 2160 facerent
1375 2104 1485 2172 (8)?
1514 2104 1627 2159 Non
1653 2106 1790 2158 enim
1809 2107 1918 2170 jam

372 2192 536 2256 ﬁdei,
562 2194 653 2247 sed
676 2196 1024 2248 contumacia:
1054 2209 1215 2248 causa
1247 2194 1541 2262 impugnari
1576 2190 1916 2247 viderentur:

374 2268 614 2337 etesset
659 2285 737 2337 eis
778 2298 937 2337 causa
992 2284 1202 2351 quidem
1253 2284 1437 2337 mortis
1463 2284 1639 2354 digna,
1673 2284 1919 2337 meritum

369 2386 522 2425 vero
552 2371 629 2442 (9)
658 2372 845 2425 mortis
874 2373 1164 2441 indignum.

451 2461 547 2513 30.
580 2459 704 2514 Haec
744 2475 874 2529 ergo
910 2460 1102 2514 Paulus
1140 2476 1233 2527 per
1273 2462 1582 2515 immensam
1611 2461 1919 2528 sapientiam

365 2550 671 2620 providens
700 2549 828 2603 dicit
862 2570 874 2603 :
910 2547 1126 2615 Reddite
1156 2551 1386 2603 omnibus
1427 2552 1651 2603 debitum
1671 2566 1690 2603 :
1718 2551 1802 2603 cui
1828 2552 1920 2602 tri-

369 2643 606 2702 butum,
641 2638 924 2698 tributum;
966 2638 1046 2688 cui
1085 2638 1298 2706 uectigal
1320 2677 1335 2702 ,
1373 2640 1619 2707 vectigal;
1655 2639 1737 2690 cui
1774 2640 1922 2690 timo.

365 2745 519 2793 rem,
560 2728 825 2789 timorem;
848 2727 931 2777 cui
951 2726 1211 2790 honorem,
1241 2727 1507 2780 honorem.
1535 2726 1743 2782 Nemini
1767 2728 1919 2796 quid-

363 2832 544 2888 quam
576 2817 820 2872 debeatis.
847 2816 948 2867 nisi
987 2827 1040 2866 ut
1085 2816 1295 2867 invicem
1322 2816 1556 2884 diligatis
1580 2818 1642 2868 ³².
1675 2819 1810 2871 Puto
1839 2827 1919 2871 ta-

364 2923 509 2962 men
529 2908 671 2975 quod
699 2906 857 2959 etiam
889 2905 1001 2956 haec
1026 2903 1218 2957 Paulus
1244 2919 1344 2957 non
1373 2909 1571 2975 absque
1602 2907 1772 2961 solitis
1802 2923 1918 2961 ser-

362 3011 604 3051 monum
651 3009 866 3048 suorum
898 2991 1134 3060 proferat
1165 2998 1530 3050 sacramentis.
1563 2995 1766 3049 Etenim
1802 3012 1916 3050 om-
1943 3022 1983 3079 ο

360 3101 505 3141 nem
564 3094 885 3145 creaturam,
917 3096 1208 3150 omnesque
1240 3084 1458 3151 spiritus
1495 3085 1607 3139 sive
1658 3083 1823 3149 bonos
1863 3092 1917 3137 et

361 3184 584 3237 rectos,
611 3173 723 3226 sive
747 3173 904 3226 etiam
934 3172 1079 3239 pravi
1109 3170 1338 3239 malique
1369 3172 1622 3240 propositi
1651 3170 1780 3243 (10),
1808 3174 1915 3227 Deo

360 3262 692 3318 ministrare
714 3258 1460 3330 etexhibereuuumquemque
1487 3263 1549 3315 ad
1571 3262 1708 3330 quod
1736 3272 1911 3332 aptum

2021 1829 2264 1885 Salvator
2289 1834 2339 1886 in
2354 1831 2651 1901 Evangeliis
2672 1834 2713 1864 ³⁷
2729 1833 2876 1895 dicit,
2893 1832 3016 1898 quia
3036 1832 3230 1885 colonis
3244 1834 3392 1887 malis
3410 1834 3552 1886 tollet

2016 1919 2176 1989 657
2205 1912 2422 1986 vineam,
2449 1934 2495 1975 et
2525 1925 2666 1975 dabit
2691 1939 2801 1976 eam
2825 1924 2944 1975 aliis
2972 1923 3165 1975 colonis
3198 1925 3285 1989 qui
3330 1925 3548 1976 reddant

2016 2011 2064 2061 ei
2091 2010 2287 2075 fructus
2315 2011 2368 2063 in
2395 2020 2637 2078 tempore.
2680 2010 2783 2065 Sed
2816 2021 2869 2064 et
2911 2011 3011 2063 hoc
3059 2011 3227 2076 ipsum
3281 2014 3419 2081 quod
3470 2015 3552 2067 di-

2020 2101 2130 2153 cit:
2170 2100 2382 2155 Reddite
2429 2103 2665 2154 omnibus
2696 2084 2903 2166 debita;
2953 2105 3039 2157 cui
3076 2103 3319 2154 tributum
3344 2143 3358 2167 ,
3388 2106 3552 2158 tribu-

2022 2196 2160 2250 tum;
2184 2189 2267 2240 cui
2297 2188 2539 2256 uectigal,
2573 2190 2785 2257 uectigal
2816 2204 2832 2240 :
2860 2191 2926 2243 ab
2953 2204 3019 2244 eo
3057 2191 3196 2257 quod
3236 2190 3287 2242 in
3318 2190 3549 2256 ’sequen-

2024 2277 2165 2330 tibus
2193 2277 2440 2333 additur:
2472 2278 2567 2333 Cui
2598 2281 2852 2344 timerent,
2882 2264 3150 2345 timorem;
3175 2282 3258 2334 cui
3284 2283 3547 2346 honorem,

2020 2366 2288 2431 honorem,
2314 2369 2545 2437 divisum
2573 2369 2678 2437 (15)
2712 2370 2838 2422 mihi
2863 2372 3072 2424 videtur
3096 2389 3109 2423 :
3143 2381 3198 2425 et
3227 2374 3287 2424 ad
3312 2387 3402 2426 eos
3429 2374 3548 2440 qui-

2020 2455 2138 2508 dem
2168 2470 2303 2523 quos
2326 2471 2482 2525 supra
2534 2458 2762 2512 diximus
2809 2461 3078 2515 ministros
3098 2501 3113 2523 ,
3141 2462 3407 2529 pertinere
3451 2465 3547 2515 tri-

2021 2546 2144 2599 buta
2178 2556 2232 2599 et
2264 2547 2565 2616 vectigalia.
2622 2548 2854 2618 Exiguut
2881 2553 3021 2603 enim
3052 2552 3117 2604 de
3148 2552 3298 2605 nobis
3347 2553 3544 2605 trilmta

2022 2642 2173 2688 terra:
2198 2643 2415 2699 nostra),
2448 2646 2499 2689 et
2528 2637 2801 2705 vectigalia
2829 2640 3205 2708 negotiationis
3231 2650 3445 2694 nostrae.
3480 2642 3545 2695 Et

2017 2723 2142 2792 quid
2171 2720 2323 2787 dico,
2365 2725 2429 2777 de
2466 2726 2660 2779 nobis?
2687 2725 2913 2780 Exactus
2962 2738 3044 2782 est
3085 2729 3338 2783 tributum
3382 2732 3539 2785 etiam

2018 2814 2269 2867 Dominus
2295 2823 2472 2867 noster
2488 2812 2641 2869 Jesus
2661 2816 2902 2883 Christus
2924 2832 2973 2869 ιιι
2994 2832 3157 2872 carne
3173 2820 3377 2888 positus
3400 2820 3538 2889 (16):

2017 2902 2154 2966 quod
2184 2901 2384 2955 idcirco
2413 2916 2470 2955 se
2503 2902 2632 2954 dicit
2656 2902 2959 2965 exsolvere,
3010 2919 3111 2957 non
3156 2906 3294 2973 quod
3337 2907 3543 2960 debitor

2018 2988 2107 3050 sit,
2141 2988 2231 3040 sed
2260 3003 2325 3042 ne
2356 2988 2681 3043 scandalizet
2718 3003 2809 3042 eos
2832 2989 2894 3042 ³⁸.
2933 2992 3084 3056 Quod
3113 2993 3156 3045 si
3180 2993 3264 3047 ille
3291 2995 3377 3060 qui
3407 2996 3541 3047 nihil

2018 3077 2246 3131 habebat
2280 3079 2333 3129 in
2361 3092 2418 3132 se
2442 3078 2665 3133 Caesaris
2694 3064 2836 3149 (17),
2865 3088 2916 3133 et
2949 3081 3001 3132 in
3031 3095 3136 3148 quo
3165 3082 3409 3150 princeps
3439 3084 3537 3135 hu-

2013 3163 2100 3232 jus
2124 3164 2306 3218 mundi
2338 3166 2560 3219 veniens
2581 3180 2682 3219 non
2714 3167 2917 3220 invenit
2936 3168 3221 3236 quidquam
3245 3170 3310 3223 de
3337 3171 3447 3223 suis
3473 3170 3536 3232 ",

2014 3268 2145 3307 cum
2170 3253 2306 3307 liber
2330 3263 2491 3321 esset,
2525 3254 2681 3308 solvit
2722 3265 2894 3310 tamen
2928 3257 3181 3310 tributum
3210 3258 3378 3325 (venit
3399 3260 3537 3313 enim

2016 3350 2069 3393 et
2111 3342 2163 3392 in
2227 3349 2450 3393 mortem
2513 3351 2572 3394 ut
2624 3352 2763 3396 esset
2792 3353 2845 3396 et
2868 3345 3006 3395 inter
3049 3356 3274 3399 mortuos
3318 3347 3444 3398 liber
3471 3348 3536 3418 ⁸⁸)

2015 3439 2215 3497 quanto
2262 3431 2428 3499 magis
2474 3445 2571 3483 nos
2619 3447 2833 3487 necesse
2870 3441 2952 3488 est
2998 3435 3097 3488 ista
3125 3435 3321 3488 tributa
3359 3438 3538 3491 carnis

2013 3519 2346 3585 expendere,
2376 3527 2429 3571 et
2462 3521 2832 3589 negotiationis
2876 3531 3103 3588 nostrai,
3141 3525 3184 3577 si
3236 3533 3405 3579 tamen
3445 3542 3536 3578 nc-

2012 3612 2280 3679 gotiamur
2312 3613 2631 3680 margaritas
2660 3613 2809 3681 regni
2843 3613 3130 3675 caelorum,
3164 3629 3258 3682 per
3295 3616 3533 3669 diversas

2012 3703 2325 3761 tentationes
2346 3702 2677 3770 exigentibus
2703 3717 2797 3756 nos
2823 3701 2932 3771 (18)
2957 3701 3231 3770 spiritibus
3257 3704 3532 3771 vectigalia

2011 3791 2315 3860 pensitare?
2344 3790 2611 3845 Timorem
2642 3805 2770 3843 vero
2809 3803 2858 3844 et
2891 3792 3142 3845 honorem
3173 3792 3237 3843 ad
3270 3791 3416 3844 illum
3449 3798 3535 3861 po-

2010 3883 2113 3934 tius
2161 3880 2361 3935 referre
2419 3879 2671 3933 debemus
2725 3879 2812 3946 qui
2859 3879 2988 3932 dicit
3037 3894 3131 3947 per
3176 3881 3531 3945 prophetam:

2012 3970 2195 4024 Nonne
2232 3980 2280 4024 et
2309 3969 2617 4031 Dominum,
2653 3980 2698 4020 et
2728 3967 2934 4021 Patrem
2974 3970 3162 4029 uocatis
3207 3970 3324 4023 me?
3370 3968 3437 4020 Et
3485 3973 3534 4023 si

357 3368 429 3409 se
475 3351 766 3420 praebuerit
802 3351 1150 3415 ministerium
1192 3350 1244 3404 in
1277 3351 1637 3419 superioribus
1669 3352 1776 3419 jam
1819 3353 1913 3405 dn~

353 3442 609 3497 coimus.
638 3439 714 3495 De
734 3441 983 3495 Omnibus
1010 3442 1153 3495 enim
1181 3441 1336 3496 simul
1376 3442 1735 3513 pronuntiavit
1779 3443 1914 3510 Apo-

353 3529 553 3586 stolas
596 3529 683 3582 ubi
733 3528 905 3581 dixit:
945 3525 1131 3581 Nonne
1172 3544 1344 3580 omnes
1387 3538 1503 3580 sunt
1548 3528 1909 3582 ministeriales

351 3619 618 3687 spiritus,
638 3617 692 3669 in
717 3616 1057 3671 ministerium
1085 3618 1228 3670 missi
1251 3627 1454 3683 propter
1477 3633 1560 3670 eos
1582 3618 1670 3685 qui
1692 3618 1910 3671 haeredi-

351 3717 539 3765 tatem
590 3707 811 3774 capiunt-
851 3705 1035 3759 salutis
1077 3708 1159 3759 "‘t
1207 3706 1506 3760 Ministrant
1553 3722 1680 3776 ergo
1727 3722 1910 3763 omnes

349 3799 602 3869 spiritus
633 3795 902 3850 hominum
929 3796 1078 3863 vitae;
1118 3796 1481 3865 unusquisque
1527 3803 1721 3859 tamen,
1751 3806 1808 3849 ut
1830 3798 1911 3850 di-

348 3890 573 3949 ximus,
604 3899 700 3954 pro
727 3885 976 3952 dignitate
1003 3894 1057 3939 et
1083 3885 1269 3939 merito
1302 3886 1381 3937 sui
1407 3900 1422 3936 :
1452 3897 1573 3936 nam
1608 3883 1714 3953 (11)
1755 3893 1807 3936 et
1835 3885 1905 3937 illi

348 3974 608 4031 ministri
640 3974 888 4027 dicuntur
933 3988 1155 4042 quorum
1187 3973 1483 4026 ministerio
1510 3986 1627 4038 quae
1653 3973 1718 4025 ad
1754 3988 1904 4026 mun-

346 4067 499 4119 dum
527 4060 794 4129 pertinent
828 4071 1164 4129 peraguntur.
1214 4061 1361 4115 Unde
1391 4068 1445 4113 et
1477 4052 1779 4126 Apestolus,
1814 4062 1902 4128 qui
2008 4059 2259 4111 Dominus
2283 4072 2397 4109 sum
2424 4071 2535 4124 ego,
2560 4057 2645 4107 ubi
2669 4067 2740 4108 est
2761 4057 2913 4107 timor
2928 4072 3066 4108 meus
3085 4057 3165 4109 ?et
3187 4058 3231 4109 si
3248 4054 3402 4108 Pater
3416 4073 3532 4109 sum

344 4154 583 4207 dixerat
604 4149 669 4202 de
690 4163 766 4211 se,
795 4149 919 4217 quia
942 4150 1064 4202 mihi
1085 4152 1302 4202 mundus
1329 4148 1607 4214 cruciﬁxus
1628 4160 1723 4212 est,
1745 4159 1792 4201 et
1811 4166 1901 4217 ego
2005 4162 2115 4216 ego,
2145 4146 2231 4197 ubi
2266 4154 2340 4214 est
2386 4147 2549 4197 honor
2568 4161 2708 4197 meus
2746 4144 2856 4214 (19)
2898 4145 3012 4175 ⁸⁸⁸⁸⁸
3033 4147 3056 4196 ?
3079 4144 3375 4198 Posteriora
3400 4159 3529 4198 sane

427 4241 483 4273 ³⁸
514 4238 689 4292 l'l'im.
716 4254 753 4302 ι,
772 4240 823 4294 9.
899 4241 939 4271 "
962 4239 1116 4293 Rom.
1145 4257 1257 4300 xui,
1292 4241 1344 4302 5,
1373 4240 1425 4292 6.
1521 4237 1564 4272 ³¹
1589 4240 1739 4295 Rom.
1781 4244 1915 4302 xui,‘

2015 4244 2043 4291 ι.
2120 4240 2161 4271 ³³
2180 4237 2341 4293 Hebr.
2368 4252 2406 4297 ι,
2427 4237 2511 4289 14.
2578 4237 2623 4267 ³⁸
2649 4236 2820 4290 Galat.
2848 4253 2919 4303 vr,
2952 4236 3035 4290 11-.
3113 4238 3155 4268 ³³
3176 4235 3197 4290 1
3221 4237 3527 4300 Cor.n,12.

343 4312 414 4342 δι’
437 4308 603 4361 Rom.
634 4322 753 4369 xm,
783 4309 835 4363 5.
943 4308 984 4339 ³⁷
1007 4310 1193 4363 Matth.
1223 4324 1335 4372 xxi,
1368 4310 1454 4362 41.
1561 4310 1602 4340 ⁸⁸
1642 4309 1827 4362 Matth.
1858 4326 1986 4373 χιιι,
2014 4310 2104 4372 ‘23,
2126 4309 2213 4361 26.
2281 4360 2285 4365 ,
2325 4306 2366 4337 ⁸⁸
2395 4305 2546 4359 Joau.
2581 4320 2688 4368 xiv,
2729 4306 2816 4360 30.
2924 4306 2968 4335 ⁸⁰
2996 4306 3137 4359 Psal.
3180 4320 3393 4359 Lsxxvn
3415 4347 3431 4371 ,
3472 4311 3525 4363 6.

339 4380 389 4411 ⁸⁵⁸
404 4397 415 4403 -
428 4379 480 4409 δ’
507 4376 733 4431 Malach.
760 4392 799 4441 ι,
831 4376 882 4430 6.

427 4469 515 4538 (7)
537 4467 629 4522 Sic
649 4481 836 4521 omnes
865 4481 994 4521 mss.
1014 4469 1202 4521 nostri.
1226 4468 1362 4521 Editi
1391 4484 1513 4522 vero
1545 4479 1597 4522 et
1627 4471 1893 4533 liabanns,
1932 4477 1970 4528 ι)
2066 4468 2178 4605 (14)
2213 4466 2370 4534 Editi,
2397 4468 2484 4533 qui
2513 4477 2587 4519 est
2619 4444 2873 4521 Christus.

427 4551 596 4605 eoque
621 4537 920 4589 necessitate
941 4536 1134 4589 subditi
1159 4546 1382 4589 estote...
1410 4539 1498 4589 sed
1519 4539 1673 4589 etiam
1691 4550 1896 4605 prapter
2092 4536 2177 4602 15)
2204 4536 2360 4600 Editi,
2392 4537 2665 4605 diuersum.
2695 4535 2798 4605 Sed
2821 4551 2871 4588 οι

340 4534 596 4605 Ideoque
621 4537 920 4589 necessitate
941 4536 1134 4589 subditi
1159 4546 1382 4589 estote...
1410 4539 1498 4589 sed
1519 4539 1673 4589 etiam
1691 4550 1896 4606 prapter
2067 4534 2177 4605 (15)
2204 4536 2360 4600 Editi,
2392 4537 2666 4606 diuersum.
2695 4535 2798 4606 Sed
2821 4535 3005 4606 omnes
3032 4548 3174 4606 mss;
3190 4544 3243 4588 et
3279 4534 3527 4588 Bahanus

339 4599 753 4666 conscientiam,
784 4614 887 4659 etc.
1691 4599 1698 4603 ⁷
1785 4599 1793 4606 ’
2001 4599 2129 4658 utin
2159 4599 2351 4657 nostro
2374 4611 2538 4655 textu.
2582 4602 2776 4654 Deinde
2821 4619 2920 4654 ms.
2951 4604 3093 4660 duo,
3128 4599 3355 4669 Exigunt
3391 4621 3525 4654 enim

2002 4689 2090 4723 nos
2117 4673 2345 4735 tributa,
2371 4679 2475 4724 etc.
2508 4670 2643 4721 Editi
2676 4671 2911 4736 plerique
2941 4682 2993 4721 et
3022 4685 3121 4721 ms.
3158 4671 3352 4734 Regius
3375 4687 3519 4720 ltum.

2001 4739 2407 4805 1659,Exigunt
2461 4741 2592 4789 enim
2645 4755 2674 4788 a
2725 4737 2867 4789 nobis
2903 4737 3210 4805 (Rabanus,
3255 4738 3318 4788 de
3345 4738 3522 4801 nobis;

1997 4810 2161 4861 editio
2188 4806 2402 4868 Veneta,
2438 4805 2601 4869 nobis)
2637 4805 2852 4864 tributa,
2880 4817 2983 4857 etc.

1982 4921 1985 4923 ι
2068 4877 2177 4945 (16)
2218 4875 2527 4945 Sic-omnes
2567 4886 2693 4945 mss.
2724 4873 2895 4945 nostri
2920 4870 3525 4945 ._quibus_conscntire

1995 4938 2205 4996 videtur
2250 4942 2529 5000 Rabanus,
2574 4940 2695 4992 licet
2724 4939 2773 4989 in
2821 4942 2919 4991 hoc
2953 4939 3070 4991 loco
3111 4938 3354 4990 vitiosus.
3385 4939 3523 4992 Editi

1934 5038 1939 5041 ε
1993 5026 2161 5063 vero:
2207 5010 2271 5061 Et
2306 5008 2429 5075 quid
2460 5007 2608 5068 dico,
2655 5006 2719 5075 de
2767 5007 2961 5075 nobis?
2998 5004 3230 5058 Exsoluit
3275 5009 3522 5058 tributum

1995 5082 2150 5139 etiam
2174 5071 2424 5139 Dominus
2444 5084 2614 5126 noster
2644 5071 2800 5124 Iesus
2831 5073 3067 5127 Christus
3104 5075 3159 5124 in
3194 5089 3349 5125 carne
3382 5078 3524 5142 posi-

1994 5159 2094 5206 tus,
2127 5156 2231 5197 etc.

2066 5212 2292 5282 (l7)ll1s.
2329 5210 2525 5282 Regius
2552 5223 2697 5263 num.
2729 5207 2901 5273 1659,
2944 5207 3094 5273 Quod
3123 5210 3168 5262 si
3208 5208 3296 5264 ille
3326 5211 3381 5262 in
3420 5226 3522 5280 quo

1997 5276 2124 5333 nihil
2146 5276 2360 5331 habebat
2382 5276 2576 5337 Ciesar,
2600 5287 2703 5331 etc.
2793 5311 2796 5314 η

2086 5347 2171 5414 18)
2199 5345 2297 5399 Ms.
2331 5346 2525 5412 Regius
2549 5358 2696 5414 num.
2726 5343 2884 5409 1659,
2912 5362 2944 5398 a
2977 5348 3142 5399 nobis.

2088 5411 2173 5481 19)
2203 5415 2291 5468 Sic
2318 5411 2442 5467 mss.
2467 5423 2522 5466 et
2546 5411 2825 5481 Babanus;
2851 5414 2977 5466 editi
3003 5429 3151 5477 vero,
3176 5416 3260 5466 ubi
3280 5423 3352 5467 est
3374 5430 3521 5466 amor

1991 5480 2132 5535 meus
2152 5480 2167 5544 ,
2191 5492 2235 5535 et
2258 5484 2458 5536 honor?
2488 5480 2679 5547 Deinde
2703 5493 2830 5531 mss.
2874 5481 3113 5547 plerique
3134 5522 3149 5545 ,
3187 5482 3433 5537 Rabauus
3465 5493 3521 5536 et

1990 5553 2138 5614 editi,
2181 5562 2234 5602 ut
2274 5551 2458 5602 nemini
2494 5546 2773 5614 quidquam
2805 5548 3115 5613 debeamus;
3151 5553 3244 5603 sed
3280 5566 3376 5604 ms.
3417 5549 3519 5603 Re-

1989 5620 2109 5687 gius
2135 5635 2281 5678 num.
2314 5618 2442 5674 1659
2469 5618 2667 5669 rectius
2699 5623 2755 5665 ut
2775 5615 2828 5668 in
2850 5626 3031 5708 uostrp
3063 5628 3226 5673 textu.

421 4674 510 4738 (8)
545 4672 709 4733 Editi,
734 4673 1021 4737 redderent,
1050 4671 1207 4724 male.

425 4740 511 4811 (9)
538 4740 703 4801 Editi,
721 4750 765 4791 et
783 4756 900 4811 esse
926 4741 997 4792 eis
1028 4755 1182 4811 causa
1211 4741 1411 4809 quidem
1438 4742 1632 4811 mortis,
1659 4743 1893 4793 meritum

335 4807 501 4868 vero,
526 4818 654 4866 etc.,
690 4809 883 4862 omissa
916 4822 1041 4860 voce
1068 4807 1245 4875 digna,
1268 4822 1424 4875 quam
1455 4808 1705 4861 omittunt
1733 4811 1891 4862 etiam

335 4879 610 4950 plerique
622 4890 755 4950 mss.

423 4947 557 5019 (11)).
578 4944 669 4996 Sic
701 4957 836 5019 _mss.
869 4942 1005 5019 Editi
1048 4958 1193 5019 vero,
1229 4942 1495 5019 omnesque
1539 4943 1751 5010 spiritus
1786 4946 1889 4996 sive

335 5011 489 5069 rec'ti
515 5014 628 5080 sive
645 5012 799 5064 etiam
824 5011 969 5080 pravi
990 5012 1215 5080 malique
1245 5012 1513 5080 propositi.
1597 5038 1601 5043 -

422 5082 545 5151 (11)
566 5077 715 5151 (Nam
747 5080 890 5131 deest
919 5078 979 5151 in
1000 5077 1155 5151 editis
1187 5088 1239 5130 et
1267 5078 1889 5151 inple_risqpe_m_ss.,_sed

336 5143 669 5207 restituitur
701 5161 767 5198 ex
804 5160 904 5199 ms.
942 5143 1106 5212 Regio
1146 5162 1289 5197 num.
1332 5146 1486 5198 1659.
1520 5148 1718 5200 Deinde
1738 5147 1888 5209 editi,

329 5213 1318 5289 quorantministeriaquemadmodum
1331 5214 1541 5283 pertinet
1555 5226 1888 5289 peraguntur.

418 5284 540 5351 (12)
577 5281 739 5351 Editi,
782 5288 830 5331 et
865 5281 959 5351 hoc
996 5282 1122 5351 mihi
1166 5284 1389 5341 videtur,
1417 5281 1554 5351 etc.,
1582 5285 1778 5351 omisso
1806 5286 1889 5338 ob.

334 5346 567 5411 Deinde
604 5348 763 5399 iidem
805 5346 967 5408 editi,
1007 5347 1121 5400 ideo
1145 5351 1448 5415 (necessitate
1474 5348 1687 5413 subjecti
1713 5360 1888 5413 estote,

329 5437 467 5478 etc.
503 5418 607 5469 Sed
641 5427 825 5467 omnes
854 5428 982 5467 mss.
1013 5425 1070 5465 ut
1100 5419 1152 5468 in
1190 5426 1373 5469 nostro
1406 5424 1572 5466 textu.

418 5486 544 5555 (15')
578 5485 829 5555 Sierecte
857 5495 953 5555 ms.
979 5481 1172 5555 Regius
1198 5499 1342 5534 num.
1380 5481 1531 5555 1659.
1558 5483 1745 5536 Cmteri
1771 5497 1907 5555 vero.

331 5550 494 5615 ms‘s.
521 5550 575 5602 et
602 5550 751 5614 editi,
781 5552 1101 5603 conscientia:
1140 5567 1334 5620 quoque
1365 5553 1618 5616 subditur,
1652 5566 1765 5603 cum
1798 5551 1891 5604 ha-

329 5630 462 5687 bet,
503 5626 609 5672 etc.
