3910 6230
393 247 525 300 1255

1313 243 1658 304 ΟΟΜΜΕΝΤ.
1696 247 1760 300 ιιι
1799 245 2012 301 EPIST.
2051 247 2139 298 AD
2179 245 2338 300 ROM.
2379 245 2504 298 LIB.
2545 245 2631 299 ΙΧ.

3403 248 3538 304 1954

385 365 572 418 cuiens
596 363 845 416 mundum
869 364 920 417 in
947 377 1130 418 somno
1151 364 1362 419 desidiae
1381 366 1922 434 positum,annuntiat
1949 373 1992 423 Α
2021 362 2141 415 bilia
2191 364 2447 430 appellata
2499 370 2649 423 sinit,
2689 376 2806 428 qua:
2843 376 2943 414 non
2990 371 3094 416 tam
3139 364 3540 418 rationabilibus

385 454 572 506 adesse
608 452 717 518 jam
754 453 961 519 lucem,
1007 462 1060 507 et
1094 463 1299 522 tempus
1333 469 1451 508 esse
1500 465 1557 509 ut
1599 465 1845 524 surgatur
1884 472 1914 509 e

386 551 610 606 somno;
667 553 1014 612 noctemque,
1080 545 1180 599 hoc
1235 555 1318 598 est
1383 556 1586 613 tempus
1640 546 1764 600 illud
1808 561 1913 614 quo

390 633 688 700 ignorantia
709 633 1008 688 hominibus
1025 635 1291 687 dominata
1311 645 1414 698 est,
1429 638 1762 703 praecessisse
1777 637 1910 704 (54),

385 733 438 776 et
466 723 1036 790 proximantejustitite
1073 725 1201 778 solis
1239 725 1495 788 adventu,
1527 727 1914 778 rarescentibus

388 810 658 874 tenebris,
706 812 984 865 imminere
1027 813 1136 881 jam
1183 813 1469 880 agnitionis
1517 813 1656 864 diem
1697 829 1710 864 :
1756 821 1912 879 atque

384 895 502 947 ideo
530 896 730 949 clamat
762 899 1233 966 expergiscendum
1259 915 1398 961 esse,
1426 914 1491 954 ne
1516 915 1610 968 per
1639 901 1911 966 segnitiem

381 984 502 1050 quis
538 994 746 1037 noctem
786 987 1021 1052 patiatur
1077 987 1128 1039 in
1164 987 1323 1046 luce;
1367 998 1420 1040 et
1466 988 1759 1055 abjicienda
1798 1001 1913 1040 esse

378 1087 542 1138 opera
592 1075 967 1139 tenebrarum,
1031 1085 1189 1144 atque
1236 1090 1383 1128 arma
1435 1075 1573 1129 lucis
1625 1076 1910 1128 induenda.

381 1159 553 1223 Opera
582 1168 907 1216 tenebrarum
945 1173 1072 1218 sunt
1113 1175 1264 1218 actus
1300 1164 1374 1217 illi
1417 1164 1506 1230 qui
1541 1178 1570 1216 a
1613 1163 1718 1216 Deo
1754 1163 1910 1214 alieni

380 1250 490 1316 (55)
518 1260 676 1314 sunt;
703 1270 850 1305 arma
875 1268 1002 1306 vero
1024 1254 1176 1316 lucis,
1209 1255 1502 1320 assumptio
1533 1253 1803 1306 virtutum.
1848 1250 1912 1303 Et

379 1341 521 1392 sicut
551 1341 783 1393 diximus
807 1342 1183 1395 dedecorosum
1211 1357 1328 1395 esse
1358 1344 1442 1395 die
1467 1343 1574 1407 jam
1602 1354 1911 1408 perurgente

377 1431 647 1492 dormire,
681 1431 843 1482 multo
875 1440 956 1483 est
985 1431 1359 1484 dedecorosius
1396 1431 1493 1483 sub
1525 1431 1632 1498 (56)
1674 1439 1910 1497 tempore

376 1520 479 1572 diei
517 1529 572 1572 et
605 1519 738 1574 lucis
761 1535 920 1586 opera
939 1535 1121 1586 gerere
1153 1522 1509 1573 tenebrarum.
1533 1518 1724 1571 Verum
1747 1521 1910 1572 scien-

376 1609 502 1662 dum
538 1615 657 1670 est,
689 1611 970 1662 adventum
1001 1610 1130 1664 lucis
1157 1609 1312 1675 hujus
1327 1624 1380 1662 et
1404 1611 1508 1663 diei
1537 1610 1736 1678 duplici
1758 1611 1910 1662 modo

2019 455 2128 524 (40)
2159 455 2440 507 videantur
2461 453 2782 516 hominibus,
2812 469 2967 522 quam
2994 454 3118 506 leris
3141 462 3195 506 et
3215 454 3401 508 belluis
3419 471 3536 509 con-

2017 543 2218 598 venire.
2262 541 2384 595 Non
2411 543 2464 594 in
2501 544 2819 595 contentione
2849 551 2898 594 et
2921 541 3266 594 mmulatione.
3300 541 3390 594 llla
3421 558 3537 612 qum

2017 648 2172 702 supra
2197 632 2329 684 dixit
2349 631 2456 700 (4|)
2477 633 2652 686 carnis
2674 632 2935 684 suntvitia
2963 650 2976 684 :
3001 633 3110 684 haec
3131 631 3237 697 iam
3269 644 3322 684 et
3341 635 3534 686 animi:

2015 719 2254 790 quamvis
2281 720 2458 772 omnia
2504 719 2659 772 simul
2694 719 2802 786 (4‘2)
2848 719 3027 771 carnis
3065 732 3222 787 opera
3271 720 3535 780 dicantur,

2017 821 2070 863 et
2089 822 2246 877 opera
2274 807 2629 869 tenebrarum,
2653 823 2772 876 quia
2799 823 2982 860 revera
3007 809 3280 860 contentio
3304 819 3356 862 et
3378 823 3537 861 temu-

2015 894 2210 948 latioin
2241 895 2432 948 animis
2446 909 2627 948 eorum
2653 905 2732 947 est
2754 896 2842 962 qui
2872 895 2981 964 (43)
3009 899 3293 949 secundum
3325 913 3535 951 carnem

2014 986 2229 1048 vivunt,
2258 993 2312 1038 et
2341 984 2431 1050 qui
2468 983 2520 1036 in
2563 984 2793 1036 tenebris
2818 985 3104 1037 ambulant.
3136 983 3234 1050 Qui
3276 995 3452 1038 autem
3484 989 3534 1036 in

2015 1075 2130 1129 luce
2158 1084 2266 1138 est.
2292 1083 2347 1129 et
2375 1075 2515 1128 sicut
2539 1074 2590 1125 in
2613 1073 2697 1125 die
2731 1073 2950 1126 honeste
2989 1073 3222 1126 ambulat
3241 1114 3255 1134 ,
3285 1073 3414 1126 nihil
3447 1089 3537 1141 per

2016 1165 2426 1230 contentionem,
2452 1163 2584 1215 nihil
2608 1178 2701 1230 per
2729 1162 2934 1216 inanem
2961 1163 3183 1231 gloriam
3230 1165 3364 1231 gerit
3401 1163 3537 1233 (44).

2015 1253 2126 1307 lloc
2161 1269 2286 1322 ergo
2314 1255 2466 1306 modo
2497 1253 2677 1318 abjicit
2705 1254 2823 1320 quis
2859 1254 3017 1320 (quod
3057 1254 3132 1305 ait
3163 1255 3339 1320 supra)
3377 1268 3536 1322 opera

2017 1343 2370 1397 tenebrarum.

2081 1431 2244 1501 659
2269 1431 2354 1485 54.
2388 1430 2534 1496 Quod
2569 1444 2690 1483 vero
2711 1428 2844 1482 dixit
2863 1450 2876 1482 ;
2898 1429 3183 1482 lnduamus
3209 1448 3354 1483 arma
3384 1431 3536 1493 lucis,

2015 1525 2283 1590 quomodo
2323 1521 2509 1574 debeat
2541 1520 2652 1571 ﬁeri
2685 1534 2829 1571 nunc
2879 1522 3114 1584 caponit.
3149 1519 3248 1571 Sed
3299 1523 3495 1572 induite
3521 1561 3536 1582 ,

2015 1612 2209 1678 inquit.
2247 1610 2519 1662 Dominum
2544 1609 2722 1662 Jesum
2754 1607 3036 1671 Christum,
3072 1620 3117 1660 et
3154 1610 3322 1661 carnis
3361 1627 3534 1662 curam

375 1698 750 1766 accipiendum
792 1717 804 1751 :
839 1709 891 1752 et
917 1700 1218 1766 generalem
1244 1701 1508 1761 omnibus,
1548 1711 1602 1753 ct
1633 1701 1914 1766 unicuique
1944 1697 1986 1750 Β
2014 1711 2073 1746 ηε
2100 1696 2317 1763 feceritis
2342 1695 2393 1747 in
2427 1693 2850 1759 concupiscentiis
2895 1694 3018 1761 (45).
3051 1693 3376 1762 Frequenter
3401 1699 3536 1750 dixi-

373 1789 668 1854 specialem
709 1789 842 1856 (57).
890 1787 1166 1842 Generalis
1203 1791 1448 1842 omnibus
1515 1789 1687 1842 aderit
1729 1789 1816 1840 lux
1861 1798 1914 1842 et

384 1876 499 1928 dies
527 1913 542 1936 ,
571 1891 690 1928 cum
722 1875 884 1928 futuri
916 1877 1090 1928 saeculi
1145 1888 1351 1944 tempus
1385 1877 1655 1929 advenerit
1684 1893 1696 1928 :
1728 1879 1789 1930 ad
1821 1892 1913 1930 cu-

367 1967 453 2030 jus
488 1967 943 2034 comparatinncm
972 1969 1246 2033 praesentis
1276 1967 1428 2033 hujus
1469 1968 1646 2020 mundi
1688 1969 1910 2034 spatium

373 2057 618 2107 tenebrae
657 2056 1012 2122 appellantur.
1074 2057 1223 2119 Quod
1264 2066 1469 2123 tempus
1524 2055 1912 2109 labascentibus

368 2145 611 2211 quotidie
641 2145 826 2197 diebus
858 2146 1152 2212 appropiat,
1186 2154 1239 2196 et
1260 2145 1432 2210 spatia
1462 2160 1580 2211 quae
1632 2146 1912 2212 praeteritis

373 2245 663 2300 augentur,
719 2235 910 2286 futuris
963 2237 1075 2287 sine
1121 2237 1278 2289 dubio
1326 2237 1674 2288 minuuntur:
1711 2249 1764 2288 et
1795 2237 1911 2290 ideo

367 2327 584 2390 propior
623 2333 697 2376 est
733 2325 866 2391 (58),
887 2324 1073 2390 inquit,
1095 2341 1227 2376 nunc
1251 2335 1424 2375 nostra
1444 2325 1607 2386 salus,
1627 2341 1910 2387 quamcum

370 2417 726 2473 credidimus,
767 2422 822 2464 et
845 2413 1079 2478 quotidie
1103 2414 1156 2464 lit
1191 2415 1404 2479 propior
1432 2429 1444 2463 :
1478 2415 1616 2466 sicut
1659 2425 1711 2480 et
1736 2414 1910 2466 Domi-

369 2515 474 2553 nus
512 2515 634 2554 cum
661 2502 1127 2553 consummationis
1161 2503 1337 2554 smculi
1372 2503 1516 2570 signa
1543 2503 1907 2569 distingueret,

373 2592 514 2643 dixit
539 2589 585 2620 ⁵⁸
617 2605 632 2641 :
665 2588 794 2641 Cum
820 2599 990 2640 autem
1035 2589 1260 2640 videritis
1294 2591 1400 2642 haec
1444 2592 1614 2642 omnia
1635 2631 1649 2653 ,
1698 2589 1910 2642 allevate

368 2683 552 2747 capita
589 2689 758 2732 uestra
780 2719 796 2742 ,
831 2681 1073 2744 quoniam
1111 2681 1374 2744 appropiat
1413 2680 1685 2745 redemptio
1719 2693 1905 2731 vestra.

366 2769 454 2822 Fit
486 2777 673 2820 autem
702 2777 755 2820 et
792 2783 884 2831 per
933 2767 1170 2834 singulos
1206 2767 1309 2818 dici
1345 2765 1500 2832 hujus
1536 2770 1814 2821 adventus.
1846 2769 1908 2820 Et

365 2859 528 2912 nobis
556 2859 698 2911 enim
728 2858 770 2910 si
793 2858 1037 2911 Christus
1064 2859 1116 2909 in
1143 2859 1301 2910 corde
1327 2859 1394 2910 sit
1423 2858 1555 2927 (59),
1583 2859 1721 2912 diem
1758 2861 1906 2912 nobis

366 2949 500 3004 iacit
541 2966 553 2999 :
589 2949 634 3002 si
669 2949 994 3014 ignorantias
1043 2957 1252 3000 nostras
1292 2948 1528 3001 scientiae
1561 2950 1696 3002 ratio
1742 2949 1904 3017 fuget,

363 3048 421 3091 et
451 3037 700 3104 indignos
726 3045 876 3088 actus
901 3037 1230 3088 declinantes
1256 3037 1338 3102 pia
1359 3051 1580 3103 quaeque
1603 3049 1656 3090 et.
1685 3038 1902 3091 honesta

367 3134 675 3188 sectemur,
709 3126 758 3176 in
790 3125 905 3178 luce
930 3140 1111 3179 sumus
1135 3125 1327 3191 positi,
1360 3135 1414 3178 et
1437 3125 1588 3192 quasi
1613 3127 1664 3179 in
1697 3128 1780 3180 die
1807 3129 1905 3180 ho-

368 3224 525 3266 neste
549 3211 904 3264 ambulamus.

437 3301 530 3354 55.
573 3299 703 3364 Quae
730 3299 833 3352 sint
856 3309 1030 3351 autem
1061 3314 1217 3364 opera
1251 3299 1588 3353 tenebrarum
1625 3317 1742 3367 qua:
1768 3302 1903 3369 abji-

363 3391 561 3446 cienda
585 3399 729 3452 sunt,
770 3399 1154 3455 consequenter
1181 3399 1473 3454 enumerat,
1501 3400 1552 3441 et
1579 3391 1704 3441 dicit
1733 3407 1744 3440 :
1782 3390 1900 3442 Non

363 3482 420 3531 in
449 3478 912 3532 comessationibus
949 3485 997 3529 et
1039 3477 1369 3529 ebrietatibus
1394 3494 1412 3540 ;
1441 3493 1540 3530 non
1569 3481 1620 3530 in
1655 3480 1904 3532 cubilibus

361 3579 412 3623 et
442 3567 825 3635 impudicitiis;
854 3583 952 3618 non
984 3567 1036 3618 in
1063 3568 1384 3618 contentione
1408 3577 1455 3618 et
1490 3569 1812 3620 wmulatione
1837 3571 1902 3621 ³⁵.

360 3659 470 3711 Ista
501 3665 628 3710 sunt
671 3670 830 3722 opera
869 3656 1237 3720 tenebrarum,
1281 3670 1396 3721 qua:
1437 3667 1491 3708 et
1523 3660 1699 3710 carnis
1743 3675 1902 3726 opera

363 3747 726 3815 appellantur,
758 3744 808 3796 in
841 3744 922 3798 his
947 3746 1033 3810 qui
1061 3756 1273 3796 carnem
1303 3758 1451 3796 suam
1478 3745 1697 3800 luxuriae
1723 3757 1774 3800 et
1805 3751 1903 3800 im-

362 3837 679 3906 pudicilize,
709 3849 808 3887 non
842 3835 1110 3887 sanctitati
1163 3852 1330 3904 neque
1366 3837 1585 3888 Domino
1627 3838 1901 3904 mancipa-

358 3934 514 3981 runt.
556 3924 984 3978 Comessationes
1025 3926 1194 3990 enim,
1248 3927 1347 3979 hoc
1383 3936 1465 3980 est
1522 3927 1795 3980 inhonesta
1837 3941 1899 3980 ac

361 4017 648 4070 luxuriosa
691 4014 968 4079 convivia,
1009 4016 1199 4082 quibus
1242 4016 1548 4069 necessario
1595 4031 1772 4070 comes
1819 4026 1900 4070 est

361 4107 684 4176 turpissima
711 4105 1036 4170 temulentia,
1071 4108 1196 4174 quid
1219 4107 1358 4160 aliud
1390 4107 1762 4176 subsequetur,
1794 4109 1895 4162 nisi

357 4197 566 4252 cubilia
593 4204 646 4248 et
675 4195 1045 4262 impudicitia}?
1079 4196 1120 4246 A
1151 4196 1308 4248 Redis
1354 4196 1766 4249 cubitationibus
1805 4211 1899 4251 cu—

426 4313 477 4344 “
504 4311 636 4365 Luc.
669 4326 780 4376 χχι,
823 4310 912 4364 28.
983 4311 1029 4342 ⁵⁵
1057 4310 1211 4364 Rom.
1237 4328 1357 4376 xm,
1389 4313 1472 4364 15.

1571 4313 1615 4342 ⁸⁸
1647 4313 1799 4368 Rom.
1841 4330 1951 4378 xiv,
1980 4317 2041 4381 1,
2079 4317 2133 4371 2.

2015 1799 2132 1836 mus
2154 1784 2420 1836 Christum
2451 1781 2761 1849 sapientiam
2789 1796 2930 1845 esse,
2955 1792 3008 1834 et
3026 1785 3309 1850 justitiam,
3339 1796 3392 1837 et
3411 1804 3534 1838 san-

2011 1873 2412 1937 ctiﬁcationem,
2442 1882 2493 1924 et
2520 1871 2815 1936 veritatem,
2851 1880 2905 1924 et
2944 1887 3132 1926 omnes
3159 1875 3314 1926 simul
3365 1877 3533 1928 virtu-

2011 1969 2091 2015 tes
2113 1966 2144 2013 ἐ
2180 1976 2312 2028 quas
2345 1963 2525 2030 utique
2547 1966 2634 2028 qui
2658 1963 3019 2028 assumpserit,
3048 1961 3314 2014 Christum
3344 1965 3536 2018 dicitur

2011 2050 2260 2104 induisse.
2294 2052 2350 2104 Si
2386 2053 2525 2104 enim
2548 2056 2656 2105 haec
2682 2054 2858 2107 omnia
2887 2051 3130 2104 Christus
3157 2062 3256 2116 est,
3289 2066 3529 2105 necessa—

2010 2140 2090 2192 rio
2131 2141 2219 2206 qui
2252 2142 2361 2192 haec
2393 2141 2586 2205 habet,
2623 2141 2782 2193 habet
2824 2149 2877 2192 et
2919 2139 3212 2191 Christum.
3247 2140 3345 2204 Qui
3391 2143 3532 2194 enim

2009 2227 2120 2280 haec
2168 2229 2328 2280 habet
2357 2265 2373 2288 ,
2403 2228 2580 2280 carnis
2629 2241 2810 2280 curam
2841 2225 2951 2294 (46)
2999 2227 3050 2278 in
3085 2229 3532 2294 concupiscentiis

2009 2333 2113 2372 non
2144 2317 2288 2371 facit.
2328 2317 2682 2373 bloderatione
2712 2320 2867 2372 solita
2897 2319 3180 2385 Apostolus
3207 2321 3534 2383 utitnr,cum

2009 2425 2110 2461 non
2138 2425 2232 2477 per
2269 2409 2445 2461 omnia
2469 2411 2646 2462 carnis
2669 2425 2848 2464 curam
2878 2419 3037 2478 negat
3061 2410 3377 2464 habendam.
3406 2411 3534 2465 Cer-

2011 2508 2116 2550 tum
2146 2507 2227 2551 est
2252 2499 2389 2551 enim
2419 2501 2556 2566 quod
2587 2503 2639 2550 in
2667 2501 2978 2553 necessariis
3008 2501 3246 2553 habenda
3283 2511 3368 2554 est
3395 2517 3411 2562 ;
3471 2503 3524 2553 in

2008 2589 2208 2641 deliciis
2236 2604 2384 2650 vero,
2411 2601 2460 2643 et
2496 2591 2705 2642 ltmiria
2733 2629 2748 2653 ,
2773 2598 2932 2656 atque
2969 2591 3112 2643 omni
3147 2587 3530 2661 concupiscen-

2010 2677 2101 2738 tia,
2128 2681 2338 2742 penitus
2362 2677 2708 2730 excludenda.

2074 2766 2161 2819 55.
2197 2766 2470 2833 Inﬁrmum
2492 2779 2664 2820 autent
2697 2769 2747 2819 in
2779 2769 2882 2835 ﬁde
2919 2770 3183 2830 assumite,
3213 2785 3314 2822 non
3342 2769 3397 2822 in
3441 2769 3524 2822 di-

2005 2857 2399 2921 sceptationibus
2456 2859 2841 2925 cogitationum.
2901 2858 3049 2910 Alius
3100 2859 3302 2926 quidem
3365 2860 3528 2910 credit

2007 2944 2315 2996 manducare
2342 2959 2394 2996 se
2422 2945 2591 2996 omnia
2622 2959 2641 2997 :
2673 2947 2760 3013 qui
2793 2955 2963 2998 autem
3001 2945 3236 3014 inﬁrmus
3257 2955 3350 3010 est,
3387 2947 3528 3000 olera

2011 3037 2276 3088 manducet
2312 3037 2377 3089 ".
2418 3037 2481 3090 Et
2512 3038 2562 3089 in
2587 3039 2949 3105 superioribus
2979 3041 3044 3092 de
3072 3039 3190 3093 ﬁdei
3221 3039 3528 3094 inﬁrmitate

2009 3125 2326 3178 mentionem
2371 3125 2492 3180 fecit
2525 3127 2636 3195 (47)
2670 3127 2954 3194 Apostolus
2977 3168 2992 3192 ,
3033 3129 3120 3182 ubi
3152 3132 3229 3182 ait
3270 3130 3336 3184 de
3361 3131 3528 3184 Abra-

2008 3216 2129 3266 ham
2156 3234 2168 3268 :
2195 3215 2321 3268 Cum
2351 3216 2454 3282 fere
2478 3231 2674 3270 centum
2704 3235 2955 3272 annorum
2980 3231 3130 3283 esset,
3164 3237 3263 3273 non
3293 3222 3526 3289 inﬁrma-

2007 3316 2086 3357 tus
2118 3311 2190 3357 εει
2225 3305 2326 3370 ﬁde
2345 3306 2407 3357 ⁵⁷.
2444 3304 2514 3358 De
2547 3321 2650 3373 qua
2686 3307 2993 3360 inlirmitate
3021 3309 3143 3361 ﬁdei
3178 3310 3230 3361 in
3263 3310 3365 3362 illis
3390 3312 3524 3365 locis

2003 3410 2120 3461 qua:
2144 3409 2426 3448 occurrere
2452 3404 2732 3463 potuerunt
2753 3401 3112 3466 exposuimus.
3127 3399 3229 3454 Sed
3241 3411 3292 3454 et
3309 3416 3447 3454 nunc
3463 3403 3528 3456 de

2007 3487 2214 3539 inﬁrmo
2250 3487 2302 3540 in
2337 3488 2436 3540 ﬁde
2465 3497 2845 3540 commemorat
2873 3488 3004 3557 (48),
3034 3505 3190 3558 quem
3226 3492 3276 3544 in
3307 3505 3371 3546 eo
3399 3491 3530 3544 dicit

2009 3577 2274 3631 inﬁrmum
2300 3617 2314 3640 ,
2347 3579 2470 3646 quia
2507 3593 2610 3632 non
2641 3580 2810 3631 credit
2836 3583 3160 3635 manducare
3185 3582 3362 3635 omnia
3384 3619 3400 3644 ,
3429 3583 3521 3636 sed

2009 3676 2113 3717 tam
2145 3666 2332 3734 exigua
2363 3676 2447 3720 est
2487 3668 2614 3722 ﬁdes
2645 3670 2781 3733 ejus,
2818 3679 2872 3721 ut
2903 3669 3016 3722 sola
3049 3672 3193 3724 olera
3220 3680 3523 3738 competen-

2008 3766 2109 3808 tem
2153 3757 2252 3809 sibi
2286 3773 2408 3810 esse
2449 3760 2714 3814 existimet
2757 3758 2953 3811 cibum.
3001 3760 3148 3825 Quod
3196 3772 3368 3829 potest
3409 3765 3527 3831 qui-

2003 3845 2122 3896 dem
2149 3845 2257 3916 (49)
2285 3848 2452 3901 videri
2493 3849 2689 3902 dictum
2717 3852 2781 3904 ad
2810 3867 2900 3906 eos
2923 3853 3011 3920 qui
3033 3869 3094 3904 ex
3127 3854 3372 3921 gentibus
3399 3869 3519 3908 ere-

2003 3935 2286 3999 diderunt,
2329 3937 2644 3992 extollentes
2677 3953 2734 3992 se
2776 3941 2826 3993 in
2862 3943 3154 3995 libertatem
3187 3943 3346 4006 ﬁdei,
3395 3943 3518 4010 quia

2002 4024 2132 4075 nihil
2157 4039 2435 4079 commune
2483 4034 2570 4079 aut
2601 4030 2924 4084 immundmu
2963 4046 3079 4085 esse
3111 4033 3388 4085 crederent
3411 4030 3522 4100 (50)

1999 4116 2274 4166 adversum
2325 4129 2416 4169 eos
2456 4119 2546 4185 qui
2589 4133 2655 4172 ex
2695 4121 3100 4175 circmncisione
3143 4122 3520 4186 crediderunt,

1998 4201 2348 4258 observantes
2390 4205 2562 4260 adhuc
2597 4209 2886 4262 secundum
2921 4211 3259 4265 traditionem
3292 4211 3426 4280 legis
3445 4212 3522 4264 ci-

2231 4322 2272 4352 ⁸⁷
2303 4321 2459 4375 Rom.
2490 4339 2559 4384 tv,
2591 4325 2674 4378 19.

353 4405 738 4491 etiatiini_citur
762 4444 776 4468 ,
801 4405 892 4458 sed
921 4420 1019 4458 ms.
1047 4405 1240 4474 Regius
1270 4423 1413 4458 num.
1448 4407 1581 4459 1659
1605 4447 1619 4470 ,
1655 4417 1707 4460 et
1734 4407 1900 4462 Raba-
1931 4415 1974 4466 D
2000 4412 2387 4491 gloriantgerit.
2419 4417 2513 4470 Ms.
2539 4418 2734 4491 Regius
2768 4437 2908 4473 num.
2947 4422 3102 4486 1659,
3131 4438 3291 4491 neque
3313 4438 3402 4489 per
3439 4423 3522 4474 in-

353 4489 485 4533 nus,
523 4474 741 4525 dicetur.

429 4543 550 4610 (54)
580 4541 736 4610 Editi,
765 4543 1089 4606 processisse,
1111 4543 1266 4596 male.

431 4609 552 4676 (55)
594 4609 721 4662 Mss.
750 4611 987 4676 quidam,
1012 4611 1241 4663 alienati.

427 4679 552 4745 (56)
580 4677 752 4745 (Deest
778 4679 868 4730 sub
899 4680 950 4730 in
981 4681 1130 4731 libris
1156 4689 1309 4732 antea
1340 4681 1519 4734 editis.

430 4744 549 4813 (57)
574 4744 666 4817 Ms.
691 4745 884 4817 Regius
918 4763 1059 4800 ιιιιιιι.
1096 4747 1248 4810 1659,
1280 4748 1372 4800 Est
1399 4761 1445 4802 et
1471 4751 1706 4817 generale
1725 4753 1890 4803 omni-

351 4819 477 4874 bus,
509 4827 553 4864 et
581 4816 850 4881 unicuique
878 4817 1113 4880 speciale.

427 4882 544 4950 (58)
580 4884 651 4934 Ila
681 4881 775 4932 Ms.
817 4883 1005 4950 Regius
1042 4900 1185 4934 uuln.
1214 4885 1364 4938 1659.
1394 4886 1578 4940 Caneri
1609 4900 1894 4949 veromss.,

350 4953 638 5023 Rabanus,
678 4965 729 5001 et
774 4953 920 5023 editi.
961 4962 1005 5002 et
1043 4953 1154 5002 ideo
1191 4957 1403 5023 propior
1445 4966 1517 5006 est
1559 4956 1703 5023 (editi
1740 4958 1890 5009 omit-

351 5029 477 5073 ιιιιιι
499 5018 791 5137 esthostra
809 5020 970 5080 salus,
1005 5030 1137 5083 etc.,
1166 5022 1363 5074 initiisso
1391 5018 1575 5089 inquit.

425 5087 544 5137 (59)
597 5086 710 5137 ‘dtti
738 5124 752 5137 .
794 5088 848 5137 ﬁt
895 5099 1063 5137 autem
1096 5101 1141 5137 et
1186 5105 1273 5137 ver
1298 5093 1523 5137 simulas
1561 5109 1575 5137 ι

425 5087 544 5160 (59)
576 5086 710 5160 Edtti
738 5124 752 5145 ,
793 5088 848 5149 ﬁt
885 5099 1063 5160 autem
1096 5101 1273 5160 et__per
1298 5086 1523 5160 singulos
1561 5093 1669 5144 dies
1707 5092 1886 5160 hujus-

346 5154 500 5209 mo'tli
536 5159 780 5206 adventus
811 5154 951 5205 nobis
979 5169 996 5204 .'
1027 5158 1118 5207 etsi
1144 5154 1451 5210 Christusrin
1481 5162 1631 5211 corde
1662 5161 1748 5220 sit,
1771 5154 1878 5213 etc.

425 5220 544 5294 (40)
583 5224 681 5294 llis.
709 5223 898 5294 Regius
925 5239 1070 5275 num.
1104 5224 1258 5285 1659,
1296 5225 1340 5274 Α
1379 5226 1525 5293 {tedis
1561 5229 1886 5294 cogitationi-

347 5296 471 5345 bus.
524 5292 718 5342 Deinde
749 5291 896 5350 editi,
929 5307 1044 5341 cum
1077 5307 1178 5343 non
1202 5302 1305 5344 tam
1335 5291 1748 5356 rationabiliﬁbus,
1783 5307 1887 5349 etc.

437 5357 556 5427 (41)
585 5359 751 5427 ᾹΕιΙιιί,
772 5373 924 5427 supra
940 5359 1078 5427 dixi.

426 5424 547 5485 (4:2)
580 5425 730 5475 Deest
751 5424 905 5474 simul
939 5425 987 5476 in
1019 5426 1170 5480 libris
1201 5438 1352 5482 antea
1387 5429 1561 5482 editis.

428 5497 546 5563 (45)
581 5493 741 5564 Alias,
777 5505 826 5539 ιη
855 5492 1003 5564 malis
1031 5511 1207 5564 eorum
1224 5507 1302 5564 est
1327 5497 1411 5564 qui
1431 5536 1445 5558 ,
1477 5509 1579 5549 etc.

433 5560 551 5634 (44)
605 5560 690 5611 Sic
741 5572 868 5610 mss.
910 5561 1168 5628 plerique.
1214 5560 1349 5617 Editi
1397 5579 1553 5632 vero,
1601 5576 1644 5620 et
1689 5566 1886 5620 inanem

2001 4484 2393 4556 atteritngloriam
2419 4490 2567 4553 gerit,
2604 4484 2671 4538 al.
2709 4494 2907 4556 qua'rt'l.

1997 4547 2366 4668 “(245)1‘4diti,
2399 4547 2694 4620 inponitur.
2720 4547 2830 4610 'Sed
2868 4559 3232 4611 induintini....
3271 4560 3326 4610 in
3376 4563 3516 4614 desi-

2209 4687 2368 4763 Editi,
2401 4691 2444 4763 si
2473 4693 2959 4763 eni_m_luec_omnia
2997 4695 3252 4757 Christus,
3289 4711 3519 4748 necessa-

1997 4757 2074 4802 rio
2094 4757 2180 4821 qui
2212 4761 2320 4807 lucc
2349 4758 2514 4815 habet.
2541 4761 2689 4811 liabet
2712 4758 2991 4812 Christum.
3013 4763 3113 4821 Qui
3141 4763 3312 4822 habet,
3345 4767 3516 4815 carnis

1995 4836 2192 4894 curam,
2222 4834 2328 4894 etc.
2357 4825 2549 4894 Deinde
2583 4841 2710 4878 mss.
2740 4829 2994 4894 plerique,
3027 4830 3276 4880 Rabanus
3295 4833 3513 4894 etediti,

1997 4887 2354 4959 Moderatione
2377 4893 2599 4944 sollicita
2629 4887 2906 4959 Apostolus
2943 4898 3122 4954 utitur.
3159 4912 3258 4946 non
3289 4912 3376 4954 per
3405 4887 3516 4950 om;

1995 4958 2100 5019 nia,
2145 4970 2246 5012 etc.
2289 4961 2390 5012 Sed
2425 4964 2618 5013 rectius
2656 4978 2755 5014 ms.
2799 4963 2991 5030 Regius
3025 4978 3174 5015 num.
3212 4962 3344 5015 1659
3375 4975 3429 5016 υι
3462 4971 3513 5019 in

1991 5036 2178 5078 11051.Γο
2206 5036 2370 5080 textu.
2528 5083 2530 5085 ,
2657 5087 2659 5090 ⁴

2057 5093 2186 5163 (47)
2231 5094 2368 5148 Editi
2396 5135 2410 5160 ,
2447 5095 2509 5146 de
2548 5095 2668 5156 ﬁdei
2710 5095 2955 5161 ﬁrmitate
3000 5099 3301 5150 mentionem
3347 5098 3469 5164 fecit
3499 5140 3514 5164 ,

1986 5173 2175 5348 2:748)
2223 5229 2359 5284 Editi
2385 5268 2400 5294 ,
2445 5230 2508 5282 de
2549 5230 2852 5297 inﬁrmitate
2894 5234 2948 5283 iu
2987 5231 3090 5296 ﬁde
3131 5245 3519 5290 commemorat.

2043 5316 2067 5348 a
2092 5314 2140 5348 e.

2043 5303 2164 5434 iiii)
2189 5366 2277 5419 Sic
2301 5375 2442 5436 recte
2474 5380 2574 5436 ms.
2607 5367 2802 5436 Regius
2834 5381 2980 5420 num.
3002 5366 3156 5421 1659.
3179 5367 3365 5420 Cmteri
3387 5383 3519 5424 vero

1988 5433 2115 5487 mss.
2143 5437 2370 5506 etAediti,
2404 5433 2720 5506 Ωιιὶιιρᾳιεεί
2753 5440 2978 5506 quidem,
3013 5447 3118 5488 etc.

2056 5503 2161 5572 (50)
2190 5504 2349 5570 Editi,
2375 5519 2480 5556 esse
2503 5503 2733 5556 credunt.
