3910 6258
273 355 406 411 1255

272 476 461 529 borum
506 456 854 519 differentiam
894 468 907 502 :
945 455 1003 501 ut
1029 458 1122 500 eos
1151 438 1443 509 reprimere
1468 430 1706 483 videatur
1734 431 1787 476 et
1816 430 1861 483 Α

274 574 488 615 monere
517 568 581 606 ne
627 545 882 627 insultent
922 538 1000 592 eis
1028 533 1220 603 quibus
1261 528 1414 594 longa
1459 512 1788 575 consuetudo

1138 623 1149 627 -
1406 613 1439 627 ..
1482 624 1522 627 η
1566 606 1788 627 ,ηηηηη

276 655 328 707 in
365 638 713 701 observandis
757 606 891 687 cibis
935 623 1311 681 discretionem
1358 613 1529 666 adhuc
1563 606 1792 671 aliquam

170 761 176 768 '
274 751 329 795 et
355 733 741 793 cunctationem
773 715 1225 797 movebatuJubet
1266 722 1394 777 ergo
1440 718 1561 759 eum
1598 696 1685 765 qui
1718 693 1792 744 ita

276 832 330 883 in
358 828 459 881 bac
490 823 589 876 ﬁde
612 819 853 873 inﬁrmus
878 819 981 873 est,
1017 792 1212 861 assumi
1243 798 1428 868 magis,
1450 806 1503 850 et
1535 810 1637 847 non
1665 790 1796 857 abji-

274 881 363 979 ci,
415 927 516 967 nec
558 907 706 977 quasi
744 900 1006 958 inﬁdelem
1041 892 1293 961 iudicari.
1335 887 1488 941 Aliud
1523 893 1606 938 est
1655 881 1796 933 enim

275 966 540 1060 inﬁdelem
562 966 700 1060 esse,
731 990 868 1046 aliud
892 982 1225 1058 inﬁrtnariin
1257 977 1378 1030 ﬁde.
1402 973 1537 1026 Nam
1570 966 1800 1023 inﬁdelis

278 1059 470 1151 dicitur
491 1088 582 1158 qui
614 1100 714 1139 non
745 1077 1107 1136 babetﬁdem;
1140 1071 1381 1125 inﬁrmus
1406 1076 1578 1118 autem
1597 1062 1648 1114 in
1674 1059 1800 1121 ﬁde,

278 1184 370 1255 qui
390 1182 593 1238 dubitat
619 1179 672 1230 in
701 1182 848 1242 parte
874 1169 1048 1235 aliqua
1083 1162 1222 1217 ﬁdei.

346 1294 435 1349 '56.
478 1279 1009 1356 Componensigitur
1045 1269 1327 1342 Apostolus
1356 1266 1407 1319 in
1438 1277 1569 1332 pace
1609 1271 1804 1325 corpus

280 1383 530 1440 Ecclesiae
553 1417 569 1443 ,
605 1349 733 1431 dicit
760 1370 869 1442 (51)
905 1384 919 1421 :
956 1366 1056 1430 Qui
1091 1361 1401 1418 manducat,
1437 1370 1538 1407 non
1582 1349 1805 1402 mandu-

279 1480 481 1527 cantem
516 1481 616 1519 non
641 1470 847 1529 spernat
874 1473 891 1510 :
918 1466 965 1509 et
993 1454 1082 1523 qui
1112 1467 1211 1505 non
1240 1448 1517 1501 mandarat
1536 1481 1551 1504 ,
1586 1436 1809 1492 mandu-

281 1572 479 1616 cantem
509 1573 610 1610 non
637 1552 871 1622 judicet;
893 1547 1031 1600 Deus
1059 1544 1195 1597 enim
1223 1539 1370 1592 illum
1399 1531 1698 1598 assumpsit.
1733 1525 1807 1577 Tu

280 1654 397 1721 quis
426 1666 477 1703 es
506 1645 614 1719 (52)
676 1642 763 1710 qui
787 1638 994 1708 judicas
1033 1634 1259 1686 alienum
1280 1640 1477 1680 seruum
1517 1622 1540 1674 ?
1574 1618 1680 1672 Suo
1715 1617 1810 1667 do-

3488 234 3647 294 ηδε

1719 299 2031 363 ORIGENIS

1889 431 2005 468 care
2034 408 2233 465 omnia.
2263 401 2508 468 Denique
2538 402 2598 448 et
2633 381 2961 459 apostolis‘,
3008 373 3384 468 antequa-r‘n
3440 353 3645 456 Spiri-

1892 445 2005 468 ιιυι
2034 445 2233 465 υηιησυι.
2266 445 2506 468 μνη-Ἰ..-
2548 445 2593 448 ,κ
2672 445 2684 459 ι

1892 514 2002 557 tum
2054 506 2297 552 sanctum
2350 491 2725 555 acciperent,
2782 470 3132 528 dicebatur
3199 471 3239 508 a
3305 445 3585 504 Domino
3624 456 3644 495 :

1893 592 2064 647 Multa
2085 546 2269 641 wadhuc
2301 546 2610 645 habeo-qua:
2640 572 2853 636 loquar
2894 557 3072 614 vobis
3073 566 3115 647 Ξ
3155 546 3276 603 sed

1893 632 2275 734 :iiz'ii-lawmodo
2557 632 2760 716 Veniet
2803 660 3016 706 autem
3064 632 3466 734 Paracletus

1895 773 2029 823 ritus
2059 764 2321 825 veritatis,
2343 773 2389 813 et
2416 760 2527 825 ipse
2566 742 2917 805 vosedocebit
2946 733 3176 791 omnia
3200 727 3294 779 “.
3336 721 3472 775 leta
3514 721 3663 825 :ujnt

1936 985 2228 999 ν..ν-...--.-
2263 985 2350 1006 τι-
2397 985 2427 1002 υ

1899 985 2209 1088 secretioris
2236 1024 2531 1082 exstiterit.
2560 1018 2750 1072 Habet
2787 1022 3003 1067 tamen
3041 1010 3119 1058 et
3149 996 3473 1054 inﬁrmus
3494 985 3661 1059 quod

1901 1132 2073 1180 sumat
2117 1135 2181 1174 ex
2227 1116 2391 1171 verbo
2423 1112 2519 1166 Dei
2548 1148 2565 1173 ,
2612 1115 2672 1160 et
2700 1112 2794 1159 est
2826 1096 3087 1168 species
3125 1087 3452 1161 quaedam
3488 1078 3664 1134 verbi

1901 1167 2061 1282 quam
2204 1167 2493 1274 Apostolus
2520 1167 2675 1252 olera
2709 1167 3089 1261 appellavit,
3136 1193 3301 1250 qua
3341 1167 3666 1229 audientis

1903 1269 2119 1354 sensum
2146 1269 2263 1369 non.
2284 1302 2396 1347 tam
2433 1288 2728 1343 robustum
2762 1278 2994 1334 reddat
3022 1281 3096 1328 et
3144 1269 3435 1326 fortem,
3476 1271 3666 1328 quam

2943 1363 2965 1369 -
3050 1362 3068 1369 ,
3132 1367 3141 1369 ,
3197 1355 3338 1369 ,,,,,
3413 1350 3473 1369 ,Δ
3514 1345 3636 1369 ___,

1902 1345 2374 1456 ééB-su—stentet
2405 1387 2462 1430 et
2495 1371 2737 1427 interire
2774 1382 2901 1421 non
2936 1362 3154 1418 faciat
3188 1355 3374 1429 (57).
3410 1350 3481 1404 In
3511 1345 3669 1400 mul-

1908 1479 1974 1532 tis
2007 1475 2203 1529 etenim
2234 1466 2686 1525 deinterioribus
2714 1459 2943 1513 animas
2978 1452 3311 1509 sensibus
3331 1445 3669 1513 Scriptura

1908 1566 2083 1621 divina
2110 1561 2262 1631 quasi
2293 1560 2358 1614 de
2378 1553 2764 1631 exterioribus
2795 1545 3103 1616 corporis
3132 1540 3452 1610 loquitur
3477 1548 3670 1588 mem-

1907 1660 2052 1721 bris;
2088 1666 2141 1710 et
2169 1656 2310 1710 sicut
2351 1664 2495 1719 saepe
2525 1630 2835 1702 docuimus
2874 1639 3283 1696 interiorem
3338 1631 3666 1704 hominem

284 1754 425 1794 mmo
472 1742 575 1789 "at
604 1771 618 1796 ’
655 1738 746 1784 aut
793 1727 934 1781 cad“
966 1738 983 1775 :
1014 1723 1167 1775 "ab"
1211 1726 1381 1770 autem
1419 1728 1435 1763 ί
1467 1719 1627 1807 Ρ⁰Ῐ⁸⁸⁸
1672 1720 1806 1807 alii"
1840 1739 1882 1792 Β
1913 1747 1994 1802 vel
2017 1746 2201 1800 videre
2229 1781 2244 1807 ,
2273 1740 2359 1794 vel
2392 1716 2587 1791 audire
2612 1772 2629 1799 ,
2656 1731 2747 1786 vel
2793 1727 3151 1783 ambulare
3187 1718 3557 1783 nominari,
3590 1716 3670 1770 ita

285 1818 426 1883 Deus
470 1833 691 1880 statuere
718 1818 866 1871 illum
910 1815 990 1878 '3;
1022 1825 1127 1880 quo
1152 1808 1356 1863 scilicet
1397 1818 1494 1872 per
1524 1802 1637 1854 btec
1668 1795 1810 1850 nulla

285 1925 429 1971 esset
458 1914 599 1967 inter
640 1908 916 1964 credentes
937 1903 1175 1958 ciborum
1202 1910 1361 1952 causa
1392 1891 1670 1947 dissensio.
1708 1885 1812 1939 Sed

287 2007 501 2064 videtur
546 2003 658 2055 haec
702 1995 896 2052 Paulus
922 1989 1268 2062 profundiore
1304 1983 1472 2050 magis
1501 1992 1660 2032 sensu
1709 1975 1814 2028 elue

289 2108 467 2152 cutus.
502 2093 683 2161 Neque
706 2088 848 2144 enim
877 2099 941 2138 ex
967 2076 1370 2136 circumcisione
1400 2067 1730 2124 venientibus
1750 2063 1816 2118 de

291 2188 508 2244 edendis
547 2153 781 2239 oleribus
813 2178 898 2231 lex
926 2170 1126 2245 aliquid
1171 2164 1517 2220 mandaverat
1545 2197 1559 2221 ,
1592 2165 1648 2210 ut
1687 2153 1817 2222 ipsis

293 2277 582 2336 convenire
614 2274 859 2327 videatur
898 2263 1040 2334 quod
1078 2260 1199 2314 ait:
1237 2255 1345 2320 Qui
1368 2261 1538 2305 autem
1577 2248 1815 2314 inﬁrmus

292 2384 390 2435 est,
414 2370 555 2425 olera
581 2363 877 2419 manducet.
902 2355 1052 2411 Unde
1070 2356 1277 2406 constat
1301 2360 1420 2399 eum
1442 2343 1506 2396 de
1533 2343 1652 2395 cibo
1667 2336 1815 2394 verbi

294 2427 397 2520 ista
441 2467 671 2513 tractare
692 2494 707 2518 ,
748 2458 801 2505 et
828 2447 1094 2502 inﬁrmum
1128 2441 1323 2499 dicere.
1345 2449 1465 2488 esse
1493 2430 1603 2501 (53)
1635 2429 1685 2483 in
1716 2427 1819 2481 ﬁde

294 2568 415 2608 eum
455 2548 545 2617 qui
594 2558 695 2599 non
739 2542 810 2595 ita
852 2533 1122 2606 perfectus
1165 2537 1249 2582 est
1285 2524 1527 2579 sensibus
1570 2530 1628 2573 ut
1654 2518 1822 2585 possit

295 2634 507 2700 omnem
542 2637 718 2690 cibum
743 2628 890 2683 verbi
927 2618 1017 2678 Dei
1040 2632 1271 2680 sumere,
1300 2618 1441 2668 sicut
1461 2620 1516 2665 et
1540 2612 1653 2677 ipse
1683 2609 1822 2675 Apo-

298 2735 467 2790 stolus
495 2731 547 2783 in
586 2726 704 2780 aliis
746 2721 873 2775 dicit
904 2732 919 2769 :
946 2712 1302 2780 Perfectorum
1346 2714 1517 2758 autem
1555 2712 1629 2754 est
1677 2701 1829 2753 cibus

300 2821 516 2880 solidus,
543 2826 718 2868 eorum
753 2811 841 2879 qui
867 2821 957 2874 pro
987 2799 1323 2870 possibilitate
1352 2792 1587 2848 sumendi
1622 2791 1821 2843 exerci-

302 2922 437 2964 tatos
473 2904 657 2957 habent
684 2914 862 2954 sensus
889 2896 963 2949 ad,
980 2892 1335 2947 discretionem
1373 2885 1492 2938 boni
1520 2892 1568 2935 et
1602 2871 1726 2933 mali
1752 2878 1821 2929 ".

305 3002 372 3058 Et
392 3003 581 3053 iterum
613 2993 680 3047 ad
711 2991 844 3045 alios
872 2987 1000 3041 dicit
1024 2998 1040 3036 :
1064 2983 1176 3055 Lac.
1189 2979 1330 3034 vobis
1354 2986 1529 3045 potum
1555 2973 1700 3037 dedi,
1722 2987 1826 3024 non

305 3105 472 3143 escam
510 3102 526 3137 :
559 3084 789 3137 nondum
820 3077 957 3131 enim
1001 3047 1248 3142 poteratis
1282 3041 1442 3121 “rEt
1481 3061 1719 3132 nunquid
1752 3061 1827 3114 ita
1853 3041 1897 3097 (ἶ

304 3176 470 3246 inepti
502 3173 700 3229 erimus
726 3209 741 3235 ,
784 3179 844 3221 ut
878 3174 1121 3235 putemus
1149 3158 1460 3229 Apostolum
1501 3154 1590 3223 qui
1635 3152 1828 3206 missus

305 3239 708 3335 est-pradicant
730 3261 949 3313 verbum
973 3254 1089 3318 Dei,
1123 3251 1205 3305 lac
1229 3256 1471 3317 portasse
1495 3255 1676 3299 secum
1691 3239 1832 3308 quod

308 3356 598 3413 Corinthiis
641 3361 822 3421 potum
851 3348 1002 3402 daret
1040 3342 1152 3412 (54)
1186 3341 1209 3394 2
1243 3338 1349 3393 Sed
1374 3335 1720 3390 manifestum
1749 3341 1834 3385 est

311 3454 425 3505 haec
468 3463 587 3504 eum
628 3446 695 3499 de
719 3441 973 3511 qualitate
1000 3436 1148 3490 verbi
1180 3430 1445 3503 proloqui,
1468 3436 1522 3481 et
1552 3432 1833 3493 propterea

313 3544 489 3596 dicere
518 3557 531 3592 :
566 3538 623 3593 Si
648 3535 768 3603 quis
808 3530 1068 3585 inﬁrmior
1098 3534 1201 3585 est,
1226 3523 1469 3578 sensibus
1489 3558 1504 3583 ,
1527 3526 1582 3569 et
1620 3531 1736 3569 non
1755 3522 1839 3567 est

314 3635 387 3687 ita
413 3630 658 3700 perfecta:
683 3626 804 3680 ﬁdei
832 3663 847 3688 ,
881 3633 940 3675 ut
967 3622 1032 3675 de
1058 3615 1435 3672 secretioribus
1460 3610 1726 3681 mysteriis
1747 3623 1834 3661 ca-

316 3699 430 3794 piat
454 3719 695 3779 verbum,
725 3729 829 3769 non
862 3712 1056 3766 debere
1099 3708 1147 3761 ei
1193 3720 1287 3774 per
1314 3720 1376 3759 ea
1401 3717 1517 3772 quae
1542 3699 1846 3775 intelligere

317 3771 424 3868 :10!)
448 3818 643 3880 potest,
662 3803 1072 3872 disceptationes
1098 3771 1475 3865 cogitationum
1492 3791 1689 3846 moveri
1704 3771 1838 3857 (55).

319 3901 467 3957 Alius
489 3900 625 3953 enim
650 3940 664 3962 ,
697 3896 905 3963 inquit,
944 3892 1106 3947 credit
1148 3889 1463 3944 manducare
1506 3882 1696 3936 omnia.
1727 3877 1839 3932 Non

320 4008 416 4063 per
460 3992 572 4044 haec
616 3987 811 4041 Paulus
859 3986 925 4040 ad
966 3983 1145 4038 omnia
1185 3976 1507 4034 comedenda
1557 3968 1845 4037 discipulos

319 4085 594 4146 hortatur;
625 4092 723 4132 nec
755 4078 888 4146 gula
935 4082 990 4128 et
1029 4069 1252 4141 gurgitis
1297 4078 1379 4121 est
1412 4061 1663 4132 magister
1699 4076 1713 4111 :
1749 4056 1847 4111 sed

228 4160 241 4173 ’
322 4174 390 4226 de
425 4169 530 4224 illis
553 4168 669 4222 sine
696 4166 856 4220 dubio
882 4163 1028 4224 dicit,
1055 4172 1282 4229 quorum
1316 4156 1448 4209 ﬁdes
1484 4149 1717 4219 perfecta
1740 4154 1844 4208 est,

323 4272 382 4315 et
407 4260 570 4315 nullis
597 4260 649 4312 in
666 4259 830 4312 verbo
856 4255 952 4309 Dei
970 4249 1374 4306 discretionibus
1393 4244 1678 4314 impeditur
1695 4236 1803 4313 (56)
1829 4270 1842 4305 ε

1910 1844 1964 1890 et
1997 1848 2137 1887 nunc
2170 1834 2288 1898 ipse
2334 1826 2572 1882 interior
2620 1824 2799 1878 homo
2836 1826 2952 1872 aut
2984 1828 3277 1872 omnem
3318 1810 3545 1866 cibum
3581 1807 3668 1862 di-

1913 1926 2051 1980 citur
2076 1935 2233 1993 posse
2261 1919 2541 1989 percipere
2580 1913 2627 1967 si
2667 1910 2993 1980 perfectus
3028 1915 3174 1969 est,
3216 1911 3340 1956 aut
3392 1902 3453 1957 si
3501 1898 3669 1953 inﬁr-

1913 2029 2031 2069 mus
2059 2021 2140 2066 est
2167 2011 2318 2065 olera
2370 2003 2740 2060 manducare.
2775 2000 2904 2054 Sed
2971 2006 3051 2051 ut
3104 1994 3579 2065 perfectorum
3609 1991 3667 2044 in

1913 2102 2153 2158 Ecclesia
2198 2095 2550 2153 concordiam
2598 2100 2657 2146 et
2700 2088 3250 2158 imperfectorum
3309 2081 3503 2153 (58),
3541 2090 3672 2134 tan-

1914 2207 2074 2263 quam
2105 2191 2516 2245 inbonestorum
2544 2183 2601 2236 in
2640 2192 2903 2248 corpore
2969 2177 3447 2232 membrorum
3478 2173 3667 2233 bone-

1915 2262 2229 2349 storumque
2261 2282 2577 2346 componat,
2608 2285 2719 2326 nec
2745 2269 3076 2323 habeatur
3127 2269 3200 2320 in
3245 2265 3354 2319 eis
3386 2264 3518 2317 ulla
3549 2262 3667 2316 dis-

1916 2375 2116 2435 sensio,
2146 2368 2279 2423 dicit
2301 2367 2347 2398 ⁸⁸
2378 2382 2393 2420 :
2429 2364 2536 2428 Qui
2573 2361 2895 2414 manducat
2922 2398 2943 2424 ,
2993 2373 3130 2411 non
3179 2356 3667 2410 manducantem

1920 2479 2021 2516 non
2054 2466 2260 2528 spernat
2295 2471 2313 2509 .'
2353 2465 2400 2507 et
2439 2453 2531 2521 qui
2570 2467 2679 2504 non
2727 2449 3082 2501 manducat
3110 2484 3137 2513 ,
3181 2447 3668 2500 manducantem

1921 2552 2019 2605 non
2051 2549 2276 2618 judi‘cet.
2318 2543 2431 2596 Hoc
2459 2550 2546 2595 est
2578 2539 2731 2607 quod
2762 2548 2827 2590 et
2875 2536 3042 2590 alibi
3094 2534 3268 2591 dieit
3304 2553 3324 2590 :
3366 2535 3532 2602 Quia
3562 2549 3671 2588 non

1918 2645 2076 2707 potest
2100 2637 2271 2688 dicere
2301 2630 2484 2684 oculus
2517 2628 2713 2681 manui
2735 2645 2755 2681 :
2780 2626 2930 2680 Non
2964 2642 3036 2679 es
3075 2628 3243 2680 mihi
3280 2626 3670 2688 necessaria;

1920 2738 1966 2781 et
1990 2734 2141 2793 caput
2162 2722 2376 2797 pedibus
2408 2733 2427 2771 :
2457 2718 2589 2772 Non
2622 2717 2894 2795 desidero
2928 2733 3202 2785 Operam
3234 2727 3540 2772 vestram.
3560 2714 3671 2771 Sed

1922 2816 2084 2870 multo
2111 2815 2276 2883 magis
2302 2826 2418 2878 quae
2450 2809 2705 2861 videntur
2742 2808 3027 2861 membra
3076 2809 3382 2877 corporis
3416 2809 3671 2860 inhone-

1923 2907 2085 2959 stiora
2117 2917 2248 2966 esse,
2282 2900 2580 2975 necessaria
2616 2903 2752 2949 sunt
2797 2896 2878 2950 “.
2913 2897 2999 2953 Et
3044 2897 3158 2952 his
3204 2913 3378 2968 ergo
3410 2910 3667 2967 quorum

1927 2995 2059 3049 ﬁdes
2076 3001 2229 3046 tanta
2254 2999 2336 3042 est
2362 2997 2421 3042 ut
2457 2989 2649 3041 omnia
2684 2988 2928 3055 possint
2958 2989 3415 3054 manducare,
3446 2997 3523 3043 .et
3548 3002 3672 3041 om-

1931 3101 2053 3142 nem
2101 3083 2252 3137 verbi
2282 3080 2518 3148 speciem
2574 3093 2789 3147 capere
2849 3093 2934 3134 ne
2973 3080 3385 3149 superbiant
3412 3089 3481 3134 et
3512 3094 3673 3149 sper-

1931 3184 2063 3231 nant
2108 3188 2201 3254 eos
2241 3170 2676 3243 quiinl‘eriores
2719 3176 2867 3241 sunt
2918 3171 3395 3241 praecipiuet
3434 3185 3673 3226 rursum

1931 3268 2017 3323 his
2045 3266 2134 3334 qui
2167 3266 2454 3334 incapaces
2502 3269 2640 3314 sunt
2688 3260 3113 3329 perfectioris
3146 3265 3480 3319 doctrinae
3509 3278 3670 3317 man.

1934 3358 2027 3412 dat
2051 3371 2119 3410 ne
2143 3355 2385 3422 judicent
2405 3365 2502 3406 eos
2540 3364 2790 3419 quorum
2827 3365 3069 3409 sensus
3116 3356 3436 3423 capacior
3465 3363 3585 3419 est,
3619 3361 3675 3408 et

1933 3446 2240 3502 intellectus
2262 3439 2618 3497 eminentior;
2647 3426 2862 3496 Solent
2887 3446 3075 3499 enim
3111 3461 3443 3515 perverso
3468 3445 3679 3502 ordino

1935 3537 2165 3606 imperiti
2193 3534 2395 3604 peritos
2419 3532 2713 3601 judicare,
2765 3536 2831 3588 e't
2875 3537 3153 3591 desides
3187 3539 3548 3594 studiosos.
3582 3534 3676 3589 In-

1939 3629 2143 3682 terdum
2177 3636 2355 3679 tamen
2385 3637 2440 3679 et
2464 3625 2523 3678 bi
2551 3626 2651 3694 qui
2684 3625 2977 3681 scientia
3018 3628 3252 3699 aliqua
3287 3630 3476 3685 initia
3507 3641 3680 3698 cepe-

1940 3717 2066 3779 rint,
2110 3710 2365 3768 inllaniur
2392 3722 2447 3768 et
2477 3715 2851 3773 extolluntur.
2891 3718 3260 3774 adversum
3304 3735 3425 3777 eos
3454 3720 3561 3789 qui
3597 3716 3679 3771 vi-

1940 3806 2130 3859 dentur
2168 3806 2348 3858 minus
2376 3810 2611 3871 capaces
2640 3818 2799 3859 esse.
2846 3804 3116 3865 Idcirco
3158 3811 3367 3881 igitur
3402 3812 3681 3878 increpa-

1887 3955 1892 3961 ,
1941 3898 2085 3950 tione
2105 3895 2415 3963 apostolica:
2435 3894 2799 3949 auctoritatis
2822 3896 3079 3953 Paulus
3112 3902 3467 3971 utriusque
3498 3900 3681 3971 partis

1941 3985 2277 4040 insolentiam
2306 3985 2613 4053 reprimens
2635 3985 2777 4039 dicit
2805 4005 2821 4040 :
2856 3987 2954 4041 Tu
2995 3994 3148 4058 quis
3178 3994 3407 4062 es,qui
3439 3993 3680 4063 judicas

1941 4076 2169 4177 alienum
2194 4084 2400 4128 servum
2429 4075 2453 4129 .9
2481 4074 2597 4129 Suo
2626 4077 2864 4131 domino
2912 4089 3071 4148 stat,
3112 4094 3230 4136 aut
3270 4085 3474 4137 cadit.
3514 4082 3681 4150 Quod

1943 4166 2092 4267 dicit,
2125 4173 2370 4267 stult-anu}
2403 4168 2577 4230 cadit,
2616 4170 2959 4223 secundum
3010 4186 3288 4228 sensum
3319 4176 3468 4243 ejus
3505 4189 3679 4243 quem

1944 4255 2189 4322 increpat
2238 4253 2354 4323 (59)
2409 4255 2566 4309 dicit.
2619 4254 2767 4309 Nam
2812 4268 2878 4312 et
2934 4260 3323 4330 imperitior
3374 4264 3435 4319 si
3486 4264 3686 4319 videat

325 4360 461 4412 quos
481 4346 621 4399 idem
651 4342 931 4410 Apostolus
958 4342 1017 4392 in
1039 4339 1158 4391 aliis
1183 4337 1451 4404 spiritales
1480 4338 1709 4405 appellat
1724 4353 1845 4392 cum
1877 4355 1926 4415 ι)
1950 4338 2254 4421 quempiam
2284 4336 2613 4407 profundius
2642 4342 2897 4412 aliquid,
2918 4355 2988 4401 et
3028 4358 3105 4403 ut
3146 4351 3291 4419 ipse.
3315 4365 3551 4421 capere
3571 4364 3685 4404 non

326 4434 456 4487 dicit
486 4433 571 4486 ἰε
606 4432 875 4500 Spiritalis
918 4440 1089 4482 autem
1115 4430 1370 4481 examinat
1402 4428 1593 4481 omnia.
1623 4428 1739 4496 Ipse
1767 4439 1853 4482 est

326 4542 455 4596 ergo
485 4527 548 4581 de
576 4537 683 4594 quo
716 4522 803 4576 hic
841 4521 969 4574 dicit
999 4536 1013 4573 :
1046 4518 1194 4571 Alius
1229 4526 1399 4570 autem
1433 4518 1593 4570 credit
1631 4521 1852 4570 mandu-

396 4687 443 4719 ⁸⁸
464 4686 616 4741 Rom.
650 4699 759 4747 xw,
790 4682 854 4744 ὅ,
885 4680 938 4733 4.
1020 4680 1063 4710 ⁵’
1099 4650 1336 4741 Ηθὶπίν,
1372 4677 1455 4731 14.

331 4758 501 4821 ιιν,5.
568 4755 612 4804 9“
657 4752 821 4806 lCor.
860 4765 955 4812 xu,
1000 4748 1090 4813 21,
1127 4747 1214 4823 22.

406 4917 516 4988 (5|)
571 4914 845 4988 Sicreme
888 4921 1024 4988 mss.
1065 4902 1256 4988 Regius
1460 4893 1858 4988 ἐφεὶς-Ξέρξεξῂ

336 4962 462 5041 vein
497 4962 645 5045 inss.,
675 4985 727 5034 in
757 4994 881 5047 pace
905 4976 1058 5029 corda
1083 4962 1254 5047 eafhis
1284 4966 1533 5047 dicit._lta
1563 4966 1721 5041 etiam
1744 4962 1859 5014 edi-

747 5032 998 5102 omittant
1022 5059 1084 5095 ex
1111 5044 1189 5093 his
1216 5079 1231 5104 ,
1274 5047 1328 5091 et
1360 5037 1593 5089 habeant
1616 5073 1632 5098 ,
1692 5032 1735 5082 is
1774 5032 1861 5098 qui

340 5124 641 5181 manducat,
679 5127 784 5171 etc.

412 5170 672 5258 (ﬁl-vllam
695 5170 871 5258 verba.
900 5180 976 5233 Tu
1006 5178 1121 5258 quis
1150 5186 1388 5258 es,_‘etc.,
1421 5170 1678 5258 usquead
1705 5206 1719 5230 ,
1754 5176 1863 5258 sta-

346 5239 694 5319 tutae—litium,
719 5239 1042 5307 omittuntur
1079 5248 1133 5301 in
1163 5246 1352 5307 editis;
1388 5244 1478 5294 sed
1509 5239 1861 5293 restituuntur

347 5339 408 5373 ex
435 5325 679 5376 omnibus
702 5334 828 5374 mss.

417 5389 524 5459 (55)
554 5391 701 5459 Esse.
727 5387 783 5442 In
804 5388 961 5459 editis
991 5380 1457 5459 praemittitur;
1501 5446 1512 5459 _
1670 5436 1675 5441 ,

391 5440 532 5532 ibi)
554 5440 795 5532 Siqmssi.
813 5440 1025 5532 begins
1053 5467 1197 5507 num.
1231 5449 1387 5532 165.93
1416 5443 1688 5532 Rabanus,
1715 5440 1866 5532 Salo-

354 5517 539 5575 dianus
570 5533 622 5576 et
648 5517 937 5580 Merlinus:
954 5526 1080 5578 Mss.
1109 5534 1235 5573 vero
1251 5518 1486 5585 quidam,
1506 5517 1586 5566 lac
1615 5521 1865 5585 portasse,

356 5594 789 5668 ffcunflumquod
824 5596 893 5646 ait
931 5596 995 5645 ad
1028 5583 1362 5668 Corinthios,
1394 5594 1450 5637 ut
1485 5592 1675 5668 potunm
1699 5583 1863 5668 dum.

359 5646 740 5717 chcbrardus.
768 5662 848 5715 lac
875 5675 1101 5733 portasse
1115 5646 1398 5713 secundum
1426 5646 1560 5722 quod
1591 5646 1868 5704 Corinthiis

1955 4436 2134 4495 potest
2165 4420 2302 4499 (60),
2319 4430 2673 4497 sentientem,
2699 4433 3010 4491 cecidisse
3037 4453 3192 4494 eum
3219 4420 3473 4510 iudicat
3501 4456 3537 4497 a
3554 4441 3685 4496 ﬁdei

1957 4529 2135 4584 statu;
2164 4530 2218 4572 et
2244 4535 2465 4575 rursum
2492 4522 2590 4589 qui
2645 4520 2942 4581 inﬂantur
2976 4543 3060 4584 ex
3097 4533 3383 4589 scientia
3413 4575 3432 4600 ,
3469 4541 3535 4588 et
3569 4545 3684 4586 non

1537 4677 1580 4707 ⁶⁰
1614 4675 1631 4727 l
1655 4675 1776 4729 Cor.
1811 4693 1827 4729 ι

1893 4716 1905 4742 ,
1934 4676 1989 4730 2.
2065 4675 2110 4708 ⁸⁸
2142 4675 2309 4730 lCor.
2344 4676 2524 4741 11,15.
2605 4678 2652 4709 ⁶²
2679 4676 2856 4735 Joan.
2888 4696 3026 4749 xvr,
3059 4685 3170 4752 i2,
3213 4689 3322 4743 15.
3415 4691 3473 4722 ⁸³
3500 4690 3670 4746 Rom.

1962 4904 2138 4961 potum
2170 4892 2342 4946 daret.

1958 4988 1964 4993 -
2033 4960 2375 5032 (55)'Editi,
2423 4978 2530 5015 non
2578 4965 2777 5021 debere
2813 4986 2949 5024 eum
3004 4992 3113 5032 per
3149 4995 3225 5030 ea
3270 4997 3420 5032 amr
3463 4981 3651 5032 ἄπιοιιὶ

1965 4981 2949 5099 gego'io:t;l;lle,unozisawere.eum
3004 4992 3113 5041 per
3149 4995 3225 5030 ea
3270 4997 3420 5048 qua'
3463 4981 3681 5037 intelli-

1964 5099 2089 5152 πή.
2448 5071 2464 5096 ,
2591 5042 3011 5131 ceptattontbus
3058 5049 3516 5116 cogitationum
3557 5067 3682 5104 Illo-

1938 5170 1941 5173 ·
2033 5166 2146 5238 (ξιξ)
2173 5167 2339 5238 eam,
2365 5169 2659 5238 impedita.

2376 5235 2482 5292 non
2520 5244 2695 5301 sinat.

2332 5347 2348 5371 ν
2380 5310 2475 5361 τεά
2512 5322 2567 5364 ιιι
2595 5316 2972 5372 βετΐεοιονιιηι
3009 5334 3062 5372 et
3096 5325 3119 5372 ἱ

1970 5316 2567 5428 Εέεῖῖῗέξξίέιὲξινεέξὲμι
2595 5316 2972 5400 perfectorum
3009 5334 3062 5376 et
3096 5325 3594 5397 imperfectamm
3619 5328 3676 5382 in

2045 5441 2149 5459 mm
2402 5447 2413 5457 _
2481 5392 3209 5459 '“m._eltmpet'fectorum,
3254 5410 3395 5453 etc.

2040 5410 3209 5526 ξέζεῇῖςζιῑίξῖῇλῖέέζέιιϊιῖωηιξξίέῗπθωη*’
3254 5410 3395 5453 “‘c’

2042 5510 2263 5600 £6019.
2278 5525 2342 5600 ut
2362 5516 2499 5600 ipsi:
2516 5499 3103 5600 capere.n;;';)olest,
3139 5547 3261 5591 etc.
3314 5539 3428 5596 Sic
3468 5555 3677 5597 omnes

1973 5589 2758 5723 3:5:n';%‘;;":‘:’[:?é).atttts.
2798 5602 2947 5658 Editi
2980 5618 3143 5671 vero.
3188 5613 3356 5677 Quod
3414 5589 3678 5682 5,531;
