3910 6226
388 291 528 344 1257

1323 293 1665 348 COMMENT.
1701 292 1764 345 lN
1798 291 2008 346 El'lST.
2041 291 2127 344 AD
2165 293 2327 347 ROM.
2373 293 2497 346 LIB.
2531 294 2618 348 IX.

3414 295 3435 346 1
3446 296 3556 350 258

381 418 507 456 cum
539 406 820 471 charitatc,
853 409 989 462 sicut
1021 409 1220 462 Paulus
1249 421 1570 474 commonet,
1607 410 1918 480 agunt(6l),
1949 418 1992 471 Α
2020 425 2123 476 que
2154 411 2439 476 capitulum
2469 413 2518 463 in
2551 425 2654 478 quo
2681 409 2866 478 dogma
2889 410 3100 477 pietatis
3134 417 3186 463 et
3217 410 3335 464 fidei
3370 415 3546 464 contio

382 495 636 548 similiter
655 500 719 549 de
744 499 1156 566 imperitioribus
1183 501 1480 569 quibusque
1509 502 1794 568 Opinautur
1822 519 1834 553 :
1863 512 1914 553 et

380 582 505 636 ideo
535 594 849 652 potestatem
872 587 1019 642 fratri
1042 589 1308 655 judicandi
1330 588 1508 644 fratris
1539 591 1755 644 exemit.
1776 591 1915 642 Bene

379 681 563 726 autem
591 676 815 728 alienum
843 694 1040 732 servum
1068 682 1161 740 ait,
1181 681 1303 746 quia
1324 681 1574 735 Dominus
1604 684 1732 736 dicit
1765 701 1776 736 :
1817 682 1915 736 Vos

378 771 561 814 autem
601 779 774 817 omnes
815 765 1002 832 fratres
1034 769 1152 821 estis
1185 769 1248 822 ⁸⁸.
1281 768 1477 824 Omnes
1504 811 1518 834 ,
1567 771 1666 826 hoc
1692 782 1772 826 est
1800 775 1916 826 uni-

375 864 540 904 versa
575 864 817 908 creatura
842 897 857 922 ,
887 866 938 910 et
970 873 1106 912 unus
1149 867 1232 913 est
1265 859 1407 913 solus
1454 861 1708 916 Dominus
1758 860 1913 916 Jcsus

374 938 652 1008 Christus,
690 945 777 1012 qui
807 956 888 999 est
915 946 1166 1000 Dominus
1192 949 1454 1008 omnium,
1493 949 1628 1001 dives
1669 952 1722 1002 in
1759 952 1916 1003 omni-

374 1029 472 1081 bus
508 1029 578 1083 “.
614 1032 784 1086 Simul
833 1042 887 1087 et
931 1033 1222 1088 bonitatem
1260 1038 1348 1090 Dei
1397 1037 1708 1092 ineffabilem
1745 1041 1917 1092 mani-

371 1115 562 1182 festat,
595 1135 717 1174 cum
750 1123 875 1176 dicit
898 1124 962 1177 de
985 1139 1047 1177 eo
1074 1125 1163 1192 qui
1189 1126 1444 1179 cecidisse
1462 1127 1687 1193 videtur,
1705 1131 1912 1182 etiamsi

371 1221 506 1260 vere
550 1211 838 1275 ceciderit,
876 1215 997 1280 quia
1039 1225 1214 1280 potens
1254 1225 1327 1266 est
1372 1215 1506 1267 Deus
1551 1215 1661 1284 (62)
1695 1227 1915 1270 statuere

369 1295 528 1350 illum
555 1300 618 1350 ⁸⁷.
653 1299 899 1354 Dominus
930 1304 1069 1356 enim
1099 1303 1246 1370 erigit
1279 1303 1426 1356 elisos
1449 1304 1514 1358 ⁸⁸.

443 1388 538 1444 37.
577 1389 719 1442 Alter
740 1393 946 1458 judicat
991 1393 1219 1457 alternos
1246 1394 1355 1448 dies
1385 1411 1402 1458 ;
1433 1395 1563 1448 alter
1590 1407 1763 1448 autem
1802 1394 1912 1467 (6'5)

355 1476 578 1544 judicat
606 1495 807 1531 onmem
837 1482 987 1533 diem.
1011 1481 1366 1548 Unusquisque
1388 1486 1438 1536 in
1469 1501 1562 1536 suo
1583 1501 1731 1537 sensu
1753 1487 1914 1538 abun-

363 1567 455 1619 det
493 1568 560 1620 ⁸⁸.
594 1567 834 1623 Diximus
876 1573 1116 1638 superius
1154 1570 1438 1626 secundum
1485 1575 1670 1627 litterae
1703 1567 1912 1642 aposto-

362 1655 490 1709 licae
535 1659 970 1724 consequentiam
1017 1661 1182 1712 videri
1231 1661 1342 1714 haec
1390 1661 1454 1714 de
1502 1663 1745 1715 ciborum
1797 1661 1908 1732 (64)

362 1745 728 1810 continentia,
761 1747 841 1800 vei
870 1739 1344 1803 iibertatetractai'i
1377 1768 1389 1802 :
1423 1753 1669 1818 quoniam
1698 1755 1909 1807 vocatio

365 1834 597 1901 quidem
634 1852 751 1904 qua:
779 1838 828 1890 in
857 1839 1068 1892 Christo
1105 1849 1207 1902 est,
1235 1841 1362 1893 nihil
1394 1857 1672 1894 commune
1697 1853 1786 1894 aut
1811 1845 1908 1894 im-

359 1923 640 1976 mundum
669 1927 816 1994 ponit
847 1927 898 1980 in
940 1929 1091 1990 cibis,
1123 1930 1217 1982 sed
1250 1931 1586 1982 continentia:
1618 1931 1750 1983 ratio
1787 1946 1908 1984 sua-

362 2013 464 2066 det
491 2015 654 2067 etiam
689 2031 718 2067 a
765 2017 928 2071 licitis
969 2019 1252 2074 abstinere.
1283 2019 1394 2072 Non
1423 2021 1564 2073 enim
1589 2063 1602 2085 ,
1632 2029 1688 2073 ut
1715 2030 1767 2074 ct
1796 2022 1906 2088 ipse

356 2101 414 2154 in
471 2103 592 2158 aliis
635 2106 766 2159 dicit
797 2145 811 2168 ,
853 2109 974 2174 quia
1022 2111 1200 2163 omnia
1256 2110 1454 2173 licent,
1493 2111 1694 2164 idcirco
1743 2112 1905 2164 etiam

357 2193 554 2244 omnia
587 2195 874 2261 expediunt
898 2236 913 2260 ,
944 2198 1025 2250 vel
1054 2199 1235 2251 omnia
1267 2199 1530 2251 aedificant
1556 2199 1644 2252 “'.
1681 2199 1794 2267 Ipsa
1826 2211 1905 2254 ta-

358 2293 496 2332 men
537 2282 874 2336 abstinentiae
906 2286 1040 2339 ratio
1069 2287 1276 2340 diversa
1305 2299 1384 2340 est
1419 2303 1512 2355 pro
1543 2298 1667 2341 voto
1703 2297 1758 2342 et
1783 2302 1904 2355 pro-

353 2370 550 2436 posito
585 2375 830 2427 voventis
861 2375 994 2444 (65).
1023 2377 1171 2430 Alius
1197 2392 1421 2446 namque
1449 2378 1550 2430 hoc
1585 2377 1812 2446 judicat,
1847 2384 1901 2431 et

353 2458 436 2510 ita
491 2460 632 2525 apud
675 2463 880 2516 animos
925 2478 1049 2518 suos
1086 2466 1361 2530 decernit,
1392 2473 1450 2518 ut
1480 2480 1692 2520 omnem
1718 2466 1858 2520 diem
1887 2509 1902 2535 ,

349 2548 472 2601 hoc
501 2557 584 2601 est
613 2550 927 2604 continuum
963 2554 1081 2606 vita:
1125 2567 1234 2606 sum
1266 2561 1468 2620 tempus
1498 2555 1674 2622 exigat
1728 2556 1778 2608 in
1811 2557 1906 2610 ab—

350 2627 645 2693 stinentia.
681 2641 832 2695 Alius
878 2657 1003 2696 vero
1047 2653 1254 2711 tempus
1289 2644 1498 2713 aliquod
1545 2646 1684 2699 velut
1730 2647 1902 2701 votiva

349 2730 703 2799 professione
733 2731 986 2785 decernit.
1012 2732 1066 2784 lu
1098 2747 1201 2799 quo
1229 2732 1351 2786 sive
1380 2744 1438 2786 ut
1475 2733 1678 2803 jugem,
1709 2737 1821 2790 sive
1845 2748 1904 2790 ut

350 2821 720 2888 temporalem
754 2822 1012 2889 suscipiat
1039 2823 1416 2877 continentiam
1444 2867 1456 2888 ,
1489 2825 1902 2894 uniuscujusque

349 2909 618 2963 sensibus
651 2911 741 2961 dat
786 2910 1002 2964 liberam
1033 2911 1363 2964 facultatem.
1396 2912 1693 2981 Utrumque
1727 2924 1898 2968 tamen

348 3009 650 3067 acceptum
697 3000 810 3052 fieri
857 3000 966 3069 (66)
1003 3004 1138 3070 apud
1188 3001 1464 3056 Dominum
1511 3005 1807 3072 pollicetur,
1847 3013 1900 3059 et

345 3097 658 3158 propterea
687 3088 959 3156 subjungit
995 3106 1007 3141 :

419 3176 524 3230 38.
567 3175 669 3239 Qui
702 3178 832 3237 sapit
857 3177 1011 3239 diem,
1052 3175 1268 3228 Domino
1301 3178 1464 3244 sapit;
1497 3187 1542 3230 et
1567 3179 1654 3247 qui
1686 3181 1902 3234 mandu-

343 3276 469 3330 cat,
509 3265 732 3317 Domino
771 3267 1047 3317 manducat
1077 3281 1094 3317 :
1128 3267 1320 3333 gratias
1351 3268 1486 3319 enim
1530 3270 1635 3336 agit
1679 3269 1824 3324 Deo:
1855 3283 1901 3325 et

343 3355 442 3422 qui
471 3369 581 3406 non
617 3353 920 3415 manducat,
957 3351 1178 3404 Domino
1216 3369 1316 3405 non
1351 3356 1664 3418 manducat,
1703 3367 1749 3409 et
1781 3373 1900 3424 gra—

344 3445 460 3496 tias
505 3442 617 3510 agit
663 3440 770 3492 Deo
800 3441 866 3493 7°.
912 3441 1108 3494 Gratia:
1145 3456 1272 3510 ergo
1304 3443 1411 3511 (67)
1447 3444 1551 3497 Deo
1583 3444 1650 3497 ab
1677 3453 1900 3514 utroque

341 3535 673 3588 referuntur
700 3549 712 3583 :
745 3533 812 3585 ab
840 3531 929 3583 illo
955 3533 1166 3598 quidem
1192 3548 1285 3601 pro
1316 3533 1493 3586 fructu
1523 3534 1895 3600 continentitc;

340 3625 416 3678 ab
452 3623 562 3678 hoc
594 3635 718 3674 vero
749 3637 844 3688 pro
888 3621 1134 3675 libertate
1183 3623 1454 3678 vescendi.
1487 3622 1591 3677 Sed
1623 3627 1894 3692 quoniam,

340 3721 406 3766 ut
447 3712 506 3765 in
533 3708 894 3763 anterioribus
917 3710 1263 3774 ostendimus,
1291 3711 1602 3778 profundior
1632 3713 1898 3766 invenitur

340 3797 604 3868 Apostoli
650 3812 877 3862 sensus,
909 3813 1067 3866 quam
1109 3798 1352 3852 ciborum
1406 3799 1700 3852 carnalium
1757 3801 1894 3854 ratio

342 3889 642 3950 continet,
696 3889 747 3940 in
791 3886 1054 3954 spirituali
1095 3887 1458 3954 expositione,
1498 3888 1786 3941 secundum
1830 3901 1890 3940 ea

341 3995 477 4048 qua:
509 3991 671 4046 supra
704 3978 1050 4031 disseruimus
1076 3976 1140 4030 de
1169 3978 1250 4030 his
1276 3990 1502 4044 quorum
1531 3978 1662 4030 alius
1683 3991 1891 4032 omnem

339 4071 501 4124 diem
530 4107 547 4133 ,
588 4067 723 4120 alius
769 4080 895 4120 vero
923 4066 1158 4122 alternos
1206 4069 1408 4135 iudicat
1435 4068 1567 4132 dies,
1611 4081 1891 4134 possumus

339 4158 486 4212 illud
520 4156 746 4218 sentire,
772 4153 913 4222 quod
944 4155 994 4206 in
1028 4153 1319 4224 Scripturis
1336 4154 1529 4209 divinis
1561 4154 1889 4220 unumquodo

419 4274 471 4305 ⁸⁸
507 4271 690 4324 Matth.
724 4284 872 4332 χχιιι,
914 4272 967 4322 8.
1031 4271 1074 4301 “
1114 4270 1264 4323 Rom.
1306 4287 1358 4323 x.
1402 4272 1485 4324 12.

335 4358 425 4405 vl,
458 4340 564 4406 12;
611 4340 629 4392 l
662 4339 783 4394 Cor.
813 4354 865 4403 x,
889 4337 976 4391 25.
1049 4339 1093 4370 ⁷⁸
1125 4341 1277 4393 Rom.
1314 4355 1421 4406 stv,
1447 4338 1499 4391 6.

337 4427 422 4476 vr,
459 4412 514 4463 8.

415 4499 535 4569 (6|)
566 4498 756 4569 rigant.
793 4496 947 4569 Deest
974 4499 1027 4551 in
1061 4497 1211 4550 libris
1239 4499 1593 4569 antea_editis.

414 4566 538 4636 (ϐξ)
576 4566 736 4636 Editi,
765 4567 884 4636 quiq
911 4575 1088 4636 potens
1125 4577 1195 4618 est
1220 4567 1358 4636 enim
1390 4567 1546 4627 Deus,
1579 4577 1683 4636 etc.

291 4637 298 4642 ’
346 4706 359 4708 _
420 4633 540 4708 (65)
574 4635 664 4708 Sic
695 4651 822 4708 nias.
850 4633 984 4708 Editi
1015 4649 1150 4708 vero
1170 4645 1223 4686 et
1259 4634 1542 4701 Rabanus,
1575 4635 1712 4688 Nam
1743 4637 1878 4690 alius

324 4702 712 4780 judicatdiem
738 4705 872 4780 inter
893 4703 1057 4780 diem;
1081 4702 1218 4780 alius
1248 4712 1439 4765 autem,
1465 4714 1570 4756 etc.
1805 4715 1810 4720 '

419 4772 538 4841 (64)
573 4771 734 4841 Editi,
764 4771 922 4841 videri
949 4772 1032 4822 hic
1065 4771 1404 4841 de‘cihorum,
1430 4781 1536 4827 etC.

419 4837 538 4912 (65)
561 4839 665 4912 Ms.
695 4839 884 4912 Regius
915 4853 1062 4912 num.
1093 4837 1247 4901 1639,
1276 4841 1506 4912 volentis,
1534 4839 1692 4912 male.
1730 4841 1883 4894 Dein-

331 4906 596 4970 de'editi,
622 4916 666 4958 et
697 4908 830 4973 apud
859 4907 1086 4958 animum
1109 4921 1257 4958 suunt
1287 4907 1531 4960 decernit.
1563 4906 1668 4962 Sed
1701 4925 1882 4964 onntes

332 4994 484 5036 mss.
513 4989 566 5030 et
603 4973 848 5027 Rabanus
883 4984 939 5026 ut
973 4976 1024 5026 in
1055 4983 1221 5027 textu.

418 5047 536 5116 (66)
574 5043 1043 5116 Utrumquetamen
1065 5051 1325 5116 acceptum
1354 5043 1614 5116 ﬁeri,_elc.
1637 5043 1736 5116 _Sic
1757 5059 1883 5098 mss.

332 5110 692 5183 Regii'num.
740 5111 870 5183 1659
902 5117 955 5163 et
985 5125 1128 5183 num.
1170 5110 1322 5171 lli-£0,
1356 5120 1411 5162 et
1446 5111 1595 5183 editi.
1637 5110 1883 5166 Rabanus

331 5175 487 5239 νωῖο
521 5192 576 5235 et
620 5180 796 5232 ueteri
833 5193 983 5242 mss.,
1018 5175 1298 5246 Utrumque
1335 5189 1502 5230 tamen
1533 5181 1585 5232 in
1623 5190 1880 5246 acceptum

401 5255 507 5310 rri,
535 5249 607 5300 al.
633 5249 766 5310 ﬁeri.

331 5255 507 5324 ferri,
535 5249 607 5300 al.
633 5249 766 5313 ﬁeri.
992 5313 1004 5324 .
1198 5314 1210 5325 υ
1392 5315 1401 5324 ι
1801 5317 1810 5327 ⁸

423 5319 542 5386 (67)
574 5316 748 5386 Ergo.
799 5314 950 5386 Deest
992 5315 1262 5386 medius.
1312 5313 1510 5368 Demde
1551 5330 1648 5386 ms.
1689 5315 1881 5384 Regius

331 5381 501 5446 num.
527 5381 700 5444 't639‘,
736 5381 955 5433 restituit
983 5384 1225 5448 quidem;
1263 5391 1315 5433 et
1343 5390 1521 5446 postea
1568 5383 1748 5445 habet,
1769 5381 1879 5437 'sed

331 5456 600 5527 quoniam
644 5449 693 5527 in
720 5449 1081 5527 amarioribus
1129 5451 1444 5527 ostendimus
1480 5451 1880 5527 quodhpfofun-

327 5515 490 5582 dior,
532 5529 634 5573 etc.
667 5518 732 5570 At
771 5517 946 5571 caeteri
996 5532 1151 5582 mss.,
1183 5515 1434 5571 Rabauus
1492 5515 1550 5572 et
1572 5517 1699 5573 editi
1727 5515 1782 5573 ut
1829 5521 1882 5574 in

333 5599 522 5647 textu.

1572 4269 1614 4300 θ’

1585 4269 1614 4300 ι’
1642 4269 1794 4321 Rom.
1837 4285 1944 4332 χιν,
1984 4270 2036 4321 4.
2125 4270 2167 4300 ⁸⁸
2188 4269 2330 4322 Psal.
2364 4283 2538 4330 csuv,
2564 4269 2647 4322 M.
2729 4271 2770 4302 ⁸³
2799 4270 2952 4324 Rom.
2983 4287 3088 4332 xxv,
3119 4270 3171 4323 5.

1585 4339 1626 4369 τι
1663 4338 1886 4393 Malach.
1921 4354 1993 4403 tv,
2020 4339 2073 4412 ξ.
2147 4339 2192 4369 ⁷⁸
2227 4337 2410 4390 Matth.
2441 4353 2492 4400 v,
2527 4338 2608 4390 18.
2683 4341 2727 4370 ⁷³
2771 4339 2920 4392 Rom.
2955 4355 3062 4404 xw,
3096 4341 3210 4394 7-9.

2017 509 2192 561 netur,
2210 501 2320 552 dies
2345 500 2570 554 dicatur.
2592 499 2724 553 Vere
2755 501 2898 552 enim
2923 499 3034 553 dies
3056 508 3136 552 est
3165 498 3277 568 (68)
3308 501 3397 564 qui
3428 499 3545 551 illuc

2017 591 2178 641 tninat
2208 599 2437 642 mentem
2466 628 2480 653 ,
2506 590 2595 655 qui
2628 589 2938 657 ignorantiae
2963 589 3211 641 tenebras
3244 588 3408 656 fugat,
3443 589 3532 655 qui

2015 677 2299 738 Christum,
2347 677 2434 746 qui
2465 679 2544 731 sol
2585 687 2667 732 est
2693 677 2916 747 justitiaa
2943 678 3010 738 τί,
3055 677 3211 730 habet
3240 677 3291 729 in
3325 691 3460 732 sese.
3487 677 3542 730 Si

2015 769 2133 834 quis
2181 781 2308 834 ergo
2355 768 2425 819 sit
2470 767 2560 832 qui
2615 767 2688 820 ita
2718 767 2909 820 divinis
2961 766 3150 819 litteris
3195 781 3410 833 operam
3441 766 3543 818 im-

2015 858 2210 926 pendat
2260 871 2323 910 ac
2370 859 2640 919 studium,
2693 867 2748 908 ut
2792 872 3000 910 omnem
3053 857 3193 909 diem
3243 867 3295 908 et
3331 871 3542 910 omnem

2015 959 2224 998 sensum
2254 945 2544 1013 Scriptura:
2577 943 2766 998 divime
2804 946 3053 998 discutiat
3081 955 3134 998 et
3161 945 3434 1010 dijudicet,
3473 948 3545 1000 ita

2014 1043 2070 1086 ut
2102 1051 2202 1087 non
2233 1050 2351 1088 eum
2413 1045 2648 1088 transeat
2681 1036 2745 1088 de
2791 1036 2905 1105 lege
2944 1037 3048 1088 iota
3090 1051 3249 1088 unmn
3283 1038 3362 1088 vel
3407 1053 3546 1090 unus

2015 1137 2146 1188 apex
2180 1123 2248 1184 ",
2297 1123 2381 1175 hic
2420 1137 2629 1175 omnem
2675 1123 2814 1176 diem
2854 1124 3118 1177 videbitur
3149 1123 3406 1191 judicare.
3445 1125 3543 1189 Qui

2014 1219 2187 1262 autem
2212 1225 2313 1264 non
2335 1220 2418 1264 est
2441 1219 2616 1264 tantus
2640 1212 2873 1280 ingenio,
2897 1213 3154 1276 alternos,
3173 1214 3223 1265 id
3249 1225 3330 1267 est
3350 1229 3547 1282 paucos

2013 1289 2166 1368 661
2203 1314 2264 1352 ex
2297 1300 2476 1352 multis
2507 1300 2682 1366 capiet
2711 1315 2915 1358 sensus.
2948 1301 3034 1366 qui
3057 1302 3099 1354 si
3133 1317 3234 1353 nun
3274 1303 3338 1354 ad
3376 1303 3545 1369 pleni-

2015 1388 2248 1439 tudinem
2273 1387 2511 1440 scientiae
2539 1385 2822 1451 sufliciant,
2847 1396 2900 1439 at
2921 1398 3065 1441 certe
3092 1391 3179 1456 qui
3205 1391 3268 1444 ad
3284 1407 3544 1444 summam

2013 1473 2133 1527 fidei
2173 1477 2304 1528 satis
2335 1476 2442 1529 sint
2479 1475 2610 1545 (69).
2654 1475 2885 1543 Uterque
2922 1491 3049 1545 ergo
3074 1481 3365 1530 secundum
3413 1494 3546 1546 apo-

2013 1565 2258 1617 Stolieum
2304 1566 2587 1618 consilium
2635 1567 2838 1635 gratias
2879 1578 2998 1634 agat
3038 1567 3142 1618 Deo
3173 1567 3314 1636 (70);
3340 1569 3427 1622 ille
3453 1570 3542 1636 qui

2011 1655 2150 1722 sapit
2178 1669 2388 1708 omnem
2422 1656 2579 1718 diem,
2610 1667 2663 1709 et
2694 1657 2785 1723 qui
2816 1657 3099 1709 manducat
3126 1661 3326 1719 omnia,
3379 1660 3430 1712 id
3462 1668 3545 1712 est

1943 1726 1985 1780 Β
2010 1745 2098 1812 qui
2137 1746 2381 1812 agnoscit
2415 1755 2468 1798 et
2513 1747 2760 1814 intelligit
2803 1747 3018 1807 omnia;
3063 1756 3118 1800 et
3159 1747 3248 1801 ille
3296 1749 3384 1816 qui
3421 1749 3543 1801 licet

2010 1848 2110 1884 non
2146 1835 2326 1886 omnia
2368 1837 2670 1898 manducet,
2702 1844 2756 1888 et
2799 1851 2900 1888 non
2938 1838 3306 1890 universorum
3342 1838 3541 1890 intelli-

2008 1926 2238 1992 gentiam
2275 1925 2472 1993 capiat,
2508 1925 2656 1978 brevi
2690 1935 2862 1978 tamen
2909 1926 3026 1978 fidei
3074 1925 3409 1980 confessione
3435 1930 3542 1982 sal-

2005 2024 2177 2067 vatur.
2229 2015 2291 2068 Et
2332 2015 2448 2067 ideo
2492 2015 2650 2068 etiam
2700 2031 2804 2068 non
2851 2017 3184 2068 manducans
3217 2019 3417 2079 omnia,
3445 2033 3542 2071 nec

2004 2105 2240 2156 omnium
2276 2105 2552 2157 scientiam
2583 2120 2823 2168 sumens,
2847 2119 3006 2172 agere
3032 2115 3207 2158 tamen
3238 2107 3398 2159 etiam
3429 2109 3542 2175 ipse

2003 2194 2199 2260 gratias
2233 2193 2424 2246 dicitur
2452 2193 2574 2246 Deo.

2071 2281 2158 2335 59.
2200 2281 2365 2335 Nemo
2408 2285 2542 2335 enim
2581 2293 2810 2336 nostrum
2849 2286 2948 2336 sibi
2981 2287 3121 2349 vivit,
3153 2297 3198 2339 et
3246 2303 3390 2340 nemo
3436 2288 3560 2342 sibi'

2003 2370 2259 2432 moritur;
2301 2371 2403 2422 sive
2433 2372 2588 2422 etiam
2633 2372 2866 2431 vivimus,
2909 2372 3126 2426 Domino
3160 2375 3413 2440 vivimus;
3436 2377 3538 2430 sive

2001 2459 2270 2522 morimur,
2294 2457 2516 2512 Domino
2546 2461 2818 2512 morimur.
2850 2459 2966 2513 Sive
2993 2464 3148 2528 igitur
3175 2465 3414 2525 vivimus,
3433 2466 3537 2517 sive

2001 2548 2274 2611 morimur,
2315 2546 2522 2600 Domini
2567 2565 2762 2601 sumus.
2814 2549 2878 2601 In
2913 2551 3006 2603 hoc
3043 2553 3180 2603 enim
3213 2551 3452 2606 Christus
3489 2558 3538 2607 et

2003 2651 2233 2693 mortuus
2260 2648 2357 2704 est,
2385 2651 2433 2692 et
2469 2641 2614 2703 vixit,
2636 2651 2688 2692 ut
2711 2651 2756 2693 et
2780 2651 3096 2693 mortuorum
3121 2653 3164 2695 et
3189 2645 3418 2696 vivorum
3441 2644 3533 2696 do-

2001 2728 2302 2783 minetur".
2349 2729 2484 2794 Quid
2533 2730 2602 2780 sit
2650 2731 2828 2782 vivere
2874 2730 2923 2781 in
2967 2729 3207 2793 Christo,
3244 2733 3447 2799 etquid
3472 2733 3540 2786 sit

2003 2820 2137 2871 mori
2171 2821 2220 2871 in
2261 2819 2495 2878 Christo,
2527 2820 2724 2872 dictum
2767 2833 2904 2886 saepe
2945 2834 2971 2870 a
3011 2820 3162 2872 nobis
3187 2832 3269 2874 est
3301 2824 3352 2873 in
3385 2822 3539 2890 hujus

2002 2907 2250 2974 Epistola:
2291 2907 2648 2972 expositione,
2686 2916 2740 2960 et
2783 2907 3047 2974 praecipue
3089 2909 3141 2960 in
3179 2924 3244 2961 eo
3291 2911 3402 2963 loco
3447 2911 3538 2964 ubi

2001 2995 2285 3063 explanare
2318 2997 2644 3047 tentavimns
2671 3009 2969 3048 sermonem
3011 2995 3250 3062 Apostoli
3286 3011 3390 3063 quo
3415 2997 3490 3051 ait
3517 3010 3537 3050 :

2001 3083 2063 3138 Si
2087 3094 2255 3137 autem
2283 3087 2474 3136 mortui
2504 3100 2678 3137 sumus
2715 3100 2826 3136 cum
2859 3084 3088 3149 Christo,
3131 3086 3384 3138 credimus
3413 3089 3539 3154 quia

1998 3185 2042 3226 et
2074 3175 2397 3226 convivemus
2423 3174 2553 3226 ei“.
2590 3173 2644 3226 Si
2675 3187 2802 3242 ergo
2833 3175 3169 3228 meminimus
3198 3189 3316 3242 quae
3343 3177 3395 3228 in
3435 3179 3538 3230 hoc

1997 3263 2115 3316 loco
2151 3263 2291 3316 dicta
2332 3272 2476 3325 sunt,
2518 3277 2584 3317 ex
2631 3263 2758 3331 ipsis
2792 3265 2954 3317 etiam
2983 3266 3296 3332 propositus
3325 3268 3376 3317 in
3405 3280 3538 3333 prm-

1998 3353 2134 3407 senti
2164 3367 2345 3407 sermo
2391 3353 2634 3421 Apostoli
2679 3354 2914 3420 apertior
2941 3363 2993 3407 et
3015 3353 3242 3408 lucidior
3269 3353 3378 3419 ﬁet,
3409 3370 3536 3422 quo-

1997 3441 2154 3495 modo
2183 3454 2342 3494 nemo
2381 3440 2492 3510 (71)
2525 3451 2764 3496 nostrum
2800 3441 2900 3495 sibi
2949 3444 3112 3507 vivat,
3143 3452 3197 3498 et
3241 3457 3397 3498 nemo
3429 3445 3532 3497 sibi

1999 3533 2280 3585 moriatur.
2312 3531 2426 3586 Non
2459 3532 2600 3586 enim
2637 3534 2999 3602 unusquisque
3035 3535 3146 3603 ipse
3173 3535 3274 3588 sibi
3300 3535 3412 3598 dat,
3438 3537 3534 3589 sed

1998 3636 2029 3674 a
2067 3620 2287 3675 Christo
2331 3620 2494 3676 sumit
2535 3623 2720 3676 mortis
2755 3623 3076 3690 exemplum,
3112 3624 3205 3691 qui
3235 3624 3380 3677 solus
3403 3638 3530 3693 pec-

1997 3721 2116 3767 cato
2153 3719 2395 3766 mortuus
2426 3719 2508 3764 est
2535 3709 2670 3780 (72),
2716 3721 2771 3764 ut
2819 3720 2872 3764 et
2913 3713 3026 3780 ipse
3078 3713 3375 3766 imitatione
3416 3713 3531 3780 ejus

1996 3801 2161 3870 possit
2203 3801 2410 3856 alienus
2448 3809 2502 3854 et
2544 3809 2783 3854 mortuus
2819 3801 2951 3855 eflici
2993 3817 3022 3854 a
3067 3811 3305 3870 peccato.
3350 3803 3454 3857 Sed
3479 3811 3533 3855 et

1999 3892 2119 3944 vita:
2145 3890 2444 3958 exemplum
2480 3905 2588 3942 non
2619 3891 2718 3958 ipsi
2756 3905 2820 3944 ex
2855 3893 3005 3945 nobis
3044 3893 3317 3957 habemus,
3348 3895 3438 3945 sed
3465 3907 3534 3947 er.

1997 3974 2196 4029 Christi
2232 3977 2622 4030 resurrectione
2651 3979 2992 4046 suscipimus,
3027 3989 3085 4032 ut
3126 3980 3262 4034 idem
3293 3981 3528 4047 Aposto-

1998 4063 2080 4116 lus
2108 4063 2272 4117 dicit:
2302 4062 2369 4116 Ut
2403 4066 2533 4117 sicut
2565 4063 2800 4118 Christus
2833 4070 3112 4120 resurrexit
3138 4086 3168 4121 a
3200 4071 3416 4121 mortuis
3439 4085 3531 4136 per

1994 4153 2213 4222 gloriam
2253 4151 2451 4217 Patris,
2495 4154 2566 4206 ita
2599 4165 2646 4207 et
2683 4172 2772 4209 nos
2807 4158 2858 4208 in
2890 4159 3108 4210 novitate
3145 4160 3258 4211 vita:
3301 4161 3536 4211 ambule-

3250 4271 3313 4301 ⁶⁹’
3351 4270 3368 4322 1
3401 4271 3527 4327 Cor.

3305 4343 3349 4371 ’⁵
3374 4340 3526 4397 Rom.

2125 4270 2167 4300 ⁸⁸
2188 4268 2330 4322 Psal.
2364 4283 2538 4330 csuv,
2564 4269 2647 4322 M.
2729 4271 2770 4302 ⁸³
2799 4270 2952 4324 Rom.
2983 4287 3088 4332 xlv,
3119 4270 3171 4323 5.

2053 4498 2161 4565 (68)
2205 4499 2298 4551 Ms.
2350 4497 2546 4566 Regius
2599 4514 2743 4550 unm.
2792 4500 2961 4565 1639,
3012 4501 3134 4566 quia
3172 4500 3524 4556 illuminat....

1982 4570 2099 4634 quia
2125 4569 2520 4636 ignorantia...
2552 4569 2673 4636 quia
2701 4568 2962 4620 Christum
2984 4607 2999 4630 ,
3028 4579 3128 4622 etc.
3176 4567 3280 4622 Sed
3347 4573 3524 4623 czcteri

1981 4652 2133 4689 mss..
2164 4635 2414 4688 Rabanus
2444 4645 2498 4688 et
2522 4635 2648 4687 editi
2680 4645 2734 4686 ut
2765 4638 2816 4687 in
2852 4645 3033 4690 nostro
3062 4645 3228 4688 textu.

2049 4704 2157 4770 (69)
2192 4703 2279 4756 Sic
2303 4719 2400 4755 ms.
2435 4702 2628 4770 Regius
2653 4718 2796 4753 num.
2832 4703 3187 4757 l6.i0.C:cteri
3216 4717 3340 4756 vero
3365 4721 3518 4768 mss.,

1980 4769 2226 4824 Rahanns
2241 4781 2292 4822 et
2319 4771 2468 4832 editi,
2499 4769 2667 4836 capiat
2694 4769 2812 4838 (aL,
2833 4773 3022 4836 capiet)
3047 4787 3246 4832 sensus,
3274 4783 3319 4821 et
3344 4777 3385 4822 si
3414 4790 3514 4826 non

1976 4841 2065 4905 qui
2105 4841 2170 4892 ad
2213 4840 2578 4903 plenitudinem
2607 4839 2834 4890 scientiis
2863 4840 3142 4905 sufﬁciant,
3171 4849 3222 4890 at
3253 4849 3389 4890 certe
3430 4843 3518 4906 qui

1978 4909 2045 4959 ad
2077 4922 2327 4959 summam
2360 4908 2483 4973 ﬁdei
2511 4908 2644 4958 satis
2666 4907 2789 4962 sint,
2816 4907 2967 4969 editi,
3003 4908 3152 4973 ﬁunt.

2048 4973 2157 5045 (71))
2192 4975 2352 5045 Editi,
2395 4976 2673 5045 secundum
2697 4975 3054 5045 apostolicum
3080 4988 3286 5045 sensum
3315 4985 3370 5045 et
3391 4991 3518 5026 con-

1978 5040 2148 5096 silium
2179 5043 2376 5108 gratias
2400 5045 2506 5107 agit
2535 5041 2659 5092 Deo.
2697 5040 2790 5095 Ms.
2818 5041 3014 5106 Regius
3060 5057 3207 5093 num.
3245 5043 3400 5100 1659.
3429 5059 3516 5095 se-

1976 5115 2198 5165 cundum
2227 5109 2456 5174 Apostoli
2483 5109 2776 5170 consilium,
2797 5110 2991 5177 gratias
3015 5116 3138 5175 agat
3172 5110 3294 5161 Deo.
3319 5111 3514 5166 Ceteri

1977 5195 2103 5233 vero
2129 5192 2256 5230 mss.
2288 5187 2342 5230 et
2377 5177 2624 5229 Rabanus
2650 5187 2711 5229 nt
2751 5177 2800 5228 in
2833 5185 3015 5229 nostro
3043 5186 3208 5229 textu.

2045 5249 2153 5315 (7i)
2186 5246 2344 5315 Editi,
2378 5248 2430 5295 in
2460 5246 2695 5315 pra'senti
2730 5260 2959 5297 sermone
2979 5245 3254 5315 Apostolus
3283 5250 3512 5312 apertior

1976 5328 2020 5368 et
2049 5312 2270 5366 lucidior
2297 5314 2380 5379 ﬁet
2407 5329 2424 5364 :
2453 5313 2706 5379 quomodo
2735 5329 2901 5376 nemo,
2948 5324 3052 5366 etc.
3085 5312 3214 5366 Mss.
3244 5317 3462 5382 quidam
3493 5357 3510 5382 ,

1975 5386 2028 5437 in
2063 5385 2300 5450 praesenti
2331 5397 2496 5450 sermo
2540 5381 2768 5450 Apostoli
2800 5384 3004 5434 videtur
3029 5381 3274 5450 apertior,
3305 5395 3350 5435 et
3378 5381 3510 5438 lucié

1980 5456 2095 5505 dior
2119 5454 2226 5519 ﬁet,
2255 5462 2356 5504 etc.
2392 5449 2494 5502 Sed
2532 5465 2630 5500 ms.
2664 5449 2855 5516 Regius
2894 5464 3037 5502 num.
3072 5449 3205 5502 1659
3249 5461 3302 5504 et
3340 5453 3516 5508 Raba-

1983 5537 2081 5576 nus
2110 5531 2166 5573 ut
2198 5523 2248 5572 in
2281 5528 2460 5571 nostro
2493 5526 2656 5568 texui.

2055 5588 2164 5660 (72)
2194 5590 2352 5654 Editi,
2381 5587 2466 5656 qui
2492 5585 2586 5638 soli
2611 5584 2727 5653 (al.,
2762 5585 2890 5655 solo)
2928 5593 3133 5654 peccato
3165 5600 3393 5642 mortuus
3415 5600 3512 5643 est.
