3910 6226
373 246 495 299 1241

1281 246 1628 304 COMMENT.
1667 248 1732 302 IN
1767 247 1978 302 EPIST.
2019 194 2110 300 A'D
2142 245 2304 299 80M.
2338 243 2464 299 LIB.
2497 242 2590 300 1X.

3375 239 3514 296 1242

368 374 464 426 gna
518 355 644 410 Deo.
683 355 868 422 Itaque
921 354 1032 424 (86)
1067 360 1413 428 unusquisque
1445 371 1679 415 nostrum
1707 379 1800 430 pro
1831 380 1885 417 se
1912 366 1958 420 Α
1983 358 2141 412 altior
2163 366 2218 410 et
2235 357 2554 425 eminentior
2589 353 2798 409 caeteris
2821 351 2908 420 qui
2927 350 3197 420 iudicandi
3217 359 3361 413 sunt,
3393 353 3510 420 iiat,

369 447 611 498 rationem
659 447 834 498 reddet
883 446 1008 499 Deo.
1055 445 1176 500 Non
1222 463 1340 513 ergo
1395 450 1616 518 amplius
1670 452 1885 507 invicem

359 540 647 607 judicemus
671 538 794 590 :sed
831 537 925 589 hoc
940 536 1175 604 judicate
1195 539 1376 606 magis,
1393 556 1454 593 ne
1487 543 1690 608 ponatis
1719 544 1886 610 o/fen-

366 631 558 682 sionem
588 629 765 696 fratri,
795 629 870 682 vel
898 629 1199 682 scandalum
1222 629 1288 683 ⁸⁶.
1334 630 1624 686 Assumens
1666 634 1886 700 Aposto-

366 719 444 772 lus
477 719 588 788 (87)
623 736 809 774 causas
837 735 900 775 ex
927 721 1010 774 his
1039 721 1090 772 in
1117 721 1308 787 quibus
1341 736 1446 774 non
1481 731 1624 775 recte
1651 718 1887 790 judicant

363 809 414 862 hi
440 809 527 876 qui
552 810 800 876 judicant
829 811 1047 871 fratres.
1075 812 1206 865 recti
1235 821 1287 865 et
1322 811 1449 878 justi
1496 812 1783 866 introducit
1809 812 1885 865 di-

362 899 468 950 vini
503 898 692 966 judicii
722 900 964 959 formam.
997 907 1050 953 et
1072 901 1186 953 ait:
1217 898 1405 952 Omnes
1442 901 1576 953 enim
1613 916 1714 953 nos
1749 911 1886 953 stare

364 997 559 1055 oportet
589 999 710 1041 ante
735 989 960 1042 tribunal
987 990 1116 1055 Dei;
1140 1006 1243 1058 quo
1269 991 1470 1045 scilicet
1498 991 1702 1043 noverit
1727 991 1770 1043 is
1794 991 1884 1057 qui

353 1073 556 1140 judicat
581 1074 821 1138 fratrem,
857 1084 1058 1129 tantum
1097 1093 1154 1131 se
1185 1077 1383 1130 crimen
1429 1077 1676 1130 elationis
1709 1077 1885 1130 incur-

356 1175 488 1225 rere,
522 1171 581 1216 ut
601 1163 827 1217 tribunal
867 1165 956 1220 Dei
981 1166 1078 1220 sibi
1111 1165 1346 1219 videatur
1366 1179 1654 1239 assumere,
1677 1175 1729 1217 et
1758 1165 1885 1220 Uni-

355 1253 510 1319 geniti
527 1253 786 1320 judicium
818 1257 1130 1323 prtevenire.
1160 1255 1350 1309 Verum
1374 1256 1498 1323 quid
1520 1255 1616 1308 sibi
1641 1256 1762 1308 velit
1791 1257 1886 1310 hoc

354 1341 520 1407 ipsum
567 1343 706 1408 quod
751 1333 1036 1410 Apostolus
1076 1343 1307 1396 tribunal
1374 1344 1467 1396 Dei
1514 1355 1791 1408 memorat,
1832 1353 1886 1397 et

351 1431 621 1496 quomodo
667 1431 1067 1502 intelligendum
1116 1434 1186 1488 sit
1222 1434 1515 1487 videamus.
1555 1432 1669 1486 Non
1714 1434 1883 1487 solum

351 1519 488 1572 enim
510 1519 624 1588 (88)
659 1520 710 1572 in
753 1521 853 1575 hoe
903 1521 1042 1589 loco,
1082 1525 1174 1575 sed
1215 1532 1269 1578 et
1308 1525 1374 1577 ad
1425 1524 1726 1577 Corinthios
1751 1524 1883 1577 seri-

348 1610 498 1671 bens,
534 1611 819 1665 tribunalis
853 1611 981 1665 facit
1021 1612 1366 1667 nihilominus
1407 1615 1750 1677 mentionem,
1791 1614 1879 1666 ubi

1983 463 2051 501 ne
2071 455 2408 513 conspectum
2426 448 2540 514 ejus
2555 446 2756 499 lateant
2774 443 2853 496 vel
2873 458 3082 496 reorum
3105 441 3212 510 (92)
3231 442 3509 510 supplicia,

1984 535 2068 589 vel
2123 535 2464 604 allegationes
2519 534 2914 597 innocentium;
2951 531 3021 584 ita
3071 531 3419 597 intelligamus
3456 540 3512 585 et

1977 623 2208 692 judicem
2226 623 2458 677 omnium
2480 623 2748 677 Christum
2787 632 2976 674 natura
3005 629 3057 674 et
3081 620 3356 686 majestate
3382 635 3513 673 cun-

1982 709 2086 762 ctis
2135 709 2456 761 eminentem
2500 709 2849 775 introspicere
2880 707 3042 759 corda
3071 716 3124 758 et
3162 707 3512 760 conscientias

1982 797 2331 865 singulorum,
2371 797 2712 850 manifestare
2742 797 2970 858 occulta,
3001 807 3046 849 et
3070 796 3279 848 obtecta
3316 796 3514 848 revela-

1983 900 2061 951 re,
2093 897 2151 939 ut
2175 898 2227 940 et
2249 887 2402 940 bonis
2437 887 2644 939 actibus
2676 886 2886 938 laudem
2919 887 3205 947 tribuat,et
3240 885 3360 937 mali
3394 897 3509 952 pce-

1981 991 2104 1030 nam
2154 992 2312 1042 quam
2347 985 2618 1030 merentur
2651 976 2920 1042 excipiant
2951 974 3079 1043 (95).
3124 975 3272 1040 Quod
3321 977 3364 1027 si
3401 991 3512 1027 ma-

1982 1076 2070 1119 net
2101 1066 2257 1136 663
2281 1065 2510 1118 futurum
2533 1065 2792 1132 judicium
2825 1064 2934 1126 Dei,
2967 1073 3019 1117 et
3040 1063 3144 1116 tale
3168 1063 3429 1130 judicium
3456 1064 3511 1117 in

1982 1168 2085 1222 quo
2118 1172 2220 1208 non
2260 1155 2432 1208 solum
2478 1153 2843 1220 unusquisque
2895 1153 3112 1221 recipiet
3158 1169 3254 1221 pro
3300 1153 3510 1207 actibus

1981 1245 2110 1307 suis,
2138 1245 2227 1297 sed
2254 1255 2306 1297 et
2325 1259 2418 1312 pro
2451 1245 2592 1297 omni
2627 1244 2799 1295 otioso
2823 1243 2984 1294 verbo
3015 1243 3200 1296 reddet
3227 1244 3508 1309 rationem,

1980 1337 2266 1386 secundum
2333 1336 2651 1387 sententiam
2725 1332 2938 1384 Domini
3005 1333 3050 1362 '°
3098 1351 3111 1386 :
3165 1333 3511 1400 cogitationes

1980 1437 2190 1490 quoque
2250 1426 2400 1476 malae
2471 1422 2600 1491 (94)
2676 1421 3094 1474 eonfutabuntur
3162 1423 3510 1490 redarguente

1979 1513 2325 1575 conscientia,
2357 1523 2410 1566 et
2435 1513 2486 1565 in
2521 1513 2764 1565 munibus
2798 1494 3142 1578 unusquisque
3167 1523 3392 1562 nostrum
3417 1527 3508 1574 pro

1979 1616 2033 1652 se
2057 1601 2306 1653 rationem
2344 1604 2518 1653 reddet
2560 1601 2688 1654 Deo.
2735 1602 2852 1655 Non
2875 1618 3013 1669 ergo,
3047 1600 3252 1666 inquit,
3289 1600 3510 1665 amplius

347 1698 460 1749 ait:
488 1691 715 1766 Propter
754 1701 894 1766 quod
945 1701 1206 1753 studemus
1267 1702 1370 1754 sive
1429 1672 1747 1768 prtesentes,’
1775 1702 1871 1754 sive

1977 1688 2193 1741 invicem
2234 1689 2550 1756 judicemus.
2596 1691 2736 1743 sicut
2779 1699 2832 1742 et
2879 1689 2932 1741 in
2978 1689 3095 1742 aliis
3123 1689 3251 1740 dicit
3281 1703 3296 1740 :
3325 1686 3509 1754 Itaque

347 1789 579 1840 absentes
612 1789 816 1854 placere
863 1789 961 1842 illi.
1003 1789 1190 1842 amnes
1233 1791 1367 1841 enim
1399 1805 1490 1841 nos
1521 1789 1631 1854 (89)
1655 1789 1875 1856 manife-

345 1877 470 1926 stari
504 1883 707 1941 oportet
742 1886 860 1928 ante
882 1876 1112 1928 tribunal
1137 1875 1352 1939 Christi,
1389 1885 1447 1927 ut
1476 1876 1687 1940 recipiat
1719 1891 1878 1928 unus-

343 1966 564 2032 quisque
601 1980 693 2031 per
731 1980 914 2032 corpus
945 1974 1098 2030 prout
1121 1966 1295 2033 gessit,
1323 1966 1425 2018 sive
1451 1967 1605 2027 bona,
1641 1966 1742 2017 sive
1767 1982 1877 2017 nta-

341 2053 467 2105 la".
501 2052 611 2106 Sed
640 2061 696 2106 et
722 2054 862 2120 apud
896 2053 1167 2106 Danielem
1221 2055 1533 2120 prophetam
1581 2054 1876 2106 invenimus

345 2143 464 2195 talia
495 2144 744 2210 quaedam
787 2143 851 2196 de
886 2143 1157 2209 iudicandi
1187 2144 1363 2210 specie
1404 2142 1687 2209 descripta.
1730 2141 1879 2194 Vide-

342 2235 475 2295 bam,
507 2233 704 2300 inquit,
737 2243 784 2284 et
814 2248 926 2284 ecce
968 2233 1108 2284 sedes
1137 2233 1318 2298 positae
1347 2243 1520 2293 erant,
1551 2241 1596 2283 et
1634 2229 1876 2284 Vetustas

341 2323 543 2374 dierum
569 2321 797 2384 sedebat,
823 2331 869 2372 et
900 2321 1255 2372 indumentum
1285 2319 1397 2386 ejus
1420 2322 1550 2372 sicut
1575 2319 1664 2372 nix
1695 2321 1876 2372 candi-

337 2411 481 2472 dum,
517 2420 569 2461 et
598 2409 772 2476 capilli
796 2410 980 2476 capitis
1004 2407 1116 2475 ejus
1145 2410 1278 2460 sicut
1311 2411 1434 2460 lana
1463 2411 1675 2461 munda.
1712 2408 1876 2460 Thro-

337 2513 430 2550 nus
462 2499 580 2565 ejus
618 2499 832 2564 ﬂamma
858 2498 1012 2565 ignis,
1044 2507 1171 2549 rotae
1202 2498 1313 2566 ejus
1361 2499 1494 2565 ignis
1518 2499 1871 2567 inﬂammans,

336 2587 520 2654 fluvius
551 2588 684 2654 ignis
731 2588 965 2638 currebat
999 2597 1116 2638 ante
1148 2588 1335 2653 ipsum.
1362 2585 1551 2640 Millies
1581 2587 1744 2639 millia
1772 2588 1872 2639 mi-

335 2677 631 2728 nistrabant
671 2677 738 2738 ei,
784 2684 831 2728 et
866 2678 1034 2728 decies
1074 2677 1260 2728 millies
1291 2677 1423 2729 dena
1464 2677 1630 2728 millia
1663 2678 1872 2729 assiste-

336 2765 455 2816 bant
499 2776 622 2816 ante
658 2780 793 2816 eum.
850 2763 1116 2816 Iudicium
1178 2765 1445 2817 constituit
1491 2765 1621 2833 (90),
1655 2775 1701 2818 et
1753 2765 1871 2816 libri

335 2854 500 2918 aperti
551 2853 752 2905 sunt“.
801 2853 856 2905 In
906 2853 1186 2906 duodecim
1231 2869 1443 2920 quoque
1488 2854 1866 2921 prophetarum

334 2943 490 3008 libro,
526 2943 629 2997 sub
675 2944 926 3012 mysterio
978 2944 1229 2996 dicitur”
1264 2946 1387 3012 quia
1427 2945 1480 2996 in
1515 2945 1658 2997 valle
1708 2945 1864 3000 Josa-

334 3037 460 3103 pltat
488 3035 749 3088 Dominus
772 3034 970 3102 iudicet
995 3035 1241 3102 populum
1265 3051 1416 3090 suum
1445 3051 1458 3085 :
1495 3037 1658 3104 ipsam
1697 3045 1871 3089 autem

331 3126 524 3179 vallem
553 3124 810 3192 Josaphat
838 3127 991 3192 paulo
1021 3136 1136 3192 post
1166 3126 1350 3178 vallem
1371 3125 1561 3192 judicii
1608 3125 1865 3178 nominat.

334 3215 438 3267 Sed
483 3215 551 3268 de
582 3215 666 3268 his
714 3229 852 3268 nunc
889 3215 1132 3281 singulis,
1161 3230 1276 3282 quae
1312 3214 1673 3267 similitudinis
1708 3227 1869 3265 causa

331 3306 677 3372 protulimus,
722 3305 988 3356 disserere
1036 3305 1249 3370 longum
1285 3303 1513 3356 videtur.
1562 3303 1638 3355 Ea
1696 3309 1866 3354 tamen

328 3410 446 3463 quae
495 3396 564 3447 ad
609 3393 912 3446 Corinthios
953 3393 1227 3458 scripsisse
1263 3391 1863 3459 Apostolumodiximus,

330 3486 672 3538 conferentes
715 3497 835 3534 eum
873 3483 1118 3547 praesenti
1170 3481 1306 3545 loco,
1351 3481 1432 3534 vel
1493 3479 1700 3533 caneris
1753 3494 1869 3546 quae

331 3575 470 3642 apud
519 3573 816 3641 prophetas
840 3571 1166 3640 (9l)scripta
1226 3569 1662 3630 memoravimus,
1693 3568 1871 3621 decla-

327 3667 434 3718 rari
470 3664 718 3716 videmus
761 3675 823 3712 ex
869 3661 1118 3712 omnibus
1155 3659 1455 3712 certissime
1488 3657 1718 3709 futurum
1748 3671 1864 3709 esse

321 3754 584 3822 judicium
623 3751 748 3812 Dei;
780 3749 932 3814 cujus
980 3749 1186 3816 species
1227 3757 1282 3799 ut
1338 3748 1510 3799 notior
1564 3746 1866 3800 hominibus

328 3844 507 3904 tieret,
543 3839 816 3905 judicandi
867 3836 1035 3889 forma
1074 3849 1135 3888 ex
1183 3835 1263 3887 his
1295 3850 1412 3901 qua:
1446 3834 1582 3886 inter
1624 3833 1862 3885 homines

326 3937 593 3996 geruntur
637 3936 908 3991 assumpta
958 3931 1059 3981 est,
1105 3935 1213 3988 quo
1265 3921 1467 3973 scilicet
1502 3933 1859 3979 posceremus,

324 4020 452 4084 quia
488 4016 631 4068 sicut
659 4011 820 4081 judex
854 4013 954 4065 iste
983 4017 1225 4064 terrenus
1269 4009 1543 4062 celsiorem
1581 4009 1862 4075 quemdam

324 4106 509 4159 locum
537 4102 681 4172 quod
719 4101 946 4154 tribunal
977 4100 1290 4168 appellatur,
1323 4097 1583 4160 ascendit,
1616 4104 1671 4148 ut
1705 4111 1770 4149 ex
1801 4109 1866 4149 eo

393 4241 440 4272 ⁸⁸
476 4241 632 4291 Rom.
660 4251 769 4298 xw,
805 4236 987 4288 10-15.
1062 4237 1105 4266 ⁸⁷
1136 4236 1184 4290 ll.
1207 4236 1330 4288 Cor.
1362 4251 1415 4294 v,
1453 4234 1506 4296 9,
1540 4232 1624 4285 10.

1714 4231 1758 4263 ⁸⁸
1785 4232 1916 4284 Dan.
1945 4245 2040 4293 vn,
2071 4230 2127 4293 9,
2153 4229 2239 4282 10.

323 4311 367 4342 ’ί
400 4310 419 4362 l
459 4310 586 4361 Cor.
631 4321 705 4369 tv,
739 4305 792 4357 5.
867 4304 910 4334 θ’
941 4306 958 4356 ι
984 4304 1108 4358 Cor.
1139 4305 1308 4368 tn,l3.
1381 4303 1426 4334 ”
1457 4303 1649 4370 Ephes.
1689 4316 1740 4366 v,
1770 4301 1856 4354 15.

1971 4301 2133 4353 'Dan.
2157 4314 2254 4363 vtt,
2289 4299 2377 4352 10.
2449 4299 2492 4330 ³³
2527 4301 2655 4354 ibid.
2689 4303 2742 4355 9.

1973 1777 2128 1829 nolite
2161 1787 2281 1830 ante
2329 1788 2522 1843 tempus
2570 1780 2690 1846 quid
2734 1779 2993 1846 judicare,
3036 1793 3294 1845 usquequo
3338 1778 3508 1829 venint

1971 1863 2224 1916 Dominus
2249 1865 2337 1932 qui
2368 1866 2679 1916 illuminabit
2705 1864 2906 1915 occulta
2943 1866 3287 1924 tenebrarum,
3313 1874 3358 1915 et
3393 1881 3507 1914 ma-

1976 1953 2240 2018 nifestabit
2271 1954 2489 2005 consilia
2518 1956 2746 2006 cordiunt
2772 1971 2789 2007 :
2818 1964 2861 2005 et
2889 1965 3008 2003 tunc
3038 1954 3153 2004 laus
3180 1955 3272 2004 erit
3308 1953 3508 2004 unicui-

1973 2055 2070 2108 que
2112 2057 2144 2090 a
2206 2040 2310 2092 Deo
2344 2042 2386 2072 ⁹¹
2425 2041 2557 2110 (95).
2602 2043 2897 2094 Nudabitur
2951 2043 3090 2094 enim
3137 2045 3416 2105 universae,
3453 2052 3510 2092 ut

1973 2143 2070 2195 ego
2101 2128 2358 2193 arbitror,
2384 2140 2651 2183 creatura:
2681 2132 2980 2184 rationabili
3012 2147 3106 2184 cor
3143 2143 3381 2182 nostrum
3408 2171 3420 2190 .
3459 2141 3509 2183 et

1975 2217 2350 2270 revelabuntur
2399 2220 2634 2286 occulta,
2673 2221 2754 2273 vel
2800 2222 2958 2272 etiam
3007 2220 3504 2272 manifestabuntur.

1971 2305 2068 2359 Est
2114 2308 2255 2361 enim
2304 2307 2621 2362 differentia.
2671 2308 2927 2364 Videntur
2984 2311 3123 2362 enim
3175 2326 3234 2362 ea
3295 2311 3504 2376 quidem

1971 2411 2089 2465 quae
2134 2397 2458 2462 revelantur,
2513 2401 2576 2450 ad
2629 2401 2792 2452 malos
2841 2399 3144 2466 pertinere,
3195 2401 3260 2452 de
3316 2400 3509 2465 quibus

1970 2487 2165 2540 dicitur
2192 2509 2202 2542 :
2233 2487 2300 2540 In
2350 2489 2464 2556 igne
2498 2491 2632 2543 enim
2667 2491 2974 2542 revelabitur
3005 2491 3048 2521 θ’
3074 2508 3088 2555 ;
3119 2505 3179 2540 ea
3217 2505 3343 2568 vero
3385 2505 3505 2556 qua:

1972 2578 2412 2644 manifestantur,
2458 2581 2521 2632 ad
2569 2582 2768 2643 bonos;
2814 2590 2868 2632 et
2915 2581 3032 2632 ideo
3071 2581 3265 2633 dicitur
3299 2601 3310 2633 :
3345 2579 3507 2631 Omne

1967 2669 2102 2722 enim
2141 2670 2278 2736 quod
2308 2669 2688 2736 manifestatur,
2711 2670 2802 2720 lux
2825 2680 2895 2720 est
2925 2669 3001 2720 9'z
3025 2677 3080 2720 et
3111 2679 3355 2736 tanquam
3389 2669 3504 2720 libri

1970 2760 2190 2827 quidam
2240 2759 2520 2827 descripti,
2569 2759 2646 2810 vel
2704 2759 2900 2811 tabula:
2949 2759 3128 2811 incisae
3174 2760 3505 2810 continentes

1970 2845 2181 2898 litteras
2233 2857 2448 2898 actuum
2504 2847 2988 2914 eogitationumque
3030 2858 3381 2918 nostrarum,
3437 2848 3504 2898 ab

1969 2936 2137 2998 omni,
2174 2944 2230 2988 ut
2261 2937 2490 2989 diximus
2515 2978 2529 3000 ,
2558 2946 2800 2988 creatura
2833 2937 3136 2988 rationabili
3181 2938 3499 3005 relcgentur.

1975 3024 2041 3076 Et
2075 3026 2174 3077 hoc
2203 3035 2282 3077 est
2308 3027 2447 3092 quod
2484 3028 2716 3077 arbitror
2739 3026 2966 3078 indicari
2995 3042 3086 3092 per
3115 3027 3377 3079 Danielem
3410 3026 3496 3079 ubi

1971 3113 2140 3166 dicit:
2175 3113 2238 3164 Et
2275 3114 2394 3164 libri
2419 3114 2581 3181 aperti
2616 3124 2732 3166 sunt
2781 3115 2846 3179 “,
2880 3115 2967 3182 qui
3012 3115 3212 3168 scilicet
3252 3117 3302 3167 in
3343 3119 3500 3168 corde

1970 3217 2113 3253 tunc
2145 3202 2360 3254 involuti
2404 3215 2525 3255 sunt
2562 3215 2616 3254 et
2657 3203 2889 3268 obtecti,
2931 3205 3262 3257 continentes
3287 3207 3502 3272 quidem

1970 3291 2166 3358 scripta
2228 3306 2345 3358 quae
2413 3295 2645 3362 gerimus
2697 3297 2828 3363 (9b),
2892 3305 2947 3348 et
2999 3297 3137 3347 notis
3186 3295 3500 3362 quihusdam

1969 3383 2306 3434 conscientiae
2349 3384 2570 3447 sulcati,
2634 3401 2731 3440 nec
2788 3397 2960 3440 tamen
2997 3386 3085 3438 ulli
3122 3387 3224 3438 nisi
3268 3389 3362 3440 soli
3395 3387 3502 3440 Deo

1970 3471 2185 3536 cogniti.
2218 3469 2309 3523 lsti
2343 3487 2471 3541 ergo
2502 3474 2616 3526 libri
2653 3477 2843 3528 anima:
2864 3487 3080 3539 nosti-aa,
3113 3477 3191 3529 vel
3219 3478 3296 3528 ha:
3325 3477 3502 3532 cordis

1972 3559 2143 3611 nostri
2205 3561 2411 3630 paginae
2468 3565 2780 3629 aperientur
2841 3565 2894 3617 in
2974 3577 3261 3633 conspectu
3323 3567 3498 3619 throni

1968 3647 2223 3712 ﬂammei,
2286 3661 2339 3703 et
2393 3660 2628 3703 rotarum
2683 3653 2819 3718 ignis
2866 3653 3120 3712 ardentis,
3164 3665 3216 3706 et
3271 3655 3500 3708 ﬂuminis

1970 3738 2106 3806 ignei
2137 3753 2199 3790 ac
2231 3742 2590 3804 percurrenlis
2618 3753 2740 3792 ante
2775 3739 3046 3794 Vetustum
3081 3743 3285 3794 dierum
3311 3743 3376 3794 ’⁸.
3412 3742 3500 3795 Vi-

1967 3826 2164 3879 debunt
2189 3827 2330 3892 haec,
2366 3840 2419 3880 et
2454 3828 2631 3895 legent
2659 3829 2817 3882 etiam
2847 3831 3042 3897 angeli,
3086 3841 3139 3883 et
3180 3831 3265 3882 illa
3308 3832 3498 3885 millies

1967 3914 2129 3966 millia
2163 3917 2488 3982 angelorum,
2516 3927 2570 3969 et
2605 3919 2778 3974 decies
2821 3921 3011 3974 millies
3039 3922 3169 3973 dena
3210 3921 3373 3973 millia
3401 3923 3498 3974 titi-

1968 4003 2262 4055 nistrorum
2292 4005 2360 4067 ³⁸,
2392 4014 2445 4056 et
2477 4005 2550 4056 ita
2579 4005 2864 4058 criminum
2895 4022 3194 4061 nosuorum
3227 4009 3278 4061 in
3307 4009 3497 4077 quibus

1971 4107 2110 4146 nunc
2159 4107 2322 4146 unum
2357 4093 2542 4146 saltem
2575 4105 2758 4149 testem
2799 4099 2906 4164 pati
2949 4097 3338 4161 confundimur,
3385 4113 3498 4151 cte-

2335 4230 2380 4262 "
2408 4231 2541 4284 ποθι.
2576 4246 2658 4296 ιιι,
2688 4231 2742 4294 2,
2778 4231 2863 4285 12.
2965 4233 3010 4263 ⁹⁰
3042 4231 3224 4287 Matth.
3263 4249 3358 4299 xu,
3403 4235 3494 4292 56.

2335 4299 2377 4352 3.
2449 4299 2492 4330 ³³
2527 4301 2655 4354 ibid.
2689 4303 2742 4355 9.
2848 4301 2894 4332 ⁸⁸
2925 4302 3052 4355 ibid.
3085 4303 3148 4356 to

395 4421 512 4491 (86)
550 4419 1101 4491 I_taque_unusquisque
1151 4429 1380 4491 nostrum
1407 4435 1499 4486 pro
1527 4436 1580 4491 se
1611 4421 1860 4491 rationem
1890 4421 1938 4480 ι)
1964 4389 2066 4478 cia,
2101 4427 2206 4491 etc.
2237 4417 2589 4491 Deindegediti
2616 4418 2863 4491 Omittunt
2887 4421 2958 4491 ita
2976 4426 3100 4472 ante
3127 4417 3494 4489 intelligamus;

322 4486 504 4544 reddet
558 4486 681 4540 Deo.
723 4486 844 4538 Non
891 4502 1008 4551 ergo
1040 4488 1258 4552 amplius
1303 4487 1512 4538 invicem
1541 4489 1858 4553 judicemus,

320 4560 413 4612 sed
435 4559 536 4608 hoc
554 4555 1001 4622 judicateimagis,
1023 4570 1081 4604 ne
1104 4555 1306 4619 ponatis
1337 4555 1663 4621 offensionem
1686 4557 1860 4620 fratri,

319 4627 398 4680 vel
432 4621 762 4677 scandalum.
797 4621 932 4682 llam,
960 4637 1079 4688 qua:
1105 4624 1388 4674 restituunt
1429 4637 1555 4674 mss.
1598 4633 1650 4674 et
1682 4622 1862 4677 Raba-

323 4710 450 4752 nus,
483 4693 537 4742 in
568 4691 716 4742 libris
740 4700 895 4741 antea
933 4690 1091 4742 editis
1119 4704 1223 4741 non
1254 4699 1584 4757 comparent.

395 4759 535 4831 (87)_
554 4757 851 4831 Apostolus.
880 4757 1036 4831 Deest
1058 4758 1107 4809 in
1135 4758 1379 4831 otnnibus
1409 4773 1534 4810 mss.
1564 4759 1786 4825 nostris,
1811 4769 1864 4814 et

321 4825 480 4900 apud
497 4825 809 4900 Rabanum,
835 4826 926 4900 sed
959 4834 1129 4900 exstat
1157 4825 1209 4876 in
1239 4827 1411 4900 editis.

393 4895 508 4964 (88)
549 4895 701 4964 Deest
727 4893 948 4964 enim_i_n
979 4895 1134 4964 libris
1157 4900 1315 4964 antea
1337 4893 1514 4964 editis.

393 4899 486 4964 (88
549 4899 701 4946 Deest
727 4899 861 4944 enim
898 4899 948 4943 in
979 4899 1130 4945 libris
1157 4900 1308 4944 antea
1337 4899 1514 4946 editis.

390 4899 508 5036 (sai
537 4961 691 5036 [inim
733 4976 845 5012 nos.
875 4959 998 5036 Haec
1020 4962 1185 5036 verba
1210 4961 1581 5036 desiderantur
1606 4964 1858 5036 ineditis.

391 5028 508 5100 (90)
546 5029 706 5100 Editi,
733 5028 996 5100 rotte‘ejus
1013 5029 1146 5100 ignis
1165 5030 1630 5100 accensus,fluvius
1660 5033 1858 5098 igneus.

320 5097 524 5154 Millies
562 5097 725 5148 millia
755 5097 1050 5147 ministrant
1079 5099 1190 5150 ei...
1221 5099 1523 5148 assistebant
1559 5104 1626 5157 ei,
1655 5097 1704 5150 et
1732 5112 1848 5153 ante

320 5185 440 5221 eum
467 5165 732 5234 judicium
764 5166 1253 5234 constitutum,ete.
1288 5163 1486 5216 Deinde
1533 5167 1690 5219 iidem
1733 5170 1860 5223 editi

318 5249 374 5290 et
407 5230 541 5286 mss.
575 5235 814 5300 quidam,
836 5230 902 5283 In
924 5233 1468 5300 duodecimoquoque,
1499 5246 1600 5286 etc.

391 5303 506 5373 (91)
539 5298 612 5351 Ita
651 5316 752 5352 ms.
789 5299 983 5373 Regius
1013 5314 1157 5373 num.
1194 5298 1330 5351 1659
1362 5309 1415 5351 et
1443 5299 1714 5356 Rabanus.
1745 5304 1856 5358 Ca3-

324 5369 422 5426 teri
456 5383 586 5420 vero
609 5383 736 5421 mss.
757 5375 810 5418 et
835 5369 986 5427 editi,
1009 5369 1330 5432 prophetam.

393 5438 507 5506 (9‘2)
550 5435 720 5506 Ειέὶιί,Δ
741 5450 801 5484 ne
824 5436 1121 5506 conspectui
1136 5435 1247 5500 ejus
1271 5436 1462 5487 lateant
1487 5437 1560 5488 vel
1583 5437 1855 5503 malorum,

320 5501 429 5560 etc.
464 5501 563 5572 bis.
595 5501 792 5567 Regius
813 5516 964 5572 tium.
997 5501 1152 5561 1059,
1185 5517 1246 5552 ne
1279 5517 1570 5568 conspectus
1621 5509 1734 5572 ejus
1780 5501 1855 5558 la;

324 5588 427 5628 teut
456 5571 530 5624 vel
564 5585 762 5622 reorum
787 5568 1083 5637 (ltabattus,
1110 5576 1305 5624 lateant
1336 5573 1408 5624 vel
1444 5568 1860 5642 rerum)'suppli-

1961 4493 2014 4538 et
2042 4485 2197 4552 paulo
2228 4496 2347 4552 post
2373 4488 2586 4552 habent,
2617 4488 2816 4538 caeteris
2839 4488 3157 4539 eminentem.

2053 4551 2140 4622 95)
2173 4551 2262 4606 Sic
2294 4551 2690 4618 Rabanus,tns.
2717 4555 2912 4621 Regius
2933 4571 3075 4608 num.
3106 4555 3235 4608 1059
3261 4565 3314 4609 et
3342 4557 3490 4612 editi.

1961 4619 2088 4698 Mss.
2115 4619 2248 4699 .vero
2277 4624 2534 4688 plerique,
2569 4632 2618 4675 et
2654 4619 2820 4674 malos
2856 4639 3002 4690 paena
3039 4639 3194 4688 quam
3231 4638 3493 4677 merentur

1960 4699 2202 4754 excipiat.

2033 4760 2144 4823 (94)
2171 4756 2244 4808 lta
2279 4771 2378 4810 ms.
2407 4758 2600 4824 Regius
2631 4773 2775 4808 num.
2802 4757 2954 4810 1659.
2991 4759 3126 4810 Editi
3158 4773 3285 4811 vero
3308 4799 3322 4821 ,
3352 4761 3487 4813 reci-

1961 4825 2062 4892 piet
2097 4841 2190 4892 pro
2223 4827 2440 4887 actibus,
2467 4831 2553 4877 sed
2583 4841 2676 4891 pro
2698 4830 2836 4877 omni
2864 4827 3008 4878 verbo
3050 4829 3214 4878 otioso
3243 4831 3486 4881 reddetur

1961 4892 2187 4961 ratio....
2221 4895 2656 4961 coyitationesque
2687 4897 2871 4961 malw,
2905 4905 3010 4946 etc.
3050 4897 3237 4948 Caneri
3271 4913 3398 4948 mss.
3435 4907 3490 4950 et

1963 4960 2236 5034 Rabanus,
2289 4959 2533 5034 redditur
2595 4959 2818 5034 ratio....
2875 4962 3208 5029 cogitationes
3274 4979 3486 5034 quicque

1964 5038 1982 5098 (
2004 5028 2274 5098 Rabanus,
2309 5028 2540 5095 quoque)
2565 5029 2738 5098 malw,
2763 5041 2867 5098 etc.

2034 5097 2144 5165 (95)
2172 5097 2318 5165 Sicut
2337 5107 2388 5165 et
2411 5102 2463 5148 in
2489 5100 2606 5146 alus
2624 5096 2750 5145 dicit
2780 5111 2800 5148 :
2831 5095 3011 5163 Itaque
3032 5098 3188 5150 nolite
3212 5111 3329 5151 ante
3363 5112 3488 5154 tem-

1964 5163 2057 5242 pus
2091 5163 2484 5242 quidjudicare,
2514 5178 2642 5242 e_tc.,
2677 5179 2845 5242 usque
2875 5172 2940 5216 ad
2960 5203 2973 5225 ,
3005 5180 3048 5216 et
3077 5168 3356 5242 tunclau.‘
3389 5174 3485 5242 erit

1935 5233 2237 5298 -unicuique
2273 5249 2304 5282 a
2354 5231 2478 5284 Deo.
2515 5232 2635 5283 llaac
2670 5233 3037 5301 desiderantur
3075 5236 3126 5286 in
3174 5236 3362 5301 editis;
3391 5239 3485 5290 sed

1961 5303 2315 5373 restituuntur
2354 5314 2417 5373 ex
2453 5317 2578 5373 mss.
2616 5302 2843 5373 nostris.
2887 5299 2984 5352 bis.
3013 5310 3184 5373 tamen
3231 5299 3364 5358 unus
3391 5321 3487 5373 pro

1963 5369 2048 5440 his
2083 5371 2256 5440 verbis
2280 5370 2460 5440 habet,
2493 5372 2578 5440 sed
2608 5366 2699 5440 hoc
2721 5367 2958 5440 judicate
2991 5372 3174 5435 magis,
3202 5387 3261 5422 ne
3282 5366 3484 5440 ponatis

1963 5437 2330 5504 offendiculum
2374 5434 2542 5496 ’ratri,
2580 5434 2655 5484 vel
2699 5439 3045 5504 scandalum,
3079 5434 3219 5504 quod
3269 5434 3487 5496 minimc

1966 5503 2197 5560 conteret
2229 5520 2348 5555 cum
2381 5503 2748 5570 sequentibus.

2034 5571 2144 5641 (96)
2188 5572 2344 5636 Editi,
2393 5572 2631 5641 quietiam
2673 5571 2870 5636 scripta
2899 5588 3009 5640 qute
3040 5575 3278 5641 gerimus.
