3910 6272
271 283 416 337 1215

1210 285 1552 341 COMMENT.
1593 285 1656 338 1N
1698 283 1905 338 EPIST.
1944 285 2029 336 AD
2068 283 2228 338 R031.
2265 283 2385 336 LIB.
2429 280 2519 335 IX.

3294 277 3429 332 1246

267 391 384 445 illis
413 399 782 450 tantummodo
817 398 1074 452 rationem
1103 397 1224 450 boni
1248 414 1348 452 non
1379 401 1582 464 haberi,
1613 401 1664 452 in
1691 401 1805 467 qui—
1834 407 1877 460 Α
1905 400 2169 463 labantur,
2203 401 2265 452 ad
2309 401 2492 452 horum
2524 375 2696 450 autem
2723 395 3115 448 distinctionem
3151 393 3258 462 (16)
3297 392 3392 446 reli
3416 416 3432 429 ο

271 481 380 534 bus
408 483 561 537 valde
591 487 994 553 praeponderent
1026 487 1159 539 mala
1195 486 1290 554 (9);
1327 497 1377 540 et
1418 489 1468 540 in
1507 489 1607 541 illis
1647 490 1808 540 ratio-

270 583 402 620 nem
427 571 552 624 mali
584 588 686 625 non
710 577 898 642 accipi,
930 578 982 628 in
1013 577 1202 642 quibus
1226 576 1627 644 pratponderant
1652 578 1809 640 bona,

269 669 327 710 et
370 661 425 712 itt
473 663 671 729 quibus
699 666 957 717 malorum
992 665 1208 733 vestigia
1236 665 1540 732 pceuitentia
1584 680 1810 718 conver-

271 751 452 803 sionis
479 753 736 806 abolevit.
763 753 834 807 Ut
857 765 1032 808 autem
1061 756 1123 808 ad
1148 754 1403 824 propositi
1425 755 1636 821 capituli
1658 754 1811 807 ﬁnem

273 842 788 910 conclusionemque
817 845 1116 907 redeamus,
1149 859 1291 908 cum,
1332 845 1523 912 inquit,
1571 853 1711 896 tanta
1745 845 1815 896 sit

271 929 422 994 apud
466 930 633 984 Deum
670 940 723 984 et
759 933 892 998 apud
920 932 1183 985 Christum
1225 933 1338 1000 ejus
1375 932 1557 1000 judicii
1595 932 1812 997 veritas,

274 1030 436 1074 tanta
462 1021 658 1076 futurae
696 1025 1106 1078 cxaminationis
1149 1025 1356 1092 indago,
1411 1040 1511 1076 non
1551 1040 1688 1092 ergo,
1721 1025 1812 1087 ait,

273 1113 513 1178 amplius
541 1115 753 1166 invicem
775 1115 1089 1182 judicemus.
1119 1113 1221 1169 Sed
1256 1117 1348 1167 hoc
1373 1116 1607 1182 Judicate
1631 1115 1813 1181 magis,

274 1217 339 1252 ne
360 1205 574 1268 ponatis
604 1205 926 1272 offensionem
963 1205 1160 1272 fratri,
1209 1204 1285 1256 vel
1324 1203 1646 1257 scandalum.
1710 1201 1818 1256 Hoc

272 1291 548 1358 jndicate,
582 1293 632 1345 id
663 1302 744 1346 est
795 1295 897 1346 hoc
940 1293 1160 1346 statuite
1207 1307 1274 1346 ne
1302 1306 1396 1360 per
1423 1292 1818 1345 observantiam

273 1381 532 1433 ciborum
562 1381 884 1435 oﬁ'cnsiones
926 1382 1181 1435 fratribus
1207 1382 1286 1434 vel
1321 1383 1565 1435 scandala
1605 1395 1821 1449 genere-

275 1469 374 1521 tis.
413 1469 490 1522 De
517 1467 805 1522 offensione
844 1471 928 1523 vel
968 1471 1214 1523 seandalo
1245 1471 1353 1538 jam
1396 1485 1553 1536 supra
1592 1470 1820 1522 diximus

274 1558 426 1625 quod
457 1559 766 1612 scandalum
793 1561 859 1613 sit
889 1552 1006 1612 cum
1031 1559 1081 1612 in
1101 1560 1180 1612 via
1207 1573 1308 1626 qua
1333 1559 1593 1612 inceditur
1625 1557 1820 1624 aliquid

274 1647 562 1700 invenitur
587 1649 876 1716 ohjectum,
908 1641 965 1702 in
987 1663 1089 1716 quo
1120 1647 1388 1700 offendant
1424 1648 1535 1716 (10)
1560 1649 1820 1700 scanden-

277 1734 419 1787 tium
459 1723 551 1787 vel;
588 1709 942 1789 incedentium
994 1709 1174 1804 pedes.
1221 1736 1330 1789 Hoc
1369 1709 1450 1790 est
1500 1709 1627 1802 ergo
1680 1737 1817 1804 quod
1848 1709 1893 1767 Β

276 1826 572 1894 patiuntur
598 1827 651 1879 hi
680 1828 768 1894 qui
795 1827 934 1879 viam
977 1826 1095 1880 ﬁdei
1124 1841 1290 1894 nuper
1313 1827 1560 1895 ingressi,
1587 1825 1818 1892 priorum

276 1915 367 1968 vel
399 1912 852 1977 contentionibus,
876 1917 957 1968 vel
987 1915 1321 1984 negligentiis
1340 1953 1354 1978 ,
1400 1914 1484 1968 vel
1519 1923 1820 1984 contemptu

276 2011 333 2056 et
369 2003 700 2056 elationibus
734 2003 1093 2065 oﬁenduntur,
1141 2012 1302 2072 atque
1341 2004 1596 2072 exemplis
1635 2019 1820 2059 eorum

276 2094 496 2148 recussi
521 2093 635 2164 (11)
659 2103 972 2148 avertuntur
1004 2108 1032 2144 a
1068 2093 1188 2147 ﬁde.

353 2183 452 2235 42.
477 2181 602 2235 Scio
630 2191 678 2234 et
711 2183 918 2248 conﬁdo
944 2183 997 2234 in
1027 2181 1242 2234 Domino
1266 2180 1410 2244 Jesu,
1438 2182 1558 2252 quia
1588 2182 1714 2235 nihil
1751 2192 1822 2234 est

279 2280 562 2316 commune
591 2280 680 2327 per
709 2265 896 2329 ipsum,
923 2264 1021 2315 nisi
1053 2265 1099 2316 ei
1120 2264 1203 2331 qui
1237 2263 1492 2315 existimat
1528 2263 1648 2330 quid
1689 2278 1826 2314 com-

279 2369 448 2406 mune
480 2369 612 2416 esse,
652 2352 734 2404 illi
757 2369 1020 2405 commune
1041 2363 1133 2406 est.
1179 2351 1238 2405 Si
1267 2353 1399 2404 enim
1431 2363 1636 2419 propter
1658 2351 1824 2403 cibum

278 2445 474 2512 frater
493 2452 613 2495 tuus
635 2445 992 2508 contristatur,
1019 2444 1133 2508 jam
1166 2457 1266 2494 non
1293 2441 1569 2494 secundum
1599 2441 1826 2492 charito-

279 2544 386 2584 tem
430 2532 692 2585 ambulas.
744 2513 869 2584 Noli
908 2532 1128 2584 cibotuo
1158 2531 1304 2582 illum
1344 2530 1578 2598 perdere,
1607 2545 1699 2597 pro
1725 2545 1826 2597 quo

280 2623 532 2676 Christus
584 2634 818 2675 mortuus
848 2633 923 2676 est
960 2625 1002 2654 ¹⁰
1034 2623 1164 2690 (12).
1217 2622 1455 2678 Diximus
1495 2633 1548 2676 et
1593 2623 1645 2676 in
1688 2623 1826 2687 aliis,

284 2714 444 2782 quod
475 2714 526 2766 in
553 2713 846 2781 Scripturis
867 2714 1068 2768 sanctis
1095 2715 1378 2766 vernacula
1401 2715 1625 2780 quadam
1650 2714 1829 2782 appel-

283 2804 499 2858 latione
531 2803 671 2872 quod
715 2813 956 2857 sanctum
1001 2804 1084 2856 vel
1115 2804 1366 2859 mundum
1396 2819 1502 2858 non
1528 2812 1633 2868 est,
1685 2820 1830 2856 com-

281 2905 457 2944 mune
493 2891 825 2954 nominetur;
861 2904 976 2956 qute
1028 2900 1205 2944 tamen
1255 2889 1537 2957 appellatio
1582 2890 1636 2942 in
1685 2888 1829 2945 Novo

281 2980 643 3032 Testamento
693 2977 1019 3044 frequentius
1065 2979 1333 3032 invenitur
1403 2979 1533 3049 (l3),
1576 2979 1628 3031 in
1655 2979 1828 3034 Veteri

279 3085 418 3124 vero
455 3082 565 3122 non
599 3069 846 3122 recordor
874 3067 1041 3121 sicubi
1061 3068 1330 3120 nominata
1361 3079 1464 3132 est,
1497 3077 1552 3122 ut
1578 3069 1627 3122 in
1656 3069 1828 3122 Evan-

279 3161 431 3230 gelio
475 3157 722 3210 Salvator
755 3156 907 3219 dicit,
935 3153 1058 3222 quia
1090 3155 1152 3206 de
1184 3156 1337 3207 corde
1373 3155 1653 3222 procedunt
1685 3157 1825 3223 cogi-

281 3251 524 3303 tationes
557 3247 732 3310 malw,
761 3246 1060 3306 homicidia,
1095 3245 1497 3310 fornicationes,
1545 3245 1825 3309 adulteria,

283 3339 463 3406 furta,
506 3337 645 3404 falsa
672 3335 960 3388 testimonia
989 3349 1004 3385 :
1034 3344 1080 3386 et
1109 3335 1208 3386 ista
1243 3345 1362 3386 sunt
1394 3352 1507 3403 quae
1543 3335 1827 3388 communi-

281 3439 406 3481 cant
434 3425 552 3496 (M)
590 3425 865 3476 hominem.
907 3423 1028 3476 Non
1066 3424 1186 3475 latis
1219 3433 1389 3476 autem
1418 3425 1649 3478 manibus
1677 3441 1826 3477 man-

281 3519 513 3580 ducare,
578 3528 680 3565 non
725 3514 1064 3564 communicat
1097 3513 1351 3565 hominem
1384 3514 1447 3564 “.
1480 3512 1732 3579 Quamvis
1775 3513 1827 3566 in

283 3604 573 3661 nonnullis
613 3601 1001 3668 exemplaribus
1050 3601 1226 3656 Latini
1273 3617 1368 3671 pro
1411 3606 1830 3668 communicant,

283 3695 638 3763 coinquinant
683 3693 980 3759 posuerint,
1031 3701 1083 3745 et
1117 3692 1240 3746 licet
1292 3694 1476 3746 eadem
1521 3693 1689 3747 virtus
1740 3694 1828 3757 sit,

283 3786 605 3856 prOprietas
633 3793 806 3836 tamen
835 3783 1098 3837 sermonis
1121 3785 1463 3836 communicat
1496 3785 1652 3857 habet
1693 3784 1826 3856 (15).

285 3875 401 3929 Sed
448 3882 507 3927 et
551 3873 606 3926 in
645 3872 863 3925 Actibus
899 3873 1254 3940 apostolorum
1305 3871 1556 3927 Dominus
1593 3875 1720 3929 dicit
1765 3875 1830 3928 ad

282 3963 516 4020 Petrum
549 3977 564 4014 :
593 3959 740 4024 Quod
762 3959 898 4012 Deus
918 3962 1200 4026 mandauit,
1229 3970 1284 4013 tu
1309 3977 1573 4015 commune
1602 3979 1662 4016 ne
1687 3963 1831 4016 dixe-

283 4053 364 4104 ris
403 4051 470 4102 ¹¹.
508 4049 644 4102 Ρυιο
697 4060 825 4113 ergo
883 4047 1005 4101 inde
1036 4063 1187 4102 usum
1231 4049 1388 4118 hujus
1436 4052 1695 4105 sermonis
1745 4067 1831 4105 as-

283 4149 595 4206 sumptum,
656 4145 711 4188 ttt
737 4139 884 4204 quia,
924 4136 1074 4190 verbi
1116 4139 1320 4204 gratia,
1359 4153 1483 4192 vasa
1511 4141 1688 4206 templi
1724 4141 1827 4192 mi-

1908 504 2009 555 qua
2039 502 2159 539 vasa
2197 487 2497 538 communia
2528 484 2869 545 dicebantur;
2903 483 2972 534 ita
3005 493 3059 535 et
3093 483 3156 534 ad
3187 483 3428 535 ciborum

1909 575 2322 637 distinctionem,
2356 589 2539 628 eorum
2565 585 2699 640 quos
2726 572 2876 639 quasi
2918 572 3142 625 mundos
3168 582 3220 625 et
3245 587 3434 625 secun-

1909 663 2030 716 dum
2080 664 2247 730 legem
2290 664 2525 715 edendos
2573 659 2848 728 Scriptura
2889 663 3202 729 segregavit,
3246 663 3435 730 reliqui

1909 765 2093 803 omnes
2110 765 2414 804 communes
2437 751 2682 819 appellati
2707 758 2848 803 sunt.
2877 749 2978 803 Sed
3009 748 3176 804 Judaei
3198 751 3306 804 vim
3325 765 3439 804 ver-

1909 838 1961 891 bi
1991 839 2432 906 ignorantes(l7),
2464 841 2602 893 unde
2629 840 2923 894 communis
2956 841 3222 894 diceretur
3255 840 3434 906 homo,

1911 943 2065 996 quem
2089 928 2245 1000 665
2269 944 2604 983 communem
2627 930 2975 997 appellabant,
2995 930 3258 984 sermonis
3281 945 3435 983 usum

1913 1024 2029 1076 sine
2070 1023 2467 1091 signiﬁcationis
2506 1026 2852 1093 intelligentia
2897 1033 3198 1076 tenuerunt.
3259 1020 3440 1089 Neque

1914 1113 2053 1166 enim
2083 1112 2190 1183 (18)
2235 1114 2338 1167 cibi
2381 1129 2513 1181 quos
2545 1115 2682 1168 Deus
2719 1114 2942 1174 creavit,
2997 1121 3090 1165 aut
3136 1111 3440 1179 ignoranter

1914 1211 2006 1256 aut
2033 1202 2345 1270 simpliciter
2374 1206 2567 1272 sumpti
2595 1218 2931 1256 communem
2963 1201 3136 1256 facere
3170 1201 3440 1254 hominem

1915 1301 2233 1362 poterantet
2259 1295 2619 1357 immundum;
2654 1295 2744 1346 sed
2779 1307 2927 1344 mens
2948 1291 3035 1343 illa
3069 1291 3301 1344 hominis
3327 1303 3444 1357 qua:

1917 1381 2022 1433 Deo
2048 1381 2143 1434 soli
2191 1391 2462 1448 segregata
2509 1389 2610 1444 est,
2659 1378 2850 1432 merito
2890 1380 3081 1432 munda
3108 1378 3441 1446 appellatur:

1916 1484 2032 1537 qua:
2070 1485 2195 1522 vero
2233 1470 2401 1522 aliena
2440 1484 2469 1523 a
2519 1471 2626 1523 Deo
2669 1478 2783 1531 est,
2829 1469 3077 1534 quoniam
3109 1483 3215 1521 non
3241 1467 3305 1519 ab
3338 1479 3444 1518 uno

1917 1558 2105 1624 spiritu
2139 1559 2424 1621 immundo,
2452 1559 2542 1612 sed
2566 1573 2594 1610 a
2618 1559 2860 1627 plurimis
2894 1556 3214 1626 possidetur,
3245 1554 3446 1607 idcirco

1920 1649 2038 1700 talis
2067 1649 2222 1700 homo
2252 1650 2546 1701 communis
2577 1650 2890 1716 appellatur,
2943 1645 3092 1714 quasi
3125 1645 3214 1712 qui
3249 1643 3446 1696 multo-

1920 1750 2036 1788 rum
2080 1736 2149 1789 sit
2187 1734 2293 1803 (l9)
2345 1736 2426 1789 vel
2466 1736 2750 1799 vitiorum,
2785 1737 2868 1789 vel
2908 1735 3202 1788 daemonum
3237 1745 3445 1792 servus,

1921 1827 2205 1878 secundum
2245 1827 2388 1878 illum
2433 1826 2522 1893 qui
2568 1825 2940 1895 interrogatus,
2972 1824 3122 1887 Quod
3150 1822 3242 1874 tibi
3265 1836 3448 1873 nomen

1919 1916 2034 1968 est?
2063 1917 2350 1983 respondit,
2378 1915 2532 1984 Legio
2563 1933 2580 1970 :
2611 1917 2766 1969 Multi
2797 1919 2930 1970 enim
2961 1929 3134 1966 sumus
3166 1911 3208 1943 ¹³
3235 1927 3248 1962 :
3281 1921 3334 1963 et
3367 1925 3449 1964 sc-

1921 2004 2152 2056 cundum
2190 2006 2314 2058 illud
2355 2006 2493 2072 quod
2539 2020 2567 2057 a
2615 2005 2890 2058 Salvatore
2925 2005 3136 2067 dicitur,
3174 2001 3296 2069 quia
3333 2017 3448 2052 cum

1920 2093 2099 2144 exierit
2145 2094 2436 2145 immundus
2480 2094 2691 2159 spiritus
2735 2096 2795 2144 ab
2835 2095 3069 2155 ‘homine,
3129 2090 3310 2144 circuit
3336 2090 3451 2142 loca

1921 2182 2090 2244 arida,
2131 2197 2360 2248 quwrens
2401 2181 2654 2249 requiem,
2685 2193 2730 2234 et
2773 2198 2871 2234 non
2909 2182 3161 2234 inveniens
3193 2181 3365 2232 redit:
3401 2190 3450 2232 et

1921 2271 2174 2322 inveniens
2201 2270 2406 2321 domum
2444 2279 2705 2323 vacantem
2732 2280 2776 2323 et
2811 2270 2977 2336 scopis
3005 2270 3336 2332 mundatam,
3361 2285 3449 2321 as-

1922 2360 2078 2411 sumit
2119 2374 2288 2410 secum
2332 2371 2520 2427 septem
2564 2360 2692 2412 alios
2736 2361 2947 2426 spiritus
2992 2360 3255 2426 nequiores
3277 2373 3364 2420 se;
3402 2367 3450 2409 et

1923 2447 2171 2501 intrantes
2198 2448 2432 2500 habitant
2473 2449 2525 2500 in
2565 2465 2622 2500 eo
2663 2448 2772 2516 (20)
2801 2447 2861 2500 η.
2898 2447 2962 2500 Et
3000 2447 3117 2500 sine
3160 2447 3316 2500 dubio
3351 2448 3452 2499 iste

1927 2536 2046 2590 talis
2078 2538 2233 2591 homo
2262 2538 2556 2591 communis
2590 2537 2801 2601 dicitur,
2833 2552 3016 2590 eorum
3059 2537 3305 2590 videlicet
3333 2553 3451 2591 ser-

1924 2641 2022 2679 vus
2048 2626 2265 2680 eﬁ‘ectus
2288 2628 2522 2680 omnium
2550 2628 2827 2694 spirituum
2863 2627 3210 2694 malignorum
3241 2628 3329 2695 qui
3360 2629 3450 2680 ha-

1924 2719 2095 2774 bitant
2133 2719 2184 2770 in
2228 2733 2310 2771 eo.
2360 2717 2548 2770 Merito
2605 2731 2730 2784 ergo
2774 2718 2947 2769 sciens
2998 2717 3258 2770 sermonis
3301 2714 3451 2782 hujus

1925 2808 2065 2862 hanc
2090 2822 2207 2860 esse
2230 2807 2508 2861 rationem
2555 2804 2767 2869 Paulus,
2797 2807 2922 2858 dicit
2952 2823 2965 2858 :
3007 2805 3130 2861 Scio
3169 2817 3215 2860 et
3249 2807 3452 2871 conﬁdo

1925 2897 1977 2948 in
2007 2895 2222 2947 Domino
2249 2893 2396 2957 Jesu,
2434 2894 2556 2961 quia
2585 2894 2711 2946 nihil
2738 2900 2810 2944 esl
2845 2907 3110 2945 commune
3143 2908 3233 2959 per
3263 2895 3452 2954 ipsum.

1928 2983 2067 3038 Nihil
2100 2985 2238 3038 enim
2269 2984 2318 3037 in
2352 2984 2614 3038 creaturis
2645 2983 2734 3036 Dei
2766 2994 2952 3034 natura
2986 2983 3065 3034 sui
3096 2980 3205 3050 (21)
3231 2981 3450 3032 immun-

1931 3077 2053 3129 dum
2078 3083 2160 3127 est
2187 3073 2382 3142 (omnia
2419 3085 2647 3138 namque
2690 3085 2720 3124 a
2765 3073 2903 3124 bono
2946 3071 3054 3124 Deo
3082 3078 3280 3132 creata,
3319 3069 3451 3120 bona

1930 3177 2046 3219 esse
2071 3171 2278 3216 constat
2295 3172 2346 3216 et
2381 3162 2598 3229 munda)
2623 3162 2710 3213 sed
2743 3162 2807 3223 ei,
2835 3160 3024 3228 inquit,
3065 3159 3153 3227 qui
3192 3160 3452 3212 existimat

1929 3256 2123 3322 aliquid
2153 3270 2259 3306 esse
2297 3269 2580 3316 commune,
2622 3253 2720 3319 ipsi
2769 3266 3032 3303 commune
3072 3259 3181 3306 est:
3218 3249 3317 3302 hoc
3350 3257 3453 3312 est,

1931 3343 2021 3411 qui
2043 3342 2333 3396 intentione
2369 3341 2547 3394 cordis
2580 3340 2904 3392 immundum
2931 3338 3128 3405 aliquid
3157 3337 3369 3405 cogitat,
3402 3346 3452 3388 et

1929 3431 2320 3484 observantiam
2349 3429 2677 3482 diversitatis
2703 3429 2958 3492 admittit,
2995 3428 3134 3480 sicut
3167 3437 3219 3480 et
3253 3429 3302 3479 in
3327 3441 3452 3479 con-

1927 3519 2268 3586 sequentibus
2298 3519 2424 3571 dicit
2462 3534 2474 3570 :
2513 3516 2613 3582 Qui
2648 3528 2819 3570 autem
2865 3518 3131 3581 discernit,
3168 3519 3212 3569 si
3239 3517 3451 3568 mandu-

1931 3611 2138 3674 cauerit,
2168 3609 2445 3661 damnatus
2468 3619 2574 3672 est;
2612 3609 2735 3676 quia
2761 3623 2860 3660 non
2887 3623 2949 3660 ex
2969 3608 3088 3672 ﬁde.
3139 3606 3300 3659 Omne
3323 3607 3458 3656 enim

1933 3698 2068 3765 quod
2102 3708 2293 3766 nonest
2317 3713 2378 3748 ex
2401 3697 2521 3761 ﬁde,
2562 3705 2826 3763 peccatum
2856 3705 2930 3747 est
2958 3695 3020 3746 ¹⁸.
3053 3693 3160 3746 Nec
3206 3703 3377 3748 tamen
3406 3693 3457 3743 in

1937 3785 2023 3839 his
2051 3784 2440 3838 distinctionem
2471 3783 2604 3851 legis
2626 3782 2872 3843 exclusit,
2905 3790 2962 3834 ut
2989 3781 3227 3834 absolute
3258 3779 3456 3832 diceret

1933 3877 2064 3930 nihil
2085 3891 2200 3930 esse
2231 3891 2508 3929 commune
2533 3881 2624 3926 aut
2651 3871 2977 3926 immundum
3013 3885 3196 3924 eorum
3226 3883 3342 3936 quae
3370 3869 3453 3922 lex

1933 3967 2168 4020 deﬁnivit
2195 3967 2488 4019 immunda.
2518 3964 2782 4018 Prtemisit
2807 3964 2947 4016 enim
2989 3976 3202 4014 causam
3231 3974 3327 4013 cur
3363 3972 3462 4028 per

1931 4056 2274 4124 semetipsum
2310 4054 2442 4107 nihil
2487 4066 2768 4106 commune
2804 4053 3029 4105 dicatur.
3073 4049 3221 4114 Scio,
3266 4049 3454 4114 inquit,

1930 4154 1978 4197 et
2013 4144 2213 4210 con/ida
2258 4144 2311 4196 in
2356 4143 2573 4196 Domino
2612 4141 2760 4193 Jesu.
2811 4139 2866 4194 In
2911 4139 3132 4192 Domino
3167 4149 3293 4204 ergo
3334 4132 3454 4186 Jesu

282 4229 523 4286 nisterio
554 4235 829 4294 segregata
853 4265 870 4292 ,
905 4240 1031 4280 vasa
1063 4228 1180 4283 sine
1219 4230 1377 4284 dubio
1407 4230 1614 4284 Domini
1643 4230 1825 4299 appel-
1858 4224 1901 4277 Ι)
1928 4231 2059 4285 nihil
2079 4245 2358 4286 commune
2384 4246 2476 4299 per
2499 4230 2861 4300 semetipsum,
2898 4231 2999 4282 hoc
3029 4235 3130 4290 est,
3159 4235 3346 4278 natura
3367 4223 3453 4274 Sui

361 4371 409 4400 ⁸ο
460 4367 616 4420 Rom.
654 4380 764 4426 xw,
798 4363 882 4427 14,
911 4364 996 4418 15.
1100 4367 1141 4398 ¹¹
1170 4367 1350 4421 Matth.
1391 4383 1479 4432 xv,
1511 4368 1599 4432 19,
1629 4367 1718 4423 20.

284 4440 332 4474 ’⁸
357 4439 523 4492 Rom.
553 4450 663 4499 xlv,
685 4434 772 4488 25.

357 4578 442 4648 (9)
488 4575 648 4639 Editi,
689 4589 752 4627 ea:
782 4572 962 4640 quibus
991 4573 1221 4648 omnibus
1269 4574 1654 4648 videtur_mihi,
1697 4576 1820 4641 quia

285 4640 608 4712 non'potest
648 4659 780 4694 unus
824 4640 1140 4712 atque‘idem
1164 4643 1302 4712 bona
1330 4643 1483 4693 simul
1526 4640 1742 4708 recipere
1771 4652 1817 4694 et

283 4707 464 4767 mala.
487 4711 665 4779 Neque
685 4713 817 4762 enim
847 4707 1001 4761 simul
1028 4718 1118 4759 aut
1157 4710 1218 4779 in
1242 4711 1543 4776 paradisum
1571 4707 1707 4776 quis,
1731 4718 1821 4762 aut

283 4784 349 4838 in
392 4797 555 4848 regna
583 4778 872 4848 caelorum,
913 4787 1001 4827 aut
1047 4779 1099 4827 in
1142 4778 1417 4848 gehennam
1467 4780 1598 4848 mitti
1640 4789 1822 4844 potest.

285 4845 685 4914 Respondemus
704 4846 756 4897 in
777 4845 879 4898 illis
906 4845 1256 4914 tantummodo
1273 4847 1522 4896 rationem
1543 4847 1660 4897 vita:
1683 4847 1826 4900 bona!

287 4910 410 4972 non
432 4917 634 4977 haberi,
670 4915 721 4965 in
743 4914 925 4980 quibus
947 4910 1090 4963 valde
1109 4918 1500 4979 prazponderant
1525 4916 1662 4966 mala
1683 4953 1697 4979 ,
1721 4924 1823 4970 etc.

289 4986 405 5041 Sed
439 5000 565 5037 tnss.
605 4983 772 5034 nostri
797 4990 848 5033 et
876 4980 1124 5031 Rabanus
1148 4990 1202 5030 ut
1239 4981 1290 5030 in
1321 4989 1484 5032 textu.

371 5053 492 5119 (10)
521 5051 684 5112 Editi,
722 5050 776 5100 in
800 5065 900 5116 quo
925 5046 1264 5112 olfendentur.
1296 5047 1547 5100 [labamus
1567 5086 1582 5110 ,
1615 5049 1668 5102 in
1694 5052 1829 5116 quod

297 5124 726 5190 s/fendant,_e_tc.

367 5191 490 5260 (11)
532 5187 669 5240 Editi
701 5191 753 5238 et
777 5195 878 5260 m_s.
920 5195 1086 5260 unus,
1136 5182 1583 5260 repercussi..Sed
1638 5187 1833 5240 rectius

297 5249 484 5313 caeleri
509 5271 639 5308 mss.
670 5251 858 5315 nostri,
881 5259 933 5304 et
965 5249 1215 5302 Rabanus
1237 5287 1252 5311 ,
1279 5251 1490 5303 ret-ussi.

370 5325 491 5394 (12)
530 5324 588 5376 Si
626 5323 761 5374 enim
795 5326 998 5394 prapt‘er
1027 5317 1385 5394 cibum-frater
1412 5330 1528 5394 tuus
1556 5323 1833 5394 contrista:

298 5385 409 5457 mf,
452 5385 566 5459 jam
609 5405 709 5441 non
755 5385 1036 5459 secundum
1070 5386 1382 5459 charitatent
1415 5387 1670 5459 ᾳιηὸιιίαεο
1708 5389 1832 5441 Νυίί

298 5453 412 5516 :ibo
452 5453 553 5511 'tuo
602 5459 748 5508 illum
791 5453 1032 5519 perdere,
1073 5469 1166 5520 pro
1189 5453 1551 5520 quoChristus
1598 5466 1831 5508 mortuus

298 5542 392 5584 est.
427 5529 549 5580 Haec
573 5525 942 5590 desiderantur
969 5522 1019 5572 in
1059 5519 1236 5574 editis.
1272 5519 1374 5572 Mss
1439 5522 1677 5590 plerique
1705 5539 1834 5577 cou-

299 5609 510 5654 textutn
544 5589 778 5662 Apostoli
811 5599 1222 5656 prosequuntur,
1253 5589 1383 5642 alter
1415 5589 1682 5660 usquead
1714 5608 1833 5646 ver-

1815 4371 1856 4402 “
1886 4370 2004 4425 Aet.
2029 4384 2085 4435 ι,
2123 4369 2206 4423 15.

2307 4368 2348 4400 ⁸³
2377 4367 2508 4423 Luc.
2537 4380 2652 4431 VIII,
2678 4365 2766 4420 50.
2865 4365 2908 4395 “
2931 4363 3116 4416 Matth.
3150 4376 3248 4425 sit,
3278 4361 3456 4415 45-45.

1923 4587 2035 4625 sum
2060 4572 2125 4625 19
2147 4571 2426 4635 inclusive,
2454 4571 2592 4624 alter
2621 4583 2788 4636 usque
2823 4569 2886 4620 ad
2913 4567 3140 4620 medium
3178 4580 3320 4636 vers.
3366 4565 3455 4636 20,

1921 4640 2024 4694 Sed
2058 4655 2176 4693 cum
2204 4649 2377 4694 tomus
2413 4628 2655 4692 decimus
2683 4628 2902 4703 incipiat
2931 4652 2959 4688 a
2987 4651 3142 4688 versu
3190 4635 3274 4703 lli,
3316 4628 3458 4685 recte

1921 4723 2090 4775 usque
2112 4709 2174 4760 ad
2200 4708 2339 4760 hunc
2361 4723 2570 4762 versum
2597 4702 2968 4758 tantummodo
2988 4702 3325 4772 prosequitur
3359 4715 3457 4752 ms.

1924 4778 2120 4842 Regius
2143 4792 2289 4828 num.
2316 4776 2468 4828 1659.

1992 4839 2102 4914 (15)
2135 4842 2424 4914 Invenitur.
2478 4843 2634 4896 Deest
2665 4841 2719 4892 in
2752 4850 2910 4914 antea
2939 4839 3119 4892 editis.

1992 4911 2102 4979 (14)
2134 4913 2298 4971 Alias,
2332 4911 2884 4980 coinquinant,_male.
2921 4975 2933 4980 _
3045 4972 3056 4980 _
3297 4970 3307 4980 .

1996 4972 2107 5052 (15)
2154 4981 2316 5042 Editi,
2365 4989 2415 5030 et
2459 4972 2576 5052 licet
2621 4976 2800 5052 eadem
2845 4975 2963 5028 istic
3013 4972 3077 5026 sit
3130 4972 3466 5040 proprietas,

1931 5045 2099 5102 tamen
2125 5062 2288 5100 sermo
2312 5046 2688 5098 communicant
2711 5045 2881 5098 habet.

2000 5117 2110 5186 (lli)
2139 5116 2299 5186 ﬁditi,
2322 5113 2694 5186 deﬁnitionem,
2716 5115 2878 5186 male.

1999 5178 2109 5253 (17)
2143 5183 2303 5253 Editi,
2337 5178 2435 5253 vim
2460 5180 2602 5253 perbi
2629 5178 2729 5253 Dei
2755 5183 3078 5253 ignorantes.

2028 5249 2111 5317 18)
2144 5251 2317 5304 Enim.
2352 5249 2694 5317 Desideratur
2719 5250 2774 5301 in
2804 5250 2980 5304 editis.

2026 5315 2110 5386 19)
2138 5318 2295 5370 Deest
2321 5317 2388 5369 sit
2414 5317 2466 5386 in
2493 5315 2672 5366 editis.

2002 5375 2112 5460 (20)
2158 5386 2316 5460 Editi,
2364 5396 2409 5435 et
2437 5385 2651 5460 intrant
2686 5383 2748 5460 in
2793 5401 2931 5438 eum.
2991 5380 3279 5460 Rabanus,
3311 5375 3506 5460 etiis-

1937 5450 2132 5511 trtintés
2159 5456 2390 5507 habitant
2431 5453 2480 5503 in
2509 5467 2587 5502 ea.
2622 5450 2727 5502 Sed
2761 5468 2944 5509 omnes
2971 5465 3112 5506 mss.
3141 5457 3202 5501 ut
3229 5450 3284 5499 in
3311 5451 3513 5496 textu.

2008 5525 2116 5594 (2!)
2139 5522 2296 5590 Editi,
2337 5523 2400 5576 de
2429 5530 2611 5574 natura
2641 5521 2742 5574 sui.
