3910 6262
350 271 482 319 1217

349 471 543 540 aliquid
564 485 668 523 esse
695 482 979 529 commune,
1015 466 1113 530 ipsi
1141 479 1409 523 commune
1448 472 1543 517 est.
1581 462 1646 515 Et
1677 477 1744 516 ne
1779 462 1876 514 mi-

348 558 486 608 reris
513 554 648 622 quod
680 553 930 621 cOgitatio
963 551 1157 605 mentis
1196 550 1375 603 cibum
1420 551 1509 619 qui
1558 560 1747 604 natura
1793 548 1876 604 sui

347 644 643 698 communis
684 635 769 696 vel
802 643 1043 711 pollutus
1078 657 1181 695 non
1226 650 1341 705 est,
1392 641 1553 696 faciat
1595 640 1873 709 pollutum,

346 748 466 787 cum
512 734 811 786 econtrario
856 732 1031 787 cibum
1066 745 1194 785 vere
1239 731 1498 798 pollutum
1550 733 1696 800 (vere
1732 730 1875 783 enim

344 821 573 890 pollutus
598 830 682 873 est
711 819 800 888 qui
844 819 997 872 idolis
1024 817 1350 888 immolatur)
1379 818 1690 885 simplicitas
1731 830 1878 868 men-

345 909 434 971 tis,
459 917 513 962 et
551 908 693 960 nulla
728 906 1064 975 cogitationis
1093 904 1474 974 scrupulositas
1512 903 1702 972 injecta
1740 899 1872 970 (εξ),

344 996 486 1049 omni
527 995 825 1062 suspicione
853 992 1317 1048 comaminatiouis
1354 992 1611 1045 absolvat.
1652 991 1711 1044 Et
1756 1006 1877 1043 rur-

345 1097 460 1138 Sum
487 1085 690 1138 etiamsi
737 1085 960 1136 mundus
990 1084 1058 1136 sit
1089 1082 1258 1145 cibus,
1309 1082 1661 1147 suspicionem
1698 1090 1873 1134 tamen

344 1176 535 1244 aliquis
576 1176 808 1242 patiatur
843 1174 994 1242 quasi
1045 1175 1185 1242 quod
1232 1174 1387 1226 idolis
1431 1173 1732 1225 immolatus
1783 1172 1874 1235 sit,

343 1263 508 1332 pollui
551 1264 747 1316 dicitur
788 1278 881 1330 pro
933 1262 1269 1315 conscientia:
1307 1262 1574 1328 scrupulo.
1638 1259 1698 1313 Si
1740 1266 1876 1312 enim

342 1362 551 1420 propter
577 1353 743 1405 cibum
781 1352 946 1419 frater
971 1360 1088 1404 tuus
1115 1354 1452 1405 contristatur
1480 1351 1614 1420 (23),
1645 1366 1746 1403 non
1759 1351 1876 1418 jam

342 1444 625 1495 secundum
660 1441 958 1491 charitatem
999 1441 1253 1493 ambulas.
1300 1439 1426 1493 Noli
1466 1443 1576 1493 cibo
1606 1451 1693 1493 tuo
1723 1441 1875 1493 illum

341 1534 571 1599 perdere,
597 1548 690 1598 pro
720 1548 818 1601 quo
851 1530 1088 1585 Christus
1117 1540 1352 1583 mortuus
1378 1542 1472 1584 est.
1503 1533 1634 1585 Cum
1665 1532 1876 1585 deﬁnis-

343 1629 428 1673 set
467 1621 754 1688 apostolico
791 1623 1033 1686 dagmate
1079 1636 1172 1690 per
1218 1621 1493 1674 Dominum
1533 1620 1711 1675 Jesum
1745 1622 1875 1676 nihil

3638 205 3770 256 ιειδ

1731 247 2046 308 ORIGENIS

347 384 572 442 dicitur;
615 379 701 432 sed
728 375 832 441 illi,
871 374 1064 445 inquit,
1091 373 1177 442 qui
1198 372 1479 436 existimat,
1517 378 1572 426 et
1612 371 1700 440 qui
1728 379 1876 439 putat
1903 370 1950 426 Α
1974 372 2093 418 sunt
2123 359 2300 415 omnia
2323 357 2377 410 in
2412 372 2439 409 c

2443 347 2863 418 orruptionem
2894 340 3042 405 ipso
3083 344 3257 392 usu,
3285 320 3633 418 secundum
3649 338 3773 387 pm.

1979 462 2127 519 cepta
2170 460 2218 503 et
2267 446 2544 501 doctrinas
2595 437 2919 492 hominum
2977 445 3001 483 :
3045 437 3213 495 qua:
3280 425 3435 519 sunt
3504 425 3772 519 ratione;

1980 504 2188 611 quidem
2218 537 2467 592 habentia
2489 524 2800 600 sapientia:
2834 525 2906 577 in
2946 511 3433 611 obseruatione
3461 504 3772 611 religionis,

1980 596 2029 684 et
2055 629 2353 682 humilitate
2373 641 2469 695 per
2492 621 2864 678 vexationem
2891 605 3247 678 corporis,
3287 617 3426 699 non
3467 598 3536 652 in
3578 596 3774 699 honors

1980 719 2154 789 aliqua
2188 718 2257 771 ad
2277 716 2631 770 saturitatem
2669 707 2881 763 carnis
2921 703 3009 756 ".
3058 699 3166 789 De
3211 694 3469 789 quibus
3512 705 3620 789 per
3663 694 3772 789 sia-

1981 775 2100 875 gula
2143 807 2412 858 disserere
2455 817 2568 855 non
2624 806 2717 852 est
2767 787 3150 865 praesentis
3210 782 3492 875 aperis;
3561 776 3648 875 ’ὡς
3697 775 3773 829 bis

1980 868 2119 949 enim
2152 909 2293 947 nunc
2335 906 2459 961 quae
2503 890 2574 943 ad
2614 887 2938 940 Romanos
2997 875 3272 933 scribit
3305 868 3658 961 Apostolus
3678 881 3773 961 Vco-

1982 1001 2175 1038 namur
2209 960 2485 1053 exponere
2532 978 2676 1049 (27).
2728 975 2862 1030 Hoc
2917 980 3033 1026 est
3095 980 3341 1022 tamen
3398 960 3569 1033 quod
3612 960 3771 1013 etiam

1981 1075 2231 1145 praesenti
2265 1074 2539 1128 asseritur
2572 1066 2856 1136 exemplo
2896 1080 2915 1117 :
2962 1076 3061 1117 ne
3094 1061 3170 1114 in
3222 1058 3413 1123 cibo,
3461 1053 3558 1107 vel
3594 1054 3651 1105 in
3680 1066 3770 1145 po-

1985 1138 2062 1232 iu,
2098 1166 2182 1219 vel
2227 1149 2282 1217 in
2324 1159 2649 1228 hujusmodi
2705 1151 3227 1212 observantiis,
3275 1160 3435 1216 qua
3479 1145 3641 1214 apud
3685 1138 3773 1195 Ju-

1981 1259 2124 1313 dteos
2152 1255 2296 1308 velut
2318 1252 2489 1323 666
2518 1249 2866 1316 angelorum
2913 1243 3184 1311 religio
3230 1247 3543 1309 putatur,
3571 1235 3773 1303 judice-

1983 1365 2102 1402 mur
2128 1348 2195 1401 ab
2223 1347 2431 1414 aliquo.
2471 1340 2774 1395 Extollunt
2804 1338 2990 1391 enim
3029 1350 3116 1390 se
3151 1336 3226 1387 in
3265 1331 3381 1386 his
3408 1343 3556 1397 qua:
3588 1327 3769 1379 viden-

1983 1447 2089 1500 tur,
2113 1447 2165 1491 et
2194 1436 2361 1489 inﬂati
2393 1445 2525 1489 sunt
2557 1437 2628 1489 de
2663 1431 3047 1489 visibilibus
3086 1430 3342 1484 rebus.
3406 1426 3563 1492 Quae
3593 1434 3766 1477 tamen

1981 1529 2140 1582 elatio
2186 1542 2291 1580 non
2341 1536 2426 1580 est
2467 1526 2792 1579 secundum
2853 1522 3305 1594 sapientiam
3350 1519 3639 1588 spiritus,
3679 1518 3764 1571 sed

1980 1619 2274 1673 secundum
2310 1632 2535 1672 sensum
2565 1616 2788 1671 carnis.
2825 1613 2980 1667 Non
3014 1622 3272 1665 autem
3315 1610 3405 1664 de
3440 1609 3763 1664 carnalibus

342 1724 625 1763 commune
654 1720 744 1763 aut
790 1711 1112 1763 immundum
1142 1722 1327 1763 natura
1356 1715 1438 1765 sui
1478 1715 1790 1779 putandum,
1823 1721 1878 1764 et
1908 1697 1950 1750 Β
1978 1708 2139 1763 rebus
2173 1716 2501 1775 praeceptum
2531 1715 2619 1759 est
2653 1721 2669 1756 :
2711 1704 2807 1757 Ne
2857 1703 3211 1771 tetigeris,
3253 1717 3340 1754 ne
3397 1700 3767 1752 attaminatu-

343 1799 577 1853 dedisset
622 1816 746 1868 erga
794 1817 920 1854 usus
985 1803 1223 1855 ciborum
1283 1802 1523 1856 ﬁdelibus
1582 1802 1877 1870 quibusque

345 1890 791 1943 absolutissimam
821 1890 1134 1952 libertatem,
1163 1907 1346 1943 rursus
1375 1890 1438 1944 ad
1472 1892 1874 1945 aediﬁcationem

345 1980 564 2032 fraterni
602 1982 799 2032 amoris
825 1980 1087 2034 licentiam
1140 1988 1345 2033 resecat
1393 1981 1685 2046 libertatis,
1716 1990 1770 2035 et
1791 1981 1873 2033 di-

344 2069 455 2120 cit:
488 2067 702 2119 Etiamsi
753 2084 1032 2122 commune
1075 2069 1204 2120 nihil
1242 2079 1342 2130 est,
1388 2079 1445 2122 et
1482 2085 1606 2122 usus
1640 2071 1875 2123 omnium

341 2154 579 2207 ciborum
613 2155 834 2207 licenter
870 2156 1185 2218 admittitur,
1230 2164 1404 2209 tamen
1458 2165 1513 2209 tu
1562 2157 1607 2209 si
1659 2167 1877 2225 propter

342 2242 514 2295 cibum
540 2259 693 2309 quem
728 2244 873 2297 licito
902 2255 1055 2311 putas
1085 2246 1419 2308 sumendum,
1456 2245 1673 2299 fratrem
1707 2258 1872 2311 tuum,

342 2335 433 2398 qui
467 2335 696 2386 nondum
729 2336 964 2388 scicntia:
987 2334 1145 2399 hujus
1178 2350 1346 2403 capax
1370 2345 1473 2399 est,
1519 2338 1874 2401 scandalizas,

336 2425 449 2490 jam
494 2439 593 2474 non
635 2425 910 2475 secundum
950 2424 1255 2475 charitatem
1298 2424 1554 2487 ambulas,
1602 2440 1699 2478 nec
1749 2425 1877 2478 alle-

341 2521 484 2564 ctum
518 2514 568 2564 iu
607 2522 656 2565 te
689 2512 902 2565 fraterni
932 2515 1130 2566 amoris
1156 2514 1410 2566 ostendis.
1452 2501 1588 2578 Quid
1616 2516 1755 2569 enim
1785 2516 1876 2571 lte-

341 2602 504 2666 dcris,
535 2602 578 2655 si
613 2610 667 2655 ut
698 2603 914 2655 fratrem
967 2614 1110 2655 tuum
1157 2618 1257 2656 uou
1307 2606 1610 2667 contristes,
1655 2607 1816 2659 etiam
1845 2623 1875 2660 a

340 2689 503 2745 licitis
533 2692 840 2745 abstineas?
867 2692 981 2745 Tibi
1013 2694 1152 2746 enim
1193 2696 1464 2749 abstinere
1514 2712 1543 2749 a
1581 2696 1738 2750 licitis
1772 2699 1877 2750 cri-

343 2796 461 2832 men
501 2782 696 2834 uullum
746 2791 858 2845 est;
915 2783 988 2834 illi
1038 2799 1164 2837 vero
1200 2785 1250 2837 in
1292 2785 1483 2852 quibus
1527 2785 1783 2839 discernit
1823 2796 1877 2840 et

342 2881 491 2936 putat
522 2886 622 2923 non
656 2872 834 2931 licere,
875 2874 1293 2926 condemuabilis
1337 2888 1464 2927 usus
1509 2883 1591 2928 est
1612 2875 1742 2943 (24).
1775 2875 1878 2940 Qui

342 2961 477 3013 enim
502 2962 766 3026 discernit,
789 2963 833 3014 si
854 2964 1253 3027 manducauerit,
1290 2964 1567 3016 damnatus
1594 2974 1688 3017 est.
1721 2965 1871 3031 Quod

343 3047 387 3100 si
433 3050 618 3111 I'acias,
670 3061 721 3102 tu
774 3051 952 3118 utique
999 3050 1217 3103 fratrem
1251 3060 1397 3104 tuum
1438 3053 1614 3120 perdis
1643 3069 1735 3130 pro
1771 3070 1871 3121 quo

342 3138 576 3192 Christus
630 3151 859 3193 mortuus
904 3154 998 3204 est,
1038 3150 1092 3194 et
1145 3151 1198 3195 tu
1237 3144 1284 3195 ei
1322 3158 1509 3197 causas
1560 3142 1876 3211 perditionis

341 3230 591 3295 acquiris.
626 3228 1044 3294 lllnguiliceutius
1071 3244 1245 3284 autem
1291 3233 1354 3285 de
1384 3233 1469 3287 bis
1511 3233 1649 3285 idem
1680 3232 1875 3286 Paulus

340 3319 406 3371 ad
430 3319 768 3373 Colossenses
784 3320 1041 3384 scribens,
1075 3321 1203 3373 dicit
1235 3338 1249 3374 :
1281 3320 1448 3375 Nemo
1476 3323 1649 3392 itaque
1671 3339 1753 3376 vos
1782 3323 1877 3390 ju-

342 3411 476 3461 dicet
497 3412 547 3460 in
569 3427 705 3471 esca,
727 3419 817 3462 aut
843 3412 894 3462 in
917 3420 1060 3478 potu,
1092 3421 1182 3463 aut
1212 3413 1265 3464 in
1304 3423 1448 3478 parte
1473 3414 1575 3464 diei
1604 3413 1744 3480 festi,
1784 3421 1875 3465 aut

343 3502 639 3561 ncomeniis,
674 3510 761 3552 aut
786 3500 1033 3562 Sabbato,
1062 3516 1179 3564 qua’
1203 3510 1321 3555 sunt
1350 3503 1531 3554 umbra
1556 3504 1870 3569 futurorum,

343 3607 527 3656 corpus
565 3602 734 3645 autem
778 3592 991 3645 Christi.
1040 3593 1206 3645 Nemo
1235 3610 1319 3647 vos
1353 3597 1564 3649 seducat
1610 3596 1779 3649 volens
1818 3599 1871 3649 in

343 3679 632 3730 humilitate
659 3682 824 3735 cordis
867 3693 912 3735 et
938 3682 1183 3755 religione
1225 3684 1522 3751 angelorum
1564 3700 1717 3749 quam
1769 3701 1872 3738 non

342 3768 467 3819 vidit
508 3774 752 3822 extollens
796 3786 868 3833 se,
909 3770 1105 3837 frustra
1148 3772 1359 3839 inﬂatus
1401 3788 1432 3824 a
1481 3784 1646 3825 mente
1699 3775 1872 3826 carnis

341 3873 450 3910 sua:
481 3859 606 3929 (9.5).
644 3871 690 3913 et
731 3877 830 3914 non
879 3874 1051 3915 tenens
1097 3873 1247 3928 caput
1298 3863 1374 3927 "‘;
1425 3872 1479 3916 et
1507 3872 1625 3930 post
1656 3878 1821 3929 pauca
1855 3878 1871 3915 :

345 3948 406 4001 Si
433 3964 550 4015 ergo
576 3952 765 4001 mortui
804 3952 923 4003 estis
957 3968 1072 4003 cum
1104 3951 1305 4003 Christo
1338 3952 1400 4003 ab
1442 3952 1699 4003 elementis
1735 3968 1877 4005 muno

341 4038 417 4101 di,
436 4041 561 4106 quid
590 4039 721 4091 velut
765 4041 979 4093 viventes
1005 4041 1057 4091 in
1079 4039 1173 4091 hoc
1212 4041 1402 4092 mundo
1448 4041 1759 4094 decernitis?
1796 4038 1877 4094 Ne

342 4128 592 4195 tetigeris,
622 4145 683 4181 ne
715 4130 1018 4197 gustaveris,
1065 4145 1126 4182 ne
1169 4129 1555 4182 altaminaveris
1578 4129 1686 4198 (‘26)
1712 4143 1728 4181 :
1760 4146 1877 4200 quae

412 4261 456 4291 “
480 4260 686 4316 Coloss.
716 4278 776 4327 ιι,
822 4264 1002 4317 16-18.
1077 4264 1119 4294 ³⁷
1151 4265 1277 4317 ibid.
1306 4265 1376 4351 ΞΩ
1407 4259 1539 4333 εθίιζ
1595 4265 1640 4298 ⁸⁸
1673 4264 1876 4321 Coloss.
1905 4280 1956 4331 tt,

1178 4265 1277 4316 bid.
1306 4265 1376 4351 ΞΩ
1407 4259 1539 4333 εθίιζ
1595 4265 1640 4298 ⁸⁸
1673 4264 1876 4321 Coloss.
1905 4280 1968 4333 ιι,
2000 4268 2095 4325 21.
2169 4271 2437 4342 "Philip.
2483 4289 2573 4339 tu,
2629 4277 2722 4331 19.

420 4392 648 4464 (22)_Si_c
682 4407 780 4445 ms.
815 4393 1013 4458 Regius
1046 4411 1191 4448 num.
1228 4395 1360 4449 1659
1378 4406 1431 4448 et
1455 4395 1724 4451 Rabanus.
1748 4398 1873 4452 Mss.

310 4459 471 4519 ,νειίο
502 4459 755 4532 plerique,
794 4470 844 4513 et
888 4464 1030 4514 nulla
1058 4466 1364 4532 cogitatione
1392 4468 1762 4527 scrupulositas
1787 4470 1872 4521 in-

336 4534 498 4601 jecta.
541 4528 698 4593 Editi,
729 4537 777 4581 et
804 4532 857 4581 in
878 4528 1185 4599 cogitatione
1206 4533 1350 4585 nulla
1380 4536 1748 4601 scrupulositas
1792 4541 1874 4588 in-

355 4604 499 4654 iectu.

336 4618 522 4738 ﬂagri)
552 4664 714 4738 Editi,
734 4665 896 4738 frater
916 4677 1034 4720 tuus
1065 4668 1453 4721 scandalizatur
1482 4670 1558 4723 uel
1594 4671 1871 4725 contrista-

343 4735 449 4799 tur,
481 4745 585 4806 etc.
628 4735 844 4795 Deinde,
884 4751 999 4806 cum
1045 4741 1178 4789 enim
1230 4738 1553 4806 deﬁnisset...
1596 4755 1686 4806 per
1715 4739 1872 4793 Chri-

344 4816 478 4859 stum
510 4804 713 4870 lesum,
744 4814 849 4857 etc.
876 4805 979 4858 Sed
1011 4820 1196 4860 onmes
1220 4804 1349 4860 mss.
1378 4817 1431 4861 et
1460 4804 1711 4861 Rabauus
1733 4818 1791 4862 ut
1820 4811 1872 4862 in

344 4883 508 4929 textu.

414 4942 526 5010 (21)
559 4939 682 4993 Mss.
713 4940 972 5010 plerique,
1004 4940 1257 4996 Rabanus
1285 4949 1340 4996 et
1371 4942 1522 5001 editi.
1548 4946 1872 4996 contamina-

344 5010 459 5063 bilis
485 5025 609 5061 usus
634 5018 706 5060 est
730 5024 755 5061 τ
783 5013 872 5063 sed
905 5013 1098 5064 rectior
1125 5012 1333 5064 videtur
1357 5013 1514 5065 lectio
1542 5014 1742 5066 codicis
1767 5012 1872 5067 Re-

342 5079 429 5147 gii,
442 5076 771 5147 nfuniquli59,
796 5079 1199 5147 condemnabilis
1228 5096 1352 5134 usus
1374 5089 1472 5138 est.

414 5145 521 5213 (25)
553 5145 643 5196 Sic
685 5161 784 5198 ius.
816 5146 1010 5214 Regius
1040 5162 1183 5199 lllllll.
1213 5148 1364 5202 1659.
1399 5148 1470 5202 lta
1502 5148 1661 5203 etiam
1690 5150 1866 5202 caeteri

346 5225 498 5281 mss,
526 5215 722 5266 omisso
761 5231 812 5267 a.
845 5215 1006 5277 Editi,
1032 5216 1240 5281 inﬂatus
1264 5234 1417 5271 sensu
1441 5219 1610 5270 carnis
1633 5233 1760 5270 sure.

415 5279 787 5353 (26)_|_t_aAm§_s.
832 5279 1093 5353 plerique.
1130 5285 1264 5338 Editi
1303 5301 1427 5340 vero
1450 5297 1504 5340 et
1545 5302 1643 5339 ms.
1677 5286 1874 5353 Begius

347 5358 494 5427 9'5""
710 5348 788 5402 Νι
830 5346 1117 5420 ῖείίθεθῖίίιυ
1156 5369 1218 5406 ne
1253 5356 1602 5424 gustareritis,
1651 5368 1714 5406 ne
1736 5346 1876 5407 a'tta-

347 5424 677 5475 nunaserttis,
709 5428 814 5471 etc.

419 5476 690 5559 gibbis.“
712 5484 909 5559 Regius
956 5502 1102 5543 num.
1146 5491 1301 5555 1639,
1347 5508 1449 5547 non
1494 5500 1572 5545 est
1609 5490 1876 5559 prasentis

351 5549 607 5607 temporis.
649 5550 723 5603 De
762 5549 840 5607 his
885 5570 1086 5616 nunc...
1129 5549 1371 5618 conamur
1420 5549 1702 5628 exponere.
1748 5569 1876 5624 etc.,

1976 1800 2070 1862 ris,
2099 1816 2162 1852 ne
2184 1800 2479 1868 gustaveris
2509 1795 2628 1867 (28)
2662 1796 2734 1848 ¹⁸.
2780 1795 2937 1848 Haec
2981 1794 3190 1847 enim
3253 1795 3513 1855 omnia,
3546 1791 3657 1845 hoc
3687 1800 3761 1844 est

1975 1889 2236 1953 carnalia,
2270 1889 2339 1943 ad
2386 1904 2549 1942 usum
2595 1894 2753 1942 hunc
2803 1885 3364 1956 corruptibilem
3423 1885 3569 1936 data
3606 1892 3756 1944 sunt;

1975 1989 2029 2033 et
2054 1994 2170 2045 quae
2204 1989 2381 2047 potest
2405 1993 2531 2032 esse
2557 1978 2613 2031 in
2642 1978 3084 2047 corruptione
3141 1976 3583 2031 observantia
3621 1975 3755 2041 puri-

1977 2069 2137 2121 tatis?
2165 2067 2270 2121 Sed
2302 2083 2426 2121 cum
2460 2068 2551 2121 lex
2590 2068 2713 2133 haec
2750 2069 2831 2120 de
2875 2066 3442 2121 rationabilibus
3487 2064 3753 2132 praeeipit,

1975 2172 2115 2226 quin,
2165 2157 2212 2210 si
2260 2157 2540 2210 immunda
2590 2165 2751 2221 sunt,
2811 2171 2981 2211 vere
3032 2156 3393 2225 tangenda
3432 2170 3562 2211 non
3616 2168 3750 2219 sunt,

1976 2261 2148 2313 neque
2190 2247 2479 2314 gustanda,
2527 2261 2600 2299 ne
2639 2246 3000 2315 participes
3064 2262 3203 2302 nos
3267 2246 3523 2301 faciant
3556 2249 3748 2316 peccati

1974 2343 2030 2386 et
2052 2335 2407 2388 immunditiae
2436 2350 2574 2401 sure,
2608 2347 2925 2403 praecepta
2960 2338 3348 2391 hominum
3374 2343 3446 2393 et
3474 2338 3751 2393 doctrinas

1975 2423 2368 2493 relinquentes,
2402 2425 2550 2478 hunc
2590 2425 2952 2492 spiritalem
3006 2428 3162 2497 (29)
3210 2444 3495 2483 sensum
3527 2431 3599 2482 ad
3630 2444 3748 2483 car-

1977 2515 2113 2567 nalia
2144 2515 2256 2567 btec
2279 2523 2335 2568 et
2357 2516 2677 2584 corporalia
2714 2517 3262 2583 transtulerunt,
3298 2536 3452 2590 quze
3485 2522 3745 2575 rationem

1974 2605 2252 2671 sapientiai
2293 2605 2500 2659 habent
2539 2606 2596 2659 in
2632 2607 3116 2664 observatione
3178 2612 3532 2681 religionis
3582 2622 3640 2665 et
3666 2614 3747 2665 liu-

1976 2694 2200 2747 militate
2243 2695 2515 2763 corporis,
2554 2710 2671 2749 non
2712 2706 2937 2751 tamen
2996 2710 3081 2752 ut
3147 2703 3518 2757 occasione
3561 2701 3743 2771 hujus-

1975 2783 2115 2835 modi
2151 2784 2523 2837 observantia:
2553 2784 2741 2838 honor
2777 2786 2919 2856 (50)
2981 2788 3248 2859 aliquis
3292 2796 3467 2860 apud
3498 2792 3745 2846 homines

1975 2886 2029 2925 et
2058 2874 2237 2926 carnis
2271 2873 2485 2928 deliciae
2515 2876 2943 2943 requirantur,
3010 2883 3183 2935 dum
3240 2897 3371 2951 pro
3434 2898 3739 2952 paucorum

1976 2962 2298 3016 abstinentia
2347 2964 2506 3017 multi
2553 2964 2666 3019 cibi
2709 2969 3165 3036 requiruntur
3222 2986 3296 3029 et
3360 2976 3571 3030 electi.
3616 2974 3742 3027 Vera

1976 3063 2155 3104 autem
2194 3053 2549 3107 observantia
2585 3063 2674 3108 est
2710 3056 2815 3110 ubi
2849 3058 2945 3112 ita
3011 3065 3330 3120 sumitur
3358 3067 3564 3129 cibus,
3594 3076 3649 3121 et
3675 3066 3739 3119 ita

1974 3153 2203 3210 aguntur
2227 3143 2432 3208 omnia,
2461 3154 2521 3196 ut
2554 3160 2669 3200 non
2710 3146 2786 3200 de
2821 3149 3087 3207 talibus
3132 3155 3418 3209 dicatur
3451 3175 3467 3210 :
3500 3156 3740 3220 Quorum

1974 3231 2114 3284 Deus
2142 3242 2318 3285 center
2344 3242 2422 3285 est
2454 3234 2523 3289 “.
2555 3236 2889 3292 Abstinere
2933 3242 3132 3297 enim
3186 3246 3337 3316 (31)
3371 3249 3653 3302 convenit
3677 3248 3739 3299 ab

1975 3322 2121 3375 omni
2151 3322 2275 3376 cibo
2304 3338 2467 3391 quem
2498 3327 3025 3395 (concupiscentia
3064 3345 3139 3388 et
3175 3335 3393 3392 libido
3422 3340 3735 3407 praesumit,

1975 3425 2132 3479 quem
2180 3412 2389 3466 deliciae
2436 3424 2661 3482 parant,
2724 3433 2921 3485 quem
2999 3422 3219 3481 luxus
3262 3432 3610 3500 excogitat.
3649 3427 3732 3481 Vi-

1976 3504 2205 3556 demtum
2250 3518 2484 3571 namque
2520 3517 2607 3560 est
2647 3508 2770 3577 (52)
2812 3526 2948 3566 non
3015 3516 3252 3573 solum
3315 3523 3527 3591 quali,
3558 3522 3657 3577 sed
3687 3531 3737 3575 et

1977 3606 2176 3663 quanto
2225 3595 2372 3659 cibo,
2418 3607 2476 3649 et
2526 3613 2642 3664 quo
2697 3599 2755 3651 in
2811 3609 3168 3675 tempore,
3233 3622 3306 3666 et
3346 3629 3536 3682 quam
3574 3628 3735 3684 parco

1974 3694 2208 3737 utamur.
2241 3684 2331 3738 Sic
2378 3686 2527 3739 enim
2562 3692 2755 3741 omnia
2807 3698 3066 3750 munda
3138 3706 3409 3758 mundis
3452 3707 3733 3759 mentibus

1969 3773 2136 3835 ﬁunt;
2196 3774 2577 3828 contaminatis
2617 3790 2847 3841 autem,
2908 3795 2985 3836 ιιι
3045 3788 3219 3844 dicit
3276 3794 3638 3862 Apostolus,
3687 3805 3732 3848 ει

1976 3863 2274 3958 inﬁdelibus
2307 3864 2438 3918 nihil
2491 3868 2763 3958 mundum
2795 3872 2876 3926 “.
2920 3876 2997 3929 In
3045 3895 3185 3950 quo
3243 3890 3558 3954 ostendit,
3602 3891 3723 3958 quia

1970 3954 2133 4005 etiam
2161 3967 2222 4006 ea
2247 3968 2372 4022 qua:
2408 3957 2553 4023 apud
2592 3954 2835 4015 Judaeos
2890 3973 3155 4025 munda
3224 3954 3645 4032 nominantur
3680 3983 3727 4031 in

1970 4043 2126 4109 cibis,
2167 4043 2213 4097 si
2250 4046 2373 4112 quis
2413 4049 2849 4106 contaminatus
2894 4058 2989 4110 sit
3038 4071 3116 4115 et
3167 4064 3491 4135 inﬁdelis,
3529 4072 3726 4125 munda

1971 4135 2021 4186 ei
2053 4148 2173 4187 esse
2201 4151 2307 4188 non
2342 4148 2596 4205 possunt.
2640 4140 3075 4215 Consequens
3121 4156 3335 4226 igitur
3393 4164 3542 4230 erit,
3593 4164 3726 4218 utsi

2815 4281 2874 4313 ³⁸
2906 4283 3052 4342 Tit.
3091 4306 3141 4355 ι,
3179 4293 3295 4351 15.

1905 4406 1952 4463 ι)
1977 4400 2551 4486 omissqenim.Editi
2577 4407 2869 4467 omittunt
2910 4432 3120 4486 nunc,
3166 4434 3237 4479 et
3284 4427 3527 4485 habent
3553 4432 3722 4486 etiam

1976 4469 2403 4556 gugnylefisqye
2442 4487 2592 4556 mss;
2628 4492 2918 4556 conemur
2966 4469 3725 4556 έέῥόηὲὶὲῗὲἕεῗτξὲἱῖὀῖ

1978 4538 2517 4640 ΣὶίὲῗίἩρέΞῗιεξθηῖξξῗξ
2551 4541 2711 4640 ιξξξξι
2733 4565 2940 4640 33:"!!-
2977 4557 3203 4640 ξδευυσ
3234 4581 3545 4623 conamur
3565 4586 3724 4640 εερω

1979 4606 2351 4696 ner‘e‘L‘De-inde
2382 4611 2543 4675 editi,
2574 4606 2700 4667 Hoc
2725 4627 2814 4670 est
2851 4606 3311 4696 ιαὶιίιῖιῖιξᾏιῖξῖ

2048 4674 2160 4762 SE?)
2191 4673 2271 4762 '1‘!
2297 4690 2493 4762 9T“?
2531 4673 2678 4762 “'88-.
2712 4673 3414 4762 ιιθειτίῖἱῖῐίῖἴῖἑτο.
3474 4724 3549 4762 ιιι
3594 4713 3719 4762 an-

1976 4745 2782 4831 geﬂinnnf!attaminaoeritisi,
2813 4773 2893 4812 ne

2047 4809 2346 4917 satias
2373 4809 3379 4917 τηιίεσεεετεςειεέεῖιῖίεῖεῑειεοῖῖ

1977 4880 2347 4958 relinquentes,
2384 4880 2880 4958 huncAspirita‘lem
2899 4880 2930 4958 ,ν

1976 4945 2177 5016 Regius
2213 4945 2366 5006 num.
2413 4953 2558 5009 16ὢο
2580 4945 2779 5015 ἰιδὺθι
2818 4945 3102 5016 35.2137;

1974 5026 2206 5084 quentes.
2912 5078 2915 5079 ,

2045 5086 2158 5155 (50)
2187 5086 2351 5150 Editi,
2379 5105 2487 5145 non
2510 5106 2727 5151 tantum
2756 5117 2895 5157 uero
2932 5089 3277 5157 νεὶ-αιδην
3318 5121 3434 5157 1....-

1971 5086 2159 5207 υαιξῖεῗὲ
2179 5086 3281 5230 iniustissimamagna:
3314 5121 3708 5230 tueris:

1973 5231 2142 5274 textu.

2041 5290 2155 5429 ἶὲὲέ
2180 5293 2361 5429 Eli-3?;
2389 5298 2889 5429 θειῖῗάΐηιῗΐῗὶιῖ
2918 5329 3116 5429 21')“:
3126 5327 3371 5429 ιὲἒίέξξῖι

2174 5364 2718 5459 EditkAVMid-endun‘t.
2748 5360 3377 5459 iane_est:u'0:i'si3;:
3412 5401 3517 5459 Sic
3557 5406 3696 5459 enim

2109 5438 2114 5440 '
2353 5438 2364 5449 .
2963 5438 2973 5440 ,
2996 5438 3041 5443 -_
3099 5438 3350 5455 ...νυν-συν
3412 5438 3515 5459 νιν
3557 5438 3695 5459 σευ-

2422 5445 2830 5534 m‘u-nd’a‘ﬁlunt.
2864 5452 3017 5534 Missi.
3050 5442 3381 5534 plerique:
3420 5475 3527 5526 Sic
3553 5478 3695 5527 enim

2106 5507 2111 5508 ,
2618 5515 2628 5523 ,
2659 5507 2672 5515 .
2904 5507 2947 5538 πή
3050 5507 3177 5528 ..-ν-
3198 5507 3381 5534 --,..υ,
3420 5507 3525 5526 ων
3553 5507 3694 5527 πμ..

1974 5507 2855 5644 ἵιὲιὲιὸαδῧιὲωἶὲἑῖυξιιηι.
2893 5529 3016 5581 bed
3075 5548 3202 5592 ιιιεο.
3260 5534 3503 5611 Regius
3537 5561 3694 5599 num.

2413 4924 3296 5047 ῐάῖο’νι;;ιῑ;ξ;⁶ἐι;.ἓ;ἕε;ηῗὲῗ’,
3328 4924 3715 5052 ¹ῖ¹ὲέ¹“τὲ¹ι¹ἒ2ἷ
