  <div class='ocr_page' id='page_1' title='image "/cluster/home/n/w/nwhite01/storage/ocr_20150623/14 (Origen; pt. 4)/nyp.33433081862280/640.png"; bbox 0 0 3910 6254; ppageno 0'>
   <div class='ocr_carea' id='block_1_1' title="bbox 265 292 402 347">
    <p class='ocr_par' dir='ltr' id='par_1_1' title="bbox 265 292 402 347">
     <span class='ocr_line' id='line_1_1' title="bbox 265 292 402 347; baseline 0.007 -1"><span class='ocrx_word' id='word_1_1' title='bbox 265 292 402 347; x_wconf 64' lang='grc'><strong>1249</strong></span> 
     </span>
    </p>
   </div>
   <div class='ocr_carea' id='block_1_2' title="bbox 1186 285 2472 345">
    <p class='ocr_par' dir='ltr' id='par_1_2' title="bbox 1186 285 2472 345">
     <span class='ocr_line' id='line_1_2' title="bbox 1186 285 2472 345; baseline -0.001 0"><span class='ocrx_word' id='word_1_2' title='bbox 1186 287 1528 345; x_wconf 78' lang='lat' dir='ltr'><strong>COMMENT.</strong></span> <span class='ocrx_word' id='word_1_3' title='bbox 1569 286 1635 340; x_wconf 84' lang='lat' dir='ltr'><strong>IN</strong></span> <span class='ocrx_word' id='word_1_4' title='bbox 1666 285 1881 342; x_wconf 83' lang='lat' dir='ltr'><strong>EPIST.</strong></span> <span class='ocrx_word' id='word_1_5' title='bbox 1916 286 2011 341; x_wconf 75' lang='grc' dir='ltr'><strong>οΛῐ)</strong></span> <span class='ocrx_word' id='word_1_6' title='bbox 2043 287 2207 345; x_wconf 73' lang='grc' dir='ltr'><strong>ΒΟΜ.</strong></span> <span class='ocrx_word' id='word_1_7' title='bbox 2241 288 2367 343; x_wconf 85' lang='lat' dir='ltr'><strong>LIB.</strong></span> <span class='ocrx_word' id='word_1_8' title='bbox 2404 287 2472 344; x_wconf 75' lang='grc' dir='ltr'><strong>Χ.</strong></span> 
     </span>
    </p>
   </div>
   <div class='ocr_carea' id='block_1_3' title="bbox 3280 289 3416 345">
    <p class='ocr_par' dir='ltr' id='par_1_3' title="bbox 3280 289 3416 345">
     <span class='ocr_line' id='line_1_3' title="bbox 3280 289 3416 345; baseline 0.015 -2"><span class='ocrx_word' id='word_1_9' title='bbox 3280 289 3416 345; x_wconf 74' lang='grc'><strong>1250</strong></span> 
     </span>
    </p>
   </div>
   <div class='ocr_carea' id='block_1_4' title="bbox 258 401 3415 472">
    <p class='ocr_par' dir='ltr' id='par_1_4' title="bbox 258 401 3415 472">
     <span class='ocr_line' id='line_1_4' title="bbox 258 401 3415 472; baseline 0.001 -16"><span class='ocrx_word' id='word_1_10' title='bbox 258 421 323 457; x_wconf 84' lang='lat' dir='ltr'><strong>ea</strong></span> <span class='ocrx_word' id='word_1_11' title='bbox 369 418 494 472; x_wconf 61' lang='lat' dir='ltr'><strong>qua;</strong></span> <span class='ocrx_word' id='word_1_12' title='bbox 538 403 736 456; x_wconf 88' lang='lat' dir='ltr'><strong>munda</strong></span> <span class='ocrx_word' id='word_1_13' title='bbox 777 409 918 465; x_wconf 88' lang='lat' dir='ltr'><strong>sunt,</strong></span> <span class='ocrx_word' id='word_1_14' title='bbox 966 403 1338 456; x_wconf 70' lang='lat' dir='ltr'><strong>contaminatis</strong></span> <span class='ocrx_word' id='word_1_15' title='bbox 1386 404 1651 457; x_wconf 91' lang='lat' dir='ltr'><strong>immunda</strong></span> <span class='ocrx_word' id='word_1_16' title='bbox 1682 402 1792 455; x_wconf 82' lang='lat' dir='ltr'><strong>elli-</strong></span> <span class='ocrx_word' id='word_1_17' title='bbox 1818 411 1860 465; x_wconf 76' lang='grc' dir='ltr'><strong>Α</strong></span> <span class='ocrx_word' id='word_1_18' title='bbox 1892 403 2151 470; x_wconf 89' lang='lat' dir='ltr'><strong>ruptionis</strong></span> <span class='ocrx_word' id='word_1_19' title='bbox 2173 404 2425 471; x_wconf 79' lang='lat' dir='ltr'><strong>explebit.</strong></span> <span class='ocrx_word' id='word_1_20' title='bbox 2451 404 2514 458; x_wconf 86' lang='lat' dir='ltr'><strong>Et</strong></span> <span class='ocrx_word' id='word_1_21' title='bbox 2547 401 2676 458; x_wconf 86' lang='lat' dir='ltr'><strong>nihil</strong></span> <span class='ocrx_word' id='word_1_22' title='bbox 2702 403 2893 458; x_wconf 87' lang='lat' dir='ltr'><strong>mirum</strong></span> <span class='ocrx_word' id='word_1_23' title='bbox 2927 403 2970 457; x_wconf 88' lang='lat' dir='ltr'><strong>si</strong></span> <span class='ocrx_word' id='word_1_24' title='bbox 2996 412 3213 458; x_wconf 85' lang='lat' dir='ltr'><strong>sanctus</strong></span> <span class='ocrx_word' id='word_1_25' title='bbox 3238 404 3415 458; x_wconf 80' lang='lat' dir='ltr'><strong>cibum</strong></span> 
     </span>
    </p>
   </div>
   <div class='ocr_carea' id='block_1_5' title="bbox 258 489 1795 556">
    <p class='ocr_par' dir='ltr' id='par_1_5' title="bbox 258 489 1795 556">
     <span class='ocr_line' id='line_1_5' title="bbox 258 489 1795 556; baseline 0.001 -13"><span class='ocrx_word' id='word_1_26' title='bbox 258 491 499 555; x_wconf 88' lang='lat' dir='ltr'><strong>ciantur,</strong></span> <span class='ocrx_word' id='word_1_27' title='bbox 548 490 708 542; x_wconf 90' lang='lat' dir='ltr'><strong>etiam</strong></span> <span class='ocrx_word' id='word_1_28' title='bbox 744 502 804 541; x_wconf 88' lang='lat' dir='ltr'><strong>ea</strong></span> <span class='ocrx_word' id='word_1_29' title='bbox 833 502 949 556; x_wconf 71' lang='lat' dir='ltr'><strong>qua:</strong></span> <span class='ocrx_word' id='word_1_30' title='bbox 987 489 1232 541; x_wconf 90' lang='lat' dir='ltr'><strong>dicuntur</strong></span> <span class='ocrx_word' id='word_1_31' title='bbox 1261 489 1553 552; x_wconf 82' lang='lat' dir='ltr'><strong>immunda,</strong></span> <span class='ocrx_word' id='word_1_32' title='bbox 1598 490 1795 544; x_wconf 75' lang='lat' dir='ltr'><strong>sanctis</strong></span> 
     </span>
    </p>
   </div>
   <div class='ocr_carea' id='block_1_6' title="bbox 258 576 1796 642">
    <p class='ocr_par' dir='ltr' id='par_1_6' title="bbox 258 576 1796 642">
     <span class='ocr_line' id='line_1_6' title="bbox 258 576 1796 642; baseline -0.001 -12"><span class='ocrx_word' id='word_1_33' title='bbox 258 589 311 630; x_wconf 88' lang='lat' dir='ltr'><strong>et</strong></span> <span class='ocrx_word' id='word_1_34' title='bbox 349 577 611 637; x_wconf 79' lang='lat' dir='ltr'><strong>lidelibus</strong></span> <span class='ocrx_word' id='word_1_35' title='bbox 655 577 846 629; x_wconf 88' lang='lat' dir='ltr'><strong>munda</strong></span> <span class='ocrx_word' id='word_1_36' title='bbox 894 576 1042 629; x_wconf 81' lang='lat' dir='ltr'><strong>ﬁant.</strong></span> <span class='ocrx_word' id='word_1_37' title='bbox 1095 576 1500 641; x_wconf 76' lang='lat' dir='ltr'><strong>Sanctiﬁcantur</strong></span> <span class='ocrx_word' id='word_1_38' title='bbox 1540 578 1673 630; x_wconf 86' lang='lat' dir='ltr'><strong>enim</strong></span> <span class='ocrx_word' id='word_1_39' title='bbox 1707 593 1796 642; x_wconf 86' lang='lat' dir='ltr'><strong>per</strong></span> 
     </span>
    </p>
   </div>
   <div class='ocr_carea' id='block_1_7' title="bbox 259 665 1796 734">
    <p class='ocr_par' dir='ltr' id='par_1_7' title="bbox 259 665 1796 734">
     <span class='ocr_line' id='line_1_7' title="bbox 259 665 1796 734; baseline 0.001 -16"><span class='ocrx_word' id='word_1_40' title='bbox 259 666 469 718; x_wconf 78' lang='lat' dir='ltr'><strong>uerbum</strong></span> <span class='ocrx_word' id='word_1_41' title='bbox 497 665 592 718; x_wconf 94' lang='lat' dir='ltr'><strong>Dei</strong></span> <span class='ocrx_word' id='word_1_42' title='bbox 624 665 735 734; x_wconf 76' lang='grc'>(55)</span> <span class='ocrx_word' id='word_1_43' title='bbox 766 674 814 716; x_wconf 86' lang='lat' dir='ltr'><strong><em>et</em></strong></span> <span class='ocrx_word' id='word_1_44' title='bbox 843 666 1145 729; x_wconf 79' lang='lat' dir='ltr'><strong>orationem,</strong></span> <span class='ocrx_word' id='word_1_45' title='bbox 1188 668 1311 734; x_wconf 84' lang='lat' dir='ltr'><strong>quia</strong></span> <span class='ocrx_word' id='word_1_46' title='bbox 1353 668 1516 719; x_wconf 87' lang='lat' dir='ltr'><strong>omnis</strong></span> <span class='ocrx_word' id='word_1_47' title='bbox 1559 677 1796 719; x_wconf 71' lang='lat' dir='ltr'><strong><em>creatura</em></strong></span> 
     </span>
    </p>
   </div>
   <div class='ocr_carea' id='block_1_8' title="bbox 258 754 1796 825">
    <p class='ocr_par' dir='ltr' id='par_1_8' title="bbox 258 754 1796 825">
     <span class='ocr_line' id='line_1_8' title="bbox 258 754 1796 825; baseline 0.001 -18"><span class='ocrx_word' id='word_1_48' title='bbox 258 756 351 807; x_wconf 97' lang='lat' dir='ltr'><strong>Dei</strong></span> <span class='ocrx_word' id='word_1_49' title='bbox 378 756 537 819; x_wconf 87' lang='lat' dir='ltr'><strong>bona,</strong></span> <span class='ocrx_word' id='word_1_50' title='bbox 590 768 637 807; x_wconf 88' lang='lat' dir='ltr'><strong>et</strong></span> <span class='ocrx_word' id='word_1_51' title='bbox 666 756 796 807; x_wconf 78' lang='lat' dir='ltr'><strong>nihil</strong></span> <span class='ocrx_word' id='word_1_52' title='bbox 821 754 1163 821; x_wconf 87' lang='lat' dir='ltr'><strong>abjiciendum</strong></span> <span class='ocrx_word' id='word_1_53' title='bbox 1193 757 1325 824; x_wconf 78' lang='lat' dir='ltr'><strong>quod</strong></span> <span class='ocrx_word' id='word_1_54' title='bbox 1363 764 1477 810; x_wconf 71' lang='lat' dir='ltr'><strong>eum</strong></span> <span class='ocrx_word' id='word_1_55' title='bbox 1509 758 1796 825; x_wconf 84' lang='lat' dir='ltr'><strong>gratiarum</strong></span> 
     </span>
    </p>
   </div>
   <div class='ocr_carea' id='block_1_9' title="bbox 257 845 1793 911">
    <p class='ocr_par' dir='ltr' id='par_1_9' title="bbox 257 845 1793 911">
     <span class='ocr_line' id='line_1_9' title="bbox 257 845 1793 911; baseline 0.001 -14"><span class='ocrx_word' id='word_1_56' title='bbox 257 847 462 897; x_wconf 89' lang='lat' dir='ltr'><strong>actione</strong></span> <span class='ocrx_word' id='word_1_57' title='bbox 492 845 774 911; x_wconf 78' lang='lat' dir='ltr'><strong>percipitur</strong></span> <span class='ocrx_word' id='word_1_58' title='bbox 801 846 869 897; x_wconf 77' lang='lat'><strong>“.</strong></span> <span class='ocrx_word' id='word_1_59' title='bbox 899 846 1005 900; x_wconf 89' lang='lat' dir='ltr'><strong>Per</strong></span> <span class='ocrx_word' id='word_1_60' title='bbox 1029 848 1322 900; x_wconf 90' lang='lat' dir='ltr'><strong>orationem</strong></span> <span class='ocrx_word' id='word_1_61' title='bbox 1353 857 1525 899; x_wconf 86' lang='lat' dir='ltr'><strong>autem</strong></span> <span class='ocrx_word' id='word_1_62' title='bbox 1562 862 1665 900; x_wconf 90' lang='lat' dir='ltr'><strong>non</strong></span> <span class='ocrx_word' id='word_1_63' title='bbox 1700 860 1793 899; x_wconf 87' lang='lat' dir='ltr'><strong>cu-</strong></span> 
     </span>
    </p>
   </div>
   <div class='ocr_carea' id='block_1_10' title="bbox 256 934 1796 1003">
    <p class='ocr_par' dir='ltr' id='par_1_10' title="bbox 256 934 1796 1003">
     <span class='ocr_line' id='line_1_10' title="bbox 256 934 1796 1003; baseline -0.001 -15"><span class='ocrx_word' id='word_1_64' title='bbox 256 934 562 1001; x_wconf 86' lang='lat' dir='ltr'><strong>iuscunque</strong></span> <span class='ocrx_word' id='word_1_65' title='bbox 592 935 1014 997; x_wconf 80' lang='lat' dir='ltr'><strong>sanctiﬁcantur,</strong></span> <span class='ocrx_word' id='word_1_66' title='bbox 1052 936 1142 989; x_wconf 91' lang='lat' dir='ltr'><strong>sed</strong></span> <span class='ocrx_word' id='word_1_67' title='bbox 1163 951 1346 989; x_wconf 90' lang='lat' dir='ltr'><strong>eorum</strong></span> <span class='ocrx_word' id='word_1_68' title='bbox 1385 936 1473 1000; x_wconf 86' lang='lat' dir='ltr'><strong>qui</strong></span> <span class='ocrx_word' id='word_1_69' title='bbox 1501 936 1676 988; x_wconf 89' lang='lat' dir='ltr'><strong>levant</strong></span> <span class='ocrx_word' id='word_1_70' title='bbox 1696 952 1796 1003; x_wconf 86' lang='lat' dir='ltr'><strong>pu-</strong></span> 
     </span>
    </p>
   </div>
   <div class='ocr_carea' id='block_1_11' title="bbox 173 1018 1796 1089">
    <p class='ocr_par' dir='ltr' id='par_1_11' title="bbox 173 1018 1796 1089">
     <span class='ocr_line' id='line_1_11' title="bbox 173 1018 1796 1089; baseline 0 -12"><span class='ocrx_word' id='word_1_71' title='bbox 173 1018 181 1030; x_wconf 77' lang='grc'><strong>’</strong></span> <span class='ocrx_word' id='word_1_72' title='bbox 256 1041 347 1078; x_wconf 89' lang='lat' dir='ltr'><strong>ras</strong></span> <span class='ocrx_word' id='word_1_73' title='bbox 398 1040 591 1077; x_wconf 85' lang='lat' dir='ltr'><strong>manus</strong></span> <span class='ocrx_word' id='word_1_74' title='bbox 626 1025 737 1077; x_wconf 84' lang='lat' dir='ltr'><strong>sine</strong></span> <span class='ocrx_word' id='word_1_75' title='bbox 780 1024 860 1078; x_wconf 90' lang='lat' dir='ltr'><strong>ira</strong></span> <span class='ocrx_word' id='word_1_76' title='bbox 893 1037 940 1079; x_wconf 88' lang='lat' dir='ltr'><strong>et</strong></span> <span class='ocrx_word' id='word_1_77' title='bbox 990 1026 1355 1089; x_wconf 71' lang='lat' dir='ltr'><strong>disceptatione</strong></span> <span class='ocrx_word' id='word_1_78' title='bbox 1380 1027 1446 1077; x_wconf 79' lang='lat'><strong>”.</strong></span> <span class='ocrx_word' id='word_1_79' title='bbox 1486 1025 1575 1077; x_wconf 83' lang='lat' dir='ltr'><strong>Vis</strong></span> <span class='ocrx_word' id='word_1_80' title='bbox 1618 1034 1796 1077; x_wconf 88' lang='lat' dir='ltr'><strong>autem</strong></span> 
     </span>
    </p>
   </div>
   <div class='ocr_carea' id='block_1_12' title="bbox 256 1113 1794 1183">
    <p class='ocr_par' dir='ltr' id='par_1_12' title="bbox 256 1113 1794 1183">
     <span class='ocr_line' id='line_1_12' title="bbox 256 1113 1794 1183; baseline -0.001 -16"><span class='ocrx_word' id='word_1_81' title='bbox 256 1114 699 1183; x_wconf 83' lang='lat' dir='ltr'><strong>magniﬁcentius</strong></span> <span class='ocrx_word' id='word_1_82' title='bbox 720 1114 893 1168; x_wconf 91' lang='lat' dir='ltr'><strong>adhuc</strong></span> <span class='ocrx_word' id='word_1_83' title='bbox 919 1116 984 1168; x_wconf 87' lang='lat' dir='ltr'><strong>de</strong></span> <span class='ocrx_word' id='word_1_84' title='bbox 1012 1114 1220 1167; x_wconf 83' lang='lat' dir='ltr'><strong>mundis</strong></span> <span class='ocrx_word' id='word_1_85' title='bbox 1245 1120 1299 1168; x_wconf 91' lang='lat' dir='ltr'><strong>et</strong></span> <span class='ocrx_word' id='word_1_86' title='bbox 1328 1113 1633 1175; x_wconf 86' lang='lat' dir='ltr'><strong>immundis,</strong></span> <span class='ocrx_word' id='word_1_87' title='bbox 1654 1113 1794 1179; x_wconf 86' lang='lat' dir='ltr'><strong>quod</strong></span> 
     </span>
    </p>
   </div>
   <div class='ocr_carea' id='block_1_13' title="bbox 254 1204 1798 1274">
    <p class='ocr_par' dir='ltr' id='par_1_13' title="bbox 254 1204 1798 1274">
     <span class='ocr_line' id='line_1_13' title="bbox 254 1204 1798 1274; baseline -0.003 -17"><span class='ocrx_word' id='word_1_88' title='bbox 254 1220 364 1257; x_wconf 89' lang='lat' dir='ltr'><strong>non</strong></span> <span class='ocrx_word' id='word_1_89' title='bbox 398 1206 468 1258; x_wconf 91' lang='lat' dir='ltr'><strong>de</strong></span> <span class='ocrx_word' id='word_1_90' title='bbox 495 1208 831 1274; x_wconf 89' lang='lat' dir='ltr'><strong>corporibus,</strong></span> <span class='ocrx_word' id='word_1_91' title='bbox 864 1212 954 1259; x_wconf 83' lang='lat' dir='ltr'><strong>sed</strong></span> <span class='ocrx_word' id='word_1_92' title='bbox 982 1207 1044 1259; x_wconf 90' lang='lat' dir='ltr'><strong>de</strong></span> <span class='ocrx_word' id='word_1_93' title='bbox 1073 1205 1263 1257; x_wconf 89' lang='lat' dir='ltr'><strong>animis</strong></span> <span class='ocrx_word' id='word_1_94' title='bbox 1295 1204 1540 1256; x_wconf 81' lang='lat' dir='ltr'><strong>dicantur</strong></span> <span class='ocrx_word' id='word_1_95' title='bbox 1566 1210 1620 1254; x_wconf 93' lang='lat' dir='ltr'><strong>et</strong></span> <span class='ocrx_word' id='word_1_96' title='bbox 1650 1215 1798 1255; x_wconf 89' lang='lat' dir='ltr'><strong>men-</strong></span> 
     </span>
    </p>
   </div>
   <div class='ocr_carea' id='block_1_14' title="bbox 256 1291 1795 1367">
    <p class='ocr_par' dir='ltr' id='par_1_14' title="bbox 256 1291 1795 1367">
     <span class='ocr_line' id='line_1_14' title="bbox 256 1291 1795 1367; baseline -0.002 -19"><span class='ocrx_word' id='word_1_97' title='bbox 256 1297 430 1359; x_wconf 88' lang='lat' dir='ltr'><strong>tibus,</strong></span> <span class='ocrx_word' id='word_1_98' title='bbox 461 1297 674 1349; x_wconf 81' lang='lat' dir='ltr'><strong>edoceri</strong></span> <span class='ocrx_word' id='word_1_99' title='bbox 708 1296 857 1365; x_wconf 73' lang='lat'><strong>(54)?</strong></span> <span class='ocrx_word' id='word_1_100' title='bbox 884 1295 1019 1348; x_wconf 81' lang='lat' dir='ltr'><strong>Audi</strong></span> <span class='ocrx_word' id='word_1_101' title='bbox 1050 1296 1211 1363; x_wconf 86' lang='lat' dir='ltr'><strong>ipsius</strong></span> <span class='ocrx_word' id='word_1_102' title='bbox 1238 1294 1441 1347; x_wconf 85' lang='lat' dir='ltr'><strong>Domini</strong></span> <span class='ocrx_word' id='word_1_103' title='bbox 1471 1303 1521 1347; x_wconf 89' lang='lat' dir='ltr'><strong>et</strong></span> <span class='ocrx_word' id='word_1_104' title='bbox 1555 1291 1795 1367; x_wconf 74' lang='lat' dir='ltr'><strong>Salvato-</strong></span> 
     </span>
    </p>
   </div>
   <div class='ocr_carea' id='block_1_15' title="bbox 255 1379 1795 1451">
    <p class='ocr_par' dir='ltr' id='par_1_15' title="bbox 255 1379 1795 1451">
     <span class='ocr_line' id='line_1_15' title="bbox 255 1379 1795 1451; baseline -0.003 -15"><span class='ocrx_word' id='word_1_105' title='bbox 255 1385 334 1436; x_wconf 88' lang='lat' dir='ltr'><strong>ris</strong></span> <span class='ocrx_word' id='word_1_106' title='bbox 366 1386 420 1436; x_wconf 91' lang='lat' dir='ltr'><strong>in</strong></span> <span class='ocrx_word' id='word_1_107' title='bbox 458 1385 743 1451; x_wconf 79' lang='lat' dir='ltr'><strong>Evangelio</strong></span> <span class='ocrx_word' id='word_1_108' title='bbox 772 1386 1086 1438; x_wconf 85' lang='lat' dir='ltr'><strong>sententiam</strong></span> <span class='ocrx_word' id='word_1_109' title='bbox 1108 1384 1332 1436; x_wconf 83' lang='lat' dir='ltr'><strong>dicentis</strong></span> <span class='ocrx_word' id='word_1_110' title='bbox 1365 1400 1378 1435; x_wconf 89' lang='lat'><strong>:</strong></span> <span class='ocrx_word' id='word_1_111' title='bbox 1412 1382 1529 1434; x_wconf 82' lang='lat' dir='ltr'><strong>Non</strong></span> <span class='ocrx_word' id='word_1_112' title='bbox 1566 1379 1679 1449; x_wconf 82' lang='lat' dir='ltr'><strong>qua:</strong></span> <span class='ocrx_word' id='word_1_113' title='bbox 1717 1386 1795 1432; x_wconf 81' lang='lat' dir='ltr'><strong>in-</strong></span> 
     </span>
    </p>
   </div>
   <div class='ocr_carea' id='block_1_16' title="bbox 253 1471 1796 1540">
    <p class='ocr_par' dir='ltr' id='par_1_16' title="bbox 253 1471 1796 1540">
     <span class='ocr_line' id='line_1_16' title="bbox 253 1471 1796 1540; baseline -0.002 -16"><span class='ocrx_word' id='word_1_114' title='bbox 253 1482 399 1524; x_wconf 86' lang='lat' dir='ltr'><strong>trant</strong></span> <span class='ocrx_word' id='word_1_115' title='bbox 427 1474 480 1523; x_wconf 91' lang='lat' dir='ltr'><strong>in</strong></span> <span class='ocrx_word' id='word_1_116' title='bbox 507 1488 583 1533; x_wconf 89' lang='lat' dir='ltr'><strong>os,</strong></span> <span class='ocrx_word' id='word_1_117' title='bbox 612 1474 986 1526; x_wconf 87' lang='lat' dir='ltr'><strong>communicant</strong></span> <span class='ocrx_word' id='word_1_118' title='bbox 1026 1472 1134 1540; x_wconf 79' lang='lat'><strong>(55)</strong></span> <span class='ocrx_word' id='word_1_119' title='bbox 1165 1471 1438 1533; x_wconf 85' lang='lat' dir='ltr'><strong>hominem,</strong></span> <span class='ocrx_word' id='word_1_120' title='bbox 1466 1471 1552 1522; x_wconf 88' lang='lat' dir='ltr'><strong>sed</strong></span> <span class='ocrx_word' id='word_1_121' title='bbox 1592 1485 1708 1537; x_wconf 71' lang='lat' dir='ltr'><strong>qua:</strong></span> <span class='ocrx_word' id='word_1_122' title='bbox 1733 1484 1796 1521; x_wconf 83' lang='lat' dir='ltr'><strong>ea:</strong></span> 
     </span>
    </p>
   </div>
   <div class='ocr_carea' id='block_1_17' title="bbox 254 1560 1796 1629">
    <p class='ocr_par' dir='ltr' id='par_1_17' title="bbox 254 1560 1796 1629">
     <span class='ocr_line' id='line_1_17' title="bbox 254 1560 1796 1629; baseline -0.001 -17"><span class='ocrx_word' id='word_1_123' title='bbox 254 1576 348 1613; x_wconf 87' lang='lat' dir='ltr'><strong>ore</strong></span> <span class='ocrx_word' id='word_1_124' title='bbox 390 1561 711 1628; x_wconf 84' lang='lat' dir='ltr'><strong>procedunt;</strong></span> <span class='ocrx_word' id='word_1_125' title='bbox 748 1562 991 1629; x_wconf 87' lang='lat' dir='ltr'><strong>quoniam</strong></span> <span class='ocrx_word' id='word_1_126' title='bbox 1033 1562 1096 1613; x_wconf 85' lang='lat' dir='ltr'><strong>ab</strong></span> <span class='ocrx_word' id='word_1_127' title='bbox 1134 1563 1272 1613; x_wconf 80' lang='lat' dir='ltr'><strong>intus</strong></span> <span class='ocrx_word' id='word_1_128' title='bbox 1307 1560 1369 1612; x_wconf 90' lang='lat' dir='ltr'><strong>de</strong></span> <span class='ocrx_word' id='word_1_129' title='bbox 1420 1560 1568 1611; x_wconf 85' lang='lat' dir='ltr'><strong>corde</strong></span> <span class='ocrx_word' id='word_1_130' title='bbox 1610 1569 1796 1611; x_wconf 76' lang='lat' dir='ltr'><strong>exeunt</strong></span> 
     </span>
    </p>
   </div>
   <div class='ocr_carea' id='block_1_18' title="bbox 254 1649 1795 1717">
    <p class='ocr_par' dir='ltr' id='par_1_18' title="bbox 254 1649 1795 1717">
     <span class='ocr_line' id='line_1_18' title="bbox 254 1649 1795 1717; baseline 0 -16"><span class='ocrx_word' id='word_1_131' title='bbox 254 1649 608 1717; x_wconf 82' lang='lat' dir='ltr'><strong>cogitationes</strong></span> <span class='ocrx_word' id='word_1_132' title='bbox 640 1650 811 1712; x_wconf 67' lang='lat' dir='ltr'><strong>malae,</strong></span> <span class='ocrx_word' id='word_1_133' title='bbox 836 1650 1134 1714; x_wconf 81' lang='lat' dir='ltr'><strong>homicidia,</strong></span> <span class='ocrx_word' id='word_1_134' title='bbox 1162 1650 1420 1702; x_wconf 84' lang='lat' dir='ltr'><strong>adulteria</strong></span> <span class='ocrx_word' id='word_1_135' title='bbox 1452 1649 1518 1710; x_wconf 79' lang='grc'><strong>’³,</strong></span> <span class='ocrx_word' id='word_1_136' title='bbox 1544 1656 1646 1701; x_wconf 83' lang='lat' dir='ltr'><strong>etc.</strong></span> <span class='ocrx_word' id='word_1_137' title='bbox 1695 1649 1795 1701; x_wconf 89' lang='lat' dir='ltr'><strong>Co-</strong></span> 
     </span>
    </p>
   </div>
   <div class='ocr_carea' id='block_1_19' title="bbox 1893 493 3415 560">
    <p class='ocr_par' dir='ltr' id='par_1_19' title="bbox 1893 493 3415 560">
     <span class='ocr_line' id='line_1_19' title="bbox 1893 493 3415 560; baseline 0.003 -17"><span class='ocrx_word' id='word_1_138' title='bbox 1893 509 2048 560; x_wconf 89' lang='lat' dir='ltr'><strong>qnem</strong></span> <span class='ocrx_word' id='word_1_139' title='bbox 2091 495 2289 558; x_wconf 82' lang='lat' dir='ltr'><strong>sumit,</strong></span> <span class='ocrx_word' id='word_1_140' title='bbox 2338 495 2500 548; x_wconf 84' lang='lat' dir='ltr'><strong>verbo</strong></span> <span class='ocrx_word' id='word_1_141' title='bbox 2548 495 2675 558; x_wconf 87' lang='lat' dir='ltr'><strong>Dei,</strong></span> <span class='ocrx_word' id='word_1_142' title='bbox 2722 503 2776 547; x_wconf 90' lang='lat' dir='ltr'><strong>et</strong></span> <span class='ocrx_word' id='word_1_143' title='bbox 2811 494 3050 547; x_wconf 88' lang='lat' dir='ltr'><strong>oratione</strong></span> <span class='ocrx_word' id='word_1_144' title='bbox 3084 493 3415 557; x_wconf 77' lang='lat' dir='ltr'><strong>sanctiﬁcat,</strong></span> 
     </span>
    </p>
   </div>
   <div class='ocr_carea' id='block_1_20' title="bbox 1894 580 3419 651">
    <p class='ocr_par' dir='ltr' id='par_1_20' title="bbox 1894 580 3419 651">
     <span class='ocr_line' id='line_1_20' title="bbox 1894 580 3419 651; baseline 0.002 -18"><span class='ocrx_word' id='word_1_145' title='bbox 1894 594 2012 633; x_wconf 87' lang='lat' dir='ltr'><strong>cum</strong></span> <span class='ocrx_word' id='word_1_146' title='bbox 2045 580 2203 634; x_wconf 85' lang='lat' dir='ltr'><strong>etiam</strong></span> <span class='ocrx_word' id='word_1_147' title='bbox 2245 580 2358 648; x_wconf 86' lang='lat' dir='ltr'><strong>ipsa</strong></span> <span class='ocrx_word' id='word_1_148' title='bbox 2406 582 2596 651; x_wconf 87' lang='lat' dir='ltr'><strong>quilms</strong></span> <span class='ocrx_word' id='word_1_149' title='bbox 2633 582 2869 635; x_wconf 84' lang='lat' dir='ltr'><strong>induitur</strong></span> <span class='ocrx_word' id='word_1_150' title='bbox 2913 589 3090 637; x_wconf 86' lang='lat' dir='ltr'><strong>sancta</strong></span> <span class='ocrx_word' id='word_1_151' title='bbox 3115 582 3223 634; x_wconf 92' lang='lat' dir='ltr'><strong>sint</strong></span> <span class='ocrx_word' id='word_1_152' title='bbox 3253 582 3419 636; x_wconf 59' lang='lat' dir='ltr'><strong>vestio</strong></span> 
     </span>
    </p>
   </div>
   <div class='ocr_carea' id='block_1_21' title="bbox 1895 669 3414 738">
    <p class='ocr_par' dir='ltr' id='par_1_21' title="bbox 1895 669 3414 738">
     <span class='ocr_line' id='line_1_21' title="bbox 1895 669 3414 738; baseline 0.003 -18"><span class='ocrx_word' id='word_1_153' title='bbox 1895 678 2090 722; x_wconf 87' lang='lat' dir='ltr'><strong>menta.</strong></span> <span class='ocrx_word' id='word_1_154' title='bbox 2139 669 2365 721; x_wconf 87' lang='lat' dir='ltr'><strong>Sudaria</strong></span> <span class='ocrx_word' id='word_1_155' title='bbox 2408 671 2637 738; x_wconf 87' lang='lat' dir='ltr'><strong>denique</strong></span> <span class='ocrx_word' id='word_1_156' title='bbox 2681 670 2829 724; x_wconf 85' lang='lat' dir='ltr'><strong>Pauli</strong></span> <span class='ocrx_word' id='word_1_157' title='bbox 2879 670 2924 701; x_wconf 76' lang='lat'>&quot;</span> <span class='ocrx_word' id='word_1_158' title='bbox 2983 678 3036 722; x_wconf 91' lang='lat' dir='ltr'><strong>et</strong></span> <span class='ocrx_word' id='word_1_159' title='bbox 3084 671 3414 724; x_wconf 82' lang='lat' dir='ltr'><strong>semicinctia</strong></span> 
     </span>
    </p>
   </div>
   <div class='ocr_carea' id='block_1_22' title="bbox 1897 759 3417 827">
    <p class='ocr_par' dir='ltr' id='par_1_22' title="bbox 1897 759 3417 827">
     <span class='ocr_line' id='line_1_22' title="bbox 1897 759 3417 827; baseline 0.003 -16"><span class='ocrx_word' id='word_1_160' title='bbox 1897 766 2100 811; x_wconf 79' lang='lat' dir='ltr'><strong>tantum</strong></span> <span class='ocrx_word' id='word_1_161' title='bbox 2129 772 2194 811; x_wconf 83' lang='lat' dir='ltr'><strong>es</strong></span> <span class='ocrx_word' id='word_1_162' title='bbox 2242 759 2405 827; x_wconf 86' lang='lat' dir='ltr'><strong>ipsius</strong></span> <span class='ocrx_word' id='word_1_163' title='bbox 2456 760 2687 827; x_wconf 80' lang='lat' dir='ltr'><strong>puritate</strong></span> <span class='ocrx_word' id='word_1_164' title='bbox 2725 759 3159 813; x_wconf 79' lang='lat' dir='ltr'><strong>sanctiﬁcationis</strong></span> <span class='ocrx_word' id='word_1_165' title='bbox 3194 773 3417 826; x_wconf 85' lang='lat' dir='ltr'><strong>accepe-</strong></span> 
     </span>
    </p>
   </div>
   <div class='ocr_carea' id='block_1_23' title="bbox 1896 848 3421 918">
    <p class='ocr_par' dir='ltr' id='par_1_23' title="bbox 1896 848 3421 918">
     <span class='ocr_line' id='line_1_23' title="bbox 1896 848 3421 918; baseline 0.003 -19"><span class='ocrx_word' id='word_1_166' title='bbox 1896 856 2035 908; x_wconf 84' lang='lat' dir='ltr'><strong>rant,</strong></span> <span class='ocrx_word' id='word_1_167' title='bbox 2072 856 2130 899; x_wconf 93' lang='lat' dir='ltr'><strong>ut</strong></span> <span class='ocrx_word' id='word_1_168' title='bbox 2175 849 2332 915; x_wconf 61' lang='lat' dir='ltr'><strong>agris</strong></span> <span class='ocrx_word' id='word_1_169' title='bbox 2378 848 2613 902; x_wconf 85' lang='lat' dir='ltr'><strong>adhibita</strong></span> <span class='ocrx_word' id='word_1_170' title='bbox 2666 850 2977 917; x_wconf 88' lang='lat' dir='ltr'><strong>corporibus</strong></span> <span class='ocrx_word' id='word_1_171' title='bbox 3016 848 3125 918; x_wconf 79' lang='lat'><strong>(&#39;56)</strong></span> <span class='ocrx_word' id='word_1_172' title='bbox 3175 849 3421 915; x_wconf 74' lang='lat' dir='ltr'><strong>fugerent</strong></span> 
     </span>
    </p>
   </div>
   <div class='ocr_carea' id='block_1_24' title="bbox 1895 937 3418 1001">
    <p class='ocr_par' dir='ltr' id='par_1_24' title="bbox 1895 937 3418 1001">
     <span class='ocr_line' id='line_1_24' title="bbox 1895 937 3418 1001; baseline 0.001 -12"><span class='ocrx_word' id='word_1_173' title='bbox 1895 937 2127 1001; x_wconf 90' lang='lat' dir='ltr'><strong>morbos,</strong></span> <span class='ocrx_word' id='word_1_174' title='bbox 2167 947 2221 989; x_wconf 88' lang='lat' dir='ltr'><strong>ct</strong></span> <span class='ocrx_word' id='word_1_175' title='bbox 2264 938 2544 991; x_wconf 89' lang='lat' dir='ltr'><strong>redderent</strong></span> <span class='ocrx_word' id='word_1_176' title='bbox 2590 939 2892 991; x_wconf 87' lang='lat' dir='ltr'><strong>sanitatem.</strong></span> <span class='ocrx_word' id='word_1_177' title='bbox 2955 937 3086 991; x_wconf 86' lang='lat' dir='ltr'><strong>Nam</strong></span> <span class='ocrx_word' id='word_1_178' title='bbox 3146 938 3211 992; x_wconf 87' lang='lat' dir='ltr'><strong>de</strong></span> <span class='ocrx_word' id='word_1_179' title='bbox 3255 937 3418 991; x_wconf 89' lang='lat' dir='ltr'><strong>Petro</strong></span> 
     </span>
    </p>
   </div>
   <div class='ocr_carea' id='block_1_25' title="bbox 1895 1027 3417 1095">
    <p class='ocr_par' dir='ltr' id='par_1_25' title="bbox 1895 1027 3417 1095">
     <span class='ocr_line' id='line_1_25' title="bbox 1895 1027 3417 1095; baseline 0.001 -16"><span class='ocrx_word' id='word_1_180' title='bbox 1895 1028 2020 1095; x_wconf 89' lang='lat' dir='ltr'><strong>quid</strong></span> <span class='ocrx_word' id='word_1_181' title='bbox 2062 1028 2254 1089; x_wconf 84' lang='lat' dir='ltr'><strong>dicam,</strong></span> <span class='ocrx_word' id='word_1_182' title='bbox 2306 1027 2455 1095; x_wconf 86' lang='lat' dir='ltr'><strong>cujus</strong></span> <span class='ocrx_word' id='word_1_183' title='bbox 2495 1028 2655 1080; x_wconf 89' lang='lat' dir='ltr'><strong>etiam</strong></span> <span class='ocrx_word' id='word_1_184' title='bbox 2704 1031 2887 1081; x_wconf 90' lang='lat' dir='ltr'><strong>umbra</strong></span> <span class='ocrx_word' id='word_1_185' title='bbox 2935 1028 3173 1095; x_wconf 89' lang='lat' dir='ltr'><strong>corporis</strong></span> <span class='ocrx_word' id='word_1_186' title='bbox 3215 1037 3417 1081; x_wconf 90' lang='lat' dir='ltr'><strong>tantum</strong></span> 
     </span>
    </p>
   </div>
   <div class='ocr_carea' id='block_1_26' title="bbox 1895 1117 3419 1186">
    <p class='ocr_par' dir='ltr' id='par_1_26' title="bbox 1895 1117 3419 1186">
     <span class='ocr_line' id='line_1_26' title="bbox 1895 1117 3419 1186; baseline 0.001 -17"><span class='ocrx_word' id='word_1_187' title='bbox 1895 1117 2326 1170; x_wconf 79' lang='lat' dir='ltr'><strong>sanctiﬁcationis</strong></span> <span class='ocrx_word' id='word_1_188' title='bbox 2366 1121 2584 1185; x_wconf 81' lang='lat' dir='ltr'><strong>gerebat</strong></span> <span class='ocrx_word' id='word_1_189' title='bbox 2616 1117 2686 1179; x_wconf 79' lang='lat'><strong>&quot;,</strong></span> <span class='ocrx_word' id='word_1_190' title='bbox 2736 1126 2793 1169; x_wconf 92' lang='lat' dir='ltr'><strong>ut</strong></span> <span class='ocrx_word' id='word_1_191' title='bbox 2822 1132 3163 1186; x_wconf 83' lang='lat' dir='ltr'><strong>quoscunque</strong></span> <span class='ocrx_word' id='word_1_192' title='bbox 3196 1129 3419 1185; x_wconf 64' lang='lat' dir='ltr'><strong>praeter-</strong></span> 
     </span>
    </p>
   </div>
   <div class='ocr_carea' id='block_1_27' title="bbox 1897 1203 3421 1272">
    <p class='ocr_par' dir='ltr' id='par_1_27' title="bbox 1897 1203 3421 1272">
     <span class='ocr_line' id='line_1_27' title="bbox 1897 1203 3421 1272; baseline 0.001 -17"><span class='ocrx_word' id='word_1_193' title='bbox 1897 1204 2009 1255; x_wconf 90' lang='lat' dir='ltr'><strong>iens</strong></span> <span class='ocrx_word' id='word_1_194' title='bbox 2031 1218 2141 1255; x_wconf 59' lang='lat' dir='ltr'><strong>tuon</strong></span> <span class='ocrx_word' id='word_1_195' title='bbox 2185 1206 2312 1269; x_wconf 79' lang='lat' dir='ltr'><strong>ipse,</strong></span> <span class='ocrx_word' id='word_1_196' title='bbox 2346 1206 2435 1257; x_wconf 91' lang='lat' dir='ltr'><strong>sed</strong></span> <span class='ocrx_word' id='word_1_197' title='bbox 2462 1203 2571 1256; x_wconf 87' lang='lat' dir='ltr'><strong>sola</strong></span> <span class='ocrx_word' id='word_1_198' title='bbox 2617 1205 2730 1271; x_wconf 83' lang='lat' dir='ltr'><strong>ejus</strong></span> <span class='ocrx_word' id='word_1_199' title='bbox 2760 1206 2941 1256; x_wconf 87' lang='lat' dir='ltr'><strong>umbra</strong></span> <span class='ocrx_word' id='word_1_200' title='bbox 2981 1207 3259 1272; x_wconf 78' lang='lat' dir='ltr'><strong>tetigisset,</strong></span> <span class='ocrx_word' id='word_1_201' title='bbox 3290 1219 3421 1257; x_wconf 86' lang='lat' dir='ltr'><strong>con-</strong></span> 
     </span>
    </p>
   </div>
   <div class='ocr_carea' id='block_1_28' title="bbox 1899 1289 3419 1359">
    <p class='ocr_par' dir='ltr' id='par_1_28' title="bbox 1899 1289 3419 1359">
     <span class='ocr_line' id='line_1_28' title="bbox 1899 1289 3419 1359; baseline 0.003 -18"><span class='ocrx_word' id='word_1_202' title='bbox 1899 1290 2042 1341; x_wconf 88' lang='lat' dir='ltr'><strong>tinuo</strong></span> <span class='ocrx_word' id='word_1_203' title='bbox 2088 1292 2155 1342; x_wconf 88' lang='lat' dir='ltr'><strong>ab</strong></span> <span class='ocrx_word' id='word_1_204' title='bbox 2198 1291 2337 1342; x_wconf 88' lang='lat' dir='ltr'><strong>omni</strong></span> <span class='ocrx_word' id='word_1_205' title='bbox 2383 1292 2693 1359; x_wconf 75' lang='lat' dir='ltr'><strong>aegritudine</strong></span> <span class='ocrx_word' id='word_1_206' title='bbox 2733 1290 3071 1343; x_wconf 78' lang='lat' dir='ltr'><strong>levarentur?</strong></span> <span class='ocrx_word' id='word_1_207' title='bbox 3112 1289 3217 1344; x_wconf 85' lang='lat' dir='ltr'><strong>Sed</strong></span> <span class='ocrx_word' id='word_1_208' title='bbox 3264 1291 3419 1358; x_wconf 85' lang='lat' dir='ltr'><strong>paulo</strong></span> 
     </span>
    </p>
   </div>
   <div class='ocr_carea' id='block_1_29' title="bbox 1897 1374 3483 1447">
    <p class='ocr_par' dir='ltr' id='par_1_29' title="bbox 1897 1374 3483 1447">
     <span class='ocr_line' id='line_1_29' title="bbox 1897 1374 3483 1447; baseline 0.005 -22"><span class='ocrx_word' id='word_1_209' title='bbox 1897 1374 2053 1427; x_wconf 89' lang='lat' dir='ltr'><strong>latius</strong></span> <span class='ocrx_word' id='word_1_210' title='bbox 2079 1377 2403 1428; x_wconf 77' lang='lat' dir='ltr'><strong>escessimus</strong></span> <span class='ocrx_word' id='word_1_211' title='bbox 2444 1378 2508 1429; x_wconf 90' lang='lat' dir='ltr'><strong>de</strong></span> <span class='ocrx_word' id='word_1_212' title='bbox 2553 1378 2759 1429; x_wconf 77' lang='lat' dir='ltr'><strong>mundis</strong></span> <span class='ocrx_word' id='word_1_213' title='bbox 2789 1377 2924 1429; x_wconf 84' lang='lat' dir='ltr'><strong>cibis</strong></span> <span class='ocrx_word' id='word_1_214' title='bbox 2966 1388 3024 1430; x_wconf 91' lang='lat' dir='ltr'><strong>et</strong></span> <span class='ocrx_word' id='word_1_215' title='bbox 3052 1378 3420 1433; x_wconf 85' lang='lat' dir='ltr'><strong>communibus</strong></span> <span class='ocrx_word' id='word_1_216' title='bbox 3479 1442 3483 1447; x_wconf 29' lang='grc' dir='ltr'><strong>ε</strong></span> 
     </span>
    </p>
   </div>
   <div class='ocr_carea' id='block_1_30' title="bbox 1897 1464 3418 1535">
    <p class='ocr_par' dir='ltr' id='par_1_30' title="bbox 1897 1464 3418 1535">
     <span class='ocr_line' id='line_1_30' title="bbox 1897 1464 3418 1535; baseline 0.004 -19"><span class='ocrx_word' id='word_1_217' title='bbox 1897 1464 2241 1529; x_wconf 85' lang='lat' dir='ltr'><strong>disserentes,</strong></span> <span class='ocrx_word' id='word_1_218' title='bbox 2271 1478 2325 1520; x_wconf 92' lang='lat' dir='ltr'><strong>ut</strong></span> <span class='ocrx_word' id='word_1_219' title='bbox 2348 1466 2585 1534; x_wconf 86' lang='lat' dir='ltr'><strong>Apostoli</strong></span> <span class='ocrx_word' id='word_1_220' title='bbox 2618 1481 2851 1530; x_wconf 85' lang='lat' dir='ltr'><strong>sensum,</strong></span> <span class='ocrx_word' id='word_1_221' title='bbox 2887 1477 3140 1533; x_wconf 87' lang='lat' dir='ltr'><strong>quantum</strong></span> <span class='ocrx_word' id='word_1_222' title='bbox 3168 1468 3418 1535; x_wconf 87' lang='lat' dir='ltr'><strong>possibile</strong></span> 
     </span>
    </p>
   </div>
   <div class='ocr_carea' id='block_1_31' title="bbox 1896 1554 3419 1623">
    <p class='ocr_par' dir='ltr' id='par_1_31' title="bbox 1896 1554 3419 1623">
     <span class='ocr_line' id='line_1_31' title="bbox 1896 1554 3419 1623; baseline 0.005 -20"><span class='ocrx_word' id='word_1_223' title='bbox 1896 1561 1997 1613; x_wconf 88' lang='lat' dir='ltr'><strong>est,</strong></span> <span class='ocrx_word' id='word_1_224' title='bbox 2041 1554 2498 1607; x_wconf 84' lang='lat' dir='ltr'><strong>consideraremus</strong></span> <span class='ocrx_word' id='word_1_225' title='bbox 2539 1554 2821 1607; x_wconf 76' lang='lat' dir='ltr'><strong>excelsius.</strong></span> <span class='ocrx_word' id='word_1_226' title='bbox 2866 1555 2967 1607; x_wconf 91' lang='lat' dir='ltr'><strong>Sed</strong></span> <span class='ocrx_word' id='word_1_227' title='bbox 3010 1570 3269 1609; x_wconf 84' lang='lat' dir='ltr'><strong>memores</strong></span> <span class='ocrx_word' id='word_1_228' title='bbox 3298 1572 3419 1623; x_wconf 91' lang='lat' dir='ltr'><strong>pro-</strong></span> 
     </span>
    </p>
   </div>
   <div class='ocr_carea' id='block_1_32' title="bbox 1897 1641 3422 1707">
    <p class='ocr_par' dir='ltr' id='par_1_32' title="bbox 1897 1641 3422 1707">
     <span class='ocr_line' id='line_1_32' title="bbox 1897 1641 3422 1707; baseline 0.005 -17"><span class='ocrx_word' id='word_1_229' title='bbox 1897 1641 2079 1707; x_wconf 67' lang='lat' dir='ltr'><strong>positae</strong></span> <span class='ocrx_word' id='word_1_230' title='bbox 2127 1642 2424 1704; x_wconf 87' lang='lat' dir='ltr'><strong>brevitatis,</strong></span> <span class='ocrx_word' id='word_1_231' title='bbox 2475 1644 2529 1695; x_wconf 92' lang='lat' dir='ltr'><strong>in</strong></span> <span class='ocrx_word' id='word_1_232' title='bbox 2574 1644 2654 1697; x_wconf 89' lang='lat' dir='ltr'><strong>his</strong></span> <span class='ocrx_word' id='word_1_233' title='bbox 2704 1645 2825 1697; x_wconf 92' lang='lat' dir='ltr'><strong>noni</strong></span> <span class='ocrx_word' id='word_1_234' title='bbox 2878 1644 3159 1699; x_wconf 73' lang='lat' dir='ltr'><strong>voluminis</strong></span> <span class='ocrx_word' id='word_1_235' title='bbox 3205 1647 3422 1698; x_wconf 81' lang='lat' dir='ltr'><strong>conclu-</strong></span> 
     </span>
    </p>
   </div>
   <div class='ocr_carea' id='block_1_33' title="bbox 251 1716 3422 1808">
    <p class='ocr_par' dir='ltr' id='par_1_33' title="bbox 251 1716 3422 1808">
     <span class='ocr_line' id='line_1_33' title="bbox 251 1716 3422 1808; baseline -0.001 -15"><span class='ocrx_word' id='word_1_236' title='bbox 251 1716 457 1804; x_wconf 76' lang='lat' dir='ltr'><strong>gitatio</strong></span> <span class='ocrx_word' id='word_1_237' title='bbox 500 1754 627 1808; x_wconf 86' lang='lat' dir='ltr'><strong>ergo</strong></span> <span class='ocrx_word' id='word_1_238' title='bbox 665 1749 748 1793; x_wconf 88' lang='lat' dir='ltr'><strong>est</strong></span> <span class='ocrx_word' id='word_1_239' title='bbox 788 1748 842 1792; x_wconf 89' lang='lat' dir='ltr'><strong>et</strong></span> <span class='ocrx_word' id='word_1_240' title='bbox 880 1756 1030 1794; x_wconf 89' lang='lat' dir='ltr'><strong>mens</strong></span> <span class='ocrx_word' id='word_1_241' title='bbox 1071 1754 1172 1791; x_wconf 89' lang='lat' dir='ltr'><strong>non</strong></span> <span class='ocrx_word' id='word_1_242' title='bbox 1217 1748 1358 1792; x_wconf 87' lang='lat' dir='ltr'><strong>recte</strong></span> <span class='ocrx_word' id='word_1_243' title='bbox 1400 1738 1631 1790; x_wconf 83' lang='lat' dir='ltr'><strong>sentiens</strong></span> <span class='ocrx_word' id='word_1_244' title='bbox 1681 1752 1797 1804; x_wconf 67' lang='lat' dir='ltr'><strong>qua:</strong></span> <span class='ocrx_word' id='word_1_245' title='bbox 1827 1716 1869 1773; x_wconf 80' lang='grc' dir='ltr'><strong>Β</strong></span> <span class='ocrx_word' id='word_1_246' title='bbox 1896 1733 2043 1785; x_wconf 80' lang='lat' dir='ltr'><strong>sione</strong></span> <span class='ocrx_word' id='word_1_247' title='bbox 2073 1734 2231 1795; x_wconf 79' lang='lat' dir='ltr'><strong>facta,</strong></span> <span class='ocrx_word' id='word_1_248' title='bbox 2261 1735 2453 1787; x_wconf 88' lang='lat' dir='ltr'><strong>decimi</strong></span> <span class='ocrx_word' id='word_1_249' title='bbox 2476 1734 2815 1804; x_wconf 84' lang='lat' dir='ltr'><strong>ejusdemque</strong></span> <span class='ocrx_word' id='word_1_250' title='bbox 2844 1737 3014 1790; x_wconf 89' lang='lat' dir='ltr'><strong>ultimi</strong></span> <span class='ocrx_word' id='word_1_251' title='bbox 3048 1738 3422 1805; x_wconf 75' lang='lat' dir='ltr'><strong>aggrediamur</strong></span> 
     </span>
    </p>
   </div>
   <div class='ocr_carea' id='block_1_34' title="bbox 253 1826 1795 1894">
    <p class='ocr_par' dir='ltr' id='par_1_34' title="bbox 253 1826 1795 1894">
     <span class='ocr_line' id='line_1_34' title="bbox 253 1826 1795 1894; baseline 0 -16"><span class='ocrx_word' id='word_1_252' title='bbox 253 1826 455 1893; x_wconf 91' lang='lat' dir='ltr'><strong>polluit</strong></span> <span class='ocrx_word' id='word_1_253' title='bbox 486 1827 775 1892; x_wconf 84' lang='lat' dir='ltr'><strong>hominem,</strong></span> <span class='ocrx_word' id='word_1_254' title='bbox 803 1842 905 1880; x_wconf 93' lang='lat' dir='ltr'><strong>non</strong></span> <span class='ocrx_word' id='word_1_255' title='bbox 927 1828 1162 1880; x_wconf 86' lang='lat' dir='ltr'><strong>ciborum</strong></span> <span class='ocrx_word' id='word_1_256' title='bbox 1189 1826 1413 1894; x_wconf 73' lang='lat' dir='ltr'><strong>qualitas</strong></span> <span class='ocrx_word' id='word_1_257' title='bbox 1431 1864 1447 1888; x_wconf 93' lang='lat'><strong>,</strong></span> <span class='ocrx_word' id='word_1_258' title='bbox 1472 1839 1589 1892; x_wconf 62' lang='lat' dir='ltr'><strong>quae</strong></span> <span class='ocrx_word' id='word_1_259' title='bbox 1616 1826 1795 1893; x_wconf 80' lang='lat' dir='ltr'><strong>cujus-</strong></span> 
     </span>
    </p>
   </div>
   <div class='ocr_carea' id='block_1_35' title="bbox 252 1913 1798 1982">
    <p class='ocr_par' dir='ltr' id='par_1_35' title="bbox 252 1913 1798 1982">
     <span class='ocr_line' id='line_1_35' title="bbox 252 1913 1798 1982; baseline -0.001 -15"><span class='ocrx_word' id='word_1_260' title='bbox 252 1929 480 1981; x_wconf 91' lang='lat' dir='ltr'><strong>cunque</strong></span> <span class='ocrx_word' id='word_1_261' title='bbox 514 1914 655 1969; x_wconf 90' lang='lat' dir='ltr'><strong>modi</strong></span> <span class='ocrx_word' id='word_1_262' title='bbox 685 1914 859 1980; x_wconf 81' lang='lat' dir='ltr'><strong>fuerit,</strong></span> <span class='ocrx_word' id='word_1_263' title='bbox 885 1915 998 1982; x_wconf 90' lang='lat' dir='ltr'><strong>pari</strong></span> <span class='ocrx_word' id='word_1_264' title='bbox 1025 1913 1315 1982; x_wconf 88' lang='lat' dir='ltr'><strong>eodemque</strong></span> <span class='ocrx_word' id='word_1_265' title='bbox 1338 1914 1480 1965; x_wconf 80' lang='lat' dir='ltr'><strong>exitu</strong></span> <span class='ocrx_word' id='word_1_266' title='bbox 1506 1928 1654 1965; x_wconf 87' lang='lat' dir='ltr'><strong>usum</strong></span> <span class='ocrx_word' id='word_1_267' title='bbox 1680 1927 1798 1966; x_wconf 90' lang='lat' dir='ltr'><strong>cor-</strong></span> 
     </span>
    </p>
   </div>
   <div class='ocr_carea' id='block_1_36' title="bbox 1899 1824 2328 1893">
    <p class='ocr_par' dir='ltr' id='par_1_36' title="bbox 1899 1824 2328 1893">
     <span class='ocr_line' id='line_1_36' title="bbox 1899 1824 2328 1893; baseline -0.014 -16"><span class='ocrx_word' id='word_1_268' title='bbox 1899 1824 2173 1877; x_wconf 76' lang='lat' dir='ltr'><strong>esordium</strong></span> <span class='ocrx_word' id='word_1_269' title='bbox 2201 1824 2328 1893; x_wconf 76' lang='grc'>(57),</span> 
     </span>
    </p>
   </div>
   <div class='ocr_carea' id='block_1_37' title="bbox 1366 2222 2323 2311">
    <p class='ocr_par' dir='ltr' id='par_1_37' title="bbox 1366 2222 2323 2311">
     <span class='ocr_line' id='line_1_37' title="bbox 1366 2222 2323 2311; baseline 0.004 -6"><span class='ocrx_word' id='word_1_270' title='bbox 1366 2223 1706 2307; x_wconf 76' lang='lat' dir='ltr'><strong>LIBER</strong></span> <span class='ocrx_word' id='word_1_271' title='bbox 1776 2222 2323 2311; x_wconf 86' lang='lat' dir='ltr'><strong>DECIMUS.</strong></span> 
     </span>
    </p>
   </div>
   <div class='ocr_carea' id='block_1_38' title="bbox 320 2539 1777 2617">
    <p class='ocr_par' dir='ltr' id='par_1_38' title="bbox 320 2539 1777 2617">
     <span class='ocr_line' id='line_1_38' title="bbox 320 2539 1777 2617; baseline -0.015 -15"><span class='ocrx_word' id='word_1_272' title='bbox 320 2544 494 2617; x_wconf 75' lang='lat'><strong>667</strong></span> <span class='ocrx_word' id='word_1_273' title='bbox 560 2545 610 2596; x_wconf 83' lang='grc'><strong>1.</strong></span> <span class='ocrx_word' id='word_1_274' title='bbox 672 2540 789 2593; x_wconf 87' lang='lat' dir='ltr'><strong>Non</strong></span> <span class='ocrx_word' id='word_1_275' title='bbox 840 2539 1208 2607; x_wconf 82' lang='lat' dir='ltr'><strong>blasphemetur</strong></span> <span class='ocrx_word' id='word_1_276' title='bbox 1268 2554 1387 2607; x_wconf 85' lang='lat' dir='ltr'><strong>ergo</strong></span> <span class='ocrx_word' id='word_1_277' title='bbox 1438 2540 1625 2592; x_wconf 86' lang='lat' dir='ltr'><strong>bonum</strong></span> <span class='ocrx_word' id='word_1_278' title='bbox 1682 2555 1777 2592; x_wconf 85' lang='grc' dir='ltr'><strong>ηο-</strong></span> 
     </span>
    </p>
   </div>
   <div class='ocr_carea' id='block_1_39' title="bbox 249 2628 1788 2701">
    <p class='ocr_par' dir='ltr' id='par_1_39' title="bbox 249 2628 1788 2701">
     <span class='ocr_line' id='line_1_39' title="bbox 249 2628 1788 2701; baseline -0.004 -14"><span class='ocrx_word' id='word_1_279' title='bbox 249 2648 427 2688; x_wconf 87' lang='lat' dir='ltr'><strong>strum</strong></span> <span class='ocrx_word' id='word_1_280' title='bbox 446 2636 578 2701; x_wconf 67' lang='lat'><strong>(38).</strong></span> <span class='ocrx_word' id='word_1_281' title='bbox 611 2630 729 2682; x_wconf 87' lang='lat' dir='ltr'><strong>Non</strong></span> <span class='ocrx_word' id='word_1_282' title='bbox 745 2630 876 2681; x_wconf 88' lang='lat' dir='ltr'><strong>enim</strong></span> <span class='ocrx_word' id='word_1_283' title='bbox 892 2644 1099 2696; x_wconf 83' lang='lat' dir='ltr'><strong>regnum</strong></span> <span class='ocrx_word' id='word_1_284' title='bbox 1119 2628 1211 2679; x_wconf 85' lang='lat' dir='ltr'><strong>Dei</strong></span> <span class='ocrx_word' id='word_1_285' title='bbox 1228 2638 1297 2679; x_wconf 88' lang='lat' dir='ltr'><strong>est</strong></span> <span class='ocrx_word' id='word_1_286' title='bbox 1311 2644 1425 2680; x_wconf 87' lang='lat' dir='ltr'><strong>esca</strong></span> <span class='ocrx_word' id='word_1_287' title='bbox 1448 2639 1494 2681; x_wconf 89' lang='lat' dir='ltr'><strong><em>et</em></strong></span> <span class='ocrx_word' id='word_1_288' title='bbox 1508 2639 1677 2691; x_wconf 82' lang='lat' dir='ltr'><strong>potus,</strong></span> <span class='ocrx_word' id='word_1_289' title='bbox 1699 2630 1788 2681; x_wconf 86' lang='lat' dir='ltr'><strong>sed</strong></span> 
     </span>
    </p>
   </div>
   <div class='ocr_carea' id='block_1_40' title="bbox 244 2719 1788 2795">
    <p class='ocr_par' dir='ltr' id='par_1_40' title="bbox 244 2719 1788 2795">
     <span class='ocr_line' id='line_1_40' title="bbox 244 2719 1788 2795; baseline 0 -20"><span class='ocrx_word' id='word_1_290' title='bbox 244 2725 498 2795; x_wconf 79' lang='lat' dir='ltr'><strong>justitia,</strong></span> <span class='ocrx_word' id='word_1_291' title='bbox 514 2731 562 2775; x_wconf 88' lang='lat' dir='ltr'><strong>et</strong></span> <span class='ocrx_word' id='word_1_292' title='bbox 578 2738 701 2790; x_wconf 76' lang='lat' dir='ltr'><strong>pax,</strong></span> <span class='ocrx_word' id='word_1_293' title='bbox 719 2732 766 2773; x_wconf 87' lang='lat' dir='ltr'><strong>et</strong></span> <span class='ocrx_word' id='word_1_294' title='bbox 779 2721 1018 2789; x_wconf 84' lang='lat' dir='ltr'><strong>gaudium</strong></span> <span class='ocrx_word' id='word_1_295' title='bbox 1038 2720 1091 2770; x_wconf 76' lang='lat' dir='ltr'><strong>in</strong></span> <span class='ocrx_word' id='word_1_296' title='bbox 1108 2719 1310 2787; x_wconf 79' lang='lat' dir='ltr'><strong>Spiritu</strong></span> <span class='ocrx_word' id='word_1_297' title='bbox 1324 2730 1520 2778; x_wconf 80' lang='lat' dir='ltr'><strong>sancto.</strong></span> <span class='ocrx_word' id='word_1_298' title='bbox 1548 2721 1684 2774; x_wconf 88' lang='lat' dir='ltr'><strong>Nam</strong></span> <span class='ocrx_word' id='word_1_299' title='bbox 1700 2724 1788 2790; x_wconf 83' lang='lat' dir='ltr'><strong>qui</strong></span> 
     </span>
    </p>
   </div>
   <div class='ocr_carea' id='block_1_41' title="bbox 249 2806 1793 2874">
    <p class='ocr_par' dir='ltr' id='par_1_41' title="bbox 249 2806 1793 2874">
     <span class='ocr_line' id='line_1_41' title="bbox 249 2806 1793 2874; baseline -0.003 -8"><span class='ocrx_word' id='word_1_300' title='bbox 249 2816 308 2865; x_wconf 89' lang='lat' dir='ltr'><strong>in</strong></span> <span class='ocrx_word' id='word_1_301' title='bbox 325 2814 430 2865; x_wconf 81' lang='lat' dir='ltr'><strong>hoc</strong></span> <span class='ocrx_word' id='word_1_302' title='bbox 450 2812 603 2863; x_wconf 85' lang='lat' dir='ltr'><strong>servit</strong></span> <span class='ocrx_word' id='word_1_303' title='bbox 624 2808 850 2873; x_wconf 70' lang='lat' dir='ltr'><strong>Christo,</strong></span> <span class='ocrx_word' id='word_1_304' title='bbox 872 2808 1032 2874; x_wconf 87' lang='lat' dir='ltr'><strong>placet</strong></span> <span class='ocrx_word' id='word_1_305' title='bbox 1065 2806 1189 2867; x_wconf 85' lang='lat' dir='ltr'><strong>Deo,</strong></span> <span class='ocrx_word' id='word_1_306' title='bbox 1214 2815 1262 2859; x_wconf 83' lang='lat' dir='ltr'><strong>et</strong></span> <span class='ocrx_word' id='word_1_307' title='bbox 1276 2811 1516 2872; x_wconf 83' lang='lat' dir='ltr'><strong>probatus</strong></span> <span class='ocrx_word' id='word_1_308' title='bbox 1528 2820 1604 2861; x_wconf 85' lang='lat' dir='ltr'><strong>est</strong></span> <span class='ocrx_word' id='word_1_309' title='bbox 1624 2811 1793 2863; x_wconf 86' lang='lat' dir='ltr'><strong>homi-</strong></span> 
     </span>
    </p>
   </div>
   <div class='ocr_carea' id='block_1_42' title="bbox 251 2895 1795 2970">
    <p class='ocr_par' dir='ltr' id='par_1_42' title="bbox 251 2895 1795 2970">
     <span class='ocr_line' id='line_1_42' title="bbox 251 2895 1795 2970; baseline -0.002 -15"><span class='ocrx_word' id='word_1_310' title='bbox 251 2905 412 2955; x_wconf 89' lang='lat' dir='ltr'><strong>nibus</strong></span> <span class='ocrx_word' id='word_1_311' title='bbox 440 2901 487 2932; x_wconf 84' lang='grc'>¹⁶</span> <span class='ocrx_word' id='word_1_312' title='bbox 528 2898 657 2970; x_wconf 79' lang='grc'>(59).</span> <span class='ocrx_word' id='word_1_313' title='bbox 692 2897 921 2964; x_wconf 79' lang='lat' dir='ltr'><strong>Requiro</strong></span> <span class='ocrx_word' id='word_1_314' title='bbox 951 2895 1214 2963; x_wconf 89' lang='lat' dir='ltr'><strong>quomodo</strong></span> <span class='ocrx_word' id='word_1_315' title='bbox 1243 2895 1594 2961; x_wconf 88' lang='lat' dir='ltr'><strong>blasphemari</strong></span> <span class='ocrx_word' id='word_1_316' title='bbox 1630 2900 1795 2966; x_wconf 83' lang='lat' dir='ltr'><strong>possit</strong></span> 
     </span>
    </p>
   </div>
   <div class='ocr_carea' id='block_1_43' title="bbox 1891 2542 3410 2617">
    <p class='ocr_par' dir='ltr' id='par_1_43' title="bbox 1891 2542 3410 2617">
     <span class='ocr_line' id='line_1_43' title="bbox 1891 2542 3410 2617; baseline 0.007 -22"><span class='ocrx_word' id='word_1_317' title='bbox 1891 2544 1979 2610; x_wconf 88' lang='lat' dir='ltr'><strong>qui</strong></span> <span class='ocrx_word' id='word_1_318' title='bbox 2022 2543 2188 2597; x_wconf 89' lang='lat' dir='ltr'><strong>snillis</strong></span> <span class='ocrx_word' id='word_1_319' title='bbox 2215 2552 2461 2597; x_wconf 86' lang='lat' dir='ltr'><strong>vescatur</strong></span> <span class='ocrx_word' id='word_1_320' title='bbox 2499 2542 2779 2610; x_wconf 87' lang='lat' dir='ltr'><strong>carnibus,</strong></span> <span class='ocrx_word' id='word_1_321' title='bbox 2817 2546 2897 2601; x_wconf 88' lang='lat' dir='ltr'><strong>vel</strong></span> <span class='ocrx_word' id='word_1_322' title='bbox 2950 2547 3068 2602; x_wconf 87' lang='lat' dir='ltr'><strong>aliis</strong></span> <span class='ocrx_word' id='word_1_323' title='bbox 3110 2548 3410 2617; x_wconf 88' lang='lat' dir='ltr'><strong>hujusmodi</strong></span> 
     </span>
    </p>
   </div>
   <div class='ocr_carea' id='block_1_44' title="bbox 1892 2634 3414 2696">
    <p class='ocr_par' dir='ltr' id='par_1_44' title="bbox 1892 2634 3414 2696">
     <span class='ocr_line' id='line_1_44' title="bbox 1892 2634 3414 2696; baseline 0.007 -10"><span class='ocrx_word' id='word_1_324' title='bbox 1892 2634 2257 2686; x_wconf 88' lang='lat' dir='ltr'><strong>communibus</strong></span> <span class='ocrx_word' id='word_1_325' title='bbox 2299 2643 2353 2686; x_wconf 89' lang='lat' dir='ltr'><strong>et</strong></span> <span class='ocrx_word' id='word_1_326' title='bbox 2395 2634 2813 2691; x_wconf 79' lang='lat' dir='ltr'><strong>imliil‘erentibus</strong></span> <span class='ocrx_word' id='word_1_327' title='bbox 2853 2638 3007 2692; x_wconf 89' lang='lat' dir='ltr'><strong>cibis.</strong></span> <span class='ocrx_word' id='word_1_328' title='bbox 3052 2640 3211 2693; x_wconf 84' lang='lat' dir='ltr'><strong>Addit</strong></span> <span class='ocrx_word' id='word_1_329' title='bbox 3241 2651 3414 2696; x_wconf 89' lang='lat' dir='ltr'><strong>autem</strong></span> 
     </span>
    </p>
   </div>
   <div class='ocr_carea' id='block_1_45' title="bbox 1893 2721 3415 2799">
    <p class='ocr_par' dir='ltr' id='par_1_45' title="bbox 1893 2721 3415 2799">
     <span class='ocr_line' id='line_1_45' title="bbox 1893 2721 3415 2799; baseline 0.005 -23"><span class='ocrx_word' id='word_1_330' title='bbox 1893 2722 2013 2776; x_wconf 85' lang='lat' dir='ltr'><strong>bis:</strong></span> <span class='ocrx_word' id='word_1_331' title='bbox 2048 2721 2167 2774; x_wconf 86' lang='lat' dir='ltr'><strong>Non</strong></span> <span class='ocrx_word' id='word_1_332' title='bbox 2198 2723 2329 2775; x_wconf 87' lang='lat' dir='ltr'><strong>enim</strong></span> <span class='ocrx_word' id='word_1_333' title='bbox 2354 2739 2560 2790; x_wconf 79' lang='lat' dir='ltr'><strong>regnum</strong></span> <span class='ocrx_word' id='word_1_334' title='bbox 2592 2724 2684 2777; x_wconf 86' lang='lat' dir='ltr'><strong>Dei</strong></span> <span class='ocrx_word' id='word_1_335' title='bbox 2708 2742 2819 2777; x_wconf 86' lang='lat' dir='ltr'><strong>esca</strong></span> <span class='ocrx_word' id='word_1_336' title='bbox 2849 2736 2895 2779; x_wconf 92' lang='lat' dir='ltr'><strong>et</strong></span> <span class='ocrx_word' id='word_1_337' title='bbox 2923 2735 3073 2793; x_wconf 87' lang='lat' dir='ltr'><strong>potus</strong></span> <span class='ocrx_word' id='word_1_338' title='bbox 3096 2739 3190 2792; x_wconf 85' lang='lat' dir='ltr'><strong>est,</strong></span> <span class='ocrx_word' id='word_1_339' title='bbox 3218 2736 3306 2783; x_wconf 88' lang='lat' dir='ltr'><strong>sed</strong></span> <span class='ocrx_word' id='word_1_340' title='bbox 3322 2735 3415 2799; x_wconf 83' lang='lat' dir='ltr'><strong>ju-</strong></span> 
     </span>
    </p>
   </div>
   <div class='ocr_carea' id='block_1_46' title="bbox 1893 2802 3417 2887">
    <p class='ocr_par' dir='ltr' id='par_1_46' title="bbox 1893 2802 3417 2887">
     <span class='ocr_line' id='line_1_46' title="bbox 1893 2802 3417 2887; baseline 0.007 -25"><span class='ocrx_word' id='word_1_341' title='bbox 1893 2811 2056 2875; x_wconf 85' lang='lat' dir='ltr'><strong>stitia,</strong></span> <span class='ocrx_word' id='word_1_342' title='bbox 2086 2821 2131 2861; x_wconf 88' lang='lat' dir='ltr'><strong>et</strong></span> <span class='ocrx_word' id='word_1_343' title='bbox 2165 2802 2286 2876; x_wconf 63' lang='lat' dir='ltr'><strong>p‘ax,</strong></span> <span class='ocrx_word' id='word_1_344' title='bbox 2317 2821 2360 2863; x_wconf 86' lang='lat' dir='ltr'><strong>et</strong></span> <span class='ocrx_word' id='word_1_345' title='bbox 2382 2813 2627 2878; x_wconf 87' lang='lat' dir='ltr'><strong>gaudium</strong></span> <span class='ocrx_word' id='word_1_346' title='bbox 2664 2814 2715 2864; x_wconf 87' lang='lat' dir='ltr'><strong>in</strong></span> <span class='ocrx_word' id='word_1_347' title='bbox 2757 2813 2952 2880; x_wconf 84' lang='lat' dir='ltr'><strong>Spiritu</strong></span> <span class='ocrx_word' id='word_1_348' title='bbox 2990 2829 3185 2870; x_wconf 87' lang='lat' dir='ltr'><strong>sancto.</strong></span> <span class='ocrx_word' id='word_1_349' title='bbox 3224 2818 3278 2871; x_wconf 89' lang='lat' dir='ltr'><strong>ln</strong></span> <span class='ocrx_word' id='word_1_350' title='bbox 3311 2835 3417 2887; x_wconf 89' lang='lat' dir='ltr'><strong>quo</strong></span> 
     </span>
    </p>
   </div>
   <div class='ocr_carea' id='block_1_47' title="bbox 1895 2898 3413 2976">
    <p class='ocr_par' dir='ltr' id='par_1_47' title="bbox 1895 2898 3413 2976">
     <span class='ocr_line' id='line_1_47' title="bbox 1895 2898 3413 2976; baseline 0.008 -27"><span class='ocrx_word' id='word_1_351' title='bbox 1895 2898 2086 2950; x_wconf 89' lang='lat' dir='ltr'><strong>iterum</strong></span> <span class='ocrx_word' id='word_1_352' title='bbox 2117 2899 2455 2952; x_wconf 76' lang='lat' dir='ltr'><strong>vehementer</strong></span> <span class='ocrx_word' id='word_1_353' title='bbox 2491 2901 2724 2953; x_wconf 89' lang='lat' dir='ltr'><strong>admiror</strong></span> <span class='ocrx_word' id='word_1_354' title='bbox 2756 2905 3069 2970; x_wconf 87' lang='lat' dir='ltr'><strong>sapientiam</strong></span> <span class='ocrx_word' id='word_1_355' title='bbox 3113 2907 3293 2971; x_wconf 89' lang='lat' dir='ltr'><strong>Pauli,</strong></span> <span class='ocrx_word' id='word_1_356' title='bbox 3325 2910 3413 2976; x_wconf 89' lang='lat' dir='ltr'><strong>qui</strong></span> 
     </span>
    </p>
   </div>
   <div class='ocr_carea' id='block_1_48' title="bbox 248 2977 3416 3055">
    <p class='ocr_par' dir='ltr' id='par_1_48' title="bbox 248 2977 3416 3055">
     <span class='ocr_line' id='line_1_48' title="bbox 248 2977 3416 3055; baseline 0.001 -9"><span class='ocrx_word' id='word_1_357' title='bbox 248 2993 463 3047; x_wconf 86' lang='lat' dir='ltr'><strong>bonum</strong></span> <span class='ocrx_word' id='word_1_358' title='bbox 491 2987 879 3055; x_wconf 68' lang='lat' dir='ltr'><strong>nostrum(40).</strong></span> <span class='ocrx_word' id='word_1_359' title='bbox 904 2986 1105 3038; x_wconf 89' lang='lat' dir='ltr'><strong>Bonum</strong></span> <span class='ocrx_word' id='word_1_360' title='bbox 1133 2995 1216 3038; x_wconf 87' lang='lat' dir='ltr'><strong>est</strong></span> <span class='ocrx_word' id='word_1_361' title='bbox 1248 2986 1413 3053; x_wconf 81' lang='lat' dir='ltr'><strong>legem</strong></span> <span class='ocrx_word' id='word_1_362' title='bbox 1439 2988 1790 3055; x_wconf 85' lang='lat' dir='ltr'><strong>spiritualiter</strong></span> <span class='ocrx_word' id='word_1_363' title='bbox 1817 2977 1858 3034; x_wconf 87' lang='lat' dir='ltr'><strong>C</strong></span> <span class='ocrx_word' id='word_1_364' title='bbox 1890 2987 2161 3053; x_wconf 75' lang='lat' dir='ltr'><strong>pnesentis</strong></span> <span class='ocrx_word' id='word_1_365' title='bbox 2191 2989 2445 3055; x_wconf 88' lang='lat' dir='ltr'><strong>temporis</strong></span> <span class='ocrx_word' id='word_1_366' title='bbox 2472 2990 2656 3055; x_wconf 83' lang='lat' dir='ltr'><strong>culpas</strong></span> <span class='ocrx_word' id='word_1_367' title='bbox 2683 2989 2843 3044; x_wconf 78' lang='lat' dir='ltr'><strong>futuri</strong></span> <span class='ocrx_word' id='word_1_368' title='bbox 2877 2998 3194 3048; x_wconf 88' lang='lat' dir='ltr'><strong>sacramenti</strong></span> <span class='ocrx_word' id='word_1_369' title='bbox 3236 3008 3416 3050; x_wconf 85' lang='lat' dir='ltr'><strong>aucto-</strong></span> 
     </span>
    </p>
   </div>
   <div class='ocr_carea' id='block_1_49' title="bbox 251 3076 1788 3148">
    <p class='ocr_par' dir='ltr' id='par_1_49' title="bbox 251 3076 1788 3148">
     <span class='ocr_line' id='line_1_49' title="bbox 251 3076 1788 3148; baseline -0.001 -14"><span class='ocrx_word' id='word_1_370' title='bbox 251 3081 590 3148; x_wconf 80' lang='lat' dir='ltr'><strong>intelligere,</strong></span> <span class='ocrx_word' id='word_1_371' title='bbox 614 3086 667 3130; x_wconf 89' lang='lat' dir='ltr'><strong>et</strong></span> <span class='ocrx_word' id='word_1_372' title='bbox 691 3076 845 3144; x_wconf 88' lang='lat' dir='ltr'><strong>impia</strong></span> <span class='ocrx_word' id='word_1_373' title='bbox 875 3085 1032 3143; x_wconf 83' lang='lat' dir='ltr'><strong>atque</strong></span> <span class='ocrx_word' id='word_1_374' title='bbox 1062 3077 1238 3143; x_wconf 87' lang='lat' dir='ltr'><strong>inepta</strong></span> <span class='ocrx_word' id='word_1_375' title='bbox 1262 3076 1664 3142; x_wconf 68' lang='lat' dir='ltr'><strong>haereticorum,</strong></span> <span class='ocrx_word' id='word_1_376' title='bbox 1704 3080 1788 3134; x_wconf 88' lang='lat' dir='ltr'><strong>vel</strong></span> 
     </span>
    </p>
   </div>
   <div class='ocr_carea' id='block_1_50' title="bbox 246 3163 1794 3237">
    <p class='ocr_par' dir='ltr' id='par_1_50' title="bbox 246 3163 1794 3237">
     <span class='ocr_line' id='line_1_50' title="bbox 246 3163 1794 3237; baseline -0.005 -13"><span class='ocrx_word' id='word_1_377' title='bbox 246 3171 407 3225; x_wconf 76' lang='lat' dir='ltr'><strong>falsa:</strong></span> <span class='ocrx_word' id='word_1_378' title='bbox 426 3166 772 3237; x_wconf 60' lang='lat' dir='ltr'><strong>philosophia;</strong></span> <span class='ocrx_word' id='word_1_379' title='bbox 804 3163 1119 3216; x_wconf 90' lang='lat' dir='ltr'><strong>studentium</strong></span> <span class='ocrx_word' id='word_1_380' title='bbox 1148 3164 1391 3231; x_wconf 80' lang='lat' dir='ltr'><strong>dogmata</strong></span> <span class='ocrx_word' id='word_1_381' title='bbox 1418 3173 1663 3232; x_wconf 85' lang='lat' dir='ltr'><strong>tanquam</strong></span> <span class='ocrx_word' id='word_1_382' title='bbox 1695 3165 1794 3217; x_wconf 90' lang='lat' dir='ltr'><strong>im-</strong></span> 
     </span>
    </p>
   </div>
   <div class='ocr_carea' id='block_1_51' title="bbox 250 3252 1796 3323">
    <p class='ocr_par' dir='ltr' id='par_1_51' title="bbox 250 3252 1796 3323">
     <span class='ocr_line' id='line_1_51' title="bbox 250 3252 1796 3323; baseline -0.005 -8"><span class='ocrx_word' id='word_1_383' title='bbox 250 3260 497 3315; x_wconf 86' lang='lat' dir='ltr'><strong>mundos</strong></span> <span class='ocrx_word' id='word_1_384' title='bbox 512 3258 662 3309; x_wconf 89' lang='lat' dir='ltr'><strong>cibos</strong></span> <span class='ocrx_word' id='word_1_385' title='bbox 688 3254 1016 3323; x_wconf 87' lang='lat' dir='ltr'><strong>pollutosque</strong></span> <span class='ocrx_word' id='word_1_386' title='bbox 1038 3254 1222 3306; x_wconf 89' lang='lat' dir='ltr'><strong>vitare.</strong></span> <span class='ocrx_word' id='word_1_387' title='bbox 1252 3252 1363 3306; x_wconf 87' lang='lat' dir='ltr'><strong>Hoc</strong></span> <span class='ocrx_word' id='word_1_388' title='bbox 1388 3253 1528 3306; x_wconf 91' lang='lat' dir='ltr'><strong>enim</strong></span> <span class='ocrx_word' id='word_1_389' title='bbox 1557 3261 1638 3307; x_wconf 88' lang='lat' dir='ltr'><strong>est</strong></span> <span class='ocrx_word' id='word_1_390' title='bbox 1658 3254 1796 3321; x_wconf 89' lang='lat' dir='ltr'><strong>quod</strong></span> 
     </span>
    </p>
   </div>
   <div class='ocr_carea' id='block_1_52' title="bbox 250 3342 1793 3417">
    <p class='ocr_par' dir='ltr' id='par_1_52' title="bbox 250 3342 1793 3417">
     <span class='ocr_line' id='line_1_52' title="bbox 250 3342 1793 3417; baseline -0.006 -13"><span class='ocrx_word' id='word_1_391' title='bbox 250 3347 533 3417; x_wconf 87' lang='lat' dir='ltr'><strong>spirituali</strong></span> <span class='ocrx_word' id='word_1_392' title='bbox 561 3346 676 3414; x_wconf 82' lang='lat' dir='ltr'><strong>lege</strong></span> <span class='ocrx_word' id='word_1_393' title='bbox 701 3344 955 3397; x_wconf 88' lang='lat' dir='ltr'><strong>sancitur.</strong></span> <span class='ocrx_word' id='word_1_394' title='bbox 981 3342 1177 3395; x_wconf 86' lang='lat' dir='ltr'><strong>Tamen</strong></span> <span class='ocrx_word' id='word_1_395' title='bbox 1226 3343 1269 3395; x_wconf 90' lang='lat' dir='ltr'><strong>si</strong></span> <span class='ocrx_word' id='word_1_396' title='bbox 1302 3344 1419 3409; x_wconf 89' lang='lat' dir='ltr'><strong>quis</strong></span> <span class='ocrx_word' id='word_1_397' title='bbox 1448 3358 1512 3396; x_wconf 80' lang='lat' dir='ltr'><strong>ex</strong></span> <span class='ocrx_word' id='word_1_398' title='bbox 1567 3342 1757 3395; x_wconf 68' lang='lat' dir='ltr'><strong>Judaeis</strong></span> <span class='ocrx_word' id='word_1_399' title='bbox 1776 3380 1793 3407; x_wconf 94' lang='lat'><strong>,</strong></span> 
     </span>
    </p>
   </div>
   <div class='ocr_carea' id='block_1_53' title="bbox 250 3431 1792 3500">
    <p class='ocr_par' dir='ltr' id='par_1_53' title="bbox 250 3431 1792 3500">
     <span class='ocr_line' id='line_1_53' title="bbox 250 3431 1792 3500; baseline -0.006 -7"><span class='ocrx_word' id='word_1_400' title='bbox 250 3438 410 3493; x_wconf 82' lang='lat' dir='ltr'><strong>verbi</strong></span> <span class='ocrx_word' id='word_1_401' title='bbox 436 3450 625 3499; x_wconf 90' lang='lat' dir='ltr'><strong>causa,</strong></span> <span class='ocrx_word' id='word_1_402' title='bbox 648 3442 810 3485; x_wconf 80' lang='lat' dir='ltr'><strong>autex</strong></span> <span class='ocrx_word' id='word_1_403' title='bbox 828 3432 910 3485; x_wconf 86' lang='lat' dir='ltr'><strong>his</strong></span> <span class='ocrx_word' id='word_1_404' title='bbox 921 3433 1008 3499; x_wconf 90' lang='lat' dir='ltr'><strong>qui</strong></span> <span class='ocrx_word' id='word_1_405' title='bbox 1024 3431 1302 3484; x_wconf 66' lang='lat' dir='ltr'><strong>Encratitae</strong></span> <span class='ocrx_word' id='word_1_406' title='bbox 1316 3432 1646 3499; x_wconf 86' lang='lat' dir='ltr'><strong>appellantur</strong></span> <span class='ocrx_word' id='word_1_407' title='bbox 1663 3431 1792 3500; x_wconf 73' lang='grc'>(41),</span> 
     </span>
    </p>
   </div>
   <div class='ocr_carea' id='block_1_54' title="bbox 248 3520 1795 3588">
    <p class='ocr_par' dir='ltr' id='par_1_54' title="bbox 248 3520 1795 3588">
     <span class='ocr_line' id='line_1_54' title="bbox 248 3520 1795 3588; baseline -0.008 -3"><span class='ocrx_word' id='word_1_408' title='bbox 248 3531 389 3585; x_wconf 85' lang='lat' dir='ltr'><strong>velit</strong></span> <span class='ocrx_word' id='word_1_409' title='bbox 417 3528 640 3582; x_wconf 88' lang='lat' dir='ltr'><strong>Christo</strong></span> <span class='ocrx_word' id='word_1_410' title='bbox 661 3524 893 3585; x_wconf 89' lang='lat' dir='ltr'><strong>credere,</strong></span> <span class='ocrx_word' id='word_1_411' title='bbox 918 3529 1061 3588; x_wconf 91' lang='lat' dir='ltr'><strong>putet</strong></span> <span class='ocrx_word' id='word_1_412' title='bbox 1093 3529 1264 3574; x_wconf 86' lang='lat' dir='ltr'><strong>tamen</strong></span> <span class='ocrx_word' id='word_1_413' title='bbox 1294 3535 1395 3574; x_wconf 91' lang='lat' dir='ltr'><strong>non</strong></span> <span class='ocrx_word' id='word_1_414' title='bbox 1415 3535 1601 3587; x_wconf 88' lang='lat' dir='ltr'><strong>parum</strong></span> <span class='ocrx_word' id='word_1_415' title='bbox 1620 3520 1795 3573; x_wconf 88' lang='lat' dir='ltr'><strong>inesse</strong></span> 
     </span>
    </p>
   </div>
   <div class='ocr_carea' id='block_1_55' title="bbox 252 3610 1795 3676">
    <p class='ocr_par' dir='ltr' id='par_1_55' title="bbox 252 3610 1795 3676">
     <span class='ocr_line' id='line_1_55' title="bbox 252 3610 1795 3676; baseline -0.008 0"><span class='ocrx_word' id='word_1_416' title='bbox 252 3618 527 3676; x_wconf 87' lang='lat' dir='ltr'><strong>momenti</strong></span> <span class='ocrx_word' id='word_1_417' title='bbox 555 3615 607 3667; x_wconf 91' lang='lat' dir='ltr'><strong>in</strong></span> <span class='ocrx_word' id='word_1_418' title='bbox 628 3612 960 3667; x_wconf 86' lang='lat' dir='ltr'><strong>observantia</strong></span> <span class='ocrx_word' id='word_1_419' title='bbox 978 3611 1333 3673; x_wconf 72' lang='lat' dir='ltr'><strong>continentiae,</strong></span> <span class='ocrx_word' id='word_1_420' title='bbox 1349 3611 1431 3663; x_wconf 87' lang='lat' dir='ltr'><strong>vel</strong></span> <span class='ocrx_word' id='word_1_421' title='bbox 1452 3625 1632 3664; x_wconf 90' lang='lat' dir='ltr'><strong>eorum</strong></span> <span class='ocrx_word' id='word_1_422' title='bbox 1649 3610 1795 3663; x_wconf 86' lang='lat' dir='ltr'><strong>cibo-</strong></span> 
     </span>
    </p>
   </div>
   <div class='ocr_carea' id='block_1_56' title="bbox 248 3700 1795 3777">
    <p class='ocr_par' dir='ltr' id='par_1_56' title="bbox 248 3700 1795 3777">
     <span class='ocr_line' id='line_1_56' title="bbox 248 3700 1795 3777; baseline -0.008 -12"><span class='ocrx_word' id='word_1_423' title='bbox 248 3725 373 3765; x_wconf 90' lang='lat' dir='ltr'><strong>rum</strong></span> <span class='ocrx_word' id='word_1_424' title='bbox 387 3707 487 3777; x_wconf 85' lang='lat' dir='ltr'><strong>qui</strong></span> <span class='ocrx_word' id='word_1_425' title='bbox 515 3706 629 3774; x_wconf 86' lang='lat' dir='ltr'><strong>lege</strong></span> <span class='ocrx_word' id='word_1_426' title='bbox 652 3704 1014 3773; x_wconf 88' lang='lat' dir='ltr'><strong>prohibentur,</strong></span> <span class='ocrx_word' id='word_1_427' title='bbox 1040 3702 1123 3757; x_wconf 90' lang='lat' dir='ltr'><strong>vel</strong></span> <span class='ocrx_word' id='word_1_428' title='bbox 1137 3715 1268 3769; x_wconf 87' lang='lat' dir='ltr'><strong>quos</strong></span> <span class='ocrx_word' id='word_1_429' title='bbox 1291 3702 1436 3767; x_wconf 87' lang='lat' dir='ltr'><strong>quasi</strong></span> <span class='ocrx_word' id='word_1_430' title='bbox 1452 3700 1680 3754; x_wconf 86' lang='lat' dir='ltr'><strong>castitati</strong></span> <span class='ocrx_word' id='word_1_431' title='bbox 1702 3700 1795 3753; x_wconf 88' lang='lat' dir='ltr'><strong>ad-</strong></span> 
     </span>
    </p>
   </div>
   <div class='ocr_carea' id='block_1_57' title="bbox 249 3789 1793 3857">
    <p class='ocr_par' dir='ltr' id='par_1_57' title="bbox 249 3789 1793 3857">
     <span class='ocr_line' id='line_1_57' title="bbox 249 3789 1793 3857; baseline -0.006 -7"><span class='ocrx_word' id='word_1_432' title='bbox 249 3795 824 3853; x_wconf 64' lang='lat' dir='ltr'><strong>versantesaastimant</strong></span> <span class='ocrx_word' id='word_1_433' title='bbox 855 3791 1088 3846; x_wconf 92' lang='lat' dir='ltr'><strong>nonnulli</strong></span> <span class='ocrx_word' id='word_1_434' title='bbox 1106 3791 1263 3845; x_wconf 91' lang='lat' dir='ltr'><strong>etiam</strong></span> <span class='ocrx_word' id='word_1_435' title='bbox 1292 3789 1685 3857; x_wconf 87' lang='lat' dir='ltr'><strong>Scripturarum</strong></span> <span class='ocrx_word' id='word_1_436' title='bbox 1701 3803 1793 3842; x_wconf 91' lang='lat' dir='ltr'><strong>au-</strong></span> 
     </span>
    </p>
   </div>
   <div class='ocr_carea' id='block_1_58' title="bbox 246 3880 1794 3950">
    <p class='ocr_par' dir='ltr' id='par_1_58' title="bbox 246 3880 1794 3950">
     <span class='ocr_line' id='line_1_58' title="bbox 246 3880 1794 3950; baseline -0.01 -5"><span class='ocrx_word' id='word_1_437' title='bbox 246 3888 513 3945; x_wconf 89' lang='lat' dir='ltr'><strong>ctoritate</strong></span> <span class='ocrx_word' id='word_1_438' title='bbox 533 3882 904 3938; x_wconf 86' lang='lat' dir='ltr'><strong>declinandos:</strong></span> <span class='ocrx_word' id='word_1_439' title='bbox 938 3881 1231 3950; x_wconf 73' lang='lat' dir='ltr'><strong>huiusmodi</strong></span> <span class='ocrx_word' id='word_1_440' title='bbox 1255 3880 1516 3933; x_wconf 90' lang='lat' dir='ltr'><strong>hominem</strong></span> <span class='ocrx_word' id='word_1_441' title='bbox 1543 3880 1586 3931; x_wconf 88' lang='lat' dir='ltr'><strong>si</strong></span> <span class='ocrx_word' id='word_1_442' title='bbox 1610 3892 1794 3947; x_wconf 87' lang='lat' dir='ltr'><strong>perur-</strong></span> 
     </span>
    </p>
   </div>
   <div class='ocr_carea' id='block_1_59' title="bbox 247 3969 1793 4049">
    <p class='ocr_par' dir='ltr' id='par_1_59' title="bbox 247 3969 1793 4049">
     <span class='ocr_line' id='line_1_59' title="bbox 247 3969 1793 4049; baseline -0.008 -15"><span class='ocrx_word' id='word_1_443' title='bbox 247 3994 386 4049; x_wconf 87' lang='lat' dir='ltr'><strong>geas</strong></span> <span class='ocrx_word' id='word_1_444' title='bbox 400 3976 467 4031; x_wconf 90' lang='lat' dir='ltr'><strong>ad</strong></span> <span class='ocrx_word' id='word_1_445' title='bbox 481 3987 795 4029; x_wconf 91' lang='lat' dir='ltr'><strong>communes</strong></span> <span class='ocrx_word' id='word_1_446' title='bbox 809 3972 1040 4025; x_wconf 86' lang='lat' dir='ltr'><strong>omnium</strong></span> <span class='ocrx_word' id='word_1_447' title='bbox 1059 3970 1221 4034; x_wconf 83' lang='lat' dir='ltr'><strong>cibos,</strong></span> <span class='ocrx_word' id='word_1_448' title='bbox 1241 3984 1335 4022; x_wconf 92' lang='lat' dir='ltr'><strong>nec</strong></span> <span class='ocrx_word' id='word_1_449' title='bbox 1352 3970 1495 4022; x_wconf 85' lang='lat' dir='ltr'><strong>dicas</strong></span> <span class='ocrx_word' id='word_1_450' title='bbox 1506 3984 1625 4023; x_wconf 93' lang='lat' dir='ltr'><strong>eum</strong></span> <span class='ocrx_word' id='word_1_451' title='bbox 1640 3969 1793 4022; x_wconf 83' lang='lat' dir='ltr'><strong>aliter</strong></span> 
     </span>
    </p>
   </div>
   <div class='ocr_carea' id='block_1_60' title="bbox 248 4059 1793 4141">
    <p class='ocr_par' dir='ltr' id='par_1_60' title="bbox 248 4059 1793 4141">
     <span class='ocr_line' id='line_1_60' title="bbox 248 4059 1793 4141; baseline -0.008 -17"><span class='ocrx_word' id='word_1_452' title='bbox 248 4082 420 4141; x_wconf 86' lang='lat' dir='ltr'><strong>posse</strong></span> <span class='ocrx_word' id='word_1_453' title='bbox 449 4063 681 4127; x_wconf 87' lang='lat' dir='ltr'><strong>salvari,</strong></span> <span class='ocrx_word' id='word_1_454' title='bbox 706 4062 787 4114; x_wconf 88' lang='lat' dir='ltr'><strong>vel</strong></span> <span class='ocrx_word' id='word_1_455' title='bbox 812 4060 877 4112; x_wconf 90' lang='lat' dir='ltr'><strong>ad</strong></span> <span class='ocrx_word' id='word_1_456' title='bbox 904 4061 1054 4113; x_wconf 84' lang='lat' dir='ltr'><strong>tidem</strong></span> <span class='ocrx_word' id='word_1_457' title='bbox 1084 4059 1280 4113; x_wconf 88' lang='lat' dir='ltr'><strong>Christi</strong></span> <span class='ocrx_word' id='word_1_458' title='bbox 1320 4068 1374 4113; x_wconf 89' lang='lat' dir='ltr'><strong>et</strong></span> <span class='ocrx_word' id='word_1_459' title='bbox 1410 4059 1633 4128; x_wconf 87' lang='lat' dir='ltr'><strong>gratiam</strong></span> <span class='ocrx_word' id='word_1_460' title='bbox 1674 4073 1793 4127; x_wconf 85' lang='lat' dir='ltr'><strong>per-</strong></span> 
     </span>
    </p>
   </div>
   <div class='ocr_carea' id='block_1_61' title="bbox 247 4148 1792 4217">
    <p class='ocr_par' dir='ltr' id='par_1_61' title="bbox 247 4148 1792 4217">
     <span class='ocr_line' id='line_1_61' title="bbox 247 4148 1792 4217; baseline -0.005 -9"><span class='ocrx_word' id='word_1_461' title='bbox 247 4158 474 4217; x_wconf 83' lang='lat' dir='ltr'><strong>venire,</strong></span> <span class='ocrx_word' id='word_1_462' title='bbox 514 4151 616 4205; x_wconf 89' lang='lat' dir='ltr'><strong>nisi</strong></span> <span class='ocrx_word' id='word_1_463' title='bbox 660 4150 884 4217; x_wconf 89' lang='lat' dir='ltr'><strong>sumptis</strong></span> <span class='ocrx_word' id='word_1_464' title='bbox 924 4150 1007 4202; x_wconf 90' lang='lat' dir='ltr'><strong>his</strong></span> <span class='ocrx_word' id='word_1_465' title='bbox 1045 4164 1179 4216; x_wconf 90' lang='lat' dir='ltr'><strong>quos</strong></span> <span class='ocrx_word' id='word_1_466' title='bbox 1226 4148 1417 4217; x_wconf 79' lang='lat' dir='ltr'><strong>refugit</strong></span> <span class='ocrx_word' id='word_1_467' title='bbox 1460 4148 1623 4211; x_wconf 88' lang='lat' dir='ltr'><strong>cibis,</strong></span> <span class='ocrx_word' id='word_1_468' title='bbox 1669 4156 1792 4201; x_wconf 91' lang='lat' dir='ltr'><strong>tunc</strong></span> 
     </span>
    </p>
   </div>
   <div class='ocr_carea' id='block_1_62' title="bbox 245 4235 1789 4307">
    <p class='ocr_par' dir='ltr' id='par_1_62' title="bbox 245 4235 1789 4307">
     <span class='ocr_line' id='line_1_62' title="bbox 245 4235 1789 4307; baseline -0.008 -8"><span class='ocrx_word' id='word_1_469' title='bbox 245 4260 387 4301; x_wconf 85' lang='lat' dir='ltr'><strong>vere</strong></span> <span class='ocrx_word' id='word_1_470' title='bbox 430 4244 632 4296; x_wconf 89' lang='lat' dir='ltr'><strong>bonum</strong></span> <span class='ocrx_word' id='word_1_471' title='bbox 680 4237 931 4307; x_wconf 84' lang='lat' dir='ltr'><strong>spiritalis</strong></span> <span class='ocrx_word' id='word_1_472' title='bbox 974 4236 1249 4290; x_wconf 73' lang='lat' dir='ltr'><strong>sententiae</strong></span> <span class='ocrx_word' id='word_1_473' title='bbox 1303 4237 1415 4304; x_wconf 71' lang='grc'>(42)</span> <span class='ocrx_word' id='word_1_474' title='bbox 1459 4235 1789 4304; x_wconf 84' lang='lat' dir='ltr'><strong>blasphema-</strong></span> 
     </span>
    </p>
   </div>
   <div class='ocr_carea' id='block_1_63' title="bbox 247 4324 1788 4402">
    <p class='ocr_par' dir='ltr' id='par_1_63' title="bbox 247 4324 1788 4402">
     <span class='ocr_line' id='line_1_63' title="bbox 247 4324 1788 4402; baseline -0.01 -12"><span class='ocrx_word' id='word_1_475' title='bbox 247 4346 365 4399; x_wconf 88' lang='lat' dir='ltr'><strong>tur,</strong></span> <span class='ocrx_word' id='word_1_476' title='bbox 398 4339 626 4402; x_wconf 86' lang='lat' dir='ltr'><strong>putante</strong></span> <span class='ocrx_word' id='word_1_477' title='bbox 660 4341 726 4381; x_wconf 90' lang='lat' dir='ltr'><strong>eo</strong></span> <span class='ocrx_word' id='word_1_478' title='bbox 747 4340 904 4394; x_wconf 89' lang='lat' dir='ltr'><strong>quem</strong></span> <span class='ocrx_word' id='word_1_479' title='bbox 934 4339 1185 4394; x_wconf 88' lang='lat' dir='ltr'><strong>perurges</strong></span> <span class='ocrx_word' id='word_1_480' title='bbox 1209 4325 1348 4378; x_wconf 89' lang='lat' dir='ltr'><strong>hanc</strong></span> <span class='ocrx_word' id='word_1_481' title='bbox 1384 4325 1524 4392; x_wconf 87' lang='lat' dir='ltr'><strong>apud</strong></span> <span class='ocrx_word' id='word_1_482' title='bbox 1564 4338 1661 4378; x_wconf 92' lang='lat' dir='ltr'><strong>nos</strong></span> <span class='ocrx_word' id='word_1_483' title='bbox 1696 4324 1788 4376; x_wconf 81' lang='lat' dir='ltr'><strong>ha-</strong></span> 
     </span>
    </p>
   </div>
   <div class='ocr_carea' id='block_1_64' title="bbox 1894 3074 3414 3149">
    <p class='ocr_par' dir='ltr' id='par_1_64' title="bbox 1894 3074 3414 3149">
     <span class='ocr_line' id='line_1_64' title="bbox 1894 3074 3414 3149; baseline 0.007 -21"><span class='ocrx_word' id='word_1_484' title='bbox 1894 3074 2049 3128; x_wconf 85' lang='lat' dir='ltr'><strong>ritate</strong></span> <span class='ocrx_word' id='word_1_485' title='bbox 2075 3077 2379 3141; x_wconf 81' lang='lat' dir='ltr'><strong>compescit,</strong></span> <span class='ocrx_word' id='word_1_486' title='bbox 2427 3085 2478 3128; x_wconf 92' lang='lat' dir='ltr'><strong>et</strong></span> <span class='ocrx_word' id='word_1_487' title='bbox 2525 3088 2583 3128; x_wconf 95' lang='lat' dir='ltr'><strong>ut</strong></span> <span class='ocrx_word' id='word_1_488' title='bbox 2634 3079 2882 3134; x_wconf 65' lang='lat' dir='ltr'><strong>Ecclesiae</strong></span> <span class='ocrx_word' id='word_1_489' title='bbox 2918 3081 3136 3135; x_wconf 79' lang='lat' dir='ltr'><strong>formam</strong></span> <span class='ocrx_word' id='word_1_490' title='bbox 3183 3095 3414 3149; x_wconf 89' lang='lat' dir='ltr'><strong>statuat,</strong></span> 
     </span>
    </p>
   </div>
   <div class='ocr_carea' id='block_1_65' title="bbox 1896 3164 3414 3239">
    <p class='ocr_par' dir='ltr' id='par_1_65' title="bbox 1896 3164 3414 3239">
     <span class='ocr_line' id='line_1_65' title="bbox 1896 3164 3414 3239; baseline 0.009 -25"><span class='ocrx_word' id='word_1_491' title='bbox 1896 3164 2041 3231; x_wconf 84' lang='lat' dir='ltr'><strong>regni</strong></span> <span class='ocrx_word' id='word_1_492' title='bbox 2086 3164 2339 3217; x_wconf 71' lang='lat' dir='ltr'><strong>cmlornm</strong></span> <span class='ocrx_word' id='word_1_493' title='bbox 2388 3166 2694 3233; x_wconf 84' lang='lat' dir='ltr'><strong>mysterium</strong></span> <span class='ocrx_word' id='word_1_494' title='bbox 2741 3172 2937 3234; x_wconf 83' lang='lat' dir='ltr'><strong>prodit.</strong></span> <span class='ocrx_word' id='word_1_495' title='bbox 2967 3172 3053 3224; x_wconf 77' lang='lat' dir='ltr'><strong>Ait</strong></span> <span class='ocrx_word' id='word_1_496' title='bbox 3077 3187 3203 3239; x_wconf 85' lang='lat' dir='ltr'><strong>ergo</strong></span> <span class='ocrx_word' id='word_1_497' title='bbox 3234 3192 3245 3224; x_wconf 87' lang='lat'><strong>:</strong></span> <span class='ocrx_word' id='word_1_498' title='bbox 3280 3174 3414 3238; x_wconf 87' lang='lat' dir='ltr'><strong>Quid</strong></span> 
     </span>
    </p>
   </div>
   <div class='ocr_carea' id='block_1_66' title="bbox 1893 3256 3417 3324">
    <p class='ocr_par' dir='ltr' id='par_1_66' title="bbox 1893 3256 3417 3324">
     <span class='ocr_line' id='line_1_66' title="bbox 1893 3256 3417 3324; baseline 0.005 -21"><span class='ocrx_word' id='word_1_499' title='bbox 1893 3263 2025 3317; x_wconf 80' lang='lat' dir='ltr'><strong>Opus</strong></span> <span class='ocrx_word' id='word_1_500' title='bbox 2049 3260 2125 3303; x_wconf 91' lang='lat' dir='ltr'><strong>est</strong></span> <span class='ocrx_word' id='word_1_501' title='bbox 2154 3259 2428 3318; x_wconf 89' lang='lat' dir='ltr'><strong>tantopere</strong></span> <span class='ocrx_word' id='word_1_502' title='bbox 2458 3268 2552 3321; x_wconf 88' lang='lat' dir='ltr'><strong>pro</strong></span> <span class='ocrx_word' id='word_1_503' title='bbox 2577 3256 2710 3307; x_wconf 89' lang='lat' dir='ltr'><strong>cibis</strong></span> <span class='ocrx_word' id='word_1_504' title='bbox 2737 3263 2789 3307; x_wconf 90' lang='lat' dir='ltr'><strong>et</strong></span> <span class='ocrx_word' id='word_1_505' title='bbox 2820 3270 3057 3308; x_wconf 85' lang='lat' dir='ltr'><strong>escarum</strong></span> <span class='ocrx_word' id='word_1_506' title='bbox 3076 3257 3417 3324; x_wconf 85' lang='lat' dir='ltr'><strong>qualitatibus</strong></span> 
     </span>
    </p>
   </div>
   <div class='ocr_carea' id='block_1_67' title="bbox 1894 3339 3414 3415">
    <p class='ocr_par' dir='ltr' id='par_1_67' title="bbox 1894 3339 3414 3415">
     <span class='ocr_line' id='line_1_67' title="bbox 1894 3339 3414 3415; baseline 0.005 -23"><span class='ocrx_word' id='word_1_507' title='bbox 1894 3339 2179 3394; x_wconf 80' lang='lat' dir='ltr'><strong>fraternam</strong></span> <span class='ocrx_word' id='word_1_508' title='bbox 2194 3356 2373 3408; x_wconf 87' lang='lat' dir='ltr'><strong>pacem</strong></span> <span class='ocrx_word' id='word_1_509' title='bbox 2390 3344 2805 3411; x_wconf 88' lang='lat' dir='ltr'><strong>charitatemqne</strong></span> <span class='ocrx_word' id='word_1_510' title='bbox 2820 3353 2872 3397; x_wconf 91' lang='lat' dir='ltr'><strong>tu</strong></span> <span class='ocrx_word' id='word_1_511' title='bbox 2882 3345 3179 3409; x_wconf 75' lang='lat' dir='ltr'><strong>rhsre,cum</strong></span> <span class='ocrx_word' id='word_1_512' title='bbox 3197 3363 3414 3415; x_wconf 91' lang='lat' dir='ltr'><strong>regnum</strong></span> 
     </span>
    </p>
   </div>
   <div class='ocr_carea' id='block_1_68' title="bbox 1893 3424 3417 3505">
    <p class='ocr_par' dir='ltr' id='par_1_68' title="bbox 1893 3424 3417 3505">
     <span class='ocr_line' id='line_1_68' title="bbox 1893 3424 3417 3505; baseline 0.005 -22"><span class='ocrx_word' id='word_1_513' title='bbox 1893 3430 1983 3483; x_wconf 87' lang='lat' dir='ltr'><strong>Dei</strong></span> <span class='ocrx_word' id='word_1_514' title='bbox 2007 3440 2222 3498; x_wconf 87' lang='lat' dir='ltr'><strong>propter</strong></span> <span class='ocrx_word' id='word_1_515' title='bbox 2248 3434 2388 3498; x_wconf 89' lang='lat' dir='ltr'><strong>quod</strong></span> <span class='ocrx_word' id='word_1_516' title='bbox 2418 3424 2717 3486; x_wconf 78' lang='lat' dir='ltr'><strong>laboramus</strong></span> <span class='ocrx_word' id='word_1_517' title='bbox 2742 3442 2795 3487; x_wconf 89' lang='lat' dir='ltr'><strong>et</strong></span> <span class='ocrx_word' id='word_1_518' title='bbox 2823 3437 3104 3499; x_wconf 73' lang='lat' dir='ltr'><strong>currimus,</strong></span> <span class='ocrx_word' id='word_1_519' title='bbox 3130 3453 3295 3505; x_wconf 85' lang='lat' dir='ltr'><strong>neque</strong></span> <span class='ocrx_word' id='word_1_520' title='bbox 3324 3453 3417 3504; x_wconf 92' lang='lat' dir='ltr'><strong>per</strong></span> 
     </span>
    </p>
   </div>
   <div class='ocr_carea' id='block_1_69' title="bbox 1891 3524 3417 3589">
    <p class='ocr_par' dir='ltr' id='par_1_69' title="bbox 1891 3524 3417 3589">
     <span class='ocr_line' id='line_1_69' title="bbox 1891 3524 3417 3589; baseline 0.003 -14"><span class='ocrx_word' id='word_1_521' title='bbox 1891 3534 2040 3575; x_wconf 87' lang='lat' dir='ltr'><strong>escas</strong></span> <span class='ocrx_word' id='word_1_522' title='bbox 2060 3528 2284 3583; x_wconf 91' lang='lat' dir='ltr'><strong>constet,</strong></span> <span class='ocrx_word' id='word_1_523' title='bbox 2314 3535 2486 3587; x_wconf 87' lang='lat' dir='ltr'><strong>neque</strong></span> <span class='ocrx_word' id='word_1_524' title='bbox 2507 3536 2599 3589; x_wconf 91' lang='lat' dir='ltr'><strong>per</strong></span> <span class='ocrx_word' id='word_1_525' title='bbox 2619 3532 2798 3589; x_wconf 90' lang='lat' dir='ltr'><strong>potum</strong></span> <span class='ocrx_word' id='word_1_526' title='bbox 2830 3541 2841 3575; x_wconf 92' lang='lat'>:</span> <span class='ocrx_word' id='word_1_527' title='bbox 2866 3524 2954 3577; x_wconf 90' lang='lat' dir='ltr'><strong>sed</strong></span> <span class='ocrx_word' id='word_1_528' title='bbox 2977 3525 3148 3578; x_wconf 87' lang='lat' dir='ltr'><strong>aliena</strong></span> <span class='ocrx_word' id='word_1_529' title='bbox 3177 3526 3287 3579; x_wconf 72' lang='lat' dir='ltr'><strong>haec</strong></span> <span class='ocrx_word' id='word_1_530' title='bbox 3309 3527 3417 3579; x_wconf 90' lang='lat' dir='ltr'><strong>sint</strong></span> 
     </span>
    </p>
   </div>
   <div class='ocr_carea' id='block_1_70' title="bbox 1892 3606 3418 3677">
    <p class='ocr_par' dir='ltr' id='par_1_70' title="bbox 1892 3606 3418 3677">
     <span class='ocr_line' id='line_1_70' title="bbox 1892 3606 3418 3677; baseline 0.005 -18"><span class='ocrx_word' id='word_1_531' title='bbox 1892 3622 1922 3659; x_wconf 85' lang='lat' dir='ltr'><strong>a</strong></span> <span class='ocrx_word' id='word_1_532' title='bbox 1949 3621 2110 3674; x_wconf 90' lang='lat' dir='ltr'><strong>regno</strong></span> <span class='ocrx_word' id='word_1_533' title='bbox 2145 3606 2235 3660; x_wconf 90' lang='lat' dir='ltr'><strong>Dei</strong></span> <span class='ocrx_word' id='word_1_534' title='bbox 2262 3608 2370 3677; x_wconf 72' lang='grc'>(45)</span> <span class='ocrx_word' id='word_1_535' title='bbox 2391 3647 2406 3669; x_wconf 85' lang='grc'><strong>.</strong></span> <span class='ocrx_word' id='word_1_536' title='bbox 2440 3617 2493 3661; x_wconf 91' lang='lat' dir='ltr'><strong>et</strong></span> <span class='ocrx_word' id='word_1_537' title='bbox 2524 3610 2592 3661; x_wconf 89' lang='lat' dir='ltr'><strong>ab</strong></span> <span class='ocrx_word' id='word_1_538' title='bbox 2633 3608 2717 3661; x_wconf 92' lang='lat' dir='ltr'><strong>illa</strong></span> <span class='ocrx_word' id='word_1_539' title='bbox 2757 3612 3162 3665; x_wconf 88' lang='lat' dir='ltr'><strong>conversatione</strong></span> <span class='ocrx_word' id='word_1_540' title='bbox 3191 3612 3368 3666; x_wconf 78' lang='lat' dir='ltr'><strong>futura</strong></span> <span class='ocrx_word' id='word_1_541' title='bbox 3391 3613 3418 3666; x_wconf 70' lang='grc' dir='ltr'><em>τ</em></span> 
     </span>
    </p>
   </div>
   <div class='ocr_carea' id='block_1_71' title="bbox 1889 3696 3414 3765">
    <p class='ocr_par' dir='ltr' id='par_1_71' title="bbox 1889 3696 3414 3765">
     <span class='ocr_line' id='line_1_71' title="bbox 1889 3696 3414 3765; baseline 0.004 -16"><span class='ocrx_word' id='word_1_542' title='bbox 1889 3696 1963 3749; x_wconf 87' lang='lat' dir='ltr'><strong>lbi</strong></span> <span class='ocrx_word' id='word_1_543' title='bbox 1993 3698 2134 3749; x_wconf 90' lang='lat' dir='ltr'><strong>enim</strong></span> <span class='ocrx_word' id='word_1_544' title='bbox 2175 3697 2313 3750; x_wconf 86' lang='lat' dir='ltr'><strong>sicut</strong></span> <span class='ocrx_word' id='word_1_545' title='bbox 2343 3713 2501 3765; x_wconf 87' lang='lat' dir='ltr'><strong>neque</strong></span> <span class='ocrx_word' id='word_1_546' title='bbox 2545 3699 2764 3760; x_wconf 89' lang='lat' dir='ltr'><strong>nubunt,</strong></span> <span class='ocrx_word' id='word_1_547' title='bbox 2794 3714 2952 3765; x_wconf 87' lang='lat' dir='ltr'><strong>neque</strong></span> <span class='ocrx_word' id='word_1_548' title='bbox 2993 3701 3282 3765; x_wconf 88' lang='lat' dir='ltr'><strong>nubuntur,</strong></span> <span class='ocrx_word' id='word_1_549' title='bbox 3325 3703 3414 3755; x_wconf 87' lang='lat' dir='ltr'><strong>sed</strong></span> 
     </span>
    </p>
   </div>
   <div class='ocr_carea' id='block_1_72' title="bbox 1888 3786 3417 3860">
    <p class='ocr_par' dir='ltr' id='par_1_72' title="bbox 1888 3786 3417 3860">
     <span class='ocr_line' id='line_1_72' title="bbox 1888 3786 3417 3860; baseline 0.004 -21"><span class='ocrx_word' id='word_1_550' title='bbox 1888 3794 2010 3839; x_wconf 86' lang='lat' dir='ltr'><strong>sunt</strong></span> <span class='ocrx_word' id='word_1_551' title='bbox 2031 3788 2161 3838; x_wconf 89' lang='lat' dir='ltr'><strong>sicut</strong></span> <span class='ocrx_word' id='word_1_552' title='bbox 2188 3787 2357 3854; x_wconf 81' lang='lat' dir='ltr'><strong>angeli</strong></span> <span class='ocrx_word' id='word_1_553' title='bbox 2387 3786 2479 3840; x_wconf 88' lang='lat' dir='ltr'><strong>Dei</strong></span> <span class='ocrx_word' id='word_1_554' title='bbox 2508 3789 2572 3852; x_wconf 69' lang='lat'><strong>’7;</strong></span> <span class='ocrx_word' id='word_1_555' title='bbox 2604 3789 2681 3841; x_wconf 92' lang='lat' dir='ltr'><strong>sic</strong></span> <span class='ocrx_word' id='word_1_556' title='bbox 2714 3805 2883 3855; x_wconf 80' lang='lat' dir='ltr'><strong>neque</strong></span> <span class='ocrx_word' id='word_1_557' title='bbox 2918 3805 3094 3844; x_wconf 85' lang='lat' dir='ltr'><strong>escam</strong></span> <span class='ocrx_word' id='word_1_558' title='bbox 3124 3806 3295 3860; x_wconf 87' lang='lat' dir='ltr'><strong>neque</strong></span> <span class='ocrx_word' id='word_1_559' title='bbox 3326 3806 3417 3859; x_wconf 91' lang='lat' dir='ltr'><strong>po-</strong></span> 
     </span>
    </p>
   </div>
   <div class='ocr_carea' id='block_1_73' title="bbox 1892 3875 3416 3948">
    <p class='ocr_par' dir='ltr' id='par_1_73' title="bbox 1892 3875 3416 3948">
     <span class='ocr_line' id='line_1_73' title="bbox 1892 3875 3416 3948; baseline 0.005 -23"><span class='ocrx_word' id='word_1_560' title='bbox 1892 3883 1999 3925; x_wconf 89' lang='lat' dir='ltr'><strong>tum</strong></span> <span class='ocrx_word' id='word_1_561' title='bbox 2039 3884 2273 3937; x_wconf 90' lang='lat' dir='ltr'><strong>sumunt,</strong></span> <span class='ocrx_word' id='word_1_562' title='bbox 2307 3875 2396 3927; x_wconf 90' lang='lat' dir='ltr'><strong>sed</strong></span> <span class='ocrx_word' id='word_1_563' title='bbox 2423 3886 2545 3930; x_wconf 91' lang='lat' dir='ltr'><strong>sunt</strong></span> <span class='ocrx_word' id='word_1_564' title='bbox 2572 3878 2710 3931; x_wconf 87' lang='lat' dir='ltr'><strong>sicut</strong></span> <span class='ocrx_word' id='word_1_565' title='bbox 2738 3878 2906 3948; x_wconf 90' lang='lat' dir='ltr'><strong>angeli</strong></span> <span class='ocrx_word' id='word_1_566' title='bbox 2936 3880 3049 3933; x_wconf 88' lang='lat' dir='ltr'><strong>Dei.</strong></span> <span class='ocrx_word' id='word_1_567' title='bbox 3074 3879 3240 3946; x_wconf 88' lang='lat' dir='ltr'><strong>Igitur</strong></span> <span class='ocrx_word' id='word_1_568' title='bbox 3261 3880 3416 3934; x_wconf 85' lang='lat' dir='ltr'><strong>abso-</strong></span> 
     </span>
    </p>
   </div>
   <div class='ocr_carea' id='block_1_74' title="bbox 1891 3963 3411 4035">
    <p class='ocr_par' dir='ltr' id='par_1_74' title="bbox 1891 3963 3411 4035">
     <span class='ocr_line' id='line_1_74' title="bbox 1891 3963 3411 4035; baseline 0.004 -19"><span class='ocrx_word' id='word_1_569' title='bbox 1891 3963 2159 4017; x_wconf 91' lang='lat' dir='ltr'><strong>lutissimo</strong></span> <span class='ocrx_word' id='word_1_570' title='bbox 2189 3965 2432 4032; x_wconf 89' lang='lat' dir='ltr'><strong>dogmate</strong></span> <span class='ocrx_word' id='word_1_571' title='bbox 2464 3976 2518 4019; x_wconf 91' lang='lat' dir='ltr'><strong>et</strong></span> <span class='ocrx_word' id='word_1_572' title='bbox 2548 3969 2777 4021; x_wconf 90' lang='lat' dir='ltr'><strong>evidenti</strong></span> <span class='ocrx_word' id='word_1_573' title='bbox 2818 3969 2887 4021; x_wconf 92' lang='lat' dir='ltr'><strong>ab</strong></span> <span class='ocrx_word' id='word_1_574' title='bbox 2915 3968 3167 4035; x_wconf 83' lang='lat' dir='ltr'><strong>Apostolo</strong></span> <span class='ocrx_word' id='word_1_575' title='bbox 3196 3979 3411 4024; x_wconf 86' lang='lat' dir='ltr'><strong>senten-</strong></span> 
     </span>
    </p>
   </div>
   <div class='ocr_carea' id='block_1_75' title="bbox 1889 4053 3412 4126">
    <p class='ocr_par' dir='ltr' id='par_1_75' title="bbox 1889 4053 3412 4126">
     <span class='ocr_line' id='line_1_75' title="bbox 1889 4053 3412 4126; baseline 0.004 -19"><span class='ocrx_word' id='word_1_576' title='bbox 1889 4055 1961 4107; x_wconf 85' lang='lat' dir='ltr'><strong>tia</strong></span> <span class='ocrx_word' id='word_1_577' title='bbox 1995 4053 2103 4122; x_wconf 67' lang='grc'>(44)</span> <span class='ocrx_word' id='word_1_578' title='bbox 2146 4056 2482 4108; x_wconf 90' lang='lat' dir='ltr'><strong>terminatum</strong></span> <span class='ocrx_word' id='word_1_579' title='bbox 2512 4065 2595 4110; x_wconf 90' lang='lat' dir='ltr'><strong>est</strong></span> <span class='ocrx_word' id='word_1_580' title='bbox 2633 4059 2684 4109; x_wconf 92' lang='lat' dir='ltr'><strong>in</strong></span> <span class='ocrx_word' id='word_1_581' title='bbox 2724 4072 2885 4126; x_wconf 86' lang='lat' dir='ltr'><strong>regno</strong></span> <span class='ocrx_word' id='word_1_582' title='bbox 2922 4057 3012 4112; x_wconf 88' lang='lat' dir='ltr'><strong>Dei</strong></span> <span class='ocrx_word' id='word_1_583' title='bbox 3049 4072 3220 4125; x_wconf 85' lang='lat' dir='ltr'><strong>neque</strong></span> <span class='ocrx_word' id='word_1_584' title='bbox 3258 4073 3412 4113; x_wconf 87' lang='lat' dir='ltr'><strong>escas</strong></span> 
     </span>
    </p>
   </div>
   <div class='ocr_carea' id='block_1_76' title="bbox 1888 4144 3410 4213">
    <p class='ocr_par' dir='ltr' id='par_1_76' title="bbox 1888 4144 3410 4213">
     <span class='ocr_line' id='line_1_76' title="bbox 1888 4144 3410 4213; baseline 0.003 -17"><span class='ocrx_word' id='word_1_585' title='bbox 1888 4144 2189 4212; x_wconf 85' lang='lat' dir='ltr'><strong>corporales</strong></span> <span class='ocrx_word' id='word_1_586' title='bbox 2214 4159 2383 4212; x_wconf 88' lang='lat' dir='ltr'><strong>neque</strong></span> <span class='ocrx_word' id='word_1_587' title='bbox 2400 4157 2579 4211; x_wconf 91' lang='lat' dir='ltr'><strong>potum</strong></span> <span class='ocrx_word' id='word_1_588' title='bbox 2597 4146 2797 4200; x_wconf 86' lang='lat' dir='ltr'><strong>habere</strong></span> <span class='ocrx_word' id='word_1_589' title='bbox 2817 4146 3012 4210; x_wconf 86' lang='lat' dir='ltr'><strong>locum,</strong></span> <span class='ocrx_word' id='word_1_590' title='bbox 3038 4149 3126 4200; x_wconf 91' lang='lat' dir='ltr'><strong>sed</strong></span> <span class='ocrx_word' id='word_1_591' title='bbox 3148 4149 3410 4213; x_wconf 87' lang='lat' dir='ltr'><strong>justitiam</strong></span> 
     </span>
    </p>
   </div>
   <div class='ocr_carea' id='block_1_77' title="bbox 1886 4233 3409 4302">
    <p class='ocr_par' dir='ltr' id='par_1_77' title="bbox 1886 4233 3409 4302">
     <span class='ocr_line' id='line_1_77' title="bbox 1886 4233 3409 4302; baseline 0.003 -18"><span class='ocrx_word' id='word_1_592' title='bbox 1886 4243 1939 4286; x_wconf 92' lang='lat' dir='ltr'><strong>et</strong></span> <span class='ocrx_word' id='word_1_593' title='bbox 1967 4248 2149 4301; x_wconf 90' lang='lat' dir='ltr'><strong>pacem</strong></span> <span class='ocrx_word' id='word_1_594' title='bbox 2178 4235 2229 4287; x_wconf 92' lang='lat' dir='ltr'><strong>in</strong></span> <span class='ocrx_word' id='word_1_595' title='bbox 2258 4233 2461 4302; x_wconf 87' lang='lat' dir='ltr'><strong>Spiritu</strong></span> <span class='ocrx_word' id='word_1_596' title='bbox 2491 4244 2709 4296; x_wconf 87' lang='lat' dir='ltr'><strong>sancto;</strong></span> <span class='ocrx_word' id='word_1_597' title='bbox 2754 4247 2807 4290; x_wconf 91' lang='lat' dir='ltr'><strong>et</strong></span> <span class='ocrx_word' id='word_1_598' title='bbox 2843 4235 2963 4289; x_wconf 89' lang='lat' dir='ltr'><strong>ideo</strong></span> <span class='ocrx_word' id='word_1_599' title='bbox 3000 4236 3244 4290; x_wconf 86' lang='lat' dir='ltr'><strong>hortatur</strong></span> <span class='ocrx_word' id='word_1_600' title='bbox 3268 4247 3325 4290; x_wconf 87' lang='lat' dir='ltr'><strong>ut</strong></span> <span class='ocrx_word' id='word_1_601' title='bbox 3355 4236 3409 4289; x_wconf 92' lang='lat' dir='ltr'><strong>in</strong></span> 
     </span>
    </p>
   </div>
   <div class='ocr_carea' id='block_1_78' title="bbox 1887 4323 3412 4393">
    <p class='ocr_par' dir='ltr' id='par_1_78' title="bbox 1887 4323 3412 4393">
     <span class='ocr_line' id='line_1_78' title="bbox 1887 4323 3412 4393; baseline -0.001 -14"><span class='ocrx_word' id='word_1_602' title='bbox 1887 4325 1990 4380; x_wconf 91' lang='lat' dir='ltr'><strong>illis</strong></span> <span class='ocrx_word' id='word_1_603' title='bbox 2034 4340 2130 4380; x_wconf 90' lang='lat' dir='ltr'><strong>nos</strong></span> <span class='ocrx_word' id='word_1_604' title='bbox 2156 4340 2535 4389; x_wconf 77' lang='lat' dir='ltr'><strong>exerceamus,</strong></span> <span class='ocrx_word' id='word_1_605' title='bbox 2576 4333 2630 4378; x_wconf 89' lang='lat' dir='ltr'><strong>et</strong></span> <span class='ocrx_word' id='word_1_606' title='bbox 2656 4324 2744 4378; x_wconf 88' lang='lat' dir='ltr'><strong>illa</strong></span> <span class='ocrx_word' id='word_1_607' title='bbox 2782 4325 2918 4378; x_wconf 85' lang='lat' dir='ltr'><strong>bona</strong></span> <span class='ocrx_word' id='word_1_608' title='bbox 2940 4324 3061 4393; x_wconf 73' lang='lat' dir='ltr'><strong>jam</strong></span> <span class='ocrx_word' id='word_1_609' title='bbox 3093 4324 3180 4378; x_wconf 93' lang='lat' dir='ltr'><strong>hic</strong></span> <span class='ocrx_word' id='word_1_610' title='bbox 3214 4323 3412 4377; x_wconf 87' lang='lat' dir='ltr'><strong>habere</strong></span> 
     </span>
    </p>
   </div>
   <div class='ocr_carea' id='block_1_79' title="bbox 244 4403 3493 4485">
    <p class='ocr_par' dir='ltr' id='par_1_79' title="bbox 244 4403 3493 4485">
     <span class='ocr_line' id='line_1_79' title="bbox 244 4403 3493 4485; baseline -0.005 -6"><span class='ocrx_word' id='word_1_611' title='bbox 244 4427 371 4479; x_wconf 84' lang='lat' dir='ltr'><strong>beri</strong></span> <span class='ocrx_word' id='word_1_612' title='bbox 397 4423 582 4485; x_wconf 84' lang='lat' dir='ltr'><strong>ﬁdem,</strong></span> <span class='ocrx_word' id='word_1_613' title='bbox 616 4428 677 4471; x_wconf 91' lang='lat' dir='ltr'><strong>ut</strong></span> <span class='ocrx_word' id='word_1_614' title='bbox 711 4415 912 4469; x_wconf 87' lang='lat' dir='ltr'><strong>salvum</strong></span> <span class='ocrx_word' id='word_1_615' title='bbox 958 4415 1070 4467; x_wconf 84' lang='lat' dir='ltr'><strong>ﬁeri</strong></span> <span class='ocrx_word' id='word_1_616' title='bbox 1115 4415 1312 4467; x_wconf 90' lang='lat' dir='ltr'><strong>nullum</strong></span> <span class='ocrx_word' id='word_1_617' title='bbox 1351 4415 1653 4479; x_wconf 84' lang='lat' dir='ltr'><strong>credamus,</strong></span> <span class='ocrx_word' id='word_1_618' title='bbox 1683 4414 1785 4467; x_wconf 90' lang='lat' dir='ltr'><strong>nisi</strong></span> <span class='ocrx_word' id='word_1_619' title='bbox 1816 4403 1864 4461; x_wconf 80' lang='grc' dir='ltr'>Ι)</span> <span class='ocrx_word' id='word_1_620' title='bbox 1887 4412 2219 4475; x_wconf 85' lang='lat' dir='ltr'><strong>meditemur,</strong></span> <span class='ocrx_word' id='word_1_621' title='bbox 2251 4423 2407 4482; x_wconf 89' lang='lat' dir='ltr'><strong>atque</strong></span> <span class='ocrx_word' id='word_1_622' title='bbox 2426 4413 2569 4467; x_wconf 91' lang='lat' dir='ltr'><strong>illam</strong></span> <span class='ocrx_word' id='word_1_623' title='bbox 2597 4413 2947 4467; x_wconf 89' lang='lat' dir='ltr'><strong>substantiam</strong></span> <span class='ocrx_word' id='word_1_624' title='bbox 2980 4413 3270 4481; x_wconf 90' lang='lat' dir='ltr'><strong>possidere,</strong></span> <span class='ocrx_word' id='word_1_625' title='bbox 3294 4424 3412 4480; x_wconf 70' lang='lat' dir='ltr'><strong>qua:</strong></span> <span class='ocrx_word' id='word_1_626' title='bbox 3472 4466 3493 4484; x_wconf 58' lang='lat'><em>.</em></span> 
     </span>
    </p>
   </div>
   <div class='ocr_carea' id='block_1_80' title="bbox 289 4503 1792 4573">
    <p class='ocr_par' dir='ltr' id='par_1_80' title="bbox 289 4505 1788 4573">
     <span class='ocr_line' id='line_1_80' title="bbox 289 4505 1788 4573; baseline -0.009 -3"><span class='ocrx_word' id='word_1_627' title='bbox 289 4519 339 4550; x_wconf 73' lang='grc' dir='ltr'><strong><em>ἰ</em></strong></span> <span class='ocrx_word' id='word_1_628' title='bbox 368 4516 390 4570; x_wconf 91' lang='lat' dir='ltr'><strong>l</strong></span> <span class='ocrx_word' id='word_1_629' title='bbox 420 4513 565 4568; x_wconf 84' lang='lat' dir='ltr'><strong>Tim.</strong></span> <span class='ocrx_word' id='word_1_630' title='bbox 598 4526 674 4573; x_wconf 84' lang='lat' dir='ltr'><strong>tv,</strong></span> <span class='ocrx_word' id='word_1_631' title='bbox 709 4509 761 4568; x_wconf 84' lang='lat'><strong>5,</strong></span> <span class='ocrx_word' id='word_1_632' title='bbox 792 4509 847 4561; x_wconf 74' lang='grc'><strong>4.</strong></span> <span class='ocrx_word' id='word_1_633' title='bbox 924 4509 968 4539; x_wconf 83' lang='grc'><strong>¹²</strong></span> <span class='ocrx_word' id='word_1_634' title='bbox 994 4508 1011 4559; x_wconf 94' lang='lat' dir='ltr'><strong>l</strong></span> <span class='ocrx_word' id='word_1_635' title='bbox 1041 4507 1177 4562; x_wconf 86' lang='lat' dir='ltr'><strong>Tim.</strong></span> <span class='ocrx_word' id='word_1_636' title='bbox 1212 4522 1265 4565; x_wconf 90' lang='grc' dir='ltr'>ιι.</span> <span class='ocrx_word' id='word_1_637' title='bbox 1294 4506 1347 4560; x_wconf 86' lang='lat'><strong>8.</strong></span> <span class='ocrx_word' id='word_1_638' title='bbox 1419 4505 1465 4537; x_wconf 78' lang='lat'>“</span> <span class='ocrx_word' id='word_1_639' title='bbox 1485 4505 1667 4560; x_wconf 75' lang='lat' dir='ltr'><strong>Matth.</strong></span> <span class='ocrx_word' id='word_1_640' title='bbox 1699 4524 1788 4572; x_wconf 77' lang='lat' dir='ltr'><strong>xv,</strong></span> 
     </span>
    </p>
   </div>
   <div class='ocr_carea' id='block_1_81' title="bbox 1893 4503 3410 4573">
    <p class='ocr_par' dir='ltr' id='par_1_81' title="bbox 1911 4503 3410 4573">
     <span class='ocr_line' id='line_1_81' title="bbox 1911 4503 3410 4573; baseline -0.002 -13"><span class='ocrx_word' id='word_1_641' title='bbox 1911 4508 1998 4560; x_wconf 89' lang='grc'><strong>19.</strong></span> <span class='ocrx_word' id='word_1_642' title='bbox 2068 4505 2115 4538; x_wconf 75' lang='grc'><strong>⁸⁸</strong></span> <span class='ocrx_word' id='word_1_643' title='bbox 2139 4507 2258 4562; x_wconf 81' lang='lat' dir='ltr'><strong>Act.</strong></span> <span class='ocrx_word' id='word_1_644' title='bbox 2295 4522 2412 4573; x_wconf 78' lang='lat' dir='ltr'><strong>xix,</strong></span> <span class='ocrx_word' id='word_1_645' title='bbox 2434 4507 2519 4561; x_wconf 72' lang='grc'><strong>12.</strong></span> <span class='ocrx_word' id='word_1_646' title='bbox 2590 4506 2638 4539; x_wconf 78' lang='grc'><strong>³⁸</strong></span> <span class='ocrx_word' id='word_1_647' title='bbox 2672 4507 2792 4561; x_wconf 82' lang='lat' dir='ltr'><strong>Act.</strong></span> <span class='ocrx_word' id='word_1_648' title='bbox 2821 4519 2874 4571; x_wconf 84' lang='lat' dir='ltr'><strong>v,</strong></span> <span class='ocrx_word' id='word_1_649' title='bbox 2898 4506 2985 4563; x_wconf 79' lang='grc'><strong>15.</strong></span> <span class='ocrx_word' id='word_1_650' title='bbox 3047 4504 3094 4536; x_wconf 78' lang='grc'><strong>’⁸</strong></span> <span class='ocrx_word' id='word_1_651' title='bbox 3117 4503 3265 4559; x_wconf 79' lang='lat' dir='ltr'><strong>Rom.</strong></span> <span class='ocrx_word' id='word_1_652' title='bbox 3298 4517 3410 4567; x_wconf 73' lang='lat' dir='ltr'><strong>xiv,</strong></span> 
     </span>
    </p>
   </div>
   <div class='ocr_carea' id='block_1_82' title="bbox 242 4577 1079 4641">
    <p class='ocr_par' dir='ltr' id='par_1_82' title="bbox 242 4577 1079 4641">
     <span class='ocr_line' id='line_1_82' title="bbox 242 4577 1079 4641; baseline -0.012 0"><span class='ocrx_word' id='word_1_653' title='bbox 242 4587 444 4641; x_wconf 68' lang='lat' dir='ltr'><strong>i548.</strong></span> <span class='ocrx_word' id='word_1_654' title='bbox 538 4581 581 4613; x_wconf 84' lang='grc'><strong>³⁷</strong></span> <span class='ocrx_word' id='word_1_655' title='bbox 616 4579 802 4632; x_wconf 81' lang='lat' dir='ltr'><strong>Matth.</strong></span> <span class='ocrx_word' id='word_1_656' title='bbox 845 4577 1079 4640; x_wconf 64' lang='lat'><strong>“11,50.</strong></span> 
     </span>
    </p>
   </div>
   <div class='ocr_carea' id='block_1_83' title="bbox 324 4664 1414 4747">
    <p class='ocr_par' dir='ltr' id='par_1_83' title="bbox 324 4664 1414 4747">
     <span class='ocr_line' id='line_1_83' title="bbox 324 4664 1414 4747; baseline -0.007 -22"><span class='ocrx_word' id='word_1_657' title='bbox 324 4674 442 4747; x_wconf 55' lang='lat' dir='ltr'><strong>(Egi)</strong></span> <span class='ocrx_word' id='word_1_658' title='bbox 475 4671 592 4747; x_wconf 69' lang='lat' dir='ltr'><strong>Dei.</strong></span> <span class='ocrx_word' id='word_1_659' title='bbox 626 4666 964 4747; x_wconf 64' lang='lat' dir='ltr'><strong>Desideratnr</strong></span> <span class='ocrx_word' id='word_1_660' title='bbox 986 4664 1414 4747; x_wconf 56' lang='lat' dir='ltr'><strong>itranteaeditis.</strong></span> 
     </span>
    </p>
   </div>
   <div class='ocr_carea' id='block_1_84' title="bbox 326 4730 1778 4815">
    <p class='ocr_par' dir='ltr' id='par_1_84' title="bbox 326 4730 1778 4815">
     <span class='ocr_line' id='line_1_84' title="bbox 326 4730 1778 4815; baseline -0.008 -18"><span class='ocrx_word' id='word_1_661' title='bbox 326 4730 445 4815; x_wconf 73' lang='grc'>(54)</span> <span class='ocrx_word' id='word_1_662' title='bbox 476 4738 723 4815; x_wconf 70' lang='lat' dir='ltr'><strong>Edoceri.</strong></span> <span class='ocrx_word' id='word_1_663' title='bbox 749 4736 1023 4815; x_wconf 73' lang='lat' dir='ltr'><strong>Dmittitur</strong></span> <span class='ocrx_word' id='word_1_664' title='bbox 1045 4736 1095 4788; x_wconf 91' lang='lat' dir='ltr'><strong>in</strong></span> <span class='ocrx_word' id='word_1_665' title='bbox 1119 4733 1314 4815; x_wconf 44' lang='lat' dir='ltr'><strong>sditis,</strong></span> <span class='ocrx_word' id='word_1_666' title='bbox 1341 4742 1394 4785; x_wconf 93' lang='lat' dir='ltr'><strong>et</strong></span> <span class='ocrx_word' id='word_1_667' title='bbox 1426 4730 1778 4815; x_wconf 40' lang='lat' dir='ltr'><strong>in-p‘lﬁrisque</strong></span> 
     </span>
    </p>
   </div>
   <div class='ocr_carea' id='block_1_85' title="bbox 244 4799 1639 4871">
    <p class='ocr_par' dir='ltr' id='par_1_85' title="bbox 244 4799 1639 4871">
     <span class='ocr_line' id='line_1_85' title="bbox 244 4799 1639 4871; baseline -0.009 -3"><span class='ocrx_word' id='word_1_668' title='bbox 244 4799 547 4871; x_wconf 62' lang='lat' dir='ltr'><strong>mss..&#39;sed</strong></span> <span class='ocrx_word' id='word_1_669' title='bbox 577 4805 877 4858; x_wconf 89' lang='lat' dir='ltr'><strong>restituitur</strong></span> <span class='ocrx_word' id='word_1_670' title='bbox 908 4818 970 4854; x_wconf 83' lang='lat' dir='ltr'><strong>es</strong></span> <span class='ocrx_word' id='word_1_671' title='bbox 1005 4799 1283 4868; x_wconf 80' lang='lat' dir='ltr'><strong>ms.-Begio</strong></span> <span class='ocrx_word' id='word_1_672' title='bbox 1315 4815 1459 4853; x_wconf 90' lang='lat' dir='ltr'><strong>num.</strong></span> <span class='ocrx_word' id='word_1_673' title='bbox 1487 4799 1639 4855; x_wconf 80' lang='grc'><strong>1659.</strong></span> 
     </span>
    </p>
   </div>
   <div class='ocr_carea' id='block_1_86' title="bbox 324 4871 1215 4950">
    <p class='ocr_par' dir='ltr' id='par_1_86' title="bbox 324 4871 1215 4950">
     <span class='ocr_line' id='line_1_86' title="bbox 324 4871 1215 4950; baseline -0.008 -23"><span class='ocrx_word' id='word_1_674' title='bbox 324 4878 444 4950; x_wconf 71' lang='grc'>(55)</span> <span class='ocrx_word' id='word_1_675' title='bbox 477 4875 639 4950; x_wconf 57' lang='grc' dir='ltr'><strong>ξᾱίιί.</strong></span> <span class='ocrx_word' id='word_1_676' title='bbox 676 4872 1029 4950; x_wconf 62' lang='lat' dir='ltr'><strong>coinquinant,</strong></span> <span class='ocrx_word' id='word_1_677' title='bbox 1064 4871 1215 4950; x_wconf 67' lang='lat' dir='ltr'><strong>male.</strong></span> 
     </span>
    </p>
   </div>
   <div class='ocr_carea' id='block_1_87' title="bbox 324 4936 1711 5019">
    <p class='ocr_par' dir='ltr' id='par_1_87' title="bbox 324 4936 1711 5019">
     <span class='ocr_line' id='line_1_87' title="bbox 324 4936 1711 5019; baseline -0.006 -22"><span class='ocrx_word' id='word_1_678' title='bbox 324 4936 441 5019; x_wconf 54' lang='lat' dir='ltr'><strong>(ab)</strong></span> <span class='ocrx_word' id='word_1_679' title='bbox 469 4936 883 5019; x_wconf 48' lang='lat' dir='ltr'><strong>gorporittusIln</strong></span> <span class='ocrx_word' id='word_1_680' title='bbox 912 4949 1063 5019; x_wconf 72' lang='lat' dir='ltr'><strong>antea</strong></span> <span class='ocrx_word' id='word_1_681' title='bbox 1092 4938 1246 4990; x_wconf 88' lang='lat' dir='ltr'><strong>editis</strong></span> <span class='ocrx_word' id='word_1_682' title='bbox 1272 4936 1711 5019; x_wconf 61' lang='lat' dir='ltr'><strong>praetermittitur.</strong></span> 
     </span>
    </p>
   </div>
   <div class='ocr_carea' id='block_1_88' title="bbox 324 4946 1782 5088">
    <p class='ocr_par' dir='ltr' id='par_1_88' title="bbox 324 4946 1782 5088">
     <span class='ocr_line' id='line_1_88' title="bbox 324 4946 1711 5019; baseline -0.01 -16"><span class='ocrx_word' id='word_1_683' title='bbox 324 4946 418 5019; x_wconf 77' lang='lat'><strong>(&#39;56</strong></span> <span class='ocrx_word' id='word_1_684' title='bbox 472 4946 801 5019; x_wconf 71' lang='lat' dir='ltr'><strong>Corporibus.</strong></span> <span class='ocrx_word' id='word_1_685' title='bbox 825 4946 883 5018; x_wconf 72' lang='lat' dir='ltr'><strong>tu</strong></span> <span class='ocrx_word' id='word_1_686' title='bbox 912 4949 1063 5017; x_wconf 72' lang='lat' dir='ltr'><strong>antea</strong></span> <span class='ocrx_word' id='word_1_687' title='bbox 1092 4946 1246 4990; x_wconf 80' lang='lat' dir='ltr'><strong>editis</strong></span> <span class='ocrx_word' id='word_1_688' title='bbox 1272 4946 1711 5016; x_wconf 70' lang='lat' dir='ltr'><strong>praetermittitur.</strong></span> 
     </span>
     <span class='ocr_line' id='line_1_89' title="bbox 324 4946 1782 5088; baseline -0.01 -17"><span class='ocrx_word' id='word_1_689' title='bbox 324 4946 441 5088; x_wconf 48' lang='lat'><strong>(57;</strong></span> <span class='ocrx_word' id='word_1_690' title='bbox 466 5013 630 5071; x_wconf 87' lang='lat' dir='ltr'><strong>Editi,</strong></span> <span class='ocrx_word' id='word_1_691' title='bbox 664 5008 1097 5088; x_wconf 49' lang='lat' dir='ltr'><strong>decimuejusdem</strong></span> <span class='ocrx_word' id='word_1_692' title='bbox 1126 5008 1782 5088; x_wconf 31' lang='lat' dir='ltr'><strong>a-ggr‘edtamurezordrum.</strong></span> 
     </span>
    </p>
   </div>
   <div class='ocr_carea' id='block_1_89' title="bbox 243 5076 1314 5144">
    <p class='ocr_par' dir='ltr' id='par_1_89' title="bbox 243 5076 1314 5144">
     <span class='ocr_line' id='line_1_90' title="bbox 243 5076 1314 5144; baseline -0.015 -3"><span class='ocrx_word' id='word_1_693' title='bbox 243 5076 364 5144; x_wconf 73' lang='lat' dir='ltr'><strong>Sed</strong></span> <span class='ocrx_word' id='word_1_694' title='bbox 392 5076 586 5136; x_wconf 69' lang='lat' dir='ltr'><strong>timnes</strong></span> <span class='ocrx_word' id='word_1_695' title='bbox 615 5092 741 5131; x_wconf 87' lang='lat' dir='ltr'><strong>mss.</strong></span> <span class='ocrx_word' id='word_1_696' title='bbox 772 5085 829 5128; x_wconf 91' lang='lat' dir='ltr'><strong>ut</strong></span> <span class='ocrx_word' id='word_1_697' title='bbox 858 5076 907 5127; x_wconf 87' lang='lat' dir='ltr'><strong>in</strong></span> <span class='ocrx_word' id='word_1_698' title='bbox 943 5084 1124 5126; x_wconf 88' lang='lat' dir='ltr'><strong>nostro</strong></span> <span class='ocrx_word' id='word_1_699' title='bbox 1151 5083 1314 5126; x_wconf 79' lang='lat' dir='ltr'><strong>textu.</strong></span> 
     </span>
    </p>
   </div>
   <div class='ocr_carea' id='block_1_90' title="bbox 326 5146 1262 5224">
    <p class='ocr_par' dir='ltr' id='par_1_90' title="bbox 326 5146 1262 5224">
     <span class='ocr_line' id='line_1_91' title="bbox 326 5146 1262 5224; baseline -0.006 -26"><span class='ocrx_word' id='word_1_700' title='bbox 326 5150 442 5224; x_wconf 62' lang='grc' dir='ltr'>(εξ)</span> <span class='ocrx_word' id='word_1_701' title='bbox 476 5146 640 5224; x_wconf 54' lang='grc' dir='ltr'><strong>ξειίιὶ,</strong></span> <span class='ocrx_word' id='word_1_702' title='bbox 671 5146 868 5224; x_wconf 48' lang='lat' dir='ltr'><strong>bonum.</strong></span> <span class='ocrx_word' id='word_1_703' title='bbox 892 5156 1115 5224; x_wconf 40' lang='lat' dir='ltr'><strong>nomen.“</strong></span> <span class='ocrx_word' id='word_1_704' title='bbox 1141 5205 1201 5224; x_wconf 52' lang='grc' dir='ltr'><strong>Π,</strong></span> <span class='ocrx_word' id='word_1_705' title='bbox 1250 5208 1262 5220; x_wconf 46' lang='lat'><em>.</em></span> 
     </span>
    </p>
   </div>
   <div class='ocr_carea' id='block_1_91' title="bbox 327 5205 1779 5295">
    <p class='ocr_par' dir='ltr' id='par_1_91' title="bbox 327 5205 1779 5295">
     <span class='ocr_line' id='line_1_92' title="bbox 327 5205 1779 5295; baseline 0 0"><span class='ocrx_word' id='word_1_706' title='bbox 327 5205 443 5295; x_wconf 62' lang='lat' dir='ltr'><strong>i393</strong></span> <span class='ocrx_word' id='word_1_707' title='bbox 482 5205 739 5295; x_wconf 52' lang='lat' dir='ltr'><strong>Nam!“</strong></span> <span class='ocrx_word' id='word_1_708' title='bbox 765 5211 945 5295; x_wconf 54' lang='lat' dir='ltr'><strong>ista?</strong></span> <span class='ocrx_word' id='word_1_709' title='bbox 967 5210 1116 5295; x_wconf 63' lang='grc' dir='ltr'>ιεενὶι</span> <span class='ocrx_word' id='word_1_710' title='bbox 1138 5205 1552 5295; x_wconf 60' lang='grc' dir='ltr'><strong>εἶξινὶεξεςρίίιξει</strong></span> <span class='ocrx_word' id='word_1_711' title='bbox 1571 5207 1779 5295; x_wconf 56' lang='lat'><strong>9‘31.“</strong></span> 
     </span>
    </p>
   </div>
   <div class='ocr_carea' id='block_1_92' title="bbox 243 5274 1779 5363">
    <p class='ocr_par' dir='ltr' id='par_1_92' title="bbox 243 5274 1779 5363">
     <span class='ocr_line' id='line_1_93' title="bbox 243 5274 1779 5363; baseline -0.012 -17"><span class='ocrx_word' id='word_1_712' title='bbox 243 5274 509 5361; x_wconf 63' lang='lat' dir='ltr'><strong>proauiae</strong></span> <span class='ocrx_word' id='word_1_713' title='bbox 540 5274 961 5363; x_wconf 19' lang='grc' dir='ltr'><strong>εειλροτηίιιξιιιιξἒ</strong></span> <span class='ocrx_word' id='word_1_714' title='bbox 980 5275 1102 5363; x_wconf 58' lang='lat' dir='ltr'><strong>Huic</strong></span> <span class='ocrx_word' id='word_1_715' title='bbox 1220 5274 1396 5363; x_wconf 13' lang='lat' dir='ltr'><strong>Aedilis</strong></span> <span class='ocrx_word' id='word_1_716' title='bbox 1432 5289 1541 5328; x_wconf 87' lang='lat' dir='ltr'><strong>non</strong></span> <span class='ocrx_word' id='word_1_717' title='bbox 1565 5290 1779 5346; x_wconf 46' lang='lat' dir='ltr'><strong>compa;</strong></span> 
     </span>
    </p>
   </div>
   <div class='ocr_carea' id='block_1_93' title="bbox 244 5356 1361 5469">
    <p class='ocr_par' dir='ltr' id='par_1_93' title="bbox 244 5356 1361 5469">
     <span class='ocr_line' id='line_1_94' title="bbox 244 5356 1361 5421; baseline -0.018 -5"><span class='ocrx_word' id='word_1_718' title='bbox 244 5356 410 5421; x_wconf 69' lang='lat' dir='ltr'><strong>rent;</strong></span> <span class='ocrx_word' id='word_1_719' title='bbox 445 5365 502 5409; x_wconf 92' lang='lat' dir='ltr'><strong>et</strong></span> <span class='ocrx_word' id='word_1_720' title='bbox 525 5356 875 5406; x_wconf 87' lang='lat' dir='ltr'><strong>restituuntur</strong></span> <span class='ocrx_word' id='word_1_721' title='bbox 899 5361 964 5398; x_wconf 82' lang='lat' dir='ltr'><strong>ex</strong></span> <span class='ocrx_word' id='word_1_722' title='bbox 990 5360 1115 5399; x_wconf 85' lang='lat' dir='ltr'><strong>mss.</strong></span> <span class='ocrx_word' id='word_1_723' title='bbox 1144 5356 1361 5399; x_wconf 79' lang='lat' dir='ltr'><strong>nostris.</strong></span> 
     </span>
     <span class='ocr_line' id='line_1_95' title="bbox 328 5418 1324 5469; baseline -0.006 0"><span class='ocrx_word' id='word_1_724' title='bbox 328 5427 440 5469; x_wconf 66' lang='lat' dir='ltr'><strong>tam</strong></span> <span class='ocrx_word' id='word_1_725' title='bbox 471 5420 632 5469; x_wconf 76' lang='lat' dir='ltr'><strong>Editi.</strong></span> <span class='ocrx_word' id='word_1_726' title='bbox 669 5418 853 5469; x_wconf 85' lang='lat' dir='ltr'><strong>bonum</strong></span> <span class='ocrx_word' id='word_1_727' title='bbox 884 5422 1111 5464; x_wconf 87' lang='lat' dir='ltr'><strong>nostrum</strong></span> <span class='ocrx_word' id='word_1_728' title='bbox 1127 5429 1324 5465; x_wconf 83' lang='lat' dir='ltr'><strong>nomen.</strong></span> 
     </span>
    </p>
   </div>
   <div class='ocr_carea' id='block_1_94' title="bbox 325 5424 1784 5563">
    <p class='ocr_par' dir='ltr' id='par_1_94' title="bbox 325 5424 1784 5563">
     <span class='ocr_line' id='line_1_96' title="bbox 328 5424 1784 5498; baseline -0.018 -17"><span class='ocrx_word' id='word_1_729' title='bbox 328 5427 417 5498; x_wconf 69' lang='grc' dir='ltr'><strong>(ιο</strong></span> <span class='ocrx_word' id='word_1_730' title='bbox 471 5424 632 5479; x_wconf 77' lang='lat' dir='ltr'><strong>Editi,</strong></span> <span class='ocrx_word' id='word_1_731' title='bbox 669 5424 853 5493; x_wconf 71' lang='lat' dir='ltr'><strong>bonum</strong></span> <span class='ocrx_word' id='word_1_732' title='bbox 884 5424 1111 5464; x_wconf 87' lang='lat' dir='ltr'><strong>nostrum</strong></span> <span class='ocrx_word' id='word_1_733' title='bbox 1127 5429 1324 5492; x_wconf 72' lang='lat' dir='ltr'><strong>nomen.</strong></span> <span class='ocrx_word' id='word_1_734' title='bbox 1770 5482 1784 5496; x_wconf 47' lang='lat'><strong>.</strong></span> 
     </span>
     <span class='ocr_line' id='line_1_97' title="bbox 325 5429 1782 5563; baseline -0.013 -14"><span class='ocrx_word' id='word_1_735' title='bbox 325 5429 442 5563; x_wconf 53' lang='grc' dir='ltr'><strong>μί)</strong></span> <span class='ocrx_word' id='word_1_736' title='bbox 477 5489 615 5549; x_wconf 82' lang='lat' dir='ltr'><strong>Editi</strong></span> <span class='ocrx_word' id='word_1_737' title='bbox 647 5486 932 5563; x_wconf 47' lang='lat' dir='ltr'><strong>plerique,&quot;</strong></span> <span class='ocrx_word' id='word_1_738' title='bbox 953 5492 1118 5560; x_wconf 66' lang='lat' dir='ltr'><strong>tamen</strong></span> <span class='ocrx_word' id='word_1_739' title='bbox 1141 5497 1331 5563; x_wconf 54' lang='lat' dir='ltr'><strong>simquis</strong></span> <span class='ocrx_word' id='word_1_740' title='bbox 1356 5478 1617 5555; x_wconf 55' lang='lat' dir='ltr'><strong>(aditus,</strong></span> <span class='ocrx_word' id='word_1_741' title='bbox 1642 5481 1782 5563; x_wconf 60' lang='lat' dir='ltr'><strong>uerbi</strong></span> 
     </span>
    </p>
   </div>
   <div class='ocr_carea' id='block_1_95' title="bbox 243 5547 1783 5625">
    <p class='ocr_par' dir='ltr' id='par_1_95' title="bbox 243 5547 1783 5625">
     <span class='ocr_line' id='line_1_98' title="bbox 243 5547 1783 5625; baseline -0.019 -4"><span class='ocrx_word' id='word_1_742' title='bbox 243 5547 439 5625; x_wconf 62' lang='lat' dir='ltr'><strong>causa;</strong></span> <span class='ocrx_word' id='word_1_743' title='bbox 468 5547 570 5610; x_wconf 73' lang='lat' dir='ltr'><strong>aut</strong></span> <span class='ocrx_word' id='word_1_744' title='bbox 587 5547 747 5606; x_wconf 51' lang='lat' dir='ltr'><strong>(illis</strong></span> <span class='ocrx_word' id='word_1_745' title='bbox 774 5547 859 5615; x_wconf 68' lang='lat' dir='ltr'><strong>qui</strong></span> <span class='ocrx_word' id='word_1_746' title='bbox 894 5547 1783 5625; x_wconf 32' lang='lat' dir='ltr'><strong>Severiani‘T‘atianigueappella&quot;.</strong></span> 
     </span>
    </p>
   </div>
   <div class='ocr_carea' id='block_1_96' title="bbox 216 5617 1780 5700">
    <p class='ocr_par' dir='ltr' id='par_1_96' title="bbox 216 5617 1780 5700">
     <span class='ocr_line' id='line_1_99' title="bbox 216 5617 1780 5700; baseline 0.005 -33"><span class='ocrx_word' id='word_1_747' title='bbox 216 5617 364 5700; x_wconf 44' lang='grc' dir='ltr'><strong>λετ,</strong></span> <span class='ocrx_word' id='word_1_748' title='bbox 393 5617 501 5686; x_wconf 66' lang='grc' dir='ltr'><strong>θὶς.</strong></span> <span class='ocrx_word' id='word_1_749' title='bbox 532 5625 640 5679; x_wconf 79' lang='lat' dir='ltr'><strong>Sed</strong></span> <span class='ocrx_word' id='word_1_750' title='bbox 672 5632 855 5675; x_wconf 85' lang='lat' dir='ltr'><strong>omnes</strong></span> <span class='ocrx_word' id='word_1_751' title='bbox 888 5632 1015 5671; x_wconf 82' lang='lat' dir='ltr'><strong>mss.</strong></span> <span class='ocrx_word' id='word_1_752' title='bbox 1052 5625 1105 5671; x_wconf 91' lang='lat' dir='ltr'><strong>et</strong></span> <span class='ocrx_word' id='word_1_753' title='bbox 1137 5617 1375 5671; x_wconf 76' lang='lat' dir='ltr'><strong>llabanus</strong></span> <span class='ocrx_word' id='word_1_754' title='bbox 1396 5628 1448 5673; x_wconf 86' lang='grc' dir='ltr'><strong>ιιι</strong></span> <span class='ocrx_word' id='word_1_755' title='bbox 1485 5618 1552 5671; x_wconf 83' lang='lat' dir='ltr'><strong>in</strong></span> <span class='ocrx_word' id='word_1_756' title='bbox 1594 5628 1780 5675; x_wconf 85' lang='lat' dir='ltr'><strong>nostro</strong></span> 
     </span>
    </p>
   </div>
   <div class='ocr_carea' id='block_1_97' title="bbox 1877 4672 2045 4720">
    <p class='ocr_par' dir='ltr' id='par_1_97' title="bbox 1877 4672 2045 4720">
     <span class='ocr_line' id='line_1_100' title="bbox 1877 4672 2045 4720; baseline 0.006 -1"><span class='ocrx_word' id='word_1_757' title='bbox 1877 4672 2045 4720; x_wconf 86' lang='lat' dir='ltr'><strong>textu.</strong></span> 
     </span>
    </p>
   </div>
   <div class='ocr_carea' id='block_1_98' title="bbox 1909 4730 3411 4813">
    <p class='ocr_par' dir='ltr' id='par_1_98' title="bbox 1909 4730 3411 4813">
     <span class='ocr_line' id='line_1_101' title="bbox 1909 4730 3411 4813; baseline -0.001 -27"><span class='ocrx_word' id='word_1_758' title='bbox 1909 4780 1919 4793; x_wconf 92' lang='grc'><em>,</em></span> <span class='ocrx_word' id='word_1_759' title='bbox 1948 4731 2191 4813; x_wconf 49' lang='lat' dir='ltr'><strong>(“illa</strong></span> <span class='ocrx_word' id='word_1_760' title='bbox 2209 4747 2341 4813; x_wconf 78' lang='lat' dir='ltr'><strong>mss.</strong></span> <span class='ocrx_word' id='word_1_761' title='bbox 2375 4732 2628 4813; x_wconf 63' lang='lat' dir='ltr'><strong>plerique</strong></span> <span class='ocrx_word' id='word_1_762' title='bbox 2654 4742 2710 4787; x_wconf 89' lang='lat' dir='ltr'><strong>et</strong></span> <span class='ocrx_word' id='word_1_763' title='bbox 2745 4732 2899 4786; x_wconf 88' lang='lat' dir='ltr'><strong>editi.</strong></span> <span class='ocrx_word' id='word_1_764' title='bbox 2929 4731 3028 4813; x_wconf 69' lang='lat' dir='ltr'><strong>Ms.</strong></span> <span class='ocrx_word' id='word_1_765' title='bbox 3056 4745 3184 4785; x_wconf 88' lang='lat' dir='ltr'><strong>vero</strong></span> <span class='ocrx_word' id='word_1_766' title='bbox 3201 4730 3411 4813; x_wconf 42' lang='lat' dir='ltr'><strong>.Begius</strong></span> 
     </span>
    </p>
   </div>
   <div class='ocr_carea' id='block_1_99' title="bbox 1882 4799 3411 4869">
    <p class='ocr_par' dir='ltr' id='par_1_99' title="bbox 1882 4799 3411 4869">
     <span class='ocr_line' id='line_1_102' title="bbox 1882 4799 3411 4869; baseline 0.001 -16"><span class='ocrx_word' id='word_1_767' title='bbox 1882 4799 2214 4866; x_wconf 49' lang='lat' dir='ltr'><strong>nunt.&#39;i639,</strong></span> <span class='ocrx_word' id='word_1_768' title='bbox 2246 4799 2490 4856; x_wconf 66' lang='lat' dir='ltr'><strong>scientia.</strong></span> <span class='ocrx_word' id='word_1_769' title='bbox 2530 4799 2820 4858; x_wconf 73' lang='lat' dir='ltr'><strong>Rabanus.</strong></span> <span class='ocrx_word' id='word_1_770' title='bbox 2865 4801 3084 4869; x_wconf 82' lang='lat' dir='ltr'><strong>gratite;</strong></span> <span class='ocrx_word' id='word_1_771' title='bbox 3123 4799 3213 4866; x_wconf 78' lang='lat' dir='ltr'><strong>qui</strong></span> <span class='ocrx_word' id='word_1_772' title='bbox 3251 4802 3411 4867; x_wconf 83' lang='lat' dir='ltr'><strong>paulo</strong></span> 
     </span>
    </p>
   </div>
   <div class='ocr_carea' id='block_1_100' title="bbox 1884 4869 2860 4938">
    <p class='ocr_par' dir='ltr' id='par_1_100' title="bbox 1884 4869 2860 4938">
     <span class='ocr_line' id='line_1_103' title="bbox 1884 4869 2860 4938; baseline -0.007 -12"><span class='ocrx_word' id='word_1_773' title='bbox 1884 4880 2007 4938; x_wconf 86' lang='lat' dir='ltr'><strong>post</strong></span> <span class='ocrx_word' id='word_1_774' title='bbox 2034 4872 2213 4931; x_wconf 89' lang='lat' dir='ltr'><strong>habet,</strong></span> <span class='ocrx_word' id='word_1_775' title='bbox 2246 4869 2399 4924; x_wconf 83' lang='lat' dir='ltr'><strong>suilla</strong></span> <span class='ocrx_word' id='word_1_776' title='bbox 2424 4879 2658 4938; x_wconf 82' lang='lat' dir='ltr'><strong>vescatur</strong></span> <span class='ocrx_word' id='word_1_777' title='bbox 2687 4882 2860 4920; x_wconf 84' lang='lat' dir='ltr'><strong>carne.</strong></span> 
     </span>
    </p>
   </div>
   <div class='ocr_carea' id='block_1_101' title="bbox 1958 4931 3410 5005">
    <p class='ocr_par' dir='ltr' id='par_1_101' title="bbox 1958 4931 3410 5005">
     <span class='ocr_line' id='line_1_104' title="bbox 1958 4931 3410 5005; baseline -0.004 -14"><span class='ocrx_word' id='word_1_778' title='bbox 1958 4939 2069 5005; x_wconf 74' lang='grc'>(43)</span> <span class='ocrx_word' id='word_1_779' title='bbox 2099 4940 2257 5004; x_wconf 80' lang='lat' dir='ltr'><strong>Editi,</strong></span> <span class='ocrx_word' id='word_1_780' title='bbox 2293 4938 2381 4989; x_wconf 87' lang='lat' dir='ltr'><strong>sed</strong></span> <span class='ocrx_word' id='word_1_781' title='bbox 2418 4937 2592 5005; x_wconf 75' lang='lat' dir='ltr'><strong>aliena</strong></span> <span class='ocrx_word' id='word_1_782' title='bbox 2638 4937 2746 4989; x_wconf 71' lang='lat' dir='ltr'><strong>lucc</strong></span> <span class='ocrx_word' id='word_1_783' title='bbox 2769 4943 2888 4986; x_wconf 86' lang='lat' dir='ltr'><strong>sunt</strong></span> <span class='ocrx_word' id='word_1_784' title='bbox 2909 4949 2941 4985; x_wconf 88' lang='lat' dir='ltr'><strong><em>a</em></strong></span> <span class='ocrx_word' id='word_1_785' title='bbox 2964 4948 3118 5005; x_wconf 79' lang='lat' dir='ltr'><strong>regno</strong></span> <span class='ocrx_word' id='word_1_786' title='bbox 3147 4931 3267 4998; x_wconf 88' lang='lat' dir='ltr'><strong>Dei,</strong></span> <span class='ocrx_word' id='word_1_787' title='bbox 3304 4942 3410 4987; x_wconf 90' lang='lat' dir='ltr'><strong>etc.</strong></span> 
     </span>
    </p>
   </div>
   <div class='ocr_carea' id='block_1_102' title="bbox 1888 5003 3414 5068">
    <p class='ocr_par' dir='ltr' id='par_1_102' title="bbox 1888 5003 3414 5068">
     <span class='ocr_line' id='line_1_105' title="bbox 1888 5003 3414 5068; baseline -0.005 -8"><span class='ocrx_word' id='word_1_788' title='bbox 1888 5003 2256 5062; x_wconf 82' lang='lat' dir='ltr'><strong>Deindeiidem</strong></span> <span class='ocrx_word' id='word_1_789' title='bbox 2278 5005 2431 5066; x_wconf 89' lang='lat' dir='ltr'><strong>editi,</strong></span> <span class='ocrx_word' id='word_1_790' title='bbox 2460 5004 2709 5057; x_wconf 78' lang='lat' dir='ltr'><strong>Rabanus</strong></span> <span class='ocrx_word' id='word_1_791' title='bbox 2733 5010 2789 5055; x_wconf 86' lang='lat' dir='ltr'><strong>et</strong></span> <span class='ocrx_word' id='word_1_792' title='bbox 2810 5003 3217 5068; x_wconf 88' lang='lat' dir='ltr'><strong>mss.pleriqne,</strong></span> <span class='ocrx_word' id='word_1_793' title='bbox 3254 5016 3414 5065; x_wconf 82' lang='lat' dir='ltr'><strong>neque</strong></span> 
     </span>
    </p>
   </div>
   <div class='ocr_carea' id='block_1_103' title="bbox 1886 5073 3414 5142">
    <p class='ocr_par' dir='ltr' id='par_1_103' title="bbox 1886 5073 3414 5142">
     <span class='ocr_line' id='line_1_106' title="bbox 1886 5073 3414 5142; baseline -0.007 -14"><span class='ocrx_word' id='word_1_794' title='bbox 1886 5077 2093 5134; x_wconf 83' lang='lat' dir='ltr'><strong>nubent,</strong></span> <span class='ocrx_word' id='word_1_795' title='bbox 2139 5088 2299 5142; x_wconf 86' lang='lat' dir='ltr'><strong>neque</strong></span> <span class='ocrx_word' id='word_1_796' title='bbox 2348 5073 2691 5142; x_wconf 52' lang='lat' dir='ltr'><strong>nummum...</strong></span> <span class='ocrx_word' id='word_1_797' title='bbox 2738 5084 2918 5142; x_wconf 86' lang='lat' dir='ltr'><strong>ueque_</strong></span> <span class='ocrx_word' id='word_1_798' title='bbox 2940 5084 3121 5142; x_wconf 56' lang='lat' dir='ltr'><strong>potum</strong></span> <span class='ocrx_word' id='word_1_799' title='bbox 3148 5080 3414 5142; x_wconf 82' lang='lat' dir='ltr'><strong>_sument,</strong></span> 
     </span>
    </p>
   </div>
   <div class='ocr_carea' id='block_1_104' title="bbox 1883 5137 3420 5208">
    <p class='ocr_par' dir='ltr' id='par_1_104' title="bbox 1883 5137 3420 5208">
     <span class='ocr_line' id='line_1_107' title="bbox 1883 5137 3420 5208; baseline -0.006 -12"><span class='ocrx_word' id='word_1_800' title='bbox 1883 5153 1987 5196; x_wconf 88' lang='lat' dir='ltr'><strong>etc.</strong></span> <span class='ocrx_word' id='word_1_801' title='bbox 2014 5144 2119 5198; x_wconf 84' lang='lat' dir='ltr'><strong>Sed</strong></span> <span class='ocrx_word' id='word_1_802' title='bbox 2146 5137 2344 5196; x_wconf 76' lang='lat' dir='ltr'><strong>rectius</strong></span> <span class='ocrx_word' id='word_1_803' title='bbox 2372 5153 2474 5192; x_wconf 86' lang='lat' dir='ltr'><strong>tus.</strong></span> <span class='ocrx_word' id='word_1_804' title='bbox 2495 5139 2695 5208; x_wconf 81' lang='lat' dir='ltr'><strong>Regius</strong></span> <span class='ocrx_word' id='word_1_805' title='bbox 2722 5151 2871 5190; x_wconf 89' lang='lat' dir='ltr'><strong>num.</strong></span> <span class='ocrx_word' id='word_1_806' title='bbox 2901 5137 3035 5189; x_wconf 73' lang='grc'><strong>1659</strong></span> <span class='ocrx_word' id='word_1_807' title='bbox 3064 5145 3123 5187; x_wconf 80' lang='grc' dir='ltr'><strong>ιιι</strong></span> <span class='ocrx_word' id='word_1_808' title='bbox 3147 5137 3198 5186; x_wconf 90' lang='lat' dir='ltr'><strong>in</strong></span> <span class='ocrx_word' id='word_1_809' title='bbox 3230 5147 3420 5188; x_wconf 87' lang='lat' dir='ltr'><strong>nostro</strong></span> 
     </span>
    </p>
   </div>
   <div class='ocr_carea' id='block_1_105' title="bbox 1882 5220 2047 5265">
    <p class='ocr_par' dir='ltr' id='par_1_105' title="bbox 1882 5220 2047 5265">
     <span class='ocr_line' id='line_1_108' title="bbox 1882 5220 2047 5265; baseline -0.018 0"><span class='ocrx_word' id='word_1_810' title='bbox 1882 5220 1966 5265; x_wconf 75' lang='grc' dir='ltr'>ιθι</span> <span class='ocrx_word' id='word_1_811' title='bbox 1974 5222 2047 5265; x_wconf 79' lang='grc' dir='ltr'><strong>ω.</strong></span> 
     </span>
    </p>
   </div>
   <div class='ocr_carea' id='block_1_106' title="bbox 1952 5266 3426 5349">
    <p class='ocr_par' dir='ltr' id='par_1_106' title="bbox 1952 5266 3426 5349">
     <span class='ocr_line' id='line_1_109' title="bbox 1952 5266 3426 5349; baseline -0.009 -16"><span class='ocrx_word' id='word_1_812' title='bbox 1952 5279 2067 5349; x_wconf 64' lang='grc' dir='ltr'>(ιι)</span> <span class='ocrx_word' id='word_1_813' title='bbox 2100 5277 2191 5332; x_wconf 92' lang='lat' dir='ltr'><strong>Sic</strong></span> <span class='ocrx_word' id='word_1_814' title='bbox 2222 5284 2378 5349; x_wconf 81' lang='lat' dir='ltr'><strong>_recte</strong></span> <span class='ocrx_word' id='word_1_815' title='bbox 2408 5274 2746 5349; x_wconf 72' lang='lat' dir='ltr'><strong>ms._ltegius</strong></span> <span class='ocrx_word' id='word_1_816' title='bbox 2789 5285 2937 5349; x_wconf 81' lang='lat' dir='ltr'><strong>num.</strong></span> <span class='ocrx_word' id='word_1_817' title='bbox 2967 5268 3105 5349; x_wconf 64' lang='grc' dir='ltr'>ιιξδρ</span> <span class='ocrx_word' id='word_1_818' title='bbox 3139 5277 3195 5349; x_wconf 72' lang='lat' dir='ltr'><strong>et</strong></span> <span class='ocrx_word' id='word_1_819' title='bbox 3237 5266 3426 5349; x_wconf 60' lang='lat' dir='ltr'><strong>Baba:</strong></span> 
     </span>
    </p>
   </div>
   <div class='ocr_carea' id='block_1_107' title="bbox 1882 5335 3432 5413">
    <p class='ocr_par' dir='ltr' id='par_1_107' title="bbox 1882 5335 3432 5413">
     <span class='ocr_line' id='line_1_110' title="bbox 1882 5335 3432 5413; baseline -0.01 -13"><span class='ocrx_word' id='word_1_820' title='bbox 1882 5335 2001 5401; x_wconf 74' lang='lat' dir='ltr'><strong>nus.</strong></span> <span class='ocrx_word' id='word_1_821' title='bbox 2044 5335 2127 5398; x_wconf 59' lang='lat' dir='ltr'><strong>&#39;lta</strong></span> <span class='ocrx_word' id='word_1_822' title='bbox 2164 5344 2323 5397; x_wconf 90' lang='lat' dir='ltr'><strong>etiam</strong></span> <span class='ocrx_word' id='word_1_823' title='bbox 2346 5346 2539 5413; x_wconf 67' lang='lat' dir='ltr'><strong>c&#39;eteri</strong></span> <span class='ocrx_word' id='word_1_824' title='bbox 2584 5335 2714 5395; x_wconf 62' lang='lat' dir='ltr'><strong>mss.</strong></span> <span class='ocrx_word' id='word_1_825' title='bbox 2758 5338 2858 5413; x_wconf 80' lang='lat' dir='ltr'><strong>nisi</strong></span> <span class='ocrx_word' id='word_1_826' title='bbox 2895 5341 3037 5413; x_wconf 81' lang='lat' dir='ltr'><strong>quod</strong></span> <span class='ocrx_word' id='word_1_827' title='bbox 3069 5335 3432 5413; x_wconf 53' lang='lat' dir='ltr'><strong>habeant,“</strong></span> 
     </span>
    </p>
   </div>
   <div class='ocr_carea' id='block_1_108' title="bbox 1884 5402 3438 5483">
    <p class='ocr_par' dir='ltr' id='par_1_108' title="bbox 1884 5402 3438 5483">
     <span class='ocr_line' id='line_1_111' title="bbox 1884 5402 3438 5483; baseline -0.012 -15"><span class='ocrx_word' id='word_1_828' title='bbox 1884 5414 2114 5483; x_wconf 82' lang='lat' dir='ltr'><strong>Apostoli</strong></span> <span class='ocrx_word' id='word_1_829' title='bbox 2140 5410 2411 5483; x_wconf 77' lang='lat' dir='ltr'><strong>sententia.</strong></span> <span class='ocrx_word' id='word_1_830' title='bbox 2444 5411 2586 5483; x_wconf 79' lang='lat' dir='ltr'><strong>Editi</strong></span> <span class='ocrx_word' id='word_1_831' title='bbox 2613 5421 2756 5483; x_wconf 71' lang='lat' dir='ltr'><strong>vero</strong></span> <span class='ocrx_word' id='word_1_832' title='bbox 2776 5402 2999 5483; x_wconf 60' lang='lat' dir='ltr'><strong>,“igitur</strong></span> <span class='ocrx_word' id='word_1_833' title='bbox 3031 5402 3438 5483; x_wconf 63' lang='lat' dir='ltr'><strong>absolutissima</strong></span> 
     </span>
    </p>
   </div>
   <div class='ocr_carea' id='block_1_109' title="bbox 1882 5473 3444 5546">
    <p class='ocr_par' dir='ltr' id='par_1_109' title="bbox 1882 5473 3444 5546">
     <span class='ocr_line' id='line_1_112' title="bbox 1882 5473 3444 5546; baseline -0.012 -9"><span class='ocrx_word' id='word_1_834' title='bbox 1882 5473 2172 5537; x_wconf 59' lang='lat' dir='ltr'><strong>et&#39;aiidenti</strong></span> <span class='ocrx_word' id='word_1_835' title='bbox 2210 5481 2451 5546; x_wconf 76' lang='lat' dir='ltr'><strong>dogmate</strong></span> <span class='ocrx_word' id='word_1_836' title='bbox 2487 5482 2552 5533; x_wconf 82' lang='lat' dir='ltr'><strong>ab</strong></span> <span class='ocrx_word' id='word_1_837' title='bbox 2590 5473 2827 5532; x_wconf 79' lang='lat' dir='ltr'><strong>Avostoli</strong></span> <span class='ocrx_word' id='word_1_838' title='bbox 2867 5473 3219 5525; x_wconf 76' lang='lat' dir='ltr'><strong>sententia....</strong></span> <span class='ocrx_word' id='word_1_839' title='bbox 3266 5481 3444 5534; x_wconf 67' lang='lat' dir='ltr'><strong>neque</strong></span> 
     </span>
    </p>
   </div>
   <div class='ocr_carea' id='block_1_110' title="bbox 1880 5549 2305 5606">
    <p class='ocr_par' dir='ltr' id='par_1_110' title="bbox 1880 5549 2305 5606">
     <span class='ocr_line' id='line_1_113' title="bbox 1880 5549 2305 5606; baseline -0.016 1"><span class='ocrx_word' id='word_1_840' title='bbox 1880 5567 2024 5606; x_wconf 85' lang='lat' dir='ltr'><strong>escas</strong></span> <span class='ocrx_word' id='word_1_841' title='bbox 2050 5549 2305 5603; x_wconf 82' lang='lat' dir='ltr'><strong>carnales.</strong></span> 
     </span>
    </p>
   </div>
  </div>
