3910 6268
291 244 436 301 1253

1222 246 1566 302 COMMENT.
1602 247 1664 300 IN
1705 248 1917 302 EPIST.
1949 249 2039 302 AD
2069 249 2231 308 ROM.
2267 252 2390 306 LIB.
2434 251 2498 306 Χ.

3317 262 3452 318 1254

288 373 477 418 utente
503 365 586 418 his
615 362 750 419 cibis
782 362 894 434 (57)
919 364 972 419 in
1004 365 1196 433 quibus
1216 365 1304 419 ille
1331 367 1642 420 scandalum
1675 367 1817 433 pati.
1851 370 1895 424 Α
1925 370 2207 434 quentibus
2237 369 2427 435 posuit,
2458 369 2510 418 in
2533 383 2632 434 quo
2662 367 2823 434 frater
2849 369 3146 436 oﬂ‘enditur,
3175 387 3277 426 non
3301 390 3456 429 man.

287 463 394 507 tur.
423 455 538 507 Alia
568 470 694 510 vero
727 470 887 509 causa
911 465 996 509 est
1018 471 1120 522 qua
1153 472 1436 510 commune
1466 460 1550 511 vel
1582 460 1812 512 inruun-

285 545 410 598 dum
449 542 681 598 efﬁcitur
712 547 856 612 quod
891 558 1078 598 natura
1112 546 1195 599 sui
1223 547 1548 600 immundum
1578 562 1680 600 non
1712 557 1818 612 est,

283 633 332 686 si
355 635 628 687 existimet
650 634 800 702 quis,
833 645 887 688 et
923 637 1058 703 apud
1094 651 1150 688 se
1180 637 1252 688 ita
1278 636 1470 688 habeat
1496 638 1634 704 quod
1668 652 1816 692 com-

283 737 452 775 mune
485 724 575 776 sit.
621 723 699 776 Illi
744 737 868 790 ergo
912 724 1010 792 ipsi
1055 726 1416 779 tantummodo
1461 727 1549 794 qui
1601 727 1700 781 hoc
1744 728 1817 780 ita

281 813 587 875 existimat,
625 827 907 866 commune
950 813 1172 866 efﬁcitur
1219 814 1299 866 vel
1347 815 1697 868 immundum.
1738 817 1815 870 Ex

277 903 478 969 quibus
497 902 772 954 evidenter
795 902 901 970 (58)
924 901 1204 968 Apostolus
1231 904 1420 956 edocet
1440 921 1542 958 non
1565 907 1615 957 in
1659 909 1816 962 rebus

275 990 357 1045 vel
388 991 442 1042 in
479 989 796 1044 substantiis
816 1031 830 1051 ,
860 989 952 1043 sed
983 993 1034 1043 in
1071 992 1280 1045 actibus
1307 1002 1362 1045 et
1405 995 1816 1061 cogitationibus

273 1078 458 1130 minus
476 1078 640 1131 rectis
663 1077 1050 1131 immunditiam
1074 1078 1522 1148 pollutionemque
1545 1086 1812 1140 consiste-

272 1178 368 1227 re;
390 1165 637 1232 quamvis
657 1163 818 1232 Moysi
834 1162 917 1215 lex
933 1163 974 1193 ³⁷
993 1166 1230 1232 quaedam
1259 1169 1472 1229 munda,
1492 1179 1543 1222 et
1567 1173 1809 1236 quaedam

269 1255 553 1307 immunda
583 1253 874 1321 signaverit
905 1255 994 1307 :in
1027 1254 1216 1320 quibus
1249 1257 1626 1314 distinctiones
1651 1277 1814 1329 quas-

267 1345 395 1397 dam
429 1357 632 1411 ponere
665 1344 851 1404 voluit,
877 1352 932 1395 ut
961 1344 1187 1412 populus
1215 1348 1302 1412 qui
1327 1349 1426 1402 sub
1479 1350 1591 1418 lege
1625 1365 1812 1406 cense-

168 1497 176 1502 _
268 1435 455 1497 batur,
478 1433 817 1500 discerniper
837 1432 1132 1498 huiusmodi
1150 1435 1522 1492 observantius
1545 1454 1574 1491 a
1603 1442 1811 1494 caeteris

267 1524 830 1594 gentibusvideretur.
864 1527 928 1580 Et
948 1529 1181 1594 quandiu
1209 1526 1422 1596 quidem
1465 1529 1687 1597 populus
1719 1530 1808 1584 ille

267 1623 497 1667 sanctus
509 1623 562 1667 et
578 1628 732 1680 segre
742 1624 901 1682 gatus
917 1629 944 1668 a
959 1617 1166 1671 caeteris
1179 1619 1482 1672 nationibus
1498 1619 1806 1680 habebatur,

264 1704 432 1754 etiam
451 1703 708 1756 discretio
723 1705 785 1756 de
804 1705 1016 1758 mundis
1030 1715 1083 1759 et
1101 1707 1388 1761 immundis
1412 1724 1626 1764 nccessa
1637 1712 1710 1762 ria
1735 1713 1807 1764 vi-

265 1792 520 1852 debatur,
547 1791 710 1861 669
731 1807 845 1857 quae
867 1803 1168 1861 segregaret
1189 1805 1241 1848 et
1269 1809 1570 1852 secerneret
1602 1799 1804 1866 specia-

265 1882 369 1936 lem
429 1884 686 1950 pOpulum
752 1883 842 1936 Dei
893 1899 922 1938 a
973 1885 1270 1938 nationibus
1321 1903 1455 1955 quas
1509 1889 1803 1956 ignorantia

262 1967 355 2021 Dei
389 1977 447 2020 et
475 1969 736 2022 idolorum
767 1970 939 2023 cultus
967 1970 1192 2024 faciebat
1215 1972 1509 2028 immundas
1534 1991 1546 2026 :
1574 1979 1659 2029 ubi
1679 1993 1804 2031 vero

255 2055 424 2122 jauua
463 2057 585 2111 ﬁdei
630 2059 876 2123 gentibus
910 2060 1165 2126 aperitur,
1196 2070 1248 2111 et
1279 2061 1570 2116 invitantur
1615 2079 1802 2118 omnes

258 2146 325 2200 ad
358 2147 554 2212 Deum,
605 2151 957 2203 ostenduntur
989 2150 1144 2204 Petro
1193 2152 1367 2204 omnia
1419 2155 1795 2219 quadrupedia,

256 2245 312 2289 et
337 2237 610 2305 repentia,
643 2247 696 2292 et
725 2239 954 2293 volatilia
985 2239 1220 2308 exposita
1252 2241 1302 2293 in
1332 2241 1496 2294 linteo
1523 2244 1662 2309 quod
1693 2259 1800 2299 cm-

256 2321 386 2377 litus
435 2323 610 2377 fuerat
639 2325 939 2387 deductum,
963 2335 1018 2379 et
1042 2327 1235 2379 dicitur
1266 2328 1316 2380 ei
1347 2343 1360 2376 :
1399 2327 1584 2394 Surge,
1619 2327 1794 2394 Petre,

253 2413 438 2465 occide
485 2423 535 2466 et
581 2416 836 2467 manduca
866 2415 930 2471 ³⁸.
977 2414 1212 2481 Cumque
1239 2416 1422 2484 legalis
1447 2416 1798 2472 observantia:

255 2518 471 2557 memor
497 2504 860 2572 respondisset
892 2508 956 2558 ad
988 2506 1263 2559 Dominum
1295 2516 1349 2560 et
1373 2507 1594 2561 dixisset
1621 2523 1635 2559 :
1689 2508 1795 2560 Ab-

251 2594 340 2654 sit,
379 2591 626 2658 Domine,
648 2595 768 2660 quia
790 2611 1049 2662 nunquam
1071 2611 1335 2648 commune
1361 2606 1446 2648 aut
1477 2598 1794 2650 immundum

251 2680 491 2734 introivit
518 2683 573 2734 in
622 2699 677 2734 os
716 2699 910 2745 meum,
961 2684 1164 2738 caelesti
1196 2685 1454 2737 sententia
1482 2685 1792 2752 pronuntia-

251 2781 340 2823 tur
371 2786 387 2821 :
426 2771 580 2835 Quod
608 2771 744 2824 Deus
776 2774 1062 2835 inundavit,
1093 2785 1147 2825 tu
1176 2790 1441 2826 commune
1477 2791 1538 2827 ne
1577 2775 1792 2828 dixeris.

254 2856 354 2912 Ubi
387 2875 524 2928 ergo
545 2875 728 2913 omnes
761 2872 943 2928 gentes
974 2878 1066 2930 per
1095 2863 1414 2931 agnitionem
1452 2864 1569 2916 ﬁdei
1603 2877 1632 2915 a
1661 2878 1787 2918 con-

253 2945 617 2998 taminatione
659 2949 1002 3011 mundantnr,
1039 2949 1105 3001 ibi
1136 2958 1187 3001 et
1213 2950 1388 3004 omnis
1435 2949 1585 3004 cibus
1630 2953 1792 3004 verbo
1818 2977 1860 3034 α

250 3033 471 3087 Domini
509 3042 562 3087 et
590 3036 827 3088 oratione
855 3047 1109 3104 purgatur
1139 3055 1152 3090 :
1185 3045 1239 3091 et
1269 3039 1336 3091 ob
1381 3039 1481 3092 hoc
1511 3039 1793 3106 Apostolus

247 3124 381 3176 dicit
417 3124 550 3191 quia
593 3124 762 3174 omnia
797 3125 986 3176 munda
1013 3135 1155 3188 sunt,
1187 3134 1388 3180 tantum
1420 3137 1475 3180 ut
1501 3127 1626 3180 illud
1664 3130 1794 3181 vite-

246 3221 336 3265 tur
372 3213 526 3281 quod
567 3213 617 3263 in
646 3215 986 3279 sequentibus
1021 3214 1188 3280 ponit,
1232 3230 1297 3268 ne
1330 3232 1424 3284 per
1448 3217 1792 3272 offensionem

243 3299 437 3354 fratris
461 3301 798 3352 manducanti
829 3317 1035 3354 rursum
1057 3305 1184 3356 liant
1207 3304 1474 3359 immunda
1499 3322 1615 3374 quae.
1641 3323 1792 3360 mun-

242 3389 308 3443 da
339 3399 494 3444 sunt.
527 3388 646 3441 Jam
694 3406 818 3444 vero
860 3392 995 3458 quod
1035 3393 1322 3462 subiungit,
1353 3394 1553 3448 Bonum
1583 3406 1657 3450 est
1690 3413 1792 3450 non

241 3479 576 3533 manducare
619 3495 844 3540 carnem,
875 3491 921 3531 et
961 3497 1059 3533 non
1087 3481 1254 3533 bibere
1279 3484 1470 3549 viuum,
1504 3485 1604 3538 nisi
1638 3488 1789 3539 addi-

241 3571 444 3632 disset,
481 3583 643 3636 neque
668 3569 719 3620 in
748 3585 844 3636 quo
877 3569 1042 3636 frater
1069 3581 1183 3624 tuus
1225 3574 1526 3640 o/fenditur,
1575 3588 1790 3631 contra-

239 3660 382 3714 rium
422 3659 670 3714 fortassis
711 3660 974 3726 prioribus
997 3662 1283 3716 videretur.
1311 3663 1630 3718 Manducare
1649 3666 1786 3718 enim

241 3763 477 3802 carnem
527 3754 582 3800 et
630 3760 734 3800 non
764 3749 1102 3813 manducare,
1153 3750 1232 3803 vel
1265 3750 1448 3804 bibere
1478 3752 1658 3803 vinum
1696 3761 1790 3805 aut

239 3853 351 3892 non
397 3835 610 3899 bibere,
640 3850 809 3904 neque
833 3836 1047 3901 malum,
1085 3852 1255 3906 neque
1284 3839 1500 3902 bonum,
1547 3842 1636 3893 sed
1680 3856 1788 3893 me-

239 3927 390 3979 dium
422 3924 614 3978 haberi
640 3924 820 3977 docuit
856 3933 910 3978 et
948 3925 1269 3979 inditi‘erens.
1295 3924 1476 3979 Potest
1511 3927 1649 3980 enim
1679 3943 1784 3980 non

240 4014 582 4067 manducare
619 4027 830 4066 carnem
852 4022 906 4066 et
933 4027 1036 4066 non
1066 4014 1246 4068 bibere
1273 4015 1452 4068 vinum
1482 4015 1643 4068 etiam
1668 4031 1775 4067 ma-

233 4109 320 4160 lus
355 4107 525 4160 homo
551 4112 606 4156 et
638 4118 668 4156 a
696 4103 796 4157 ﬁde
828 4103 1052 4168 alienus,
1080 4113 1137 4157 ut
1161 4118 1299 4172 saepe
1325 4105 1482 4158 etiam
1507 4105 1784 4158 nonnullos

234 4197 518 4250 idolorum
558 4208 720 4247 causa
773 4192 948 4246 facere
1001 4194 1098 4248 hoc
1133 4203 1335 4249 certum
1381 4204 1483 4248 est.
1517 4195 1779 4248 Interdum

1920 457 2116 509 ducare
2138 471 2352 509 carnem
2385 464 2439 508 et
2471 469 2574 508 non
2606 455 2789 508 bibere
2819 457 3022 521 vinum,
3052 473 3154 511 non
3195 457 3305 526 jam
3341 478 3456 516 me-

1918 545 2059 598 dium
2093 554 2186 598 aut
2221 543 2548 608 indifferens,
2586 545 2679 598 sed
2709 559 2832 598 vere
2861 547 3056 600 bonum
3103 557 3201 602 cst.
3251 551 3450 607 Bonum

1917 641 2001 686 est
2034 631 2141 700 (60)
2188 633 2328 704 enim
2364 647 2468 685 non
2522 647 2719 700 ponere
2764 632 3106 688 offensionem
3165 638 3314 692 fratri
3368 641 3451 694 vel

1916 721 2244 774 scandalum.
2271 721 2497 789 Propter
2531 724 2629 774 hoc
2653 725 2793 776 enim
2823 734 2874 777 et
2904 726 2955 778 in
2995 727 3114 780 aliis
3141 728 3299 781 dicit:
3331 729 3452 784 Sine

1916 813 2197 879 offensione
2234 823 2392 866 estote
2434 823 2481 865 et
2518 814 2718 866 Iudicis
2759 823 2807 866 et
2854 814 3072 881 ercis,
3114 828 3160 870 et
3207 818 3452 874 Ecclesia:

1914 901 2008 954 Dei
2036 903 2100 954 ³³.
2140 902 2203 954 Et
2230 902 2347 955 idco
2374 903 2590 954 videant
2619 901 2660 954 si
2691 913 2836 956 recte
2867 905 3068 958 faciunt
3104 907 3157 961 hi
3203 909 3289 973 qui
3323 925 3452 976 qua-

1914 988 2044 1042 libet
2079 1004 2143 1041 ex
2189 1005 2345 1042 causa
2376 994 2714 1042 continentes
2746 1006 2772 1041 a
2809 993 3054 1047 carnibus
3092 1002 3146 1046 et
3180 996 3323 1059 vino,
3361 1011 3450 1050 co-

1912 1087 2042 1146 gunt
2062 1079 2382 1132 omnimodis
2405 1080 2708 1147 degustare,
2735 1096 2839 1146 quo
2867 1081 3075 1135 scilicet
3095 1098 3188 1150 per
3217 1084 3317 1137 hoc
3337 1086 3448 1152 (61)

1913 1167 1978 1219 ab
2008 1169 2086 1220 eis
2118 1169 2360 1221 videatur
2385 1169 2581 1222 auferri
2625 1170 2880 1237 suspicio,
2929 1186 3030 1238 qua
3063 1173 3450 1238 superstitiose
3527 1159 3535 1171 ’

1911 1265 2166 1323 putantur
2202 1257 2440 1311 ciborum
2484 1260 2895 1314 discretionibus
2939 1263 3219 1315 inhaerere.
3259 1262 3448 1316 Consi-

1911 1345 2099 1398 derent
2125 1361 2351 1414 namque
2377 1348 2682 1414 Apostolum
2727 1364 2827 1401 non
2862 1350 3059 1402 dixisse
3092 1367 3105 1402 :
3136 1350 3337 1403 Bonum
3371 1362 3447 1404 est

1909 1435 2234 1486 manducare
2280 1444 2333 1487 et
2367 1435 2550 1488 bibere
2579 1437 2795 1501 vinum;
2845 1438 2958 1499 sed,
2989 1453 3089 1488 non
3128 1441 3446 1494 manducare

1909 1539 2133 1587 carnem,
2165 1533 2212 1575 et
2250 1541 2350 1576 non
2375 1524 2542 1578 bibere
2575 1525 2766 1588 riuum,
2799 1527 2841 1580 si
2878 1526 2931 1578 in
2961 1541 3024 1578 eo
3060 1527 3223 1580 frater
3271 1529 3442 1582 oll‘en-

1910 1613 2068 1667 ditur.
2103 1612 2279 1664 Noluit
2310 1628 2438 1681 ergo
2471 1622 2528 1666 ut
2556 1630 2650 1681 pro
2678 1616 2760 1667 his
2787 1615 2880 1681 qui
2911 1617 3443 1683 manducamlnmju-

1907 1701 2106 1762 dicant,
2139 1712 2360 1770 cogatur
2393 1703 2478 1754 ille
2507 1705 2571 1755 ad
2619 1702 3042 1756 manducandum
3091 1707 3182 1772 qui
3237 1707 3288 1758 iu
3340 1709 3442 1760 hoc

1903 1790 2184 1844 offenditur
2211 1808 2224 1853 ;
2256 1794 2349 1844 sed
2378 1807 2474 1860 pro
2507 1793 2594 1846 illo
2625 1795 2713 1860 qui
2766 1809 2867 1848 non
2904 1803 3055 1860 putat
3104 1798 3437 1849 manducan-

1903 1880 2048 1941 dum,
2071 1880 2339 1931 ahstinere
2370 1881 2608 1948 praecipit
2629 1883 2786 1934 etiam
2812 1884 2895 1936 his
2915 1884 2999 1950 qui
3026 1884 3264 1949 judicant
3291 1900 3441 1937 nian-

1902 1965 2215 2017 ducandum.
2244 1963 2545 2018 Verendum
2583 1981 2807 2032 namque
2828 1979 2909 2020 est
2941 1983 3005 2021 ne
3039 1967 3174 2021 forte
3207 1971 3435 2036 abrupto

1901 2057 2060 2105 semel
2092 2067 2241 2106 niuro
2263 2053 2621 2117 continentiae,
2652 2063 2704 2107 et
2735 2065 2955 2123 accepta
2984 2057 3221 2120 licentia,
3253 2059 3302 2110 in
3335 2075 3435 2128 gu~

1900 2141 1964 2193 lae
1993 2141 2272 2208 procellam
2306 2155 2370 2193 ac
2409 2143 2726 2208 profundum
2779 2143 3001 2196 luxuria:
3045 2146 3342 2208 decidatur,
3381 2155 3436 2200 et

1897 2231 2098 2296 pariter
2148 2230 2539 2298 subsequantur
2578 2230 2852 2300 naufragia
2905 2234 3186 2285 castitatis.
3241 2233 3429 2288 Omnia

1898 2319 2057 2387 igitur
2091 2319 2204 2372 ﬁeri
2239 2330 2446 2388 oportet
2481 2321 2547 2374 ob
2577 2320 2678 2374 hoc
2701 2337 2766 2373 ne
2797 2323 3102 2374 destruatur
3131 2337 3262 2390 opus
3292 2322 3384 2376 Dei
3418 2345 3430 2378 :

1896 2416 1943 2458 et
1969 2407 2085 2459 ideo
2112 2417 2166 2459 et
2204 2409 2629 2462 manducandum
2669 2408 2778 2476 (62)
2808 2417 2910 2471 est,
2956 2410 2998 2462 si
3044 2409 3095 2460 iu
3130 2389 3230 2463 hoc
3268 2411 3434 2464 l‘rater

1894 2495 2215 2558 aediﬁcatur;
2252 2505 2305 2548 et
2349 2510 2454 2550 non
2499 2505 2582 2549 est
2610 2497 3056 2560 manducandum,
3104 2499 3148 2550 si
3190 2513 3284 2565 per
3334 2501 3433 2553 hoc

1895 2596 1998 2635 non
2026 2587 2218 2636 crescit
2253 2599 2384 2652 opus
2415 2586 2506 2639 Dei
2537 2604 2552 2650 ;
2587 2595 2640 2638 et
2671 2585 2949 2638 bibendum
2981 2596 3081 2649 est,
3127 2587 3172 2641 si
3205 2604 3299 2656 per
3327 2590 3431 2642 hoc

1894 2673 2104 2740 proﬁcit
2149 2675 2314 2728 l'rater
2371 2678 2437 2730 ad
2491 2677 2687 2741 ﬁdem;
2736 2687 2787 2731 et
2833 2695 2935 2732 non
2987 2691 3070 2733 est
3124 2681 3426 2747 bibendum,

1892 2764 1937 2816 si
1963 2777 2055 2828 per
2087 2763 2185 2818 hoc
2220 2764 2385 2818 frater
2407 2767 2652 2821 damnum
2676 2768 2822 2832 ﬁdei,
2849 2779 2940 2822 aut
2973 2779 3026 2823 tu
3049 2771 3430 2826 detrimentum

1892 2853 2174 2907 charitatis
2195 2855 2458 2910 incurras.

1959 2941 2012 2994 4.
2042 2940 2166 2996 Post
2201 2945 2309 2996 lucc
2333 2947 2500 2998 dicit:
2538 2947 2613 2998 Tu
2643 2948 2794 3012 [idem
2819 2966 2971 3015 quam
3001 2951 3154 3002 habes
3191 2952 3328 3019 apud
3354 2961 3429 3005 te-

1894 3031 2182 3098 metipsum,
2218 3033 2344 3085 habe
2371 3051 2541 3086 coram
2573 3037 2677 3088 Deo
2697 3039 2760 3088 ³ο.
2798 3039 2978 3092 Fidem
3012 3040 3096 3092 hic
3126 3040 3268 3093 illam
3297 3042 3426 3096 dicit

1893 3135 1994 3188 qua
2027 3122 2198 3174 credit
2226 3124 2344 3188 quis
2375 3125 2697 3178 manducare
2725 3128 2927 3186 omnia,
2959 3129 3094 3180 sicut
3135 3144 3290 3197 supra
3340 3132 3424 3185 di—

1892 3211 1970 3262 xit
1993 3227 2007 3263 :
2041 3211 2183 3264 Alius
2212 3213 2370 3264 credit
2397 3217 2706 3268 manducare
2730 3219 2901 3268 omnia
2928 3217 2993 3283 “,
3019 3219 3104 3272 ille
3125 3221 3238 3274 sine
3265 3223 3426 3276 dubio

1891 3298 1982 3364 qui
2029 3302 2196 3351 credit
2243 3303 2382 3370 quod
2433 3303 2565 3354 nihil
2605 3305 2654 3354 in
2690 3307 2949 3358 creaturis
2998 3307 3088 3360 Dei
3120 3325 3422 3378 commune,

1892 3387 2022 3439 nihil
2072 3387 2405 3441 immundum
2453 3391 2541 3446 sit.
2593 3392 2694 3445 Sed
2731 3395 2839 3463 (65)
2870 3395 3058 3450 sufﬁcit
3087 3398 3200 3460 tibi,
3231 3400 3420 3468 inquit,

1889 3475 2083 3528 habere
2135 3491 2314 3529 coram
2365 3477 2473 3531 Deo
2525 3481 2825 3545 hnjnsmodi
2867 3483 3062 3546 ﬁdem,
3098 3500 3202 3539 non
3243 3496 3419 3540 tamen

1888 3565 2090 3619 idcirco
2117 3567 2382 3632 cogendus
2407 3577 2488 3621 est
2507 3580 2562 3623 et
2583 3570 2693 3637 (64)
2719 3571 2854 3624 alius
2879 3583 2936 3624 ut
2971 3576 3147 3628 omnia
3185 3577 3419 3630 mandu-

1887 3661 1990 3716 cet,
2023 3654 2112 3722 qui
2144 3655 2373 3708 nondum
2403 3657 2562 3711 habet
2585 3659 2740 3711 talem
2773 3660 2926 3713 ﬁdem
2950 3673 3010 3716 ut
3037 3666 3417 3721 credatomnia

1885 3758 2004 3798 esse
2038 3744 2427 3800 manducando.
2459 3745 2606 3810 Quod
2642 3759 2817 3803 autem
2869 3751 3022 3813 dixit,
3075 3753 3229 3806 habes
3278 3756 3416 3821 apud

1885 3836 2224 3902 temetipsum,
2249 3836 2564 3904 jactantiam
2597 3850 2824 3902 resecat,
2860 3855 2925 3894 ne
2957 3843 3124 3909 magis
3159 3844 3210 3896 in
3241 3853 3420 3897 osten-

1885 3923 2083 3976 tatione
2109 3924 2179 3976 sit
2206 3926 2344 3992 quod
2376 3927 2663 3990 credimus,
2686 3943 2844 4002 quam
2879 3930 2930 3981 in
2955 3931 3170 3985 virtute.
3198 3934 3415 3988 Addidit

1883 4023 2060 4066 autem
2089 4014 2200 4082 (65)
2229 4054 2243 4079 ,
2284 4017 2411 4068 habe
2430 4032 2606 4069 coram
2627 4017 2756 4084 Deo,
2790 4029 2848 4072 ut
2877 4020 3092 4074 doceret
3119 4022 3413 4091 satisagen-

1883 4102 2005 4154 dum
2039 4105 2216 4168 nobis,
2246 4119 2349 4158 non
2376 4115 2432 4158 ut
2458 4110 2596 4174 apud
2632 4108 2873 4161 homines
2919 4109 3048 4164 ﬁdes
3097 4120 3278 4164 nostra
3305 4112 3410 4164 dif-

1882 4190 2134 4258 fametur,
2164 4194 2254 4247 sed
2288 4203 2346 4247 ut
2374 4196 2509 4262 apud
2544 4196 2708 4250 Deum
2741 4199 3013 4265 probetur.
3068 4200 3284 4254 Multum
3328 4212 3413 4256 est

229 4285 408 4340 etiam
443 4281 708 4336 malarum
734 4282 929 4335 artium
957 4283 1126 4335 fertur
1158 4283 1276 4337 talis
1308 4283 1493 4338 haberi
1524 4286 1778 4338 observa-
1809 4288 1853 4342 Ι)
1881 4290 2054 4334 autem
2078 4295 2255 4335 coram
2284 4282 2390 4336 Deo
2417 4285 2613 4339 habere
2661 4286 2986 4353 probabilem
3031 4290 3209 4343 ﬁdem.
3259 4290 3412 4358 Apud

234 4378 341 4434 tio.
386 4372 771 4430 Ha:reticorum
815 4382 960 4424 certe
1006 4386 1107 4424 non
1147 4373 1326 4439 paucis
1359 4375 1642 4428 observare
1667 4374 1779 4427 haec

235 4465 418 4519 moris
458 4470 542 4516 est
587 4460 733 4530 (59);
766 4469 821 4513 et
855 4467 1028 4512 tamen
1077 4475 1180 4513 non
1225 4461 1472 4514 continuo
1517 4461 1774 4516 dicimus:

229 4553 452 4607 Bonum
486 4557 570 4601 est
590 4547 668 4601 eis
686 4545 809 4614 quia
837 4559 944 4598 non
981 4545 1304 4597 manducant
1335 4559 1574 4608 carnem,
1605 4559 1777 4610 neque

207 4642 442 4696 bibunt
469 4638 673 4690 vinum.
721 4633 825 4688 Sed
856 4633 945 4687 illo
985 4633 1139 4700 plane
1175 4635 1330 4686 modo
1369 4648 1472 4700 quo
1513 4633 1563 4686 in
1593 4648 1778 4687 conse-

1886 4371 2049 4424 Deum
2081 4371 2222 4423 enim
2264 4371 2426 4425 etiam
2456 4375 2816 4441 apostolorum
2848 4377 2974 4430 ﬁdes
3000 4393 3162 4445 parva
3191 4378 3299 4447 (66)
3327 4380 3414 4445 ju-

1883 4458 2124 4521 dicatur,
2171 4461 2311 4514 unde
2357 4461 2549 4514 dicitur
2603 4464 2668 4516 ad
2711 4463 2962 4517 Petrum:
3010 4465 3230 4520 Modica:
3265 4467 3411 4533 fidei,

1879 4559 2038 4613 quare
2059 4546 2311 4600 dubitasti
2333 4548 2376 4579 δ’
2394 4549 2417 4600 ?
2435 4549 2633 4604 Idcirco
2659 4565 2787 4616 ergo
2816 4567 2939 4604 vere
2969 4567 3188 4620 magnus
3216 4561 3300 4605 est
3321 4553 3413 4620 qui

1881 4649 2060 4688 coram
2092 4635 2197 4688 Deo
2221 4637 2378 4690 habet
2403 4639 2727 4706 probabilem
2752 4640 2926 4693 ﬁdem.

302 4757 353 4793 ³⁷
397 4755 574 4812 Levit.
607 4768 683 4817 xi,
715 4751 882 4820 ﬁseq.
943 4751 988 4782 ³⁸
1007 4752 1124 4804 Act.
1160 4766 1217 4806 x.
1244 4749 1430 4804 15-15.
1505 4750 1546 4780 ³³
1573 4751 1589 4801 1
1618 4749 1740 4802 Cor.
1770 4767 1793 4803 ι

1900 4750 1946 4803 2.
2019 4751 2064 4782 ⁴⁵⁰
2099 4751 2251 4804 Rom.
2279 4753 2480 4815 xrvﬂQ.
2555 4755 2596 4784 "
2631 4754 2754 4805 ibid.
2783 4751 2836 4804 2.
2909 4753 2954 4782 δ’
2977 4751 3157 4804 Matth.
3185 4769 3296 4818 xrv,
3323 4755 3412 4808 51.

307 4869 432 4940 (57)
462 4865 626 4926 Editi,
664 4877 817 4940 super
844 4871 890 4913 te
919 4870 1088 4940 uteute
1114 4861 1193 4913 liis
1227 4860 1376 4922 cibis,
1412 4867 1517 4911 etc.
1550 4857 1769 4924 Deinde,

224 4930 361 5010 qua“
378 4930 655 5010 commune
675 4930 1080 5010 «immundum.

305 5005 426 5074 (58)
460 5001 624 5074 Editi,
653 4997 855 5074 quiﬁhoc
886 4997 1145 5074 existimat
1171 4997 1242 5048 ita
1267 5009 1542 5074 commune
1562 4998 1772 5065 efﬁcitur

227 5085 280 5130 et
311 5061 679 5126 ‘iminundum'.
726 5065 923 5128 Quibus
961 5067 1236 5129 evidenter,
1285 5070 1388 5114 etc.
1437 5061 1543 5116 Sed
1587 5061 1774 5118 omnes

225 5159 369 5199 mss.
405 5151 460 5192 et
495 5137 746 5188 [tabanus
776 5142 832 5185 ut
869 5133 920 5184 in
957 5141 1122 5184 textu.

306 5209 425 5280 (59)
457 5205 621 5280 Editi,
647 5203 739 5280 ligc
774 5211 965 5280 certum
993 5210 1068 5250 est
1090 5212 1108 5248 :
1140 5197 1390 5280 interdum
1423 5198 1579 5280 etiam
1605 5199 1772 5280 mala-

227 5265 353 5334 rum
382 5265 613 5329 a'rtium.
654 5267 843 5320 Fertur
870 5269 990 5318 talis
1039 5282 1233 5334 quoque
1270 5265 1444 5315 haberi
1482 5267 1769 5320 observatio

227 5347 625 5402 hwreticorum,
654 5345 703 5389 et
735 5353 833 5388 non
857 5336 1031 5402 paucis
1054 5336 1314 5402 observare
1343 5336 1449 5402 (nec
1475 5336 1637 5386 maris
1670 5345 1766 5396 est,

226 5399 359 5470 éi’c.’
383 5411 490 5466 Sed
537 5399 721 5460 omnes
769 5399 890 5455 mss.
925 5411 976 5453 et
1000 5401 1242 5452 Rabanus
1265 5409 1320 5450 ut
1348 5399 1408 5470 in
1443 5410 1588 5470 textu
1622 5419 1634 5451 :
1673 5404 1762 5465 qui

225 5467 432 5538 omnes
471 5473 787 5544 paulo_post_
816 5470 1030 5527 habent,
1066 5479 1110 5519 et
1150 5467 1511 5544 uou_contipuo
1540 5469 1765 5544 dicimus

229 5536 354 5617 (aL,
403 5536 654 5601 dicemus)
684 5539 880 5593 omisso
907 5547 1091 5597 tamen,
1121 5536 1255 5588 ouod
1293 5536 1575 5592 praeferunt
1609 5539 1761 5590 editi.

1945 4859 2052 4927 (60)
2077 4863 2188 4913 Est.
2205 4859 2474 4914 Omittitur
2499 4862 2550 4914 in
2577 4861 2750 4914 editis.

1942 4927 2052 4997 (61)
2091 4929 2248 4990 Editi,
2293 4931 2581 4981 omnimode
2615 4931 2917 4994 degustare,
2949 4944 3049 4994 quo
3077 4928 3278 4980 scilicet
3327 4947 3420 4998 per

1941 5013 2000 5046 με.
2037 5013 2138 5046 CIC.

1875 4995 2246 5138 ἠαίὲἓῗιέόὶιῑ,
2283 5065 2436 5138 etiam
2455 5063 2876 5138 manducandum
2918 5073 3012 5124 est,
3047 5061 3427 5138 etc.‘Deind-e

1872 5130 1972 5184 ms.
2009 5131 2204 5198 Regius
2235 5147 2375 5182 num.
2416 5133 2569 5187 1659.
2600 5141 2686 5180 aut
2706 5133 3092 5198 detrimentum
3139 5130 3429 5198 charitatis

1871 5196 2124 5251 incurrat.
2175 5197 2276 5250 Sed
2304 5200 2480 5252 caeteri
2523 5215 2672 5262 inss.,
2704 5196 2976 5257 Rabanus,
3007 5207 3060 5249 et
3094 5196 3226 5247 editi
3275 5206 3344 5246 ut
3379 5199 3434 5250 in

1875 5279 2058 5320 DOSII'O
2090 5276 2255 5318 textu.

1941 5336 2050 5402 (65)
2068 5333 2167 5386 Sed
2183 5334 2440 5386 omittitur
2453 5334 2503 5385 in
2517 5329 3182 5384 editis.Rabanushabetct
3197 5342 3302 5394 pro
3318 5330 3442 5382 sed.

1939 5404 2044 5475 (6i)
2075 5403 2227 5475 Deest
2253 5402 2581 5475 et‘iueditis.
2632 5467 2663 5475 ι
2758 5465 2768 5475 ι

1940 5463 2050 5538 (65)
2075 5473 2272 5538 Autem.
2308 5465 2808 5538 Praetermittitnrin
2839 5475 2993 5519 antea
3022 5463 3210 5516 editis.

1945 5533 2053 5608 (66)
2084 5537 2274 5592 Parva.
2304 5537 2648 5592 Otnittituriu
2673 5533 2854 5586 editis.
