3910 6258
350 339 475 393 1257

1267 339 1610 396 COMMENT.
1650 338 1715 390 ΙΝ
1752 334 1967 392 EPIST.
2004 338 2093 389 AD
2132 336 2296 391 ROM.
2332 329 2457 390 LIB.
2497 338 2564 393 Χ.

3362 338 3495 394 1258

347 456 449 508 Deo
483 463 597 506 sunt
618 454 663 485 ⁸⁸
687 449 817 522 (78).
858 451 925 504 Et
956 453 1073 507 ideo
1095 452 1345 507 debemus
1375 456 1732 509 indesinenter
1756 469 1868 522 pre-
1895 458 1941 513 Α
1970 460 2125 505 ventu
2156 451 2378 504 fratrum
2410 461 2464 506 et
2491 450 2740 506 Ecclesia:
2780 451 3036 506 societate
3068 450 3357 519 depellant.
3396 452 3498 517 Qui

348 543 454 597 cari
483 541 735 595 auxilium
769 542 996 605 Domini,
1029 553 1085 594 et
1112 557 1330 610 sperare
1358 544 1498 610 quod
1535 545 1645 612 ipse
1677 543 1868 610 eripiet

350 647 442 684 nos
470 630 536 683 de
572 631 758 697 laqueo
787 630 1116 694 venantium,
1147 641 1205 684 ut
1234 642 1285 685 et
1314 647 1409 685 nos
1434 632 1708 685 dicamus:
1733 631 1865 697 Quia

348 723 518 772 anima
562 731 733 774 nostra
773 721 905 772 sicut
946 738 1123 788 passer
1156 731 1326 787 erepta
1358 731 1434 774 est
1465 722 1527 774 de
1558 722 1739 791 laqueo
1780 738 1864 774 ve—

349 813 579 863 nantium
597 828 616 865 :
645 812 858 879 laqueus
883 815 1137 865 contritus
1158 824 1252 874 est,
1277 822 1324 865 et
1341 828 1431 864 nos
1446 812 1647 863 liberati
1667 828 1862 864 sumus.

348 902 672 969 Adjutorium
720 913 953 954 nostrum
1000 905 1054 956 in
1101 904 1302 955 nomine
1340 902 1571 966 Domini,
1623 903 1711 970 qui
1747 902 1865 970 fecit

346 991 522 1043 calum
548 1002 593 1042 et
622 1001 812 1044 terram
840 992 885 1022 “
912 992 1043 1061 (79).

409 1080 461 1134 6.
533 1080 779 1133 Debemus
833 1091 1002 1134 autem
1065 1097 1157 1134 nos
1221 1081 1469 1147 ﬁrmiores
1536 1081 1868 1133 imbecillita—

345 1184 415 1225 tes
454 1171 611 1241 671
642 1173 963 1239 inﬁrmorum
1011 1172 1275 1234 sustinere,
1319 1181 1366 1223 et
1397 1188 1499 1224 non
1545 1172 1686 1224 nobis
1750 1172 1865 1238 pla-

344 1279 468 1316 cere.
511 1262 867 1330 Unusquisque
893 1272 1109 1314 vestrum
1147 1263 1378 1330 proximo
1431 1262 1625 1327 placeat
1671 1263 1724 1314 in
1778 1263 1865 1314 bo-
1902 1296 1905 1299 -

345 1370 406 1405 ne
442 1350 551 1420 (80)
582 1353 648 1402 ad
674 1353 1085 1415 aediﬁcationem.
1123 1351 1259 1403 Nam
1288 1361 1333 1402 et
1366 1350 1600 1403 Christus
1639 1366 1738 1403 non
1767 1352 1866 1402 sibi

340 1441 532 1507 placuit
560 1457 581 1502 ;
617 1441 707 1492 sed
740 1442 869 1492 sicut
904 1439 1150 1505 scriptum
1193 1450 1301 1491 est:
1324 1438 1645 1503 Improperia
1676 1440 1866 1505 impro-

339 1531 627 1597 perantium
650 1530 742 1581 tibi
767 1529 1051 1581 ceciderunt
1079 1543 1230 1594 super
1258 1544 1359 1579 me.
1383 1526 1706 1594 Quaecunque
1731 1529 1865 1579 enim

338 1620 527 1686 scripta
552 1627 691 1680 sunt,
715 1619 782 1670 ad
819 1628 1045 1670 nostram
1082 1618 1367 1669 doctrinam
1400 1618 1592 1679 scripta
1642 1627 1780 1681 sunt,
1810 1626 1864 1668 ut

337 1724 427 1776 per
448 1708 749 1774 patientiam
777 1716 825 1760 et
872 1705 1268 1759 consolationem
1312 1704 1698 1771 Scripturarum
1727 1723 1862 1773 spem

339 1800 616 1852 habeamus
634 1801 696 1854 ⁵⁸.
714 1797 1011 1851 Videtnrin
1061 1796 1145 1850 his
1186 1794 1375 1848 Paulus
1426 1796 1633 1848 ﬁrmum
1665 1808 1860 1850 semet-

335 1888 506 1955 ipsum
543 1887 903 1953 pronuntiare,
936 1886 1071 1939 sicut
1101 1895 1153 1937 et
1182 1886 1231 1938 in
1264 1887 1431 1952 prima
1462 1888 1526 1939 ad
1563 1886 1866 1941 Corinthios

335 1978 482 2039 dicit,
513 1977 638 2043 quia
672 1976 840 2044 factus
869 1992 981 2028 sum
1011 1976 1230 2042 inﬁrmis
1268 1975 1525 2042 inﬁrmus,
1556 1989 1611 2028 ut
1632 1977 1864 2038 inﬁrmos

334 2066 649 2118 lucrarer“.
669 2066 734 2118 Et
768 2066 839 2118 ibi
880 2066 1020 2118 enim
1049 2080 1153 2116 non
1186 2080 1244 2118 se
1277 2068 1404 2119 dicit
1433 2066 1696 2117 inﬁrmqu
1725 2080 1863 2127 esse,

332 2154 424 2207 sed
453 2153 568 2205 ﬁeri
597 2153 862 2205 inﬁrnmm
892 2168 906 2205 :
939 2162 991 2205 et
1022 2167 1123 2206 non
1148 2152 1353 2219 utique.
1383 2153 1428 2205 si
1456 2153 1698 2205 inﬁrmus
1736 2153 1865 2206 luis-

331 2249 430 2302 set,
463 2241 575 2292 ﬁeri
625 2242 882 2307 potuisset
914 2241 1175 2300 inﬁrmus.
1202 2240 1304 2293 Sed
1353 2256 1454 2293 non
1477 2256 1540 2293 ex
1587 2242 1686 2295 hoc
1726 2242 1865 2296 acci-

332 2331 445 2396 pias
479 2332 590 2401 (81)
621 2345 742 2385 eum
770 2331 917 2397 quasi
947 2331 1311 2384 immemorem
1335 2332 1566 2383 mandati
1592 2332 1729 2387 illius
1764 2333 1862 2387 loci

328 2434 436 2488 quo
462 2421 699 2473 dicitur:
735 2418 931 2472 Laudet
969 2430 1019 2474 te
1056 2423 1320 2487 proximus
1359 2431 1562 2482 tuus,et
1594 2438 1695 2473 non
1719 2433 1861 2474 tuum

328 2524 418 2571 os;
462 2520 776 2572 extraneas,
807 2518 854 2560 et
893 2524 994 2560 non
1037 2517 1127 2560 tua
1177 2510 1314 2561 labia
1344 2508 1407 2554 "'-
1441 2507 1553 2561 Non
1594 2523 1722 2576 ergo
1768 2524 1862 2574 pro

330 2597 488 2652 laude
514 2596 750 2666 propria,
785 2597 874 2650 sed
911 2613 1004 2664 pro
1046 2611 1220 2651 rerum
1255 2600 1625 2666 consequentia
1648 2598 1859 2651 ﬁrmum

329 2688 674 2755 semetipsum
716 2690 1047 2756 pronuntiat.
1092 2689 1147 2742 Si
1191 2690 1333 2741 enim
1389 2690 1500 2754 ipse
1550 2689 1860 2742 humilitatis

326 2780 504 2847 specie
530 2781 673 2831 inter
697 2780 875 2831 ﬁrmos
902 2779 1123 2833 vitasset
1150 2781 1484 2839 enumerari,
1526 2780 1643 2846 quis
1679 2795 1743 2833 ex
1777 2781 1860 2835 his

325 2873 416 2941 qui
447 2873 675 2927 aliorum
710 2872 1044 2925 inﬁrmitates
1082 2880 1296 2939 portare
1325 2872 1602 2936 deberent,
1632 2870 1853 2925 auderet

324 2965 508 3017 subire
541 2965 678 3018 istud
705 2963 884 3022 oﬂicii.
918 2972 975 3015 ut
998 2964 1149 3030 quasi
1192 2962 1376 3016 ﬁrmus
1407 2963 1519 3030 ipse
1545 2964 1858 3032 lragilitates

325 3052 658 3106 inﬁrmorum
688 3051 823 3105 ferre
862 3052 1159 3105 niteretur?
1189 3051 1291 3105 Sed
1324 3052 1441 3105 ideo
1466 3066 1743 3107 commune
1771 3051 1846 3105 ἔει-
1883 3085 1925 3139 C

319 3145 395 3196 cit
428 3143 574 3197 istud
603 3141 848 3204 oﬁieium,
895 3150 952 3193 ut
996 3142 1362 3208 unusquisque
1392 3151 1631 3195 nostrum
1670 3144 1720 3195 in
1752 3158 1859 3208 quo

322 3244 517 3301 potest,
553 3234 758 3287 eliamsi
789 3247 890 3285 non
925 3232 976 3284 in
1006 3230 1271 3293 omnibus,
1297 3241 1472 3285 tamen
1504 3231 1557 3283 in
1581 3245 1687 3299 quo
1715 3231 1859 3284 vide-

325 3327 416 3371 tur
461 3318 667 3370 ﬁrmior
712 3317 948 3385 proximo
975 3331 1073 3370 suo
1110 3331 1255 3379 esse,
1297 3323 1470 3384 portet
1500 3315 1857 3372 inﬁrmitatem

326 3407 475 3473 ejus;
506 3404 648 3457 sicut
683 3413 738 3458 et
780 3404 835 3456 in
874 3404 990 3457 aliis
1025 3404 1151 3458 dicit
1182 3421 1194 3455 :
1235 3405 1455 3458 Invicem
1489 3420 1647 3458 onera
1688 3416 1856 3459 vestra

324 3504 536 3565 portate
558 3492 623 3544 ⁸⁸.
643 3492 746 3547 Sed
767 3494 974 3546 videtur
994 3510 1147 3546 onera
1167 3494 1253 3547 hic
1273 3510 1369 3561 pro
1388 3496 1655 3561 corporeis
1674 3509 1862 3550 neces-

317 3583 581 3638 sitatibus
612 3584 930 3648 nominasse,
958 3593 1015 3637 ut
1039 3584 1083 3638 si
1114 3584 1237 3650 quis
1269 3583 1321 3637 in
1350 3583 1695 3637 facultatibus
1719 3598 1853 3651 opu-

316 3671 521 3727 lentior
559 3682 660 3732 est,
708 3687 841 3726 onus
885 3672 1217 3740 pauperioris
1265 3680 1456 3738 portet,
1495 3680 1549 3724 et
1581 3667 1854 3737 penuriam

318 3763 531 3817 soletur
558 3763 901 3817 abundantia.
924 3760 979 3814 In
1014 3762 1078 3814 eo
1109 3775 1238 3815 vero
1264 3760 1353 3814 ubi
1383 3759 1547 3821 dicit,
1576 3768 1635 3812 ut
1661 3760 1858 3813 ﬁrmio-

316 3866 408 3907 res
452 3853 785 3905 inﬁrmorum
812 3852 1107 3906 sustineant
1155 3851 1512 3910 inﬁrmitates,
1561 3864 1664 3901 non
1715 3848 1858 3900 aliud

316 3940 552 4010 intelligi
577 3952 768 4007 potest,
797 3955 953 4008 quam
988 3951 1044 3992 ut
1079 3954 1140 3993 ea
1184 3941 1234 3991 in
1260 3939 1452 4005 quibus
1474 3940 1561 3992 alii
1595 3952 1687 4007 per
1719 3939 1861 3990 inﬁr-

313 4032 569 4086 mitatem
606 4030 950 4100 delinquunt,
982 4030 1307 4084 robustiores
1355 4031 1551 4097 qniqne
1594 4030 1856 4095 patienter

315 4121 523 4183 ferant,
559 4130 612 4172 et
638 4135 740 4172 non
768 4120 1015 4172 continuo
1045 4127 1300 4186 spernant
1325 4133 1438 4182 eos,
1465 4118 1737 4184 abjiciaut,
1762 4119 1854 4171 ab-

312 4213 665 4269 horrescant.
689 4211 732 4263 si
769 4208 905 4264 forte
936 4211 988 4264 in
1016 4212 1193 4277 aliquo
1223 4210 1551 4263 inﬁrmitatis
1583 4209 1712 4262 vitio
1743 4209 1855 4260 vin-

310 4311 537 4365 cuntur,
569 4314 740 4369 neque
759 4300 856 4354 sub
884 4299 993 4370 (82)
1022 4301 1195 4368 specie
1218 4300 1448 4368 purioris
1482 4300 1621 4361 vitae,
1654 4312 1683 4350 a
1727 4310 1854 4351 con-

377 4435 429 4469 ”
458 4430 655 4487 lJoari.
684 4445 755 4491 Iv,
789 4431 839 4483 1.

305 4517 383 4567 γι,
411 4505 467 4556 2.
547 4502 594 4532 ⁸⁹
623 4501 719 4554 lsa.
745 4514 861 4561 Lut,
887 4498 941 4551 4.

1890 1763 1938 1819 Β

912 4429 959 4461 ³⁸
982 4428 1121 4482 Psal.
1152 4444 1337 4489 cxxut.
1367 4431 1418 4483 7.
1448 4431 1498 4483 8.
1552 4430 1596 4460 ⁸⁸
1611 4428 1767 4482 Rom.
1819 4430 1964 4492 xv,i
2002 4441 2113 4495 seq.

1019 4497 1060 4527 ⁶⁰
1081 4495 1268 4564 Ephes.
1292 4513 1363 4561 1v,
1389 4498 1475 4550 32.
1543 4498 1583 4528 “
1606 4496 1647 4549 ll
1688 4496 1825 4550 Tim.
1853 4512 1931 4559 Ill,
1971 4497 2056 4549 15.

1966 541 2103 595 enim
2130 541 2229 595 hoc
2254 541 2404 607 facit,
2431 557 2534 598 non
2564 550 2646 597 est
2671 541 2907 596 imitator
2940 542 3077 595 illius
3104 542 3168 595 de
3194 557 3298 609 quo
3336 542 3502 597 Isaias

1960 639 2086 693 dicit
2120 655 2132 688 :
2173 638 2288 705 Ipse
2325 636 2650 703 inﬁrmitates
2687 647 2885 689 nostras
2919 646 3108 705 portat,
3140 645 3187 689 et
3218 652 3310 703 pro
3349 637 3491 688 nobis

1960 727 2092 780 dolet
2119 727 2257 790 (8'5);
2288 735 2334 777 et
2365 741 2453 777 uos
2474 726 2777 789 putabamus
2805 742 2917 778 eum
2943 728 2997 778 iu
3016 726 3187 777 dolore
3216 742 3338 783 esse,
3370 725 3490 777 etin

1965 811 2139 877 plaga,
2174 818 2223 861 et
2249 810 2303 861 in
2323 808 2668 878 afﬂictione”.
2702 809 2851 874 Quod
2870 809 2915 863 si
2944 808 3188 863 Christus
3222 821 3395 878 portat
3418 811 3497 863 in-

1968 899 2244 952 ﬁrmitates
2288 908 2528 959 nostras,
2580 906 2634 952 et
2680 898 2819 973 Deus
2865 898 3127 966 patienter
3169 897 3273 952 fert
3303 898 3493 953 delicta

1966 998 2168 1051 nostra,
2200 988 2465 1054 quomodo
2497 1000 2551 1042 et
2585 1005 2679 1044 nos
2705 1003 2888 1043 eorum
2940 989 3028 1056 qui
3076 988 3233 1056 paulo
3276 987 3495 1041 inferio.

1966 1089 2051 1129 res
2077 1076 2185 1143 (84)
2225 1076 2466 1147 videntur
2493 1091 2826 1144 nequaquam
2857 1076 3047 1129 delicta
3073 1086 3126 1131 et
3148 1076 3498 1145 negligentiae

1967 1163 2293 1217 toleramus?
2322 1164 2432 1218 lloc
2460 1175 2543 1218 est
2570 1166 2816 1219 nimirum
2842 1165 3010 1234 ipsum
3044 1164 3309 1219 Christum
3340 1179 3495 1219 aver-

1967 1262 2078 1307 tere
2102 1253 2170 1305 ab
2221 1254 2321 1306 hoc
2366 1253 2581 1318 aﬂ‘ectu,
2618 1270 2684 1307 ne
2735 1264 2944 1323 portare
2986 1256 3113 1308 velit
3162 1256 3497 1309 inﬁrmitates
3546 1306 3551 1311 .

1966 1352 2197 1397 nostras.
2248 1343 2411 1398 Nemo
2456 1345 2595 1398 enim
2645 1345 2716 1396 ita
2762 1344 3031 1412 perfectus
3078 1356 3181 1409 est,
3213 1348 3302 1413 qui
3359 1347 3496 1414 apud

1966 1433 2129 1486 Deum
2159 1433 2212 1485 in
2239 1432 2419 1501 aliquo
2442 1449 2544 1485 non
2572 1433 2873 1488 inveniatur
2892 1434 3152 1494 inﬁrmus.
3182 1447 3236 1489 et
3256 1445 3499 1504 portetur

1965 1538 1993 1575 a
2026 1524 2268 1587 Christo;
2300 1534 2353 1578 et
2382 1525 2499 1579 ideo
2528 1525 2879 1595 sympathiam
2907 1525 3077 1593 magis
3106 1525 3157 1578 iu
3192 1527 3292 1580 hoc
3318 1527 3494 1586 docet.

1964 1613 2016 1665 id
2050 1622 2134 1667 est
2161 1614 2388 1680 compati
2429 1614 2656 1668 invicem
2688 1614 2795 1683 (85)
2834 1625 2888 1669 et
2917 1615 3226 1680 c0udolere,
3277 1617 3415 1669 sicut
3442 1628 3496 1669 et

1966 1702 2017 1755 in
2048 1703 2167 1757 aliis
2186 1706 2413 1759 scribit:
2450 1705 2711 1758 Donantes
2754 1705 2894 1757 vobis
2936 1706 3150 1757 invicem
3178 1705 3369 1758 delicta
3410 1723 3495 1760 oe-

1965 1806 2097 1858 stra,
2124 1796 2256 1848 sicut
2279 1807 2325 1850 et
2367 1797 2504 1851 Deus
2547 1799 2602 1850 iu
2627 1795 2827 1849 Christo
2868 1797 3074 1849 donavit
3121 1798 3259 1851 vobis
3297 1798 3363 1850 ⁸ο.
3389 1798 3496 1852 Hoc

1965 1893 2137 1938 autem
2166 1901 2268 1939 non
2297 1886 2494 1940 idcirco
2517 1887 2847 1954 prtncipit,ut
2874 1885 3238 1955 delinquentes
3273 1888 3494 1949 nutriat.

1964 1985 2018 2027 et
2062 1975 2392 2029 inﬁrmantes
2443 1976 2765 2043 indulgentia
2815 1976 3013 2028 laxiore
3057 1976 3166 2044 (86)
3205 1976 3493 2037 dissolvat;

1964 2067 2055 2116 sed
2090 2065 2263 2118 sciens
2286 2068 2540 2134 quoniam
2580 2067 2624 2119 si
2667 2077 2906 2134 portetur
2944 2068 3211 2129 inﬁrmus,
3240 2078 3331 2120 aut
3382 2083 3499 2120 eru-

1966 2154 2136 2206 bescit
2159 2154 2357 2208 diutius
2385 2156 2610 2223 portari,
2634 2164 2688 2208 et
2728 2156 2946 2224 corrigit
2974 2157 3158 2209 vitium
3181 2157 3495 2225 delinquen-

1964 2242 2047 2304 di;
2082 2254 2176 2295 aut
2207 2245 2250 2296 si
2273 2245 2560 2299 emendare
2593 2260 2652 2298 se
2679 2261 2783 2299 non
2813 2245 2971 2308 valet,
2995 2246 3102 2299 erit
3128 2257 3271 2301 certe
3297 2246 3496 2301 fructus

1965 2332 2063 2384 iste
2095 2335 2354 2399 portantis
2380 2350 2526 2398 eum,
2553 2337 2693 2402 quod
2738 2352 2841 2390 non
2884 2336 3095 2404 proﬁcit
3128 2338 3178 2389 in
3205 2338 3373 2406 pejus.
3400 2351 3496 2391 nec

1954 2422 2247 2488 set-tetipso
2272 2422 2503 2476 deterior
2540 2424 2789 2484 eﬁicitur.
2824 2426 2964 2478 sicut
2991 2426 3063 2478 illi
3107 2427 3172 2480 de
3200 2428 3394 2493 quibus
3417 2429 3498 2481 di-

1962 2510 2036 2561 cit
2056 2511 2337 2576 Apostolus
2360 2513 2402 2543 “
2434 2534 2444 2566 :
2477 2511 2711 2580 Nequam
2736 2527 2906 2567 autem
2926 2516 3156 2568 homines
3181 2527 3227 2569 et
3255 2518 3495 2569 seducto-

1964 2615 2042 2652 res
2066 2601 2330 2668 proﬁcient
2369 2604 2476 2673 (87)
2513 2606 2567 2655 iu
2615 2607 2783 2673 pejus,
2829 2606 3123 2660 seducentes
3170 2616 3216 2659 et
3243 2615 3494 2662 errantes.

1963 2690 2225 2746 Debemus
2252 2704 2427 2746 autem
2475 2695 2542 2746 ad
2591 2695 2641 2746 id
2666 2697 2806 2762 quod
2852 2696 3185 2750 inﬁrmitates
3226 2707 3498 2764 portamus

1962 2781 2315 2848 inﬁrmorum,
2367 2785 2560 2838 addere
2590 2787 2750 2839 etiam
2787 2786 2906 2848 hoc,
2957 2799 3016 2838 ut
3054 2802 3158 2840 non
3190 2787 3339 2841 nobis
3373 2787 3499 2853 ipsis

1961 2870 2286 2938 placeamus,
2314 2872 2407 2925 sed
2433 2874 2688 2937 proximo,
2720 2874 2772 2926 in
2801 2875 2930 2927 bono
2958 2883 3180 2938 tantum,
3207 2884 3261 2927 et
3289 2876 3356 2926 ad
3371 2875 3470 2927 redi
3493 2902 3500 2908 -

1959 2956 2253 3022 ﬁcationem
2281 2958 2348 3014 ⁶¹.
2373 2957 2654 3011 Philautia:
2688 2961 2890 3021 vitium,
2928 2962 2979 3015 id
3005 2970 3086 3015 est
3118 2963 3220 3015 sibi
3253 2961 3350 3029 ipsi
3386 2962 3501 3029 pla.-

1959 3049 2116 3101 cendi
2153 3049 2288 3103 etin
2336 3048 2454 3101 aliis
2497 3048 2675 3117 culpat
2707 3054 2960 3118 propheta
3015 3067 3137 3105 eum
3191 3052 3365 3106 dicit:
3412 3050 3499 3104 Vm

1959 3141 2036 3191 Itis
2059 3138 2148 3203 qui
2186 3136 2325 3203 apud
2349 3140 2647 3206 semetipsos
2674 3140 2925 3205 sapientes
2953 3148 3092 3203 sunt,
3120 3148 3170 3193 et
3199 3140 3254 3191 in
3282 3156 3497 3208 conspe-

1961 3237 2046 3280 ctu
2066 3242 2160 3278 suo
2192 3226 2383 3279 eruditi
2404 3226 2468 3278 ⁸⁸.
2497 3228 2754 3282 Similiter
2781 3242 2908 3294 ergo
2935 3237 2982 3282 et
3015 3229 3065 3281 iu
3091 3228 3192 3282 hoc
3216 3243 3499 3296 possumus

1962 3316 2139 3369 dicere
2166 3331 2181 3367 :
2211 3313 2299 3368 Vae
2324 3315 2409 3370 his
2446 3317 2533 3383 qui
2563 3315 2797 3383 sibiipsis
2838 3317 3071 3384 placent,
3101 3327 3156 3370 et
3187 3317 3239 3370 in
3270 3331 3496 3385 conspe-

1961 3413 2049 3458 ctu
2076 3420 2175 3459 suo
2214 3405 2337 3459 boni
2370 3405 2639 3475 videntur.
2669 3404 2890 3473 Oportet
2933 3407 3073 3459 enim
3112 3408 3163 3460 in
3212 3419 3495 3476 constiectn

1963 3494 2052 3546 D‘ei
2100 3494 2272 3561 primo
2315 3493 2547 3561 placere,
2588 3497 2820 3548 secundo
2846 3495 3006 3548 etiam
3047 3496 3322 3562 proximis.
3348 3495 3498 3550 Sicut

1962 3584 2101 3636 enim
2144 3586 2372 3651 primum
2410 3595 2493 3640 est
2539 3585 2758 3652 diligere
2801 3584 3079 3638 Dominum
3110 3584 3296 3648 Deum,
3323 3597 3377 3638 et
3413 3603 3498 3640 se-

1960 3670 2132 3721 cumlo
2164 3670 2480 3736 proximum,
2509 3671 2579 3724 ita
2610 3680 2665 3723 et
2712 3671 2940 3738 primum
2970 3671 3079 3742 (88)
3112 3672 3321 3740 placere
3362 3672 3493 3734 Deo.

1959 3759 2192 3811 secundo
2213 3760 2370 3813 etiam
2396 3759 2673 3827 proximis.
2714 3761 2816 3815 Sed
2847 3762 3073 3817 fortasse
3121 3763 3266 3815 dicat
3308 3765 3499 3833 aliquis

1959 3850 2229 3902 contraria
2257 3850 2356 3903 sibi
2391 3850 2610 3903 Paulum
2656 3853 2835 3904 dicere
2867 3852 2917 3904 in
2950 3866 3013 3904 eo
3047 3853 3190 3921 quod
3208 3854 3365 3921 jubet
3402 3870 3497 3909 nos

1960 3937 2170 4004 placere
2196 3938 2473 4004 proximis,
2502 3939 2590 4005 qui
2631 3940 2682 3992 in
2712 3940 2829 3992 aliis
2854 3940 3047 3994 dixerit
3078 3957 3093 3992 :
3119 3940 3232 4009 Ego
3255 3942 3299 3993 si
3330 3942 3495 3995 homi-

1959 4028 2108 4081 nibus
2135 4028 2406 4096 placerem,
2436 4029 2628 4082 Christi
2652 4045 2823 4083 servus
2872 4045 2972 4082 non
3003 4046 3165 4083 essent
3194 4032 3256 4084 “.
3300 4032 3361 4084 Et
3395 4035 3494 4085 uti-

1958 4132 2061 4185 que
2085 4118 2207 4171 huic
2231 4119 2508 4172 sententiae
2528 4119 2739 4172 videtur
2758 4133 2876 4173 esse
2899 4122 3250 4181 contrarium,
3273 4131 3327 4175 ut
3343 4137 3493 4174 unus-

1957 4208 2169 4278 quisque
2225 4219 2463 4264 nostrum
2503 4209 2737 4277 proximo
2769 4208 2987 4276 placeat,
3018 4217 3073 4261 et
3105 4210 3246 4276 quod
3286 4214 3336 4262 In
3371 4210 3493 4265 aliis

1960 4298 2087 4350 dicit
2125 4315 2141 4351 :
2172 4295 2313 4351 Sicut
2341 4309 2391 4351 et
2429 4314 2519 4367 ego
2566 4298 2795 4350 omnibus
2828 4313 2917 4366 per
2948 4298 3118 4350 omnia
3158 4298 3334 4363 placeo
3360 4299 3490 4369 (89),

2186 4428 2231 4459 ⁸⁸
2256 4428 2273 4479 l
2298 4430 2419 4482 Cor.
2458 4444 2533 4490 ιχ,
2567 4429 2653 4481 Ξέ.
2716 4426 3118 4493 "Pramum,
3144 4429 3198 4482 2.
3242 4431 3286 4463 ⁵⁸
3316 4431 3490 4486 Calai.

2133 4496 2175 4526 ⁶¹
2204 4497 2353 4550 item.
2383 4514 2472 4562 xv,
2512 4498 2568 4550 2.
2640 4498 2685 4529 ⁵³
2708 4498 2986 4555 Isa.V.2l.
3059 4498 3103 4530 “
3134 4497 3302 4553 Galat.
3337 4515 3375 4565 l,
3405 4501 3489 4556 10.

378 4618 499 4687 (78)
538 4615 700 4678 Editi,
735 4612 942 4687 probate
970 4611 1179 4676 spiritus
1210 4612 1440 4687 quad-ex
1460 4609 1564 4687 Deo
1582 4620 1716 4661 sunt.
1740 4608 1843 4687 Sed
1876 4616 1919 4668 ι)
1950 4608 2443 4687 mss.nethlialianus
2473 4612 3007 4687 ut_in-nostro_text_u.

304 4679 505 4739 omnes
541 4698 671 4736 mss.
705 4682 836 4733 utin
860 4689 1038 4734 nostro
1063 4689 1230 4743 textu,
1266 4679 1365 4731 nisi
1399 4681 1540 4746 quod
1576 4694 1714 4731 unus
1752 4679 1845 4730 ha-

302 4755 457 4812 beat.
498 4753 545 4805 si
572 4767 634 4803 ex
657 4750 761 4802 Deo
781 4757 918 4800 sunt.

376 4822 496 4892 (79)
527 4817 597 4892 Et
631 4834 721 4892 nos
762 4817 959 4892 liberati
995 4831 1203 4892 sumus.
1244 4812 1570 4892 Adjutorium
1616 4824 1845 4892 nostrum

300 4880 622 4944 in‘no'mine
668 4884 893 4940 Domini.
920 4885 1007 4952 qui
1046 4882 1165 4951 fecit
1207 4880 1386 4936 caelum
1407 4890 1454 4933 et
1481 4893 1691 4934 terram.
1725 4880 1844 4935 Htcc

303 4959 700 5013 desiderantur
729 4955 781 5005 in
801 4953 961 5005 editis
978 4962 1032 5005 et
1065 4953 1413 5005 restituuntur
1435 4965 1500 5003 ex
1533 4965 1659 5001 mss.

375 5027 494 5095 (80)
541 5020 900 5095 Unusquisque
930 5031 1149 5072 vestrum
1181 5021 1272 5095 (at.
1317 5017 1568 5095 nostrum)
1615 5019 1845 5095 proximo

299 5085 515 5162 placeat
546 5092 605 5143 in
643 5085 938 5162 bono,q'e_tc.,
965 5103 1131 5162 usque
1160 5085 1225 5162 ad
1254 5103 1391 5153 spem
1424 5085 1719 5151 habeamus,
1756 5086 1836 5138 de-

299 5158 431 5218 sunt
462 5162 518 5213 iu
548 5168 705 5211 antea
722 5158 895 5217 editis,
925 5158 1020 5210 sed
1050 5158 1395 5211 restituuntur
1422 5168 1488 5205 ex
1518 5169 1642 5206 mss.

370 5231 492 5294 (81)
536 5226 954 5293 Ειιίιίμιερὶεἱαε.
978 5223 1175 5294 Deinde
1193 5221 1501 5289 ms.Regius
1529 5220 1842 5294 nurn._1659,

297 5288 552 5352 mandati
600 5294 742 5345 illius
774 5288 824 5345 et
854 5293 1040 5361 eloquii
1071 5310 1170 5362 quo
1203 5288 1423 5348 dicitur}
1453 5299 1553 5342 etc.
1598 5288 1701 5343 Sed
1744 5306 1845 5343 ca:-

302 5370 402 5421 teri
435 5379 604 5421 mss..
635 5362 882 5414 [tabanus
911 5374 961 5413 et
990 5362 1134 5423 editi,
1167 5364 1295 5415 utin
1327 5363 1492 5412 textu.

370 5435 489 5503 (82)
705 5432 857 5503 Deest
886 5432 935 5481 in
975 5430 1147 5484 editis.

370 5498 478 5573 (85⁷
536 5498 702 5560 Editi,
730 5498 926 5551 dolens.

372 5509 492 5640 (84;
519 5566 703 5640 “Editi,
722 5566 926 5632 inﬁrmi;

298 5634 483 5710 ipsimi
504 5635 770 5688 Christum
799 5644 1020 5687 avertere
1046 5645 1117 5687 est
1148 5638 1207 5687 ab
1238 5637 1349 5696 hoc,
1381 5641 1487 5686 ctc.
1528 5634 1632 5688 Sed
1662 5649 1846 5689 omnes

505 5726 777 5788 PATROL.
819 5730 930 5788 Gn.
976 5728 1135 5789 XIV.

540 5566 703 5628 Editi,
722 5566 1046 5632 inﬁrmiores.
1074 5567 1282 5626 Deinde,
1304 5562 1413 5615 IIoc
1436 5563 1571 5616 enim
1604 5562 1853 5616 uimirunr

2020 4676 2144 4746 (85),
2173 4675 2262 4730 Sic
2290 4693 2417 4731 mss.
2443 4689 2493 4732 et
2524 4679 2792 4732 Rabanus.
2819 4679 2956 4731 Edtti
2985 4692 3128 4740 vero,
3158 4688 3203 4730 et
3228 4679 3344 4731 ideo
3374 4695 3488 4731 ma-

1949 4746 2103 4813 gisin
2127 4745 2219 4813 hoc
2250 4747 2388 4798 decet
2420 4747 2594 4798 itidem
2629 4749 2847 4813 compati
2877 4749 3113 4813 invicem,
3140 4757 3243 4797 etc.

2019 4812 2126 4883 (86)
2162 4811 2400 4866 Laxiore.
2424 4813 2514 4866 Sic
2541 4829 2668 4865 mss.
2696 4811 2748 4866 ei
2774 4814 3039 4883 Rabanns.
3058 4812 3219 4883 Editi,
3238 4812 3484 4879 largiare.

1951 4878 2148 4934 Deinde
2192 4883 2349 4933 iidem
2382 4883 2530 4950 editi,
2574 4884 2758 4950 sinon
2798 4882 2949 4950 (mss.
2995 4878 3231 4950 quidam,
3260 4878 3395 4949 quod
3439 4883 3489 4936 si

1949 4950 2071 5019 non)
2100 4950 2301 5019 proﬁcit
2328 4951 2379 5000 in
2416 4948 2582 5017 pejus.
2616 4948 2717 5001 Sed
2752 4946 2948 5001 rectius
2984 4961 3083 4999 ms.
3108 4946 3305 5016 Regius
3337 4967 3483 5006 num.

1953 5017 2086 5071 1659
2114 5029 2166 5070 et
2198 5017 2441 5068 liabanus
2477 5019 2608 5067 utin
2642 5026 2804 5069 textu.

2018 5086 2127 5154 (87)
2166 5083 2327 5143 Editi,
2362 5082 2699 5205 Nequaq‘uam
2736 5094 2905 5135 autem
2937 5082 3164 5134 homines
3193 5087 3489 5139 seductores

2018 5153 2237 5205 olicient.
2285 5159 2389 5204 etc.
2427 5152 2521 5203 Ms.
2601 5156 2747 5205 cuius
2788 5168 2933 5203 num.
2970 5151 3101 5203 1659
3129 5149 3484 5205 etRabanus.

1948 5149 2237 5222 proﬁcient,
2285 5159 2389 5204 etc.
2427 5149 2521 5203 Ms.
2554 5149 2747 5220 Regius
2788 5168 2933 5203 num.
2970 5151 3101 5203 1659
3129 5149 3486 5218 ctRahanus,

1986 5222 2241 5275 reﬁciunt.

1948 5222 2241 5289 proﬁciunt.

2021 5290 2128 5359 (88)
2163 5286 2325 5350 Editi,
2356 5285 2498 5339 Sicut
2528 5288 2691 5354 primo
2723 5294 2798 5339 est
2827 5285 3131 5354 diligere....
3161 5286 3237 5339 ita
3286 5300 3333 5341 et
3373 5294 3484 5357 pri—

1951 5375 2052 5416 m0.
2079 5368 2180 5410 etc.

2021 5425 2129 5494 (89)
2170 5422 2329 5486 Editi,
2357 5425 2699 5494 unusquisque
2715 5424 2947 5487 proximo
2976 5436 3071 5494 suo
3092 5422 3326 5488 placent,
3351 5426 3491 5487 quod

1950 5496 2003 5547 in
2027 5490 2144 5546 aliis
2167 5495 2288 5548 dicit
2323 5507 2340 5543 :
2367 5490 2510 5543 Sicut
2549 5500 2594 5542 et
2630 5508 2719 5559 ego
2741 5508 2829 5559 per
2853 5492 3024 5543 omnia
3050 5490 3345 5546 hominibus
3373 5497 3492 5560 plu-

1949 5580 2053 5631 eeo,
2083 5575 2185 5617 etc.

3105 5690 3195 5771 to)
