  <div class='ocr_page' id='page_1' title='image "/cluster/home/n/w/nwhite01/storage/ocr_20150623/14 (Origen; pt. 4)/nyp.33433081862280/646.png"; bbox 0 0 3910 6222; ppageno 0'>
   <div class='ocr_carea' id='block_1_1' title="bbox 383 276 524 328">
    <p class='ocr_par' dir='ltr' id='par_1_1' title="bbox 383 276 524 328">
     <span class='ocr_line' id='line_1_1' title="bbox 383 276 524 328; baseline 0 0"><span class='ocrx_word' id='word_1_1' title='bbox 383 276 524 328; x_wconf 76' lang='grc' dir='ltr'><strong>1Ξο1</strong></span> 
     </span>
    </p>
   </div>
   <div class='ocr_carea' id='block_1_2' title="bbox 1320 263 2613 327">
    <p class='ocr_par' dir='ltr' id='par_1_2' title="bbox 1320 263 2613 327">
     <span class='ocr_line' id='line_1_2' title="bbox 1320 263 2613 327; baseline -0.008 0"><span class='ocrx_word' id='word_1_2' title='bbox 1320 268 1663 327; x_wconf 79' lang='lat' dir='ltr'><strong>COMMENT.</strong></span> <span class='ocrx_word' id='word_1_3' title='bbox 1704 267 1767 320; x_wconf 83' lang='lat' dir='ltr'><strong>IN</strong></span> <span class='ocrx_word' id='word_1_4' title='bbox 1808 264 2019 321; x_wconf 77' lang='lat' dir='ltr'><strong>EPIST.</strong></span> <span class='ocrx_word' id='word_1_5' title='bbox 2059 266 2149 318; x_wconf 79' lang='lat' dir='ltr'><strong>AD</strong></span> <span class='ocrx_word' id='word_1_6' title='bbox 2188 264 2348 321; x_wconf 81' lang='lat' dir='ltr'><strong>ROM.</strong></span> <span class='ocrx_word' id='word_1_7' title='bbox 2389 263 2512 318; x_wconf 81' lang='lat' dir='ltr'><strong>LIB.</strong></span> <span class='ocrx_word' id='word_1_8' title='bbox 2548 263 2613 318; x_wconf 83' lang='lat' dir='ltr'><strong>X.</strong></span> 
     </span>
    </p>
   </div>
   <div class='ocr_carea' id='block_1_3' title="bbox 378 377 3545 449">
    <p class='ocr_par' dir='ltr' id='par_1_3' title="bbox 378 377 3545 449">
     <span class='ocr_line' id='line_1_3' title="bbox 378 377 3545 449; baseline -0.004 -5"><span class='ocrx_word' id='word_1_9' title='bbox 378 394 520 445; x_wconf 86' lang='lat' dir='ltr'><strong>mini</strong></span> <span class='ocrx_word' id='word_1_10' title='bbox 551 399 605 446; x_wconf 86' lang='lat' dir='ltr'><strong>et</strong></span> <span class='ocrx_word' id='word_1_11' title='bbox 634 393 930 447; x_wconf 86' lang='lat' dir='ltr'><strong>Salvatoris</strong></span> <span class='ocrx_word' id='word_1_12' title='bbox 956 391 1119 446; x_wconf 90' lang='lat' dir='ltr'><strong>nostri</strong></span> <span class='ocrx_word' id='word_1_13' title='bbox 1147 389 1267 444; x_wconf 82' lang='lat' dir='ltr'><strong>Jesu</strong></span> <span class='ocrx_word' id='word_1_14' title='bbox 1295 388 1487 442; x_wconf 75' lang='lat' dir='ltr'><strong>Christi</strong></span> <span class='ocrx_word' id='word_1_15' title='bbox 1510 388 1578 439; x_wconf 83' lang='grc'><strong>⁸³.</strong></span> <span class='ocrx_word' id='word_1_16' title='bbox 1610 385 1713 440; x_wconf 92' lang='lat' dir='ltr'><strong>Sed</strong></span> <span class='ocrx_word' id='word_1_17' title='bbox 1742 394 1799 439; x_wconf 93' lang='lat' dir='ltr'><strong>ut</strong></span> <span class='ocrx_word' id='word_1_18' title='bbox 1822 385 1917 437; x_wconf 49' lang='lat' dir='ltr'><strong>ad.</strong></span> <span class='ocrx_word' id='word_1_19' title='bbox 1941 387 1990 442; x_wconf 78' lang='grc' dir='ltr'><strong>Δ</strong></span> <span class='ocrx_word' id='word_1_20' title='bbox 2015 389 2116 443; x_wconf 90' lang='lat' dir='ltr'><strong>est,</strong></span> <span class='ocrx_word' id='word_1_21' title='bbox 2151 395 2310 433; x_wconf 90' lang='lat' dir='ltr'><strong>unum</strong></span> <span class='ocrx_word' id='word_1_22' title='bbox 2355 389 2514 449; x_wconf 86' lang='lat' dir='ltr'><strong>atque</strong></span> <span class='ocrx_word' id='word_1_23' title='bbox 2557 380 2693 432; x_wconf 90' lang='lat' dir='ltr'><strong>idem</strong></span> <span class='ocrx_word' id='word_1_24' title='bbox 2743 377 3035 433; x_wconf 86' lang='lat' dir='ltr'><strong>sentientes</strong></span> <span class='ocrx_word' id='word_1_25' title='bbox 3075 378 3128 431; x_wconf 91' lang='lat' dir='ltr'><strong>in</strong></span> <span class='ocrx_word' id='word_1_26' title='bbox 3162 379 3376 433; x_wconf 83' lang='lat' dir='ltr'><strong>nomine</strong></span> <span class='ocrx_word' id='word_1_27' title='bbox 3417 379 3545 432; x_wconf 80' lang='lat' dir='ltr'><strong>Jesu</strong></span> 
     </span>
    </p>
   </div>
   <div class='ocr_carea' id='block_1_4' title="bbox 377 471 1917 552">
    <p class='ocr_par' dir='ltr' id='par_1_4' title="bbox 377 471 1917 552">
     <span class='ocr_line' id='line_1_4' title="bbox 377 471 1917 552; baseline 0.01 -30"><span class='ocrx_word' id='word_1_28' title='bbox 377 471 493 524; x_wconf 86' lang='lat' dir='ltr'><strong>huc</strong></span> <span class='ocrx_word' id='word_1_29' title='bbox 523 474 855 530; x_wconf 81' lang='lat' dir='ltr'><strong>manifestius</strong></span> <span class='ocrx_word' id='word_1_30' title='bbox 883 477 971 530; x_wconf 86' lang='lat' dir='ltr'><strong>fiat</strong></span> <span class='ocrx_word' id='word_1_31' title='bbox 990 483 1251 545; x_wconf 87' lang='lat' dir='ltr'><strong>quomodo</strong></span> <span class='ocrx_word' id='word_1_32' title='bbox 1272 492 1390 547; x_wconf 70' lang='lat' dir='ltr'><strong>qua:</strong></span> <span class='ocrx_word' id='word_1_33' title='bbox 1410 482 1607 549; x_wconf 88' lang='lat' dir='ltr'><strong>scripta</strong></span> <span class='ocrx_word' id='word_1_34' title='bbox 1626 490 1769 543; x_wconf 81' lang='lat' dir='ltr'><strong>sunt,</strong></span> <span class='ocrx_word' id='word_1_35' title='bbox 1791 498 1917 552; x_wconf 87' lang='lat' dir='ltr'><strong>pro-</strong></span> 
     </span>
    </p>
   </div>
   <div class='ocr_carea' id='block_1_5' title="bbox 374 566 1919 641">
    <p class='ocr_par' dir='ltr' id='par_1_5' title="bbox 374 566 1919 641">
     <span class='ocr_line' id='line_1_5' title="bbox 374 566 1919 641; baseline 0.008 -28"><span class='ocrx_word' id='word_1_36' title='bbox 374 570 508 628; x_wconf 85' lang='lat' dir='ltr'><strong>pter</strong></span> <span class='ocrx_word' id='word_1_37' title='bbox 534 578 635 617; x_wconf 90' lang='lat' dir='ltr'><strong>nos</strong></span> <span class='ocrx_word' id='word_1_38' title='bbox 663 566 857 634; x_wconf 88' lang='lat' dir='ltr'><strong>scripta</strong></span> <span class='ocrx_word' id='word_1_39' title='bbox 885 575 1027 630; x_wconf 90' lang='lat' dir='ltr'><strong>sunt,</strong></span> <span class='ocrx_word' id='word_1_40' title='bbox 1056 568 1123 621; x_wconf 91' lang='lat' dir='ltr'><strong>de</strong></span> <span class='ocrx_word' id='word_1_41' title='bbox 1144 569 1301 635; x_wconf 85' lang='lat' dir='ltr'><strong>priori</strong></span> <span class='ocrx_word' id='word_1_42' title='bbox 1329 571 1524 639; x_wconf 88' lang='lat' dir='ltr'><strong>populo</strong></span> <span class='ocrx_word' id='word_1_43' title='bbox 1546 571 1673 625; x_wconf 81' lang='lat' dir='ltr'><strong>dicit</strong></span> <span class='ocrx_word' id='word_1_44' title='bbox 1698 572 1919 641; x_wconf 89' lang='lat' dir='ltr'><strong>prophe-</strong></span> 
     </span>
    </p>
   </div>
   <div class='ocr_carea' id='block_1_6' title="bbox 375 653 1919 723">
    <p class='ocr_par' dir='ltr' id='par_1_6' title="bbox 375 653 1919 723">
     <span class='ocr_line' id='line_1_6' title="bbox 375 653 1919 723; baseline 0.008 -21"><span class='ocrx_word' id='word_1_45' title='bbox 375 658 456 713; x_wconf 80' lang='lat' dir='ltr'><strong>ta,</strong></span> <span class='ocrx_word' id='word_1_46' title='bbox 486 653 610 720; x_wconf 88' lang='lat' dir='ltr'><strong>quia</strong></span> <span class='ocrx_word' id='word_1_47' title='bbox 640 670 767 707; x_wconf 88' lang='lat' dir='ltr'><strong>aure</strong></span> <span class='ocrx_word' id='word_1_48' title='bbox 787 657 1021 719; x_wconf 75' lang='lat' dir='ltr'><strong>audietis,</strong></span> <span class='ocrx_word' id='word_1_49' title='bbox 1047 666 1093 708; x_wconf 92' lang='lat' dir='ltr'><strong>et</strong></span> <span class='ocrx_word' id='word_1_50' title='bbox 1124 673 1224 709; x_wconf 87' lang='lat' dir='ltr'><strong>non</strong></span> <span class='ocrx_word' id='word_1_51' title='bbox 1253 658 1507 723; x_wconf 76' lang='lat' dir='ltr'><strong>audietis;</strong></span> <span class='ocrx_word' id='word_1_52' title='bbox 1533 670 1579 712; x_wconf 90' lang='lat' dir='ltr'><strong>et</strong></span> <span class='ocrx_word' id='word_1_53' title='bbox 1604 662 1824 714; x_wconf 76' lang='lat' dir='ltr'><strong>videntes</strong></span> <span class='ocrx_word' id='word_1_54' title='bbox 1851 662 1919 714; x_wconf 86' lang='lat' dir='ltr'><strong>vi-</strong></span> 
     </span>
    </p>
   </div>
   <div class='ocr_carea' id='block_1_7' title="bbox 373 741 1908 817">
    <p class='ocr_par' dir='ltr' id='par_1_7' title="bbox 373 741 1908 817">
     <span class='ocr_line' id='line_1_7' title="bbox 373 741 1908 817; baseline 0.007 -24"><span class='ocrx_word' id='word_1_55' title='bbox 373 741 590 807; x_wconf 81' lang='lat' dir='ltr'><strong>debitis,</strong></span> <span class='ocrx_word' id='word_1_56' title='bbox 617 754 665 797; x_wconf 90' lang='lat' dir='ltr'><strong>et</strong></span> <span class='ocrx_word' id='word_1_57' title='bbox 694 762 793 798; x_wconf 88' lang='lat' dir='ltr'><strong>non</strong></span> <span class='ocrx_word' id='word_1_58' title='bbox 818 747 1107 817; x_wconf 76' lang='lat' dir='ltr'><strong>intelligetis</strong></span> <span class='ocrx_word' id='word_1_59' title='bbox 1130 749 1193 800; x_wconf 75' lang='lat'><strong>“.</strong></span> <span class='ocrx_word' id='word_1_60' title='bbox 1220 749 1294 803; x_wconf 90' lang='lat' dir='ltr'><strong>Dc</strong></span> <span class='ocrx_word' id='word_1_61' title='bbox 1316 750 1467 804; x_wconf 86' lang='lat' dir='ltr'><strong>nobis</strong></span> <span class='ocrx_word' id='word_1_62' title='bbox 1491 760 1666 804; x_wconf 84' lang='lat' dir='ltr'><strong>autem</strong></span> <span class='ocrx_word' id='word_1_63' title='bbox 1688 751 1908 811; x_wconf 84' lang='lat' dir='ltr'><strong>dicitur,</strong></span> 
     </span>
    </p>
   </div>
   <div class='ocr_carea' id='block_1_8' title="bbox 372 833 1917 905">
    <p class='ocr_par' dir='ltr' id='par_1_8' title="bbox 372 833 1917 905">
     <span class='ocr_line' id='line_1_8' title="bbox 372 833 1917 905; baseline 0.006 -21"><span class='ocrx_word' id='word_1_64' title='bbox 372 833 511 898; x_wconf 86' lang='lat' dir='ltr'><strong>quia</strong></span> <span class='ocrx_word' id='word_1_65' title='bbox 543 836 723 903; x_wconf 79' lang='lat' dir='ltr'><strong>quibus</strong></span> <span class='ocrx_word' id='word_1_66' title='bbox 764 852 863 888; x_wconf 90' lang='lat' dir='ltr'><strong>non</strong></span> <span class='ocrx_word' id='word_1_67' title='bbox 904 848 975 889; x_wconf 88' lang='lat' dir='ltr'><strong>est</strong></span> <span class='ocrx_word' id='word_1_68' title='bbox 1013 839 1302 891; x_wconf 87' lang='lat' dir='ltr'><strong>nuntiatum</strong></span> <span class='ocrx_word' id='word_1_69' title='bbox 1341 842 1403 893; x_wconf 85' lang='lat' dir='ltr'><strong>de</strong></span> <span class='ocrx_word' id='word_1_70' title='bbox 1447 857 1535 901; x_wconf 86' lang='lat' dir='ltr'><strong>eo,</strong></span> <span class='ocrx_word' id='word_1_71' title='bbox 1567 841 1831 905; x_wconf 83' lang='lat' dir='ltr'><strong>videbunt;</strong></span> <span class='ocrx_word' id='word_1_72' title='bbox 1868 849 1917 894; x_wconf 83' lang='lat' dir='ltr'><strong>et</strong></span> 
     </span>
    </p>
   </div>
   <div class='ocr_carea' id='block_1_9' title="bbox 372 924 1919 1001">
    <p class='ocr_par' dir='ltr' id='par_1_9' title="bbox 372 924 1919 1001">
     <span class='ocr_line' id='line_1_9' title="bbox 372 924 1919 1001; baseline 0.008 -28"><span class='ocrx_word' id='word_1_73' title='bbox 372 924 475 989; x_wconf 87' lang='lat' dir='ltr'><strong>qui</strong></span> <span class='ocrx_word' id='word_1_74' title='bbox 508 940 610 976; x_wconf 89' lang='lat' dir='ltr'><strong>non</strong></span> <span class='ocrx_word' id='word_1_75' title='bbox 638 929 930 991; x_wconf 86' lang='lat' dir='ltr'><strong>audierunt,</strong></span> <span class='ocrx_word' id='word_1_76' title='bbox 976 929 1256 998; x_wconf 80' lang='lat' dir='ltr'><strong>intelligent</strong></span> <span class='ocrx_word' id='word_1_77' title='bbox 1284 930 1348 983; x_wconf 79' lang='grc'><strong>⁸⁵.</strong></span> <span class='ocrx_word' id='word_1_78' title='bbox 1392 930 1675 985; x_wconf 81' lang='lat' dir='ltr'><strong>Considera</strong></span> <span class='ocrx_word' id='word_1_79' title='bbox 1701 948 1825 1001; x_wconf 80' lang='lat' dir='ltr'><strong>ergo</strong></span> <span class='ocrx_word' id='word_1_80' title='bbox 1853 949 1919 986; x_wconf 81' lang='lat' dir='ltr'><strong>ex</strong></span> 
     </span>
    </p>
   </div>
   <div class='ocr_carea' id='block_1_10' title="bbox 372 1012 1918 1090">
    <p class='ocr_par' dir='ltr' id='par_1_10' title="bbox 372 1012 1918 1090">
     <span class='ocr_line' id='line_1_10' title="bbox 372 1012 1918 1090; baseline 0.007 -25"><span class='ocrx_word' id='word_1_81' title='bbox 372 1012 489 1067; x_wconf 86' lang='lat' dir='ltr'><strong>hoc</strong></span> <span class='ocrx_word' id='word_1_82' title='bbox 525 1024 743 1084; x_wconf 88' lang='lat' dir='ltr'><strong>propter</strong></span> <span class='ocrx_word' id='word_1_83' title='bbox 769 1018 909 1085; x_wconf 91' lang='lat' dir='ltr'><strong>quod</strong></span> <span class='ocrx_word' id='word_1_84' title='bbox 942 1034 1058 1086; x_wconf 74' lang='lat' dir='ltr'><strong>quas</strong></span> <span class='ocrx_word' id='word_1_85' title='bbox 1099 1021 1292 1088; x_wconf 90' lang='lat' dir='ltr'><strong>scripta</strong></span> <span class='ocrx_word' id='word_1_86' title='bbox 1324 1034 1448 1074; x_wconf 90' lang='lat' dir='ltr'><strong>sunt</strong></span> <span class='ocrx_word' id='word_1_87' title='bbox 1483 1021 1674 1090; x_wconf 91' lang='lat' dir='ltr'><strong>scripta</strong></span> <span class='ocrx_word' id='word_1_88' title='bbox 1705 1021 1918 1075; x_wconf 89' lang='lat' dir='ltr'><strong>videan-</strong></span> 
     </span>
    </p>
   </div>
   <div class='ocr_carea' id='block_1_11' title="bbox 370 1105 1918 1178">
    <p class='ocr_par' dir='ltr' id='par_1_11' title="bbox 370 1105 1918 1178">
     <span class='ocr_line' id='line_1_11' title="bbox 370 1105 1918 1178; baseline 0.005 -24"><span class='ocrx_word' id='word_1_89' title='bbox 370 1110 470 1155; x_wconf 86' lang='lat' dir='ltr'><strong>tur</strong></span> <span class='ocrx_word' id='word_1_90' title='bbox 506 1105 603 1173; x_wconf 78' lang='lat'><strong>(2).</strong></span> <span class='ocrx_word' id='word_1_91' title='bbox 643 1105 769 1170; x_wconf 61' lang='lat' dir='ltr'><strong>Quae</strong></span> <span class='ocrx_word' id='word_1_92' title='bbox 815 1107 956 1159; x_wconf 88' lang='lat' dir='ltr'><strong>enim</strong></span> <span class='ocrx_word' id='word_1_93' title='bbox 989 1107 1317 1171; x_wconf 89' lang='lat' dir='ltr'><strong>scribuntur,</strong></span> <span class='ocrx_word' id='word_1_94' title='bbox 1356 1110 1473 1163; x_wconf 87' lang='lat' dir='ltr'><strong>sine</strong></span> <span class='ocrx_word' id='word_1_95' title='bbox 1509 1110 1668 1163; x_wconf 91' lang='lat' dir='ltr'><strong>dubio</strong></span> <span class='ocrx_word' id='word_1_96' title='bbox 1705 1119 1918 1178; x_wconf 84' lang='lat' dir='ltr'><strong>propter</strong></span> 
     </span>
    </p>
   </div>
   <div class='ocr_carea' id='block_1_12' title="bbox 368 1194 1961 1263">
    <p class='ocr_par' dir='ltr' id='par_1_12' title="bbox 368 1194 1961 1263">
     <span class='ocr_line' id='line_1_12' title="bbox 368 1194 1961 1263; baseline 0.009 -21"><span class='ocrx_word' id='word_1_97' title='bbox 368 1205 476 1244; x_wconf 89' lang='lat' dir='ltr'><strong>eos</strong></span> <span class='ocrx_word' id='word_1_98' title='bbox 518 1194 825 1248; x_wconf 89' lang='lat' dir='ltr'><strong>scribuntur</strong></span> <span class='ocrx_word' id='word_1_99' title='bbox 862 1196 951 1263; x_wconf 91' lang='lat' dir='ltr'><strong>qui</strong></span> <span class='ocrx_word' id='word_1_100' title='bbox 1000 1198 1160 1250; x_wconf 87' lang='lat' dir='ltr'><strong>visuri</strong></span> <span class='ocrx_word' id='word_1_101' title='bbox 1195 1206 1248 1252; x_wconf 89' lang='lat' dir='ltr'><strong>et</strong></span> <span class='ocrx_word' id='word_1_102' title='bbox 1279 1199 1595 1252; x_wconf 89' lang='lat' dir='ltr'><strong>intellecturi</strong></span> <span class='ocrx_word' id='word_1_103' title='bbox 1631 1208 1775 1262; x_wconf 91' lang='lat' dir='ltr'><strong>sunt,</strong></span> <span class='ocrx_word' id='word_1_104' title='bbox 1809 1215 1913 1252; x_wconf 86' lang='lat' dir='ltr'><strong>non</strong></span> <span class='ocrx_word' id='word_1_105' title='bbox 1954 1247 1961 1257; x_wconf 91' lang='lat'><strong>.</strong></span> 
     </span>
    </p>
   </div>
   <div class='ocr_carea' id='block_1_13' title="bbox 368 1285 1913 1355">
    <p class='ocr_par' dir='ltr' id='par_1_13' title="bbox 368 1285 1913 1355">
     <span class='ocr_line' id='line_1_13' title="bbox 368 1285 1913 1355; baseline 0.004 -23"><span class='ocrx_word' id='word_1_106' title='bbox 368 1290 608 1349; x_wconf 85' lang='lat' dir='ltr'><strong>propter</strong></span> <span class='ocrx_word' id='word_1_107' title='bbox 636 1298 729 1336; x_wconf 91' lang='lat' dir='ltr'><strong>eos</strong></span> <span class='ocrx_word' id='word_1_108' title='bbox 755 1285 843 1351; x_wconf 90' lang='lat' dir='ltr'><strong>qui</strong></span> <span class='ocrx_word' id='word_1_109' title='bbox 882 1300 1056 1353; x_wconf 87' lang='lat' dir='ltr'><strong>neque</strong></span> <span class='ocrx_word' id='word_1_110' title='bbox 1085 1286 1249 1339; x_wconf 86' lang='lat' dir='ltr'><strong>visuri</strong></span> <span class='ocrx_word' id='word_1_111' title='bbox 1286 1302 1460 1355; x_wconf 89' lang='lat' dir='ltr'><strong>neque</strong></span> <span class='ocrx_word' id='word_1_112' title='bbox 1492 1287 1805 1340; x_wconf 88' lang='lat' dir='ltr'><strong>intellecturi</strong></span> <span class='ocrx_word' id='word_1_113' title='bbox 1835 1287 1913 1340; x_wconf 90' lang='lat' dir='ltr'><strong>di-</strong></span> 
     </span>
    </p>
   </div>
   <div class='ocr_carea' id='block_1_14' title="bbox 368 1374 1916 1447">
    <p class='ocr_par' dir='ltr' id='par_1_14' title="bbox 368 1374 1916 1447">
     <span class='ocr_line' id='line_1_14' title="bbox 368 1374 1916 1447; baseline 0.003 -21"><span class='ocrx_word' id='word_1_114' title='bbox 368 1382 603 1429; x_wconf 88' lang='lat' dir='ltr'><strong>cuntur.</strong></span> <span class='ocrx_word' id='word_1_115' title='bbox 631 1374 731 1437; x_wconf 87' lang='lat' dir='ltr'><strong>Qui</strong></span> <span class='ocrx_word' id='word_1_116' title='bbox 758 1386 933 1429; x_wconf 89' lang='lat' dir='ltr'><strong>autem</strong></span> <span class='ocrx_word' id='word_1_117' title='bbox 955 1376 1251 1447; x_wconf 81' lang='lat' dir='ltr'><strong>intelligunt</strong></span> <span class='ocrx_word' id='word_1_118' title='bbox 1272 1393 1389 1446; x_wconf 68' lang='lat' dir='ltr'><strong>quae</strong></span> <span class='ocrx_word' id='word_1_119' title='bbox 1412 1379 1601 1446; x_wconf 89' lang='lat' dir='ltr'><strong>scripta</strong></span> <span class='ocrx_word' id='word_1_120' title='bbox 1624 1387 1765 1440; x_wconf 90' lang='lat' dir='ltr'><strong>sunt,</strong></span> <span class='ocrx_word' id='word_1_121' title='bbox 1789 1378 1916 1431; x_wconf 89' lang='lat' dir='ltr'><strong>illud</strong></span> 
     </span>
    </p>
   </div>
   <div class='ocr_carea' id='block_1_15' title="bbox 367 1465 1911 1536">
    <p class='ocr_par' dir='ltr' id='par_1_15' title="bbox 367 1465 1911 1536">
     <span class='ocr_line' id='line_1_15' title="bbox 367 1465 1911 1536; baseline 0 -18"><span class='ocrx_word' id='word_1_122' title='bbox 367 1465 504 1518; x_wconf 85' lang='lat' dir='ltr'><strong>sine</strong></span> <span class='ocrx_word' id='word_1_123' title='bbox 532 1466 695 1518; x_wconf 91' lang='lat' dir='ltr'><strong>dubio</strong></span> <span class='ocrx_word' id='word_1_124' title='bbox 718 1466 992 1520; x_wconf 87' lang='lat' dir='ltr'><strong>invenient</strong></span> <span class='ocrx_word' id='word_1_125' title='bbox 1021 1467 1160 1534; x_wconf 88' lang='lat' dir='ltr'><strong>quod</strong></span> <span class='ocrx_word' id='word_1_126' title='bbox 1181 1477 1562 1534; x_wconf 86' lang='lat' dir='ltr'><strong>consequenter</strong></span> <span class='ocrx_word' id='word_1_127' title='bbox 1582 1466 1911 1536; x_wconf 78' lang='lat' dir='ltr'><strong>adjungitur:</strong></span> 
     </span>
    </p>
   </div>
   <div class='ocr_carea' id='block_1_16' title="bbox 367 1553 1911 1625">
    <p class='ocr_par' dir='ltr' id='par_1_16' title="bbox 367 1553 1911 1625">
     <span class='ocr_line' id='line_1_16' title="bbox 367 1553 1911 1625; baseline 0.001 -18"><span class='ocrx_word' id='word_1_128' title='bbox 367 1553 421 1584; x_wconf 81' lang='grc'><strong>⁸⁸</strong></span> <span class='ocrx_word' id='word_1_129' title='bbox 453 1555 519 1608; x_wconf 86' lang='lat' dir='ltr'><strong>Ut</strong></span> <span class='ocrx_word' id='word_1_130' title='bbox 544 1571 635 1622; x_wconf 90' lang='lat' dir='ltr'><strong>per</strong></span> <span class='ocrx_word' id='word_1_131' title='bbox 662 1556 984 1621; x_wconf 87' lang='lat' dir='ltr'><strong>patientiam.</strong></span> <span class='ocrx_word' id='word_1_132' title='bbox 1019 1566 1064 1608; x_wconf 89' lang='lat' dir='ltr'><strong>et</strong></span> <span class='ocrx_word' id='word_1_133' title='bbox 1093 1556 1483 1609; x_wconf 81' lang='lat' dir='ltr'><strong>consolationem</strong></span> <span class='ocrx_word' id='word_1_134' title='bbox 1510 1556 1911 1625; x_wconf 86' lang='lat' dir='ltr'><strong>Scripturarum,</strong></span> 
     </span>
    </p>
   </div>
   <div class='ocr_carea' id='block_1_17' title="bbox 364 1642 1913 1712">
    <p class='ocr_par' dir='ltr' id='par_1_17' title="bbox 364 1642 1913 1712">
     <span class='ocr_line' id='line_1_17' title="bbox 364 1642 1913 1712; baseline 0.003 -20"><span class='ocrx_word' id='word_1_135' title='bbox 364 1658 524 1708; x_wconf 88' lang='lat' dir='ltr'><strong>spem</strong></span> <span class='ocrx_word' id='word_1_136' title='bbox 563 1642 839 1695; x_wconf 82' lang='lat' dir='ltr'><strong>habeamus</strong></span> <span class='ocrx_word' id='word_1_137' title='bbox 883 1644 952 1695; x_wconf 87' lang='lat' dir='ltr'><strong>ad</strong></span> <span class='ocrx_word' id='word_1_138' title='bbox 980 1642 1141 1695; x_wconf 86' lang='lat' dir='ltr'><strong>Deum</strong></span> <span class='ocrx_word' id='word_1_139' title='bbox 1171 1645 1265 1711; x_wconf 81' lang='grc'>(5).</span> <span class='ocrx_word' id='word_1_140' title='bbox 1296 1644 1453 1712; x_wconf 77' lang='lat'><strong>673</strong></span> <span class='ocrx_word' id='word_1_141' title='bbox 1492 1644 1913 1697; x_wconf 86' lang='lat' dir='ltr'><strong>Consolationem</strong></span> 
     </span>
    </p>
   </div>
   <div class='ocr_carea' id='block_1_18' title="bbox 2020 466 3547 537">
    <p class='ocr_par' dir='ltr' id='par_1_18' title="bbox 2020 466 3547 537">
     <span class='ocr_line' id='line_1_18' title="bbox 2020 466 3547 537; baseline -0.001 -15"><span class='ocrx_word' id='word_1_142' title='bbox 2020 466 2240 533; x_wconf 89' lang='lat' dir='ltr'><strong>Christi,</strong></span> <span class='ocrx_word' id='word_1_143' title='bbox 2272 469 2365 532; x_wconf 85' lang='lat' dir='ltr'><strong>ibi,</strong></span> <span class='ocrx_word' id='word_1_144' title='bbox 2393 470 2563 537; x_wconf 82' lang='lat' dir='ltr'><strong>inquit</strong></span> <span class='ocrx_word' id='word_1_145' title='bbox 2596 467 2729 536; x_wconf 86' lang='grc'>(10),</span> <span class='ocrx_word' id='word_1_146' title='bbox 2757 484 2842 521; x_wconf 88' lang='lat' dir='ltr'><strong>ero</strong></span> <span class='ocrx_word' id='word_1_147' title='bbox 2873 469 2925 520; x_wconf 87' lang='lat' dir='ltr'><strong>in</strong></span> <span class='ocrx_word' id='word_1_148' title='bbox 2957 468 3122 521; x_wconf 83' lang='lat' dir='ltr'><strong>medio</strong></span> <span class='ocrx_word' id='word_1_149' title='bbox 3144 485 3343 523; x_wconf 84' lang='lat' dir='ltr'><strong>eorum.</strong></span> <span class='ocrx_word' id='word_1_150' title='bbox 3371 467 3466 523; x_wconf 80' lang='lat' dir='ltr'><strong>Vis</strong></span> <span class='ocrx_word' id='word_1_151' title='bbox 3494 479 3547 521; x_wconf 89' lang='lat' dir='ltr'><strong>et</strong></span> 
     </span>
    </p>
   </div>
   <div class='ocr_carea' id='block_1_19' title="bbox 2019 555 3549 625">
    <p class='ocr_par' dir='ltr' id='par_1_19' title="bbox 2019 555 3549 625">
     <span class='ocr_line' id='line_1_19' title="bbox 2019 555 3549 625; baseline 0.001 -16"><span class='ocrx_word' id='word_1_152' title='bbox 2019 555 2159 610; x_wconf 84' lang='lat' dir='ltr'><strong>aliud</strong></span> <span class='ocrx_word' id='word_1_153' title='bbox 2188 559 2426 624; x_wconf 90' lang='lat' dir='ltr'><strong>accipere</strong></span> <span class='ocrx_word' id='word_1_154' title='bbox 2452 559 2753 624; x_wconf 80' lang='lat' dir='ltr'><strong>exemplum</strong></span> <span class='ocrx_word' id='word_1_155' title='bbox 2776 597 2791 618; x_wconf 86' lang='lat'><strong>.</strong></span> <span class='ocrx_word' id='word_1_156' title='bbox 2818 560 3082 625; x_wconf 87' lang='lat' dir='ltr'><strong>quomodo</strong></span> <span class='ocrx_word' id='word_1_157' title='bbox 3121 574 3282 611; x_wconf 90' lang='lat' dir='ltr'><strong>unum</strong></span> <span class='ocrx_word' id='word_1_158' title='bbox 3310 559 3549 612; x_wconf 89' lang='lat' dir='ltr'><strong>sentien-</strong></span> 
     </span>
    </p>
   </div>
   <div class='ocr_carea' id='block_1_20' title="bbox 2021 646 3546 714">
    <p class='ocr_par' dir='ltr' id='par_1_20' title="bbox 2021 646 3546 714">
     <span class='ocr_line' id='line_1_20' title="bbox 2021 646 3546 714; baseline 0.001 -17"><span class='ocrx_word' id='word_1_159' title='bbox 2021 646 2159 701; x_wconf 90' lang='lat' dir='ltr'><strong>tibus</strong></span> <span class='ocrx_word' id='word_1_160' title='bbox 2184 647 2427 700; x_wconf 84' lang='lat' dir='ltr'><strong>Christus</strong></span> <span class='ocrx_word' id='word_1_161' title='bbox 2458 648 2658 700; x_wconf 89' lang='lat' dir='ltr'><strong>medius</strong></span> <span class='ocrx_word' id='word_1_162' title='bbox 2687 647 2821 699; x_wconf 81' lang='lat' dir='ltr'><strong>ﬁat?</strong></span> <span class='ocrx_word' id='word_1_163' title='bbox 2852 648 2982 701; x_wconf 84' lang='lat' dir='ltr'><strong>Vide</strong></span> <span class='ocrx_word' id='word_1_164' title='bbox 3012 648 3064 700; x_wconf 88' lang='lat' dir='ltr'><strong>in</strong></span> <span class='ocrx_word' id='word_1_165' title='bbox 3088 647 3307 701; x_wconf 82' lang='lat' dir='ltr'><strong>Actibus</strong></span> <span class='ocrx_word' id='word_1_166' title='bbox 3332 657 3546 714; x_wconf 84' lang='lat' dir='ltr'><strong>aposto-</strong></span> 
     </span>
    </p>
   </div>
   <div class='ocr_carea' id='block_1_21' title="bbox 2019 736 3599 807">
    <p class='ocr_par' dir='ltr' id='par_1_21' title="bbox 2019 736 3599 807">
     <span class='ocr_line' id='line_1_21' title="bbox 2019 736 3599 807; baseline -0.001 -17"><span class='ocrx_word' id='word_1_167' title='bbox 2019 737 2189 792; x_wconf 88' lang='lat' dir='ltr'><strong>lorum</strong></span> <span class='ocrx_word' id='word_1_168' title='bbox 2223 739 2489 807; x_wconf 91' lang='lat' dir='ltr'><strong>quomodo</strong></span> <span class='ocrx_word' id='word_1_169' title='bbox 2518 747 2637 805; x_wconf 86' lang='lat' dir='ltr'><strong>post</strong></span> <span class='ocrx_word' id='word_1_170' title='bbox 2662 739 3023 791; x_wconf 80' lang='lat' dir='ltr'><strong>ascensionem</strong></span> <span class='ocrx_word' id='word_1_171' title='bbox 3050 736 3276 799; x_wconf 87' lang='lat' dir='ltr'><strong>Domini,</strong></span> <span class='ocrx_word' id='word_1_172' title='bbox 3300 752 3420 790; x_wconf 89' lang='lat' dir='ltr'><strong>cum</strong></span> <span class='ocrx_word' id='word_1_173' title='bbox 3442 737 3548 790; x_wconf 86' lang='lat' dir='ltr'><strong>ele-</strong></span> <span class='ocrx_word' id='word_1_174' title='bbox 3596 738 3599 743; x_wconf 81' lang='grc'><em>’</em></span> 
     </span>
    </p>
   </div>
   <div class='ocr_carea' id='block_1_22' title="bbox 2018 825 3549 895">
    <p class='ocr_par' dir='ltr' id='par_1_22' title="bbox 2018 825 3549 895">
     <span class='ocr_line' id='line_1_22' title="bbox 2018 825 3549 895; baseline -0.001 -16"><span class='ocrx_word' id='word_1_175' title='bbox 2018 835 2254 889; x_wconf 86' lang='lat' dir='ltr'><strong>vassent,</strong></span> <span class='ocrx_word' id='word_1_176' title='bbox 2288 827 2479 893; x_wconf 89' lang='lat' dir='ltr'><strong>inquit,</strong></span> <span class='ocrx_word' id='word_1_177' title='bbox 2511 828 2752 881; x_wconf 78' lang='lat' dir='ltr'><strong>undecim</strong></span> <span class='ocrx_word' id='word_1_178' title='bbox 2789 826 2899 895; x_wconf 85' lang='grc'>(11)</span> <span class='ocrx_word' id='word_1_179' title='bbox 2935 825 3305 895; x_wconf 82' lang='lat' dir='ltr'><strong>apostolicum</strong></span> <span class='ocrx_word' id='word_1_180' title='bbox 3337 827 3549 879; x_wconf 74' lang='lat' dir='ltr'><strong>czeteris</strong></span> 
     </span>
    </p>
   </div>
   <div class='ocr_carea' id='block_1_23' title="bbox 2022 914 3547 980">
    <p class='ocr_par' dir='ltr' id='par_1_23' title="bbox 2022 914 3547 980">
     <span class='ocr_line' id='line_1_23' title="bbox 2022 914 3547 980; baseline 0 -11"><span class='ocrx_word' id='word_1_181' title='bbox 2022 933 2226 979; x_wconf 90' lang='lat' dir='ltr'><strong>vocem,</strong></span> <span class='ocrx_word' id='word_1_182' title='bbox 2259 926 2312 971; x_wconf 91' lang='lat' dir='ltr'><strong>et</strong></span> <span class='ocrx_word' id='word_1_183' title='bbox 2339 916 2658 970; x_wconf 87' lang='lat' dir='ltr'><strong>unanimiter</strong></span> <span class='ocrx_word' id='word_1_184' title='bbox 2685 926 2968 980; x_wconf 89' lang='lat' dir='ltr'><strong>orassent,</strong></span> <span class='ocrx_word' id='word_1_185' title='bbox 3000 926 3174 968; x_wconf 88' lang='lat' dir='ltr'><strong>motus</strong></span> <span class='ocrx_word' id='word_1_186' title='bbox 3202 924 3285 969; x_wconf 90' lang='lat' dir='ltr'><strong>est</strong></span> <span class='ocrx_word' id='word_1_187' title='bbox 3317 914 3464 968; x_wconf 90' lang='lat' dir='ltr'><strong>locus</strong></span> <span class='ocrx_word' id='word_1_188' title='bbox 3495 918 3547 969; x_wconf 91' lang='lat' dir='ltr'><strong>in</strong></span> 
     </span>
    </p>
   </div>
   <div class='ocr_carea' id='block_1_24' title="bbox 2025 1006 3550 1077">
    <p class='ocr_par' dir='ltr' id='par_1_24' title="bbox 2025 1006 3550 1077">
     <span class='ocr_line' id='line_1_24' title="bbox 2025 1006 3550 1077; baseline 0 -16"><span class='ocrx_word' id='word_1_189' title='bbox 2025 1024 2127 1077; x_wconf 88' lang='lat' dir='ltr'><strong>quo</strong></span> <span class='ocrx_word' id='word_1_190' title='bbox 2154 1007 2389 1073; x_wconf 88' lang='lat' dir='ltr'><strong>stabant,</strong></span> <span class='ocrx_word' id='word_1_191' title='bbox 2422 1018 2475 1062; x_wconf 90' lang='lat' dir='ltr'><strong>et</strong></span> <span class='ocrx_word' id='word_1_192' title='bbox 2509 1008 2841 1076; x_wconf 67' lang='lat' dir='ltr'><strong>praesentiam</strong></span> <span class='ocrx_word' id='word_1_193' title='bbox 2872 1008 3045 1062; x_wconf 91' lang='lat' dir='ltr'><strong>sancti</strong></span> <span class='ocrx_word' id='word_1_194' title='bbox 3070 1006 3303 1075; x_wconf 78' lang='lat' dir='ltr'><strong>Spiritus</strong></span> <span class='ocrx_word' id='word_1_195' title='bbox 3338 1022 3550 1061; x_wconf 88' lang='lat' dir='ltr'><strong>merue-</strong></span> 
     </span>
    </p>
   </div>
   <div class='ocr_carea' id='block_1_25' title="bbox 1970 1095 3552 1163">
    <p class='ocr_par' dir='ltr' id='par_1_25' title="bbox 1970 1095 3552 1163">
     <span class='ocr_line' id='line_1_25' title="bbox 1970 1095 3552 1163; baseline 0 -14"><span class='ocrx_word' id='word_1_196' title='bbox 1970 1122 1977 1130; x_wconf 75' lang='grc' dir='ltr'><strong>ι</strong></span> <span class='ocrx_word' id='word_1_197' title='bbox 2022 1106 2145 1149; x_wconf 92' lang='lat' dir='ltr'><strong>runt</strong></span> <span class='ocrx_word' id='word_1_198' title='bbox 2169 1097 2237 1151; x_wconf 81' lang='lat'><strong>&quot;.</strong></span> <span class='ocrx_word' id='word_1_199' title='bbox 2268 1095 2328 1151; x_wconf 88' lang='lat' dir='ltr'><strong>Ut</strong></span> <span class='ocrx_word' id='word_1_200' title='bbox 2367 1105 2542 1150; x_wconf 89' lang='lat' dir='ltr'><strong>autem</strong></span> <span class='ocrx_word' id='word_1_201' title='bbox 2588 1098 2765 1151; x_wconf 90' lang='lat' dir='ltr'><strong>adhuc</strong></span> <span class='ocrx_word' id='word_1_202' title='bbox 2811 1105 3009 1163; x_wconf 90' lang='lat' dir='ltr'><strong>quanta</strong></span> <span class='ocrx_word' id='word_1_203' title='bbox 3059 1095 3130 1149; x_wconf 90' lang='lat' dir='ltr'><strong>sit</strong></span> <span class='ocrx_word' id='word_1_204' title='bbox 3183 1095 3552 1149; x_wconf 86' lang='lat' dir='ltr'><strong>unanimitatis</strong></span> 
     </span>
    </p>
   </div>
   <div class='ocr_carea' id='block_1_26' title="bbox 2022 1184 3552 1255">
    <p class='ocr_par' dir='ltr' id='par_1_26' title="bbox 2022 1184 3552 1255">
     <span class='ocr_line' id='line_1_26' title="bbox 2022 1184 3552 1255; baseline 0.001 -18"><span class='ocrx_word' id='word_1_205' title='bbox 2022 1186 2191 1239; x_wconf 89' lang='lat' dir='ltr'><strong>virtus</strong></span> <span class='ocrx_word' id='word_1_206' title='bbox 2215 1226 2231 1251; x_wconf 94' lang='lat'><strong>,</strong></span> <span class='ocrx_word' id='word_1_207' title='bbox 2258 1196 2310 1239; x_wconf 89' lang='lat' dir='ltr'><strong>et</strong></span> <span class='ocrx_word' id='word_1_208' title='bbox 2340 1195 2533 1253; x_wconf 89' lang='lat' dir='ltr'><strong>quanta</strong></span> <span class='ocrx_word' id='word_1_209' title='bbox 2562 1186 2733 1255; x_wconf 80' lang='lat' dir='ltr'><strong>gratia</strong></span> <span class='ocrx_word' id='word_1_210' title='bbox 2773 1184 2968 1238; x_wconf 86' lang='lat' dir='ltr'><strong>clarius</strong></span> <span class='ocrx_word' id='word_1_211' title='bbox 2996 1185 3125 1248; x_wconf 89' lang='lat' dir='ltr'><strong>fiat,</strong></span> <span class='ocrx_word' id='word_1_212' title='bbox 3166 1199 3271 1238; x_wconf 92' lang='lat' dir='ltr'><strong>non</strong></span> <span class='ocrx_word' id='word_1_213' title='bbox 3306 1194 3433 1253; x_wconf 88' lang='lat' dir='ltr'><strong>puto</strong></span> <span class='ocrx_word' id='word_1_214' title='bbox 3459 1186 3552 1238; x_wconf 82' lang='lat' dir='ltr'><strong>ab-</strong></span> 
     </span>
    </p>
   </div>
   <div class='ocr_carea' id='block_1_27' title="bbox 2023 1271 3551 1340">
    <p class='ocr_par' dir='ltr' id='par_1_27' title="bbox 2023 1271 3551 1340">
     <span class='ocr_line' id='line_1_27' title="bbox 2023 1271 3551 1340; baseline 0.001 -16"><span class='ocrx_word' id='word_1_215' title='bbox 2023 1272 2241 1324; x_wconf 88' lang='lat' dir='ltr'><strong>surdum</strong></span> <span class='ocrx_word' id='word_1_216' title='bbox 2269 1273 2458 1336; x_wconf 89' lang='lat' dir='ltr'><strong>videri,</strong></span> <span class='ocrx_word' id='word_1_217' title='bbox 2487 1272 2529 1326; x_wconf 89' lang='lat' dir='ltr'><strong>si</strong></span> <span class='ocrx_word' id='word_1_218' title='bbox 2559 1287 2617 1325; x_wconf 88' lang='lat' dir='ltr'><strong>ea</strong></span> <span class='ocrx_word' id='word_1_219' title='bbox 2651 1287 2768 1340; x_wconf 65' lang='lat' dir='ltr'><strong>qua:</strong></span> <span class='ocrx_word' id='word_1_220' title='bbox 2798 1272 2949 1325; x_wconf 90' lang='lat' dir='ltr'><strong>nobis</strong></span> <span class='ocrx_word' id='word_1_221' title='bbox 2975 1272 3039 1325; x_wconf 87' lang='lat' dir='ltr'><strong>de</strong></span> <span class='ocrx_word' id='word_1_222' title='bbox 3071 1271 3151 1324; x_wconf 89' lang='lat' dir='ltr'><strong>his</strong></span> <span class='ocrx_word' id='word_1_223' title='bbox 3176 1271 3336 1324; x_wconf 88' lang='lat' dir='ltr'><strong>etiam</strong></span> <span class='ocrx_word' id='word_1_224' title='bbox 3367 1271 3417 1324; x_wconf 86' lang='lat' dir='ltr'><strong>in</strong></span> <span class='ocrx_word' id='word_1_225' title='bbox 3448 1271 3551 1326; x_wconf 77' lang='lat' dir='ltr'><strong>Ve-</strong></span> 
     </span>
    </p>
   </div>
   <div class='ocr_carea' id='block_1_28' title="bbox 2025 1360 3549 1429">
    <p class='ocr_par' dir='ltr' id='par_1_28' title="bbox 2025 1360 3549 1429">
     <span class='ocr_line' id='line_1_28' title="bbox 2025 1360 3549 1429; baseline -0.001 -15"><span class='ocrx_word' id='word_1_226' title='bbox 2025 1363 2121 1415; x_wconf 89' lang='lat' dir='ltr'><strong>teri</strong></span> <span class='ocrx_word' id='word_1_227' title='bbox 2168 1360 2506 1416; x_wconf 82' lang='lat' dir='ltr'><strong>Testamento</strong></span> <span class='ocrx_word' id='word_1_228' title='bbox 2551 1377 2578 1415; x_wconf 89' lang='lat' dir='ltr'><strong>a</strong></span> <span class='ocrx_word' id='word_1_229' title='bbox 2618 1361 2858 1429; x_wconf 84' lang='lat' dir='ltr'><strong>patribus</strong></span> <span class='ocrx_word' id='word_1_230' title='bbox 2910 1361 3302 1415; x_wconf 88' lang='lat' dir='ltr'><strong>rationabiliter</strong></span> <span class='ocrx_word' id='word_1_231' title='bbox 3356 1362 3549 1414; x_wconf 89' lang='lat' dir='ltr'><strong>tradita</strong></span> 
     </span>
    </p>
   </div>
   <div class='ocr_carea' id='block_1_29' title="bbox 2024 1450 3551 1520">
    <p class='ocr_par' dir='ltr' id='par_1_29' title="bbox 2024 1450 3551 1520">
     <span class='ocr_line' id='line_1_29' title="bbox 2024 1450 3551 1520; baseline -0.001 -15"><span class='ocrx_word' id='word_1_232' title='bbox 2024 1461 2165 1515; x_wconf 86' lang='lat' dir='ltr'><strong>sunt,</strong></span> <span class='ocrx_word' id='word_1_233' title='bbox 2195 1453 2276 1506; x_wconf 92' lang='lat' dir='ltr'><strong>his</strong></span> <span class='ocrx_word' id='word_1_234' title='bbox 2323 1452 2531 1507; x_wconf 89' lang='lat' dir='ltr'><strong>scilicet</strong></span> <span class='ocrx_word' id='word_1_235' title='bbox 2562 1453 2648 1520; x_wconf 88' lang='lat' dir='ltr'><strong>qui</strong></span> <span class='ocrx_word' id='word_1_236' title='bbox 2677 1465 2742 1504; x_wconf 76' lang='lat' dir='ltr'><strong>ex</strong></span> <span class='ocrx_word' id='word_1_237' title='bbox 2774 1450 3009 1506; x_wconf 69' lang='lat' dir='ltr'><strong>Hebraeis</strong></span> <span class='ocrx_word' id='word_1_238' title='bbox 3034 1451 3101 1503; x_wconf 89' lang='lat' dir='ltr'><strong>ad</strong></span> <span class='ocrx_word' id='word_1_239' title='bbox 3150 1450 3351 1504; x_wconf 87' lang='lat' dir='ltr'><strong>Christi</strong></span> <span class='ocrx_word' id='word_1_240' title='bbox 3394 1450 3551 1503; x_wconf 86' lang='lat' dir='ltr'><strong>fidem</strong></span> 
     </span>
    </p>
   </div>
   <div class='ocr_carea' id='block_1_30' title="bbox 2024 1538 3552 1609">
    <p class='ocr_par' dir='ltr' id='par_1_30' title="bbox 2024 1538 3552 1609">
     <span class='ocr_line' id='line_1_30' title="bbox 2024 1538 3552 1609; baseline -0.002 -15"><span class='ocrx_word' id='word_1_241' title='bbox 2024 1550 2321 1605; x_wconf 83' lang='lat' dir='ltr'><strong>venerunt,</strong></span> <span class='ocrx_word' id='word_1_242' title='bbox 2373 1541 2424 1594; x_wconf 91' lang='lat' dir='ltr'><strong>in</strong></span> <span class='ocrx_word' id='word_1_243' title='bbox 2475 1541 2701 1593; x_wconf 91' lang='lat' dir='ltr'><strong>medium</strong></span> <span class='ocrx_word' id='word_1_244' title='bbox 2747 1538 3096 1607; x_wconf 82' lang='lat' dir='ltr'><strong>proferamus.</strong></span> <span class='ocrx_word' id='word_1_245' title='bbox 3151 1538 3379 1593; x_wconf 91' lang='lat' dir='ltr'><strong>Aiebant</strong></span> <span class='ocrx_word' id='word_1_246' title='bbox 3423 1555 3552 1609; x_wconf 83' lang='lat' dir='ltr'><strong>ergo</strong></span> 
     </span>
    </p>
   </div>
   <div class='ocr_carea' id='block_1_31' title="bbox 2027 1630 3553 1701">
    <p class='ocr_par' dir='ltr' id='par_1_31' title="bbox 2027 1630 3553 1701">
     <span class='ocr_line' id='line_1_31' title="bbox 2027 1630 3553 1701; baseline 0 -17"><span class='ocrx_word' id='word_1_247' title='bbox 2027 1642 2134 1685; x_wconf 87' lang='lat' dir='ltr'><strong>tres</strong></span> <span class='ocrx_word' id='word_1_248' title='bbox 2155 1631 2263 1701; x_wconf 75' lang='grc'>(12)</span> <span class='ocrx_word' id='word_1_249' title='bbox 2293 1631 2411 1684; x_wconf 90' lang='lat' dir='ltr'><strong>illos</strong></span> <span class='ocrx_word' id='word_1_250' title='bbox 2436 1630 2571 1683; x_wconf 82' lang='lat' dir='ltr'><strong>ﬁlios</strong></span> <span class='ocrx_word' id='word_1_251' title='bbox 2598 1630 2733 1685; x_wconf 89' lang='lat' dir='ltr'><strong>Core</strong></span> <span class='ocrx_word' id='word_1_252' title='bbox 2752 1644 2977 1698; x_wconf 87' lang='lat' dir='ltr'><strong>quorum</strong></span> <span class='ocrx_word' id='word_1_253' title='bbox 3008 1630 3221 1683; x_wconf 90' lang='lat' dir='ltr'><strong>nomina</strong></span> <span class='ocrx_word' id='word_1_254' title='bbox 3254 1630 3553 1684; x_wconf 86' lang='lat' dir='ltr'><strong>invenimus</strong></span> 
     </span>
    </p>
   </div>
   <div class='ocr_carea' id='block_1_32' title="bbox 366 1720 1905 1802">
    <p class='ocr_par' dir='ltr' id='par_1_32' title="bbox 366 1733 1905 1802">
     <span class='ocr_line' id='line_1_32' title="bbox 366 1733 1905 1802; baseline 0.003 -19"><span class='ocrx_word' id='word_1_255' title='bbox 366 1747 615 1799; x_wconf 86' lang='lat' dir='ltr'><strong>namque</strong></span> <span class='ocrx_word' id='word_1_256' title='bbox 642 1747 707 1785; x_wconf 85' lang='lat' dir='ltr'><strong>ex</strong></span> <span class='ocrx_word' id='word_1_257' title='bbox 736 1733 1021 1801; x_wconf 90' lang='lat' dir='ltr'><strong>Scripturis</strong></span> <span class='ocrx_word' id='word_1_258' title='bbox 1048 1749 1155 1786; x_wconf 89' lang='lat' dir='ltr'><strong>non</strong></span> <span class='ocrx_word' id='word_1_259' title='bbox 1179 1734 1265 1786; x_wconf 90' lang='lat' dir='ltr'><strong>ille</strong></span> <span class='ocrx_word' id='word_1_260' title='bbox 1291 1734 1380 1802; x_wconf 90' lang='lat' dir='ltr'><strong>qui</strong></span> <span class='ocrx_word' id='word_1_261' title='bbox 1412 1749 1584 1801; x_wconf 89' lang='lat' dir='ltr'><strong>neque</strong></span> <span class='ocrx_word' id='word_1_262' title='bbox 1605 1734 1792 1795; x_wconf 86' lang='lat' dir='ltr'><strong>credit,</strong></span> <span class='ocrx_word' id='word_1_263' title='bbox 1818 1748 1905 1787; x_wconf 90' lang='lat' dir='ltr'><strong>ne-</strong></span> 
     </span>
    </p>
   </div>
   <div class='ocr_carea' id='block_1_33' title="bbox 2004 1720 3548 1802">
    <p class='ocr_par' dir='ltr' id='par_1_33' title="bbox 2012 1720 3548 1789">
     <span class='ocr_line' id='line_1_33' title="bbox 2012 1720 3548 1789; baseline -0.002 -14"><span class='ocrx_word' id='word_1_264' title='bbox 2012 1723 2065 1775; x_wconf 92' lang='lat' dir='ltr'><strong>in</strong></span> <span class='ocrx_word' id='word_1_265' title='bbox 2102 1722 2279 1775; x_wconf 80' lang='lat' dir='ltr'><strong>Exodo</strong></span> <span class='ocrx_word' id='word_1_266' title='bbox 2313 1722 2383 1786; x_wconf 82' lang='lat'><strong>“,</strong></span> <span class='ocrx_word' id='word_1_267' title='bbox 2412 1721 2462 1774; x_wconf 91' lang='lat' dir='ltr'><strong>id</strong></span> <span class='ocrx_word' id='word_1_268' title='bbox 2486 1731 2587 1784; x_wconf 91' lang='lat' dir='ltr'><strong>est,</strong></span> <span class='ocrx_word' id='word_1_269' title='bbox 2614 1721 2747 1775; x_wconf 85' lang='lat' dir='ltr'><strong>Aser</strong></span> <span class='ocrx_word' id='word_1_270' title='bbox 2773 1722 2862 1789; x_wconf 89' lang='lat' dir='ltr'><strong>qui</strong></span> <span class='ocrx_word' id='word_1_271' title='bbox 2895 1721 3275 1789; x_wconf 85' lang='lat' dir='ltr'><strong>interpretatur</strong></span> <span class='ocrx_word' id='word_1_272' title='bbox 3301 1720 3548 1782; x_wconf 82' lang='lat' dir='ltr'><strong>eruditio,</strong></span> 
     </span>
    </p>
   </div>
   <div class='ocr_carea' id='block_1_34' title="bbox 364 1820 1909 1892">
    <p class='ocr_par' dir='ltr' id='par_1_34' title="bbox 364 1820 1909 1892">
     <span class='ocr_line' id='line_1_34' title="bbox 364 1820 1909 1892; baseline 0.003 -20"><span class='ocrx_word' id='word_1_273' title='bbox 364 1834 486 1886; x_wconf 88' lang='lat' dir='ltr'><strong>que</strong></span> <span class='ocrx_word' id='word_1_274' title='bbox 508 1822 751 1889; x_wconf 79' lang='lat' dir='ltr'><strong>intelligit</strong></span> <span class='ocrx_word' id='word_1_275' title='bbox 769 1859 783 1880; x_wconf 87' lang='lat'><strong>,</strong></span> <span class='ocrx_word' id='word_1_276' title='bbox 807 1821 896 1874; x_wconf 89' lang='lat' dir='ltr'><strong>sed</strong></span> <span class='ocrx_word' id='word_1_277' title='bbox 921 1820 1006 1873; x_wconf 89' lang='lat' dir='ltr'><strong>ille</strong></span> <span class='ocrx_word' id='word_1_278' title='bbox 1025 1821 1111 1888; x_wconf 87' lang='lat' dir='ltr'><strong>qui</strong></span> <span class='ocrx_word' id='word_1_279' title='bbox 1134 1829 1188 1874; x_wconf 91' lang='lat' dir='ltr'><strong>et</strong></span> <span class='ocrx_word' id='word_1_280' title='bbox 1206 1824 1374 1876; x_wconf 88' lang='lat' dir='ltr'><strong>credit</strong></span> <span class='ocrx_word' id='word_1_281' title='bbox 1392 1834 1444 1878; x_wconf 89' lang='lat' dir='ltr'><strong>et</strong></span> <span class='ocrx_word' id='word_1_282' title='bbox 1465 1824 1723 1892; x_wconf 81' lang='lat' dir='ltr'><strong>intelligit,</strong></span> <span class='ocrx_word' id='word_1_283' title='bbox 1751 1824 1909 1891; x_wconf 86' lang='lat' dir='ltr'><strong>capit.</strong></span> 
     </span>
    </p>
   </div>
   <div class='ocr_carea' id='block_1_35' title="bbox 444 1899 1912 1968">
    <p class='ocr_par' dir='ltr' id='par_1_35' title="bbox 444 1899 1912 1968">
     <span class='ocr_line' id='line_1_35' title="bbox 444 1899 1912 1968; baseline 0.007 -17"><span class='ocrx_word' id='word_1_284' title='bbox 444 1899 501 1953; x_wconf 89' lang='lat'><strong>7.</strong></span> <span class='ocrx_word' id='word_1_285' title='bbox 538 1899 675 1953; x_wconf 84' lang='lat' dir='ltr'><strong>Deus</strong></span> <span class='ocrx_word' id='word_1_286' title='bbox 707 1908 876 1954; x_wconf 86' lang='lat' dir='ltr'><strong>autem</strong></span> <span class='ocrx_word' id='word_1_287' title='bbox 900 1904 1159 1968; x_wconf 70' lang='lat' dir='ltr'><strong>patientia:</strong></span> <span class='ocrx_word' id='word_1_288' title='bbox 1203 1915 1248 1957; x_wconf 89' lang='lat' dir='ltr'><strong>et</strong></span> <span class='ocrx_word' id='word_1_289' title='bbox 1277 1906 1638 1965; x_wconf 81' lang='lat' dir='ltr'><strong>consolationis</strong></span> <span class='ocrx_word' id='word_1_290' title='bbox 1668 1908 1750 1961; x_wconf 88' lang='lat' dir='ltr'><strong>det</strong></span> <span class='ocrx_word' id='word_1_291' title='bbox 1774 1910 1912 1961; x_wconf 83' lang='lat' dir='ltr'><strong>vobis</strong></span> 
     </span>
    </p>
   </div>
   <div class='ocr_carea' id='block_1_36' title="bbox 354 1990 1911 2058">
    <p class='ocr_par' dir='ltr' id='par_1_36' title="bbox 354 1990 1911 2058">
     <span class='ocr_line' id='line_1_36' title="bbox 354 1990 1911 2058; baseline 0.006 -17"><span class='ocrx_word' id='word_1_292' title='bbox 354 1990 421 2041; x_wconf 86' lang='lat' dir='ltr'><strong>id</strong></span> <span class='ocrx_word' id='word_1_293' title='bbox 452 1990 623 2055; x_wconf 84' lang='lat' dir='ltr'><strong>ipsum</strong></span> <span class='ocrx_word' id='word_1_294' title='bbox 646 2006 822 2058; x_wconf 81' lang='lat' dir='ltr'><strong>sapere</strong></span> <span class='ocrx_word' id='word_1_295' title='bbox 842 1995 892 2043; x_wconf 86' lang='lat' dir='ltr'><strong>in</strong></span> <span class='ocrx_word' id='word_1_296' title='bbox 915 1993 1220 2045; x_wconf 87' lang='lat' dir='ltr'><strong>alterutrum</strong></span> <span class='ocrx_word' id='word_1_297' title='bbox 1247 1994 1526 2046; x_wconf 81' lang='lat' dir='ltr'><strong>secundant</strong></span> <span class='ocrx_word' id='word_1_298' title='bbox 1550 1994 1730 2050; x_wconf 76' lang='lat' dir='ltr'><strong>Iesum</strong></span> <span class='ocrx_word' id='word_1_299' title='bbox 1757 1997 1911 2050; x_wconf 84' lang='lat' dir='ltr'><strong>Chri-</strong></span> 
     </span>
    </p>
   </div>
   <div class='ocr_carea' id='block_1_37' title="bbox 356 2082 1909 2151">
    <p class='ocr_par' dir='ltr' id='par_1_37' title="bbox 356 2082 1909 2151">
     <span class='ocr_line' id='line_1_37' title="bbox 356 2082 1909 2151; baseline 0.003 -18"><span class='ocrx_word' id='word_1_300' title='bbox 356 2090 516 2133; x_wconf 85' lang='lat' dir='ltr'><strong>stum</strong></span> <span class='ocrx_word' id='word_1_301' title='bbox 544 2096 562 2132; x_wconf 93' lang='lat'><em>:</em></span> <span class='ocrx_word' id='word_1_302' title='bbox 620 2092 672 2132; x_wconf 89' lang='lat' dir='ltr'><strong>ut</strong></span> <span class='ocrx_word' id='word_1_303' title='bbox 713 2082 976 2134; x_wconf 82' lang='lat' dir='ltr'><strong>unanimes</strong></span> <span class='ocrx_word' id='word_1_304' title='bbox 1008 2083 1080 2151; x_wconf 70' lang='grc'>(4)</span> <span class='ocrx_word' id='word_1_305' title='bbox 1112 2099 1214 2135; x_wconf 89' lang='lat' dir='ltr'><strong>uno</strong></span> <span class='ocrx_word' id='word_1_306' title='bbox 1242 2098 1328 2133; x_wconf 84' lang='lat' dir='ltr'><strong>ore</strong></span> <span class='ocrx_word' id='word_1_307' title='bbox 1355 2083 1693 2151; x_wconf 82' lang='lat' dir='ltr'><strong>honori/icetis</strong></span> <span class='ocrx_word' id='word_1_308' title='bbox 1722 2087 1909 2151; x_wconf 86' lang='lat' dir='ltr'><strong>Deum,</strong></span> 
     </span>
    </p>
   </div>
   <div class='ocr_carea' id='block_1_38' title="bbox 353 2169 1907 2246">
    <p class='ocr_par' dir='ltr' id='par_1_38' title="bbox 353 2169 1907 2246">
     <span class='ocr_line' id='line_1_38' title="bbox 353 2169 1907 2246; baseline 0.005 -22"><span class='ocrx_word' id='word_1_309' title='bbox 353 2181 408 2224; x_wconf 88' lang='lat' dir='ltr'><strong>et</strong></span> <span class='ocrx_word' id='word_1_310' title='bbox 442 2169 656 2223; x_wconf 87' lang='lat' dir='ltr'><strong>Patrem</strong></span> <span class='ocrx_word' id='word_1_311' title='bbox 689 2170 893 2223; x_wconf 85' lang='lat' dir='ltr'><strong>Domini</strong></span> <span class='ocrx_word' id='word_1_312' title='bbox 942 2173 1101 2224; x_wconf 89' lang='lat' dir='ltr'><strong>nostri</strong></span> <span class='ocrx_word' id='word_1_313' title='bbox 1126 2171 1249 2224; x_wconf 83' lang='lat' dir='ltr'><strong>Jesu</strong></span> <span class='ocrx_word' id='word_1_314' title='bbox 1281 2170 1495 2227; x_wconf 82' lang='lat' dir='ltr'><strong>Christi.</strong></span> <span class='ocrx_word' id='word_1_315' title='bbox 1532 2174 1746 2242; x_wconf 85' lang='lat' dir='ltr'><strong>Propter</strong></span> <span class='ocrx_word' id='word_1_316' title='bbox 1771 2180 1907 2246; x_wconf 81' lang='lat' dir='ltr'><strong>quod</strong></span> 
     </span>
    </p>
   </div>
   <div class='ocr_carea' id='block_1_39' title="bbox 352 2260 1908 2332">
    <p class='ocr_par' dir='ltr' id='par_1_39' title="bbox 352 2260 1908 2332">
     <span class='ocr_line' id='line_1_39' title="bbox 352 2260 1908 2332; baseline 0.004 -19"><span class='ocrx_word' id='word_1_317' title='bbox 352 2262 618 2326; x_wconf 81' lang='lat' dir='ltr'><strong>suscipite</strong></span> <span class='ocrx_word' id='word_1_318' title='bbox 658 2261 898 2323; x_wconf 86' lang='lat' dir='ltr'><strong>invicem,</strong></span> <span class='ocrx_word' id='word_1_319' title='bbox 952 2262 1083 2313; x_wconf 88' lang='lat' dir='ltr'><strong>sicut</strong></span> <span class='ocrx_word' id='word_1_320' title='bbox 1121 2272 1167 2314; x_wconf 88' lang='lat' dir='ltr'><strong>et</strong></span> <span class='ocrx_word' id='word_1_321' title='bbox 1216 2260 1454 2315; x_wconf 85' lang='lat' dir='ltr'><strong>Christus</strong></span> <span class='ocrx_word' id='word_1_322' title='bbox 1487 2267 1705 2332; x_wconf 86' lang='lat' dir='ltr'><strong>suscepit</strong></span> <span class='ocrx_word' id='word_1_323' title='bbox 1738 2282 1821 2319; x_wconf 86' lang='lat' dir='ltr'><strong>vos</strong></span> <span class='ocrx_word' id='word_1_324' title='bbox 1855 2267 1908 2319; x_wconf 93' lang='lat' dir='ltr'><strong>in</strong></span> 
     </span>
    </p>
   </div>
   <div class='ocr_carea' id='block_1_40' title="bbox 353 2350 1906 2417">
    <p class='ocr_par' dir='ltr' id='par_1_40' title="bbox 353 2350 1906 2417">
     <span class='ocr_line' id='line_1_40' title="bbox 353 2350 1906 2417; baseline 0.004 -15"><span class='ocrx_word' id='word_1_325' title='bbox 353 2351 616 2402; x_wconf 80' lang='lat' dir='ltr'><strong>honorem</strong></span> <span class='ocrx_word' id='word_1_326' title='bbox 641 2350 732 2402; x_wconf 87' lang='lat' dir='ltr'><strong>Dei</strong></span> <span class='ocrx_word' id='word_1_327' title='bbox 759 2351 820 2403; x_wconf 82' lang='lat'><strong>&quot;&#39;.</strong></span> <span class='ocrx_word' id='word_1_328' title='bbox 855 2350 911 2404; x_wconf 90' lang='lat' dir='ltr'><strong>Si</strong></span> <span class='ocrx_word' id='word_1_329' title='bbox 941 2352 1191 2417; x_wconf 86' lang='lat' dir='ltr'><strong>patientia</strong></span> <span class='ocrx_word' id='word_1_330' title='bbox 1215 2353 1383 2405; x_wconf 88' lang='lat' dir='ltr'><strong>virtus</strong></span> <span class='ocrx_word' id='word_1_331' title='bbox 1408 2361 1510 2415; x_wconf 82' lang='lat' dir='ltr'><strong>est,</strong></span> <span class='ocrx_word' id='word_1_332' title='bbox 1532 2356 1705 2408; x_wconf 90' lang='lat' dir='ltr'><strong>omnis</strong></span> <span class='ocrx_word' id='word_1_333' title='bbox 1730 2365 1906 2408; x_wconf 89' lang='lat' dir='ltr'><strong>autem</strong></span> 
     </span>
    </p>
   </div>
   <div class='ocr_carea' id='block_1_41' title="bbox 359 2436 1902 2512">
    <p class='ocr_par' dir='ltr' id='par_1_41' title="bbox 359 2436 1902 2512">
     <span class='ocr_line' id='line_1_41' title="bbox 359 2436 1902 2512; baseline 0.006 -23"><span class='ocrx_word' id='word_1_334' title='bbox 359 2438 544 2489; x_wconf 77' lang='lat' dir='ltr'><strong>virtus</strong></span> <span class='ocrx_word' id='word_1_335' title='bbox 574 2453 601 2488; x_wconf 92' lang='lat' dir='ltr'><strong>a</strong></span> <span class='ocrx_word' id='word_1_336' title='bbox 634 2436 740 2489; x_wconf 91' lang='lat' dir='ltr'><strong>Deo</strong></span> <span class='ocrx_word' id='word_1_337' title='bbox 767 2448 846 2490; x_wconf 92' lang='lat' dir='ltr'><strong>est</strong></span> <span class='ocrx_word' id='word_1_338' title='bbox 874 2455 890 2504; x_wconf 90' lang='lat'><strong>;</strong></span> <span class='ocrx_word' id='word_1_339' title='bbox 923 2448 978 2491; x_wconf 90' lang='lat' dir='ltr'><strong>et</strong></span> <span class='ocrx_word' id='word_1_340' title='bbox 1005 2438 1255 2507; x_wconf 82' lang='lat' dir='ltr'><strong>patientia</strong></span> <span class='ocrx_word' id='word_1_341' title='bbox 1288 2455 1317 2492; x_wconf 89' lang='lat' dir='ltr'><strong>a</strong></span> <span class='ocrx_word' id='word_1_342' title='bbox 1348 2441 1453 2494; x_wconf 87' lang='lat' dir='ltr'><strong>Deo</strong></span> <span class='ocrx_word' id='word_1_343' title='bbox 1484 2451 1587 2495; x_wconf 90' lang='lat' dir='ltr'><strong>est.</strong></span> <span class='ocrx_word' id='word_1_344' title='bbox 1618 2442 1751 2496; x_wconf 88' lang='lat' dir='ltr'><strong>Cum</strong></span> <span class='ocrx_word' id='word_1_345' title='bbox 1777 2459 1902 2512; x_wconf 78' lang='lat' dir='ltr'><strong>ergo</strong></span> 
     </span>
    </p>
   </div>
   <div class='ocr_carea' id='block_1_42' title="bbox 354 2530 1907 2601">
    <p class='ocr_par' dir='ltr' id='par_1_42' title="bbox 354 2530 1907 2601">
     <span class='ocr_line' id='line_1_42' title="bbox 354 2530 1907 2601; baseline 0.006 -20"><span class='ocrx_word' id='word_1_346' title='bbox 354 2531 571 2583; x_wconf 85' lang='lat' dir='ltr'><strong>dicitur</strong></span> <span class='ocrx_word' id='word_1_347' title='bbox 605 2530 739 2583; x_wconf 86' lang='lat' dir='ltr'><strong>Dens</strong></span> <span class='ocrx_word' id='word_1_348' title='bbox 771 2533 1060 2595; x_wconf 78' lang='lat' dir='ltr'><strong>patientiw,</strong></span> <span class='ocrx_word' id='word_1_349' title='bbox 1096 2533 1196 2586; x_wconf 82' lang='lat' dir='ltr'><strong>hoc</strong></span> <span class='ocrx_word' id='word_1_350' title='bbox 1222 2545 1302 2586; x_wconf 86' lang='lat' dir='ltr'><strong>est</strong></span> <span class='ocrx_word' id='word_1_351' title='bbox 1330 2535 1468 2601; x_wconf 88' lang='lat' dir='ltr'><strong>quod</strong></span> <span class='ocrx_word' id='word_1_352' title='bbox 1495 2535 1703 2588; x_wconf 84' lang='lat' dir='ltr'><strong>videtur</strong></span> <span class='ocrx_word' id='word_1_353' title='bbox 1726 2544 1907 2590; x_wconf 82' lang='lat' dir='ltr'><strong>osten-</strong></span> 
     </span>
    </p>
   </div>
   <div class='ocr_carea' id='block_1_43' title="bbox 352 2620 1903 2689">
    <p class='ocr_par' dir='ltr' id='par_1_43' title="bbox 352 2620 1903 2689">
     <span class='ocr_line' id='line_1_43' title="bbox 352 2620 1903 2689; baseline 0.004 -18"><span class='ocrx_word' id='word_1_354' title='bbox 352 2620 446 2683; x_wconf 88' lang='lat' dir='ltr'><strong>di,</strong></span> <span class='ocrx_word' id='word_1_355' title='bbox 470 2620 593 2686; x_wconf 86' lang='lat' dir='ltr'><strong>quia</strong></span> <span class='ocrx_word' id='word_1_356' title='bbox 628 2620 762 2673; x_wconf 84' lang='lat' dir='ltr'><strong>Dcus</strong></span> <span class='ocrx_word' id='word_1_357' title='bbox 784 2637 900 2673; x_wconf 91' lang='lat' dir='ltr'><strong>cum</strong></span> <span class='ocrx_word' id='word_1_358' title='bbox 928 2622 1008 2675; x_wconf 92' lang='lat' dir='ltr'><strong>his</strong></span> <span class='ocrx_word' id='word_1_359' title='bbox 1031 2631 1114 2675; x_wconf 90' lang='lat' dir='ltr'><strong>est</strong></span> <span class='ocrx_word' id='word_1_360' title='bbox 1144 2624 1230 2689; x_wconf 88' lang='lat' dir='ltr'><strong>qui</strong></span> <span class='ocrx_word' id='word_1_361' title='bbox 1256 2624 1456 2678; x_wconf 87' lang='lat' dir='ltr'><strong>habent</strong></span> <span class='ocrx_word' id='word_1_362' title='bbox 1485 2626 1536 2677; x_wconf 91' lang='lat' dir='ltr'><strong>in</strong></span> <span class='ocrx_word' id='word_1_363' title='bbox 1561 2639 1620 2679; x_wconf 88' lang='lat' dir='ltr'><strong>se</strong></span> <span class='ocrx_word' id='word_1_364' title='bbox 1652 2626 1903 2678; x_wconf 81' lang='lat' dir='ltr'><strong>virtutem</strong></span> 
     </span>
    </p>
   </div>
   <div class='ocr_carea' id='block_1_44' title="bbox 352 2707 1902 2777">
    <p class='ocr_par' dir='ltr' id='par_1_44' title="bbox 352 2707 1902 2777">
     <span class='ocr_line' id='line_1_44' title="bbox 352 2707 1902 2777; baseline 0.003 -18"><span class='ocrx_word' id='word_1_365' title='bbox 352 2708 683 2777; x_wconf 60' lang='lat' dir='ltr'><strong>patientiae:</strong></span> <span class='ocrx_word' id='word_1_366' title='bbox 720 2707 859 2759; x_wconf 88' lang='lat' dir='ltr'><strong>sicut</strong></span> <span class='ocrx_word' id='word_1_367' title='bbox 906 2721 1024 2760; x_wconf 91' lang='lat' dir='ltr'><strong>cum</strong></span> <span class='ocrx_word' id='word_1_368' title='bbox 1056 2710 1248 2762; x_wconf 90' lang='lat' dir='ltr'><strong>dicitur</strong></span> <span class='ocrx_word' id='word_1_369' title='bbox 1276 2709 1411 2763; x_wconf 90' lang='lat' dir='ltr'><strong>Deus</strong></span> <span class='ocrx_word' id='word_1_370' title='bbox 1445 2710 1688 2777; x_wconf 73' lang='lat' dir='ltr'><strong>justitize,</strong></span> <span class='ocrx_word' id='word_1_371' title='bbox 1721 2721 1902 2766; x_wconf 84' lang='lat' dir='ltr'><strong>osten-</strong></span> 
     </span>
    </p>
   </div>
   <div class='ocr_carea' id='block_1_45' title="bbox 351 2797 1901 2869">
    <p class='ocr_par' dir='ltr' id='par_1_45' title="bbox 351 2797 1901 2869">
     <span class='ocr_line' id='line_1_45' title="bbox 351 2797 1901 2869; baseline 0.001 -18"><span class='ocrx_word' id='word_1_372' title='bbox 351 2800 518 2851; x_wconf 89' lang='lat' dir='ltr'><strong>ditur</strong></span> <span class='ocrx_word' id='word_1_373' title='bbox 545 2800 597 2850; x_wconf 92' lang='lat' dir='ltr'><strong>in</strong></span> <span class='ocrx_word' id='word_1_374' title='bbox 629 2797 711 2850; x_wconf 89' lang='lat' dir='ltr'><strong>his</strong></span> <span class='ocrx_word' id='word_1_375' title='bbox 736 2811 853 2849; x_wconf 91' lang='lat' dir='ltr'><strong>esse</strong></span> <span class='ocrx_word' id='word_1_376' title='bbox 881 2797 1018 2852; x_wconf 90' lang='lat' dir='ltr'><strong>Deus</strong></span> <span class='ocrx_word' id='word_1_377' title='bbox 1043 2799 1131 2868; x_wconf 90' lang='lat' dir='ltr'><strong>qui</strong></span> <span class='ocrx_word' id='word_1_378' title='bbox 1179 2808 1392 2854; x_wconf 81' lang='lat' dir='ltr'><strong>servant</strong></span> <span class='ocrx_word' id='word_1_379' title='bbox 1419 2800 1702 2869; x_wconf 86' lang='lat' dir='ltr'><strong>justitiam.</strong></span> <span class='ocrx_word' id='word_1_380' title='bbox 1736 2801 1901 2855; x_wconf 84' lang='lat' dir='ltr'><strong>Simi-</strong></span> 
     </span>
    </p>
   </div>
   <div class='ocr_carea' id='block_1_46' title="bbox 352 2886 1898 2961">
    <p class='ocr_par' dir='ltr' id='par_1_46' title="bbox 352 2886 1898 2961">
     <span class='ocr_line' id='line_1_46' title="bbox 352 2886 1898 2961; baseline 0.003 -22"><span class='ocrx_word' id='word_1_381' title='bbox 352 2887 493 2939; x_wconf 88' lang='lat' dir='ltr'><strong>liter</strong></span> <span class='ocrx_word' id='word_1_382' title='bbox 522 2896 576 2939; x_wconf 90' lang='lat' dir='ltr'><strong>et</strong></span> <span class='ocrx_word' id='word_1_383' title='bbox 602 2887 739 2940; x_wconf 81' lang='lat' dir='ltr'><strong>Deus</strong></span> <span class='ocrx_word' id='word_1_384' title='bbox 761 2886 1022 2949; x_wconf 83' lang='lat' dir='ltr'><strong>veritatis,</strong></span> <span class='ocrx_word' id='word_1_385' title='bbox 1044 2897 1098 2942; x_wconf 91' lang='lat' dir='ltr'><strong>et</strong></span> <span class='ocrx_word' id='word_1_386' title='bbox 1125 2888 1261 2941; x_wconf 90' lang='lat' dir='ltr'><strong>Deus</strong></span> <span class='ocrx_word' id='word_1_387' title='bbox 1285 2889 1562 2957; x_wconf 75' lang='lat' dir='ltr'><strong>sapientia:</strong></span> <span class='ocrx_word' id='word_1_388' title='bbox 1594 2890 1671 2961; x_wconf 87' lang='lat'><strong>(5)</strong></span> <span class='ocrx_word' id='word_1_389' title='bbox 1703 2891 1898 2945; x_wconf 85' lang='lat' dir='ltr'><strong>intelli-</strong></span> 
     </span>
    </p>
   </div>
   <div class='ocr_carea' id='block_1_47' title="bbox 2010 1811 3549 1880">
    <p class='ocr_par' dir='ltr' id='par_1_47' title="bbox 2010 1811 3549 1880">
     <span class='ocr_line' id='line_1_47' title="bbox 2010 1811 3549 1880; baseline -0.001 -14"><span class='ocrx_word' id='word_1_390' title='bbox 2010 1823 2063 1866; x_wconf 92' lang='lat' dir='ltr'><strong>et</strong></span> <span class='ocrx_word' id='word_1_391' title='bbox 2118 1813 2352 1866; x_wconf 84' lang='lat' dir='ltr'><strong>Elchana</strong></span> <span class='ocrx_word' id='word_1_392' title='bbox 2388 1813 2476 1880; x_wconf 90' lang='lat' dir='ltr'><strong>qui</strong></span> <span class='ocrx_word' id='word_1_393' title='bbox 2520 1812 2572 1865; x_wconf 91' lang='lat' dir='ltr'><strong>in</strong></span> <span class='ocrx_word' id='word_1_394' title='bbox 2621 1822 2802 1865; x_wconf 88' lang='lat' dir='ltr'><strong>nostra</strong></span> <span class='ocrx_word' id='word_1_395' title='bbox 2835 1811 3011 1878; x_wconf 79' lang='lat' dir='ltr'><strong>lingua</strong></span> <span class='ocrx_word' id='word_1_396' title='bbox 3053 1811 3249 1866; x_wconf 91' lang='lat' dir='ltr'><strong>dicitur</strong></span> <span class='ocrx_word' id='word_1_397' title='bbox 3296 1812 3549 1878; x_wconf 82' lang='lat' dir='ltr'><strong>possessio</strong></span> 
     </span>
    </p>
   </div>
   <div class='ocr_carea' id='block_1_48' title="bbox 2012 1900 3549 1970">
    <p class='ocr_par' dir='ltr' id='par_1_48' title="bbox 2012 1900 3549 1970">
     <span class='ocr_line' id='line_1_48' title="bbox 2012 1900 3549 1970; baseline -0.001 -15"><span class='ocrx_word' id='word_1_398' title='bbox 2012 1900 2199 1964; x_wconf 87' lang='lat' dir='ltr'><strong>Dei,et</strong></span> <span class='ocrx_word' id='word_1_399' title='bbox 2224 1901 2492 1968; x_wconf 85' lang='lat' dir='ltr'><strong>Abiasaph</strong></span> <span class='ocrx_word' id='word_1_400' title='bbox 2525 1901 2611 1970; x_wconf 93' lang='lat' dir='ltr'><strong>qui</strong></span> <span class='ocrx_word' id='word_1_401' title='bbox 2643 1902 2694 1955; x_wconf 91' lang='lat' dir='ltr'><strong>in</strong></span> <span class='ocrx_word' id='word_1_402' title='bbox 2721 1900 2909 1954; x_wconf 85' lang='lat' dir='ltr'><strong>Latino</strong></span> <span class='ocrx_word' id='word_1_403' title='bbox 2935 1915 3180 1955; x_wconf 89' lang='lat' dir='ltr'><strong>sermone</strong></span> <span class='ocrx_word' id='word_1_404' title='bbox 3210 1902 3407 1954; x_wconf 87' lang='lat' dir='ltr'><strong>indicat</strong></span> <span class='ocrx_word' id='word_1_405' title='bbox 3433 1916 3549 1955; x_wconf 88' lang='lat' dir='ltr'><strong>con-</strong></span> 
     </span>
    </p>
   </div>
   <div class='ocr_carea' id='block_1_49' title="bbox 2009 1991 3548 2062">
    <p class='ocr_par' dir='ltr' id='par_1_49' title="bbox 2009 1991 3548 2062">
     <span class='ocr_line' id='line_1_49' title="bbox 2009 1991 3548 2062; baseline 0.001 -18"><span class='ocrx_word' id='word_1_406' title='bbox 2009 1994 2353 2062; x_wconf 84' lang='lat' dir='ltr'><strong>gregationem</strong></span> <span class='ocrx_word' id='word_1_407' title='bbox 2379 1993 2545 2060; x_wconf 84' lang='lat' dir='ltr'><strong>patris</strong></span> <span class='ocrx_word' id='word_1_408' title='bbox 2565 2032 2581 2057; x_wconf 96' lang='lat'><strong>,</strong></span> <span class='ocrx_word' id='word_1_409' title='bbox 2610 2008 2728 2045; x_wconf 81' lang='lat' dir='ltr'><strong>cum</strong></span> <span class='ocrx_word' id='word_1_410' title='bbox 2758 2001 2909 2059; x_wconf 89' lang='lat' dir='ltr'><strong>pater</strong></span> <span class='ocrx_word' id='word_1_411' title='bbox 2936 2006 3119 2045; x_wconf 86' lang='lat' dir='ltr'><strong>eorum</strong></span> <span class='ocrx_word' id='word_1_412' title='bbox 3166 1991 3301 2045; x_wconf 87' lang='lat' dir='ltr'><strong>Core</strong></span> <span class='ocrx_word' id='word_1_413' title='bbox 3330 2006 3548 2059; x_wconf 87' lang='lat' dir='ltr'><strong>peccas-</strong></span> 
     </span>
    </p>
   </div>
   <div class='ocr_carea' id='block_1_50' title="bbox 2008 2080 3548 2148">
    <p class='ocr_par' dir='ltr' id='par_1_50' title="bbox 2008 2080 3548 2148">
     <span class='ocr_line' id='line_1_50' title="bbox 2008 2080 3548 2148; baseline 0 -13"><span class='ocrx_word' id='word_1_414' title='bbox 2008 2092 2092 2136; x_wconf 88' lang='lat' dir='ltr'><strong>set</strong></span> <span class='ocrx_word' id='word_1_415' title='bbox 2123 2098 2226 2135; x_wconf 90' lang='lat' dir='ltr'><strong>uua</strong></span> <span class='ocrx_word' id='word_1_416' title='bbox 2258 2096 2380 2136; x_wconf 89' lang='lat' dir='ltr'><strong>cum</strong></span> <span class='ocrx_word' id='word_1_417' title='bbox 2413 2081 2615 2134; x_wconf 88' lang='lat' dir='ltr'><strong>Dathan</strong></span> <span class='ocrx_word' id='word_1_418' title='bbox 2661 2091 2714 2132; x_wconf 91' lang='lat' dir='ltr'><strong>et</strong></span> <span class='ocrx_word' id='word_1_419' title='bbox 2745 2081 2948 2134; x_wconf 83' lang='lat' dir='ltr'><strong>Abiron</strong></span> <span class='ocrx_word' id='word_1_420' title='bbox 2984 2081 3058 2142; x_wconf 81' lang='lat'><strong>&quot;,</strong></span> <span class='ocrx_word' id='word_1_421' title='bbox 3085 2091 3140 2132; x_wconf 94' lang='lat' dir='ltr'><strong>et</strong></span> <span class='ocrx_word' id='word_1_422' title='bbox 3174 2080 3421 2135; x_wconf 84' lang='lat' dir='ltr'><strong>omnibus</strong></span> <span class='ocrx_word' id='word_1_423' title='bbox 3454 2080 3548 2148; x_wconf 88' lang='lat' dir='ltr'><strong>qui</strong></span> 
     </span>
    </p>
   </div>
   <div class='ocr_carea' id='block_1_51' title="bbox 2008 2169 3545 2238">
    <p class='ocr_par' dir='ltr' id='par_1_51' title="bbox 2008 2169 3545 2238">
     <span class='ocr_line' id='line_1_51' title="bbox 2008 2169 3545 2238; baseline 0.001 -14"><span class='ocrx_word' id='word_1_424' title='bbox 2008 2180 2394 2225; x_wconf 87' lang='lat' dir='ltr'><strong>consenserunt</strong></span> <span class='ocrx_word' id='word_1_425' title='bbox 2418 2170 2519 2232; x_wconf 87' lang='lat' dir='ltr'><strong>eis.</strong></span> <span class='ocrx_word' id='word_1_426' title='bbox 2545 2180 2600 2222; x_wconf 92' lang='lat' dir='ltr'><strong>et</strong></span> <span class='ocrx_word' id='word_1_427' title='bbox 2622 2170 2811 2223; x_wconf 75' lang='lat' dir='ltr'><strong>divina:</strong></span> <span class='ocrx_word' id='word_1_428' title='bbox 2838 2169 3053 2223; x_wconf 87' lang='lat' dir='ltr'><strong>ultionis</strong></span> <span class='ocrx_word' id='word_1_429' title='bbox 3075 2170 3125 2221; x_wconf 92' lang='lat' dir='ltr'><strong>in</strong></span> <span class='ocrx_word' id='word_1_430' title='bbox 3148 2183 3241 2223; x_wconf 90' lang='lat' dir='ltr'><strong>eos</strong></span> <span class='ocrx_word' id='word_1_431' title='bbox 3263 2179 3545 2238; x_wconf 89' lang='lat' dir='ltr'><strong>pararetur</strong></span> 
     </span>
    </p>
   </div>
   <div class='ocr_carea' id='block_1_52' title="bbox 2006 2258 3540 2330">
    <p class='ocr_par' dir='ltr' id='par_1_52' title="bbox 2006 2258 3540 2330">
     <span class='ocr_line' id='line_1_52' title="bbox 2006 2258 3540 2330; baseline -0.001 -15"><span class='ocrx_word' id='word_1_432' title='bbox 2006 2262 2309 2324; x_wconf 84' lang='lat' dir='ltr'><strong>excidium,</strong></span> <span class='ocrx_word' id='word_1_433' title='bbox 2340 2262 2469 2315; x_wconf 89' lang='lat' dir='ltr'><strong>istos</strong></span> <span class='ocrx_word' id='word_1_434' title='bbox 2503 2274 2814 2329; x_wconf 73' lang='lat' dir='ltr'><strong>segregasse</strong></span> <span class='ocrx_word' id='word_1_435' title='bbox 2841 2275 2899 2314; x_wconf 90' lang='lat' dir='ltr'><strong>se</strong></span> <span class='ocrx_word' id='word_1_436' title='bbox 2926 2276 2953 2311; x_wconf 88' lang='lat' dir='ltr'><strong>a</strong></span> <span class='ocrx_word' id='word_1_437' title='bbox 2983 2270 3122 2314; x_wconf 74' lang='lat' dir='ltr'><strong>ctetu</strong></span> <span class='ocrx_word' id='word_1_438' title='bbox 3167 2258 3372 2314; x_wconf 85' lang='lat' dir='ltr'><strong>nefario</strong></span> <span class='ocrx_word' id='word_1_439' title='bbox 3402 2258 3540 2330; x_wconf 80' lang='lat' dir='ltr'><strong>(l3).</strong></span> 
     </span>
    </p>
   </div>
   <div class='ocr_carea' id='block_1_53' title="bbox 2006 2348 3544 2418">
    <p class='ocr_par' dir='ltr' id='par_1_53' title="bbox 2006 2348 3544 2418">
     <span class='ocr_line' id='line_1_53' title="bbox 2006 2348 3544 2418; baseline -0.001 -15"><span class='ocrx_word' id='word_1_440' title='bbox 2006 2359 2061 2404; x_wconf 92' lang='lat' dir='ltr'><strong>et</strong></span> <span class='ocrx_word' id='word_1_441' title='bbox 2089 2348 2155 2403; x_wconf 91' lang='lat' dir='ltr'><strong>ab</strong></span> <span class='ocrx_word' id='word_1_442' title='bbox 2184 2350 2342 2418; x_wconf 90' lang='lat' dir='ltr'><strong>impia</strong></span> <span class='ocrx_word' id='word_1_443' title='bbox 2376 2348 2769 2417; x_wconf 88' lang='lat' dir='ltr'><strong>conspiratione</strong></span> <span class='ocrx_word' id='word_1_444' title='bbox 2808 2357 3170 2416; x_wconf 84' lang='lat' dir='ltr'><strong>sequestratos</strong></span> <span class='ocrx_word' id='word_1_445' title='bbox 3216 2348 3544 2409; x_wconf 75' lang='lat' dir='ltr'><strong>unanimiter</strong></span> 
     </span>
    </p>
   </div>
   <div class='ocr_carea' id='block_1_54' title="bbox 2007 2438 3542 2508">
    <p class='ocr_par' dir='ltr' id='par_1_54' title="bbox 2007 2438 3542 2508">
     <span class='ocr_line' id='line_1_54' title="bbox 2007 2438 3542 2508; baseline 0.001 -16"><span class='ocrx_word' id='word_1_446' title='bbox 2007 2440 2071 2492; x_wconf 89' lang='lat' dir='ltr'><strong>ad</strong></span> <span class='ocrx_word' id='word_1_447' title='bbox 2125 2439 2287 2493; x_wconf 81' lang='lat' dir='ltr'><strong>Deum</strong></span> <span class='ocrx_word' id='word_1_448' title='bbox 2330 2454 2543 2506; x_wconf 86' lang='lat' dir='ltr'><strong>precem</strong></span> <span class='ocrx_word' id='word_1_449' title='bbox 2588 2438 2911 2507; x_wconf 71' lang='lat' dir='ltr'><strong>pceuitentiae</strong></span> <span class='ocrx_word' id='word_1_450' title='bbox 2974 2438 3274 2506; x_wconf 82' lang='lat' dir='ltr'><strong>profudisse</strong></span> <span class='ocrx_word' id='word_1_451' title='bbox 3315 2456 3329 2492; x_wconf 88' lang='lat'><strong>:</strong></span> <span class='ocrx_word' id='word_1_452' title='bbox 3381 2447 3542 2508; x_wconf 91' lang='lat' dir='ltr'><strong>atque</strong></span> 
     </span>
    </p>
   </div>
   <div class='ocr_carea' id='block_1_55' title="bbox 2003 2527 3544 2595">
    <p class='ocr_par' dir='ltr' id='par_1_55' title="bbox 2003 2527 3544 2595">
     <span class='ocr_line' id='line_1_55' title="bbox 2003 2527 3544 2595; baseline 0.002 -16"><span class='ocrx_word' id='word_1_453' title='bbox 2003 2528 2277 2581; x_wconf 80' lang='lat' dir='ltr'><strong>exauditos</strong></span> <span class='ocrx_word' id='word_1_454' title='bbox 2320 2543 2349 2579; x_wconf 92' lang='lat' dir='ltr'><strong>a</strong></span> <span class='ocrx_word' id='word_1_455' title='bbox 2383 2527 2490 2581; x_wconf 89' lang='lat' dir='ltr'><strong>Deo</strong></span> <span class='ocrx_word' id='word_1_456' title='bbox 2537 2542 2641 2579; x_wconf 90' lang='lat' dir='ltr'><strong>non</strong></span> <span class='ocrx_word' id='word_1_457' title='bbox 2674 2527 2839 2578; x_wconf 91' lang='lat' dir='ltr'><strong>solum</strong></span> <span class='ocrx_word' id='word_1_458' title='bbox 2871 2527 3079 2580; x_wconf 86' lang='lat' dir='ltr'><strong>veniam</strong></span> <span class='ocrx_word' id='word_1_459' title='bbox 3129 2541 3321 2595; x_wconf 64' lang='lat' dir='ltr'><strong>pinna),</strong></span> <span class='ocrx_word' id='word_1_460' title='bbox 3368 2529 3461 2581; x_wconf 91' lang='lat' dir='ltr'><strong>sed</strong></span> <span class='ocrx_word' id='word_1_461' title='bbox 3489 2536 3544 2582; x_wconf 83' lang='lat' dir='ltr'><strong>et</strong></span> 
     </span>
    </p>
   </div>
   <div class='ocr_carea' id='block_1_56' title="bbox 2004 2616 3536 2684">
    <p class='ocr_par' dir='ltr' id='par_1_56' title="bbox 2004 2616 3536 2684">
     <span class='ocr_line' id='line_1_56' title="bbox 2004 2616 3536 2684; baseline 0.002 -17"><span class='ocrx_word' id='word_1_462' title='bbox 2004 2617 2294 2683; x_wconf 62' lang='lat' dir='ltr'><strong>prophetiae</strong></span> <span class='ocrx_word' id='word_1_463' title='bbox 2321 2618 2548 2684; x_wconf 79' lang='lat' dir='ltr'><strong>gratiam</strong></span> <span class='ocrx_word' id='word_1_464' title='bbox 2595 2616 2891 2682; x_wconf 89' lang='lat' dir='ltr'><strong>meruisse;</strong></span> <span class='ocrx_word' id='word_1_465' title='bbox 2919 2628 2973 2670; x_wconf 90' lang='lat' dir='ltr'><strong>et</strong></span> <span class='ocrx_word' id='word_1_466' title='bbox 3016 2617 3117 2669; x_wconf 88' lang='lat' dir='ltr'><strong>hoc</strong></span> <span class='ocrx_word' id='word_1_467' title='bbox 3159 2630 3369 2684; x_wconf 87' lang='lat' dir='ltr'><strong>quoque</strong></span> <span class='ocrx_word' id='word_1_468' title='bbox 3393 2616 3472 2670; x_wconf 86' lang='lat' dir='ltr'><strong>eis</strong></span> <span class='ocrx_word' id='word_1_469' title='bbox 3507 2634 3536 2669; x_wconf 91' lang='lat' dir='ltr'><strong>a</strong></span> 
     </span>
    </p>
   </div>
   <div class='ocr_carea' id='block_1_57' title="bbox 2007 2704 3540 2775">
    <p class='ocr_par' dir='ltr' id='par_1_57' title="bbox 2007 2704 3540 2775">
     <span class='ocr_line' id='line_1_57' title="bbox 2007 2704 3540 2775; baseline 0.003 -19"><span class='ocrx_word' id='word_1_470' title='bbox 2007 2704 2113 2758; x_wconf 86' lang='lat' dir='ltr'><strong>Deo</strong></span> <span class='ocrx_word' id='word_1_471' title='bbox 2145 2706 2485 2772; x_wconf 87' lang='lat' dir='ltr'><strong>poscentibus</strong></span> <span class='ocrx_word' id='word_1_472' title='bbox 2515 2720 2633 2761; x_wconf 89' lang='lat' dir='ltr'><strong>esse</strong></span> <span class='ocrx_word' id='word_1_473' title='bbox 2659 2707 2980 2775; x_wconf 67' lang='lat' dir='ltr'><strong>praestitum,</strong></span> <span class='ocrx_word' id='word_1_474' title='bbox 3016 2722 3082 2761; x_wconf 90' lang='lat' dir='ltr'><strong>ne</strong></span> <span class='ocrx_word' id='word_1_475' title='bbox 3110 2707 3236 2775; x_wconf 87' lang='lat' dir='ltr'><strong>quid</strong></span> <span class='ocrx_word' id='word_1_476' title='bbox 3267 2706 3420 2760; x_wconf 88' lang='lat' dir='ltr'><strong>triste</strong></span> <span class='ocrx_word' id='word_1_477' title='bbox 3448 2716 3540 2760; x_wconf 89' lang='lat' dir='ltr'><strong>aut</strong></span> 
     </span>
    </p>
   </div>
   <div class='ocr_carea' id='block_1_58' title="bbox 2002 2793 3538 2864">
    <p class='ocr_par' dir='ltr' id='par_1_58' title="bbox 2002 2793 3538 2864">
     <span class='ocr_line' id='line_1_58' title="bbox 2002 2793 3538 2864; baseline 0.003 -18"><span class='ocrx_word' id='word_1_478' title='bbox 2002 2793 2277 2849; x_wconf 80' lang='lat' dir='ltr'><strong>exitiabile</strong></span> <span class='ocrx_word' id='word_1_479' title='bbox 2306 2797 2627 2864; x_wconf 87' lang='lat' dir='ltr'><strong>prophetare</strong></span> <span class='ocrx_word' id='word_1_480' title='bbox 2660 2795 2978 2862; x_wconf 77' lang='lat' dir='ltr'><strong>iuberentur</strong></span> <span class='ocrx_word' id='word_1_481' title='bbox 3001 2809 3016 2847; x_wconf 92' lang='lat'><strong>:</strong></span> <span class='ocrx_word' id='word_1_482' title='bbox 3043 2805 3096 2850; x_wconf 92' lang='lat' dir='ltr'><strong>et</strong></span> <span class='ocrx_word' id='word_1_483' title='bbox 3125 2797 3193 2849; x_wconf 92' lang='lat' dir='ltr'><strong>ob</strong></span> <span class='ocrx_word' id='word_1_484' title='bbox 3218 2797 3320 2851; x_wconf 89' lang='lat' dir='ltr'><strong>hoc</strong></span> <span class='ocrx_word' id='word_1_485' title='bbox 3351 2810 3538 2851; x_wconf 85' lang='lat' dir='ltr'><strong>omnes</strong></span> 
     </span>
    </p>
   </div>
   <div class='ocr_carea' id='block_1_59' title="bbox 2001 2881 3538 2951">
    <p class='ocr_par' dir='ltr' id='par_1_59' title="bbox 2001 2881 3538 2951">
     <span class='ocr_line' id='line_1_59' title="bbox 2001 2881 3538 2951; baseline 0.005 -18"><span class='ocrx_word' id='word_1_486' title='bbox 2001 2881 2239 2936; x_wconf 78' lang='lat' dir='ltr'><strong>i&#39;salmos</strong></span> <span class='ocrx_word' id='word_1_487' title='bbox 2266 2883 2570 2951; x_wconf 86' lang='lat' dir='ltr'><strong>quicunque</strong></span> <span class='ocrx_word' id='word_1_488' title='bbox 2602 2882 2905 2938; x_wconf 87' lang='lat' dir='ltr'><strong>nominibus</strong></span> <span class='ocrx_word' id='word_1_489' title='bbox 2936 2898 3118 2937; x_wconf 90' lang='lat' dir='ltr'><strong>eorum</strong></span> <span class='ocrx_word' id='word_1_490' title='bbox 3172 2884 3424 2939; x_wconf 88' lang='lat' dir='ltr'><strong>attitulati</strong></span> <span class='ocrx_word' id='word_1_491' title='bbox 3456 2901 3538 2941; x_wconf 89' lang='lat' dir='ltr'><strong>re-</strong></span> 
     </span>
    </p>
   </div>
   <div class='ocr_carea' id='block_1_60' title="bbox 349 2970 1905 3056">
    <p class='ocr_par' dir='ltr' id='par_1_60' title="bbox 349 2974 1897 3041">
     <span class='ocr_line' id='line_1_60' title="bbox 349 2974 1897 3041; baseline 0.005 -14"><span class='ocrx_word' id='word_1_492' title='bbox 349 2976 534 3041; x_wconf 71' lang='lat' dir='ltr'><strong>gitur.</strong></span> <span class='ocrx_word' id='word_1_493' title='bbox 579 2975 683 3028; x_wconf 88' lang='lat' dir='ltr'><strong>Sed</strong></span> <span class='ocrx_word' id='word_1_494' title='bbox 711 2983 764 3029; x_wconf 91' lang='lat' dir='ltr'><strong>et</strong></span> <span class='ocrx_word' id='word_1_495' title='bbox 804 2974 942 3028; x_wconf 84' lang='lat' dir='ltr'><strong>Deus</strong></span> <span class='ocrx_word' id='word_1_496' title='bbox 969 2978 1330 3032; x_wconf 85' lang='lat' dir='ltr'><strong>consolationis</strong></span> <span class='ocrx_word' id='word_1_497' title='bbox 1369 2993 1487 3032; x_wconf 90' lang='lat' dir='ltr'><strong>cum</strong></span> <span class='ocrx_word' id='word_1_498' title='bbox 1534 2979 1746 3041; x_wconf 86' lang='lat' dir='ltr'><strong>dicitur.</strong></span> <span class='ocrx_word' id='word_1_499' title='bbox 1780 2996 1897 3034; x_wconf 92' lang='lat' dir='ltr'><strong>cum</strong></span> 
     </span>
    </p>
   </div>
   <div class='ocr_carea' id='block_1_61' title="bbox 2004 2970 3536 3056">
    <p class='ocr_par' dir='ltr' id='par_1_61' title="bbox 2004 2970 3536 3043">
     <span class='ocr_line' id='line_1_61' title="bbox 2004 2970 3536 3043; baseline 0.004 -21"><span class='ocrx_word' id='word_1_500' title='bbox 2004 2970 2271 3036; x_wconf 87' lang='lat' dir='ltr'><strong>feruntur,</strong></span> <span class='ocrx_word' id='word_1_501' title='bbox 2302 2972 2434 3026; x_wconf 87' lang='lat' dir='ltr'><strong>nihil</strong></span> <span class='ocrx_word' id='word_1_502' title='bbox 2464 2974 2612 3026; x_wconf 88' lang='lat' dir='ltr'><strong>triste</strong></span> <span class='ocrx_word' id='word_1_503' title='bbox 2633 2973 2911 3026; x_wconf 89' lang='lat' dir='ltr'><strong>adversum</strong></span> <span class='ocrx_word' id='word_1_504' title='bbox 2939 2982 3249 3040; x_wconf 85' lang='lat' dir='ltr'><strong>peccatores</strong></span> <span class='ocrx_word' id='word_1_505' title='bbox 3269 2982 3360 3028; x_wconf 86' lang='lat' dir='ltr'><strong>aut</strong></span> <span class='ocrx_word' id='word_1_506' title='bbox 3381 2990 3536 3043; x_wconf 84' lang='lat' dir='ltr'><strong>aspe-</strong></span> 
     </span>
    </p>
   </div>
   <div class='ocr_carea' id='block_1_62' title="bbox 350 3067 1901 3136">
    <p class='ocr_par' dir='ltr' id='par_1_62' title="bbox 350 3067 1901 3136">
     <span class='ocr_line' id='line_1_62' title="bbox 350 3067 1901 3136; baseline 0.003 -16"><span class='ocrx_word' id='word_1_507' title='bbox 350 3068 475 3121; x_wconf 80' lang='lat' dir='ltr'><strong>illis</strong></span> <span class='ocrx_word' id='word_1_508' title='bbox 515 3080 634 3120; x_wconf 87' lang='lat' dir='ltr'><strong>esse</strong></span> <span class='ocrx_word' id='word_1_509' title='bbox 661 3067 955 3119; x_wconf 88' lang='lat' dir='ltr'><strong>ostenditur</strong></span> <span class='ocrx_word' id='word_1_510' title='bbox 985 3068 1124 3121; x_wconf 92' lang='lat' dir='ltr'><strong>Deus</strong></span> <span class='ocrx_word' id='word_1_511' title='bbox 1153 3067 1242 3134; x_wconf 89' lang='lat' dir='ltr'><strong>qui</strong></span> <span class='ocrx_word' id='word_1_512' title='bbox 1291 3082 1355 3121; x_wconf 82' lang='lat' dir='ltr'><strong>ex</strong></span> <span class='ocrx_word' id='word_1_513' title='bbox 1384 3068 1575 3122; x_wconf 87' lang='lat' dir='ltr'><strong>divinis</strong></span> <span class='ocrx_word' id='word_1_514' title='bbox 1609 3068 1901 3136; x_wconf 77' lang='lat' dir='ltr'><strong>Scripturis</strong></span> 
     </span>
    </p>
   </div>
   <div class='ocr_carea' id='block_1_63' title="bbox 349 3153 1901 3223">
    <p class='ocr_par' dir='ltr' id='par_1_63' title="bbox 349 3153 1901 3223">
     <span class='ocr_line' id='line_1_63' title="bbox 349 3153 1901 3223; baseline 0.003 -17"><span class='ocrx_word' id='word_1_515' title='bbox 349 3167 461 3223; x_wconf 88' lang='lat' dir='ltr'><strong>per</strong></span> <span class='ocrx_word' id='word_1_516' title='bbox 496 3153 895 3219; x_wconf 77' lang='lat' dir='ltr'><strong>intelligentiam</strong></span> <span class='ocrx_word' id='word_1_517' title='bbox 924 3153 1215 3219; x_wconf 87' lang='lat' dir='ltr'><strong>spiritalem</strong></span> <span class='ocrx_word' id='word_1_518' title='bbox 1235 3154 1649 3208; x_wconf 86' lang='lat' dir='ltr'><strong>consolationem</strong></span> <span class='ocrx_word' id='word_1_519' title='bbox 1672 3154 1901 3222; x_wconf 84' lang='lat' dir='ltr'><strong>Spiritus</strong></span> 
     </span>
    </p>
   </div>
   <div class='ocr_carea' id='block_1_64' title="bbox 348 3239 1897 3309">
    <p class='ocr_par' dir='ltr' id='par_1_64' title="bbox 348 3239 1897 3309">
     <span class='ocr_line' id='line_1_64' title="bbox 348 3239 1897 3309; baseline -0.001 -14"><span class='ocrx_word' id='word_1_520' title='bbox 348 3240 606 3307; x_wconf 88' lang='lat' dir='ltr'><strong>capiunt.</strong></span> <span class='ocrx_word' id='word_1_521' title='bbox 638 3239 776 3291; x_wconf 88' lang='lat' dir='ltr'><strong>Deus</strong></span> <span class='ocrx_word' id='word_1_522' title='bbox 802 3254 927 3305; x_wconf 79' lang='lat' dir='ltr'><strong>ergo</strong></span> <span class='ocrx_word' id='word_1_523' title='bbox 955 3239 1213 3306; x_wconf 76' lang='lat' dir='ltr'><strong>patientia:</strong></span> <span class='ocrx_word' id='word_1_524' title='bbox 1243 3239 1316 3309; x_wconf 89' lang='lat'><strong>(6)</strong></span> <span class='ocrx_word' id='word_1_525' title='bbox 1344 3249 1391 3293; x_wconf 87' lang='lat' dir='ltr'><strong>et</strong></span> <span class='ocrx_word' id='word_1_526' title='bbox 1418 3242 1787 3294; x_wconf 83' lang='lat' dir='ltr'><strong>consolationis</strong></span> <span class='ocrx_word' id='word_1_527' title='bbox 1817 3245 1897 3294; x_wconf 87' lang='lat' dir='ltr'><strong>det</strong></span> 
     </span>
    </p>
   </div>
   <div class='ocr_carea' id='block_1_65' title="bbox 347 3328 1898 3394">
    <p class='ocr_par' dir='ltr' id='par_1_65' title="bbox 347 3328 1898 3394">
     <span class='ocr_line' id='line_1_65' title="bbox 347 3328 1898 3394; baseline 0.001 -11"><span class='ocrx_word' id='word_1_528' title='bbox 347 3331 529 3392; x_wconf 91' lang='lat' dir='ltr'><strong>vobis,</strong></span> <span class='ocrx_word' id='word_1_529' title='bbox 550 3328 740 3393; x_wconf 89' lang='lat' dir='ltr'><strong>inquit,</strong></span> <span class='ocrx_word' id='word_1_530' title='bbox 770 3329 988 3394; x_wconf 80' lang='lat' dir='ltr'><strong>idipsvm</strong></span> <span class='ocrx_word' id='word_1_531' title='bbox 1011 3345 1185 3394; x_wconf 82' lang='lat' dir='ltr'><strong>sapere</strong></span> <span class='ocrx_word' id='word_1_532' title='bbox 1211 3331 1263 3381; x_wconf 88' lang='lat' dir='ltr'><strong>in</strong></span> <span class='ocrx_word' id='word_1_533' title='bbox 1288 3330 1591 3385; x_wconf 87' lang='lat' dir='ltr'><strong>alterutrum</strong></span> <span class='ocrx_word' id='word_1_534' title='bbox 1615 3334 1898 3386; x_wconf 85' lang='lat' dir='ltr'><strong>secundum</strong></span> 
     </span>
    </p>
   </div>
   <div class='ocr_carea' id='block_1_66' title="bbox 345 3416 1898 3486">
    <p class='ocr_par' dir='ltr' id='par_1_66' title="bbox 345 3416 1898 3486">
     <span class='ocr_line' id='line_1_66' title="bbox 345 3416 1898 3486; baseline -0.001 -12"><span class='ocrx_word' id='word_1_535' title='bbox 345 3420 550 3473; x_wconf 84' lang='lat' dir='ltr'><strong>Jesnm</strong></span> <span class='ocrx_word' id='word_1_536' title='bbox 572 3416 852 3471; x_wconf 80' lang='lat' dir='ltr'><strong>Christum.</strong></span> <span class='ocrx_word' id='word_1_537' title='bbox 882 3416 938 3468; x_wconf 92' lang='lat' dir='ltr'><strong>In</strong></span> <span class='ocrx_word' id='word_1_538' title='bbox 966 3417 1066 3469; x_wconf 90' lang='lat' dir='ltr'><strong>hoc</strong></span> <span class='ocrx_word' id='word_1_539' title='bbox 1092 3416 1285 3470; x_wconf 87' lang='lat' dir='ltr'><strong>Paulus</strong></span> <span class='ocrx_word' id='word_1_540' title='bbox 1309 3420 1726 3486; x_wconf 86' lang='lat' dir='ltr'><strong>patriarcharum</strong></span> <span class='ocrx_word' id='word_1_541' title='bbox 1755 3436 1898 3474; x_wconf 86' lang='lat' dir='ltr'><strong>more</strong></span> 
     </span>
    </p>
   </div>
   <div class='ocr_carea' id='block_1_67' title="bbox 343 3505 1896 3577">
    <p class='ocr_par' dir='ltr' id='par_1_67' title="bbox 343 3505 1896 3577">
     <span class='ocr_line' id='line_1_67' title="bbox 343 3505 1896 3577; baseline 0 -15"><span class='ocrx_word' id='word_1_542' title='bbox 343 3521 409 3565; x_wconf 84' lang='lat' dir='ltr'><strong>et</strong></span> <span class='ocrx_word' id='word_1_543' title='bbox 440 3507 846 3577; x_wconf 86' lang='lat' dir='ltr'><strong>prophetarum,</strong></span> <span class='ocrx_word' id='word_1_544' title='bbox 876 3520 1100 3572; x_wconf 89' lang='lat' dir='ltr'><strong>quorum</strong></span> <span class='ocrx_word' id='word_1_545' title='bbox 1133 3505 1527 3561; x_wconf 90' lang='lat' dir='ltr'><strong>benedictiones</strong></span> <span class='ocrx_word' id='word_1_546' title='bbox 1568 3509 1779 3575; x_wconf 59' lang='lat' dir='ltr'><strong>scripta</strong></span> <span class='ocrx_word' id='word_1_547' title='bbox 1814 3524 1896 3562; x_wconf 80' lang='lat' dir='ltr'><strong>re-</strong></span> 
     </span>
    </p>
   </div>
   <div class='ocr_carea' id='block_1_68' title="bbox 260 3595 1895 3661">
    <p class='ocr_par' dir='ltr' id='par_1_68' title="bbox 260 3595 1895 3661">
     <span class='ocr_line' id='line_1_68' title="bbox 260 3595 1895 3661; baseline 0.001 -8"><span class='ocrx_word' id='word_1_548' title='bbox 260 3642 263 3645; x_wconf 93' lang='lat'><strong>.</strong></span> <span class='ocrx_word' id='word_1_549' title='bbox 348 3600 633 3657; x_wconf 74' lang='lat' dir='ltr'><strong>feruntur,</strong></span> <span class='ocrx_word' id='word_1_550' title='bbox 670 3595 1065 3651; x_wconf 88' lang='lat' dir='ltr'><strong>benedictiones</strong></span> <span class='ocrx_word' id='word_1_551' title='bbox 1110 3598 1293 3651; x_wconf 92' lang='lat' dir='ltr'><strong>tribuit</strong></span> <span class='ocrx_word' id='word_1_552' title='bbox 1342 3598 1632 3661; x_wconf 82' lang='lat' dir='ltr'><strong>Romanis,</strong></span> <span class='ocrx_word' id='word_1_553' title='bbox 1668 3615 1895 3655; x_wconf 74' lang='lat' dir='ltr'><strong>exorans</strong></span> 
     </span>
    </p>
   </div>
   <div class='ocr_carea' id='block_1_69' title="bbox 342 3685 1895 3757">
    <p class='ocr_par' dir='ltr' id='par_1_69' title="bbox 342 3685 1895 3757">
     <span class='ocr_line' id='line_1_69' title="bbox 342 3685 1895 3757; baseline -0.001 -13"><span class='ocrx_word' id='word_1_554' title='bbox 342 3693 436 3743; x_wconf 89' lang='lat' dir='ltr'><strong>eis</strong></span> <span class='ocrx_word' id='word_1_555' title='bbox 474 3687 591 3740; x_wconf 88' lang='lat' dir='ltr'><strong>dari</strong></span> <span class='ocrx_word' id='word_1_556' title='bbox 619 3701 647 3738; x_wconf 91' lang='lat' dir='ltr'><strong>a</strong></span> <span class='ocrx_word' id='word_1_557' title='bbox 674 3685 781 3740; x_wconf 92' lang='lat' dir='ltr'><strong>Deo</strong></span> <span class='ocrx_word' id='word_1_558' title='bbox 812 3695 863 3738; x_wconf 92' lang='lat' dir='ltr'><strong>ut</strong></span> <span class='ocrx_word' id='word_1_559' title='bbox 900 3686 953 3739; x_wconf 93' lang='lat' dir='ltr'><strong>id</strong></span> <span class='ocrx_word' id='word_1_560' title='bbox 997 3687 1164 3754; x_wconf 87' lang='lat' dir='ltr'><strong>ipsum</strong></span> <span class='ocrx_word' id='word_1_561' title='bbox 1218 3689 1429 3757; x_wconf 87' lang='lat' dir='ltr'><strong>sapiant</strong></span> <span class='ocrx_word' id='word_1_562' title='bbox 1471 3688 1524 3741; x_wconf 92' lang='lat' dir='ltr'><strong>in</strong></span> <span class='ocrx_word' id='word_1_563' title='bbox 1559 3689 1895 3742; x_wconf 89' lang='lat' dir='ltr'><strong>alterutrum.</strong></span> 
     </span>
    </p>
   </div>
   <div class='ocr_carea' id='block_1_70' title="bbox 344 3776 1897 3846">
    <p class='ocr_par' dir='ltr' id='par_1_70' title="bbox 344 3776 1897 3846">
     <span class='ocr_line' id='line_1_70' title="bbox 344 3776 1897 3846; baseline -0.002 -11"><span class='ocrx_word' id='word_1_564' title='bbox 344 3778 599 3835; x_wconf 84' lang='lat' dir='ltr'><strong>Grandis</strong></span> <span class='ocrx_word' id='word_1_565' title='bbox 638 3784 720 3830; x_wconf 85' lang='lat' dir='ltr'><strong>est</strong></span> <span class='ocrx_word' id='word_1_566' title='bbox 762 3776 864 3829; x_wconf 90' lang='lat' dir='ltr'><strong>ista</strong></span> <span class='ocrx_word' id='word_1_567' title='bbox 897 3778 1192 3831; x_wconf 88' lang='lat' dir='ltr'><strong>benedictio</strong></span> <span class='ocrx_word' id='word_1_568' title='bbox 1224 3779 1336 3845; x_wconf 82' lang='lat'><strong>(7),</strong></span> <span class='ocrx_word' id='word_1_569' title='bbox 1388 3787 1447 3831; x_wconf 92' lang='lat' dir='ltr'><strong>ut</strong></span> <span class='ocrx_word' id='word_1_570' title='bbox 1474 3793 1637 3831; x_wconf 91' lang='lat' dir='ltr'><strong>unum</strong></span> <span class='ocrx_word' id='word_1_571' title='bbox 1687 3780 1897 3846; x_wconf 86' lang='lat' dir='ltr'><strong>sapiant</strong></span> 
     </span>
    </p>
   </div>
   <div class='ocr_carea' id='block_1_71' title="bbox 344 3867 1897 3938">
    <p class='ocr_par' dir='ltr' id='par_1_71' title="bbox 344 3867 1897 3938">
     <span class='ocr_line' id='line_1_71' title="bbox 344 3867 1897 3938; baseline -0.001 -14"><span class='ocrx_word' id='word_1_572' title='bbox 344 3882 553 3924; x_wconf 85' lang='lat' dir='ltr'><strong>omnes</strong></span> <span class='ocrx_word' id='word_1_573' title='bbox 582 3874 740 3933; x_wconf 89' lang='lat' dir='ltr'><strong>atque</strong></span> <span class='ocrx_word' id='word_1_574' title='bbox 763 3868 1032 3932; x_wconf 86' lang='lat' dir='ltr'><strong>sentiant,</strong></span> <span class='ocrx_word' id='word_1_575' title='bbox 1063 3876 1115 3920; x_wconf 94' lang='lat' dir='ltr'><strong>et</strong></span> <span class='ocrx_word' id='word_1_576' title='bbox 1147 3869 1287 3921; x_wconf 89' lang='lat' dir='ltr'><strong>sicut</strong></span> <span class='ocrx_word' id='word_1_577' title='bbox 1323 3868 1424 3923; x_wconf 89' lang='lat' dir='ltr'><strong>sibi</strong></span> <span class='ocrx_word' id='word_1_578' title='bbox 1451 3910 1467 3934; x_wconf 92' lang='lat'><strong>,</strong></span> <span class='ocrx_word' id='word_1_579' title='bbox 1500 3869 1573 3923; x_wconf 91' lang='lat' dir='ltr'><strong>ita</strong></span> <span class='ocrx_word' id='word_1_580' title='bbox 1609 3867 1685 3938; x_wconf 88' lang='lat'><strong>(8)</strong></span> <span class='ocrx_word' id='word_1_581' title='bbox 1732 3886 1897 3923; x_wconf 53' lang='lat' dir='ltr'><strong>unus-</strong></span> 
     </span>
    </p>
   </div>
   <div class='ocr_carea' id='block_1_72' title="bbox 344 3957 1895 4028">
    <p class='ocr_par' dir='ltr' id='par_1_72' title="bbox 344 3957 1895 4028">
     <span class='ocr_line' id='line_1_72' title="bbox 344 3957 1895 4028; baseline -0.001 -15"><span class='ocrx_word' id='word_1_582' title='bbox 344 3960 593 4028; x_wconf 80' lang='lat' dir='ltr'><strong>quisque</strong></span> <span class='ocrx_word' id='word_1_583' title='bbox 618 3957 741 4011; x_wconf 90' lang='lat' dir='ltr'><strong>velit</strong></span> <span class='ocrx_word' id='word_1_584' title='bbox 766 3966 817 4011; x_wconf 87' lang='lat' dir='ltr'><strong>et</strong></span> <span class='ocrx_word' id='word_1_585' title='bbox 845 3959 1085 4023; x_wconf 83' lang='lat' dir='ltr'><strong>proximo</strong></span> <span class='ocrx_word' id='word_1_586' title='bbox 1101 3973 1216 4012; x_wconf 91' lang='lat' dir='ltr'><strong>suo.</strong></span> <span class='ocrx_word' id='word_1_587' title='bbox 1247 3957 1337 4011; x_wconf 79' lang='lat' dir='ltr'><strong>Vis</strong></span> <span class='ocrx_word' id='word_1_588' title='bbox 1357 3970 1533 4012; x_wconf 88' lang='lat' dir='ltr'><strong>autem</strong></span> <span class='ocrx_word' id='word_1_589' title='bbox 1560 3960 1699 4013; x_wconf 91' lang='lat' dir='ltr'><strong>scire</strong></span> <span class='ocrx_word' id='word_1_590' title='bbox 1731 3975 1895 4026; x_wconf 91' lang='lat' dir='ltr'><strong>quau-</strong></span> 
     </span>
    </p>
   </div>
   <div class='ocr_carea' id='block_1_73' title="bbox 347 4046 1895 4116">
    <p class='ocr_par' dir='ltr' id='par_1_73' title="bbox 347 4046 1895 4116">
     <span class='ocr_line' id='line_1_73' title="bbox 347 4046 1895 4116; baseline -0.002 -11"><span class='ocrx_word' id='word_1_591' title='bbox 347 4064 476 4105; x_wconf 84' lang='lat' dir='ltr'><strong>tum</strong></span> <span class='ocrx_word' id='word_1_592' title='bbox 509 4046 682 4100; x_wconf 89' lang='lat' dir='ltr'><strong>valeat</strong></span> <span class='ocrx_word' id='word_1_593' title='bbox 730 4048 1094 4100; x_wconf 89' lang='lat' dir='ltr'><strong>unanimitatis</strong></span> <span class='ocrx_word' id='word_1_594' title='bbox 1120 4047 1335 4116; x_wconf 78' lang='lat' dir='ltr'><strong>gratia?</strong></span> <span class='ocrx_word' id='word_1_595' title='bbox 1369 4048 1619 4102; x_wconf 86' lang='lat' dir='ltr'><strong>Salvator</strong></span> <span class='ocrx_word' id='word_1_596' title='bbox 1649 4050 1700 4101; x_wconf 92' lang='lat' dir='ltr'><strong>in</strong></span> <span class='ocrx_word' id='word_1_597' title='bbox 1729 4049 1895 4102; x_wconf 88' lang='lat' dir='ltr'><strong>Evan-</strong></span> 
     </span>
    </p>
   </div>
   <div class='ocr_carea' id='block_1_74' title="bbox 343 4136 1895 4211">
    <p class='ocr_par' dir='ltr' id='par_1_74' title="bbox 343 4136 1895 4211">
     <span class='ocr_line' id='line_1_74' title="bbox 343 4136 1895 4211; baseline -0.002 -18"><span class='ocrx_word' id='word_1_598' title='bbox 343 4139 519 4211; x_wconf 71' lang='lat' dir='ltr'><strong>geliis</strong></span> <span class='ocrx_word' id='word_1_599' title='bbox 539 4136 587 4168; x_wconf 78' lang='lat'><strong>”</strong></span> <span class='ocrx_word' id='word_1_600' title='bbox 615 4138 942 4204; x_wconf 86' lang='lat' dir='ltr'><strong>pronuntiat,</strong></span> <span class='ocrx_word' id='word_1_601' title='bbox 960 4138 1081 4203; x_wconf 90' lang='lat' dir='ltr'><strong>quia</strong></span> <span class='ocrx_word' id='word_1_602' title='bbox 1106 4138 1151 4191; x_wconf 91' lang='lat' dir='ltr'><strong>si</strong></span> <span class='ocrx_word' id='word_1_603' title='bbox 1175 4139 1276 4189; x_wconf 91' lang='lat' dir='ltr'><strong>duo</strong></span> <span class='ocrx_word' id='word_1_604' title='bbox 1303 4137 1377 4190; x_wconf 90' lang='lat' dir='ltr'><strong>vel</strong></span> <span class='ocrx_word' id='word_1_605' title='bbox 1406 4147 1505 4191; x_wconf 82' lang='lat' dir='ltr'><strong>tres</strong></span> <span class='ocrx_word' id='word_1_606' title='bbox 1525 4139 1579 4190; x_wconf 87' lang='lat' dir='ltr'><strong>in</strong></span> <span class='ocrx_word' id='word_1_607' title='bbox 1597 4154 1756 4190; x_wconf 89' lang='lat' dir='ltr'><strong>unum</strong></span> <span class='ocrx_word' id='word_1_608' title='bbox 1772 4154 1895 4191; x_wconf 82' lang='lat' dir='ltr'><strong>con-</strong></span> 
     </span>
    </p>
   </div>
   <div class='ocr_carea' id='block_1_75' title="bbox 341 4223 1889 4295">
    <p class='ocr_par' dir='ltr' id='par_1_75' title="bbox 341 4223 1889 4295">
     <span class='ocr_line' id='line_1_75' title="bbox 341 4223 1889 4295; baseline -0.001 -14"><span class='ocrx_word' id='word_1_609' title='bbox 341 4223 612 4281; x_wconf 87' lang='lat' dir='ltr'><strong>senserint</strong></span> <span class='ocrx_word' id='word_1_610' title='bbox 622 4225 709 4283; x_wconf 89' lang='lat' dir='ltr'><strong>,de</strong></span> <span class='ocrx_word' id='word_1_611' title='bbox 731 4224 866 4276; x_wconf 87' lang='lat' dir='ltr'><strong>omni</strong></span> <span class='ocrx_word' id='word_1_612' title='bbox 891 4239 941 4276; x_wconf 90' lang='lat' dir='ltr'><strong>re</strong></span> <span class='ocrx_word' id='word_1_613' title='bbox 962 4239 1311 4292; x_wconf 85' lang='lat' dir='ltr'><strong>quamcunque</strong></span> <span class='ocrx_word' id='word_1_614' title='bbox 1349 4226 1583 4294; x_wconf 86' lang='lat' dir='ltr'><strong>petierint</strong></span> <span class='ocrx_word' id='word_1_615' title='bbox 1612 4243 1643 4279; x_wconf 90' lang='lat' dir='ltr'><strong>a</strong></span> <span class='ocrx_word' id='word_1_616' title='bbox 1664 4225 1773 4280; x_wconf 88' lang='lat' dir='ltr'><strong>Deo</strong></span> <span class='ocrx_word' id='word_1_617' title='bbox 1793 4225 1889 4295; x_wconf 89' lang='lat'><strong>(9),</strong></span> 
     </span>
    </p>
   </div>
   <div class='ocr_carea' id='block_1_76' title="bbox 2002 3061 3615 3139">
    <p class='ocr_par' dir='ltr' id='par_1_76' title="bbox 2002 3061 3615 3139">
     <span class='ocr_line' id='line_1_76' title="bbox 2002 3061 3615 3139; baseline 0.004 -26"><span class='ocrx_word' id='word_1_618' title='bbox 2002 3074 2118 3113; x_wconf 88' lang='lat' dir='ltr'><strong>rum</strong></span> <span class='ocrx_word' id='word_1_619' title='bbox 2144 3061 2437 3115; x_wconf 88' lang='lat' dir='ltr'><strong>continere.</strong></span> <span class='ocrx_word' id='word_1_620' title='bbox 2480 3062 2591 3115; x_wconf 83' lang='lat' dir='ltr'><strong>Hoc</strong></span> <span class='ocrx_word' id='word_1_621' title='bbox 2627 3071 2800 3115; x_wconf 81' lang='lat' dir='ltr'><strong>autem</strong></span> <span class='ocrx_word' id='word_1_622' title='bbox 2851 3062 3202 3131; x_wconf 88' lang='lat' dir='ltr'><strong>protulimus,</strong></span> <span class='ocrx_word' id='word_1_623' title='bbox 3235 3071 3290 3116; x_wconf 90' lang='lat' dir='ltr'><strong>ut</strong></span> <span class='ocrx_word' id='word_1_624' title='bbox 3327 3075 3527 3133; x_wconf 87' lang='lat' dir='ltr'><strong>quanta</strong></span> <span class='ocrx_word' id='word_1_625' title='bbox 3610 3132 3615 3139; x_wconf 87' lang='lat'>_</span> 
     </span>
    </p>
   </div>
   <div class='ocr_carea' id='block_1_77' title="bbox 2000 3151 3530 3221">
    <p class='ocr_par' dir='ltr' id='par_1_77' title="bbox 2000 3151 3530 3221">
     <span class='ocr_line' id='line_1_77' title="bbox 2000 3151 3530 3221; baseline 0.001 -17"><span class='ocrx_word' id='word_1_626' title='bbox 2000 3152 2069 3204; x_wconf 91' lang='lat' dir='ltr'><strong>sit</strong></span> <span class='ocrx_word' id='word_1_627' title='bbox 2095 3151 2459 3203; x_wconf 87' lang='lat' dir='ltr'><strong>unanimitatis</strong></span> <span class='ocrx_word' id='word_1_628' title='bbox 2488 3152 2675 3212; x_wconf 85' lang='lat' dir='ltr'><strong>virtus.</strong></span> <span class='ocrx_word' id='word_1_629' title='bbox 2696 3160 2747 3204; x_wconf 90' lang='lat' dir='ltr'><strong>et</strong></span> <span class='ocrx_word' id='word_1_630' title='bbox 2774 3167 2936 3203; x_wconf 88' lang='lat' dir='ltr'><strong>unum</strong></span> <span class='ocrx_word' id='word_1_631' title='bbox 2956 3151 3174 3215; x_wconf 86' lang='lat' dir='ltr'><strong>sentire,</strong></span> <span class='ocrx_word' id='word_1_632' title='bbox 3192 3161 3349 3221; x_wconf 80' lang='lat' dir='ltr'><strong>atque</strong></span> <span class='ocrx_word' id='word_1_633' title='bbox 3371 3169 3530 3206; x_wconf 91' lang='lat' dir='ltr'><strong>unum</strong></span> 
     </span>
    </p>
   </div>
   <div class='ocr_carea' id='block_1_78' title="bbox 2000 3240 3532 3311">
    <p class='ocr_par' dir='ltr' id='par_1_78' title="bbox 2000 3240 3532 3311">
     <span class='ocr_line' id='line_1_78' title="bbox 2000 3240 3532 3311; baseline 0.002 -18"><span class='ocrx_word' id='word_1_634' title='bbox 2000 3241 2228 3293; x_wconf 84' lang='lat' dir='ltr'><strong>invicem</strong></span> <span class='ocrx_word' id='word_1_635' title='bbox 2281 3254 2509 3306; x_wconf 88' lang='lat' dir='ltr'><strong>sapere,</strong></span> <span class='ocrx_word' id='word_1_636' title='bbox 2560 3240 2985 3309; x_wconf 76' lang='lat' dir='ltr'><strong>magniﬁcentius</strong></span> <span class='ocrx_word' id='word_1_637' title='bbox 3048 3250 3377 3296; x_wconf 88' lang='lat' dir='ltr'><strong>nosceretur.</strong></span> <span class='ocrx_word' id='word_1_638' title='bbox 3420 3240 3532 3311; x_wconf 77' lang='lat' dir='ltr'><strong>Ego</strong></span> 
     </span>
    </p>
   </div>
   <div class='ocr_carea' id='block_1_79' title="bbox 1999 3326 3530 3400">
    <p class='ocr_par' dir='ltr' id='par_1_79' title="bbox 1999 3326 3530 3400">
     <span class='ocr_line' id='line_1_79' title="bbox 1999 3326 3530 3400; baseline -0.001 -18"><span class='ocrx_word' id='word_1_639' title='bbox 1999 3330 2161 3382; x_wconf 90' lang='lat' dir='ltr'><strong>etiam</strong></span> <span class='ocrx_word' id='word_1_640' title='bbox 2214 3326 2380 3391; x_wconf 89' lang='lat' dir='ltr'><strong>illud,</strong></span> <span class='ocrx_word' id='word_1_641' title='bbox 2419 3330 2559 3396; x_wconf 90' lang='lat' dir='ltr'><strong>quod</strong></span> <span class='ocrx_word' id='word_1_642' title='bbox 2601 3329 2794 3384; x_wconf 83' lang='lat' dir='ltr'><strong>Paulus</strong></span> <span class='ocrx_word' id='word_1_643' title='bbox 2832 3329 2884 3382; x_wconf 89' lang='lat' dir='ltr'><strong>in</strong></span> <span class='ocrx_word' id='word_1_644' title='bbox 2930 3330 3247 3397; x_wconf 87' lang='lat' dir='ltr'><strong>quibusdam</strong></span> <span class='ocrx_word' id='word_1_645' title='bbox 3274 3328 3530 3400; x_wconf 84' lang='lat' dir='ltr'><strong>Epistolis</strong></span> 
     </span>
    </p>
   </div>
   <div class='ocr_carea' id='block_1_80' title="bbox 2000 3417 3531 3489">
    <p class='ocr_par' dir='ltr' id='par_1_80' title="bbox 2000 3417 3531 3489">
     <span class='ocr_line' id='line_1_80' title="bbox 2000 3417 3531 3489; baseline 0.001 -19"><span class='ocrx_word' id='word_1_646' title='bbox 2000 3417 2225 3471; x_wconf 84' lang='lat' dir='ltr'><strong>aliorum</strong></span> <span class='ocrx_word' id='word_1_647' title='bbox 2256 3418 2506 3472; x_wconf 86' lang='lat' dir='ltr'><strong>vocabula</strong></span> <span class='ocrx_word' id='word_1_648' title='bbox 2538 3432 2716 3472; x_wconf 86' lang='lat' dir='ltr'><strong>secum</strong></span> <span class='ocrx_word' id='word_1_649' title='bbox 2745 3420 2950 3489; x_wconf 77' lang='lat' dir='ltr'><strong>jungit,</strong></span> <span class='ocrx_word' id='word_1_650' title='bbox 2977 3428 3032 3474; x_wconf 90' lang='lat' dir='ltr'><strong>et</strong></span> <span class='ocrx_word' id='word_1_651' title='bbox 3059 3419 3205 3483; x_wconf 91' lang='lat' dir='ltr'><strong>dicit,</strong></span> <span class='ocrx_word' id='word_1_652' title='bbox 3236 3417 3456 3483; x_wconf 86' lang='lat' dir='ltr'><strong>Paulus,</strong></span> <span class='ocrx_word' id='word_1_653' title='bbox 3481 3429 3531 3473; x_wconf 87' lang='lat' dir='ltr'><strong>et</strong></span> 
     </span>
    </p>
   </div>
   <div class='ocr_carea' id='block_1_81' title="bbox 2000 3507 3529 3578">
    <p class='ocr_par' dir='ltr' id='par_1_81' title="bbox 2000 3507 3529 3578">
     <span class='ocr_line' id='line_1_81' title="bbox 2000 3507 3529 3578; baseline -0.001 -15"><span class='ocrx_word' id='word_1_654' title='bbox 2000 3509 2275 3563; x_wconf 85' lang='lat' dir='ltr'><strong>Sosthenes</strong></span> <span class='ocrx_word' id='word_1_655' title='bbox 2306 3508 2470 3575; x_wconf 77' lang='lat' dir='ltr'><strong>frater</strong></span> <span class='ocrx_word' id='word_1_656' title='bbox 2496 3507 2540 3539; x_wconf 81' lang='lat'>&quot;</span> <span class='ocrx_word' id='word_1_657' title='bbox 2556 3524 2574 3573; x_wconf 84' lang='lat'>;</span> <span class='ocrx_word' id='word_1_658' title='bbox 2600 3520 2653 3563; x_wconf 91' lang='lat' dir='ltr'><strong>et</strong></span> <span class='ocrx_word' id='word_1_659' title='bbox 2680 3510 2831 3572; x_wconf 84' lang='lat' dir='ltr'><strong>alibi,</strong></span> <span class='ocrx_word' id='word_1_660' title='bbox 2860 3508 3079 3572; x_wconf 83' lang='lat' dir='ltr'><strong>Paulus,</strong></span> <span class='ocrx_word' id='word_1_661' title='bbox 3106 3517 3156 3561; x_wconf 90' lang='lat' dir='ltr'><strong>et</strong></span> <span class='ocrx_word' id='word_1_662' title='bbox 3178 3508 3458 3578; x_wconf 78' lang='lat' dir='ltr'><strong>Sylvanus,</strong></span> <span class='ocrx_word' id='word_1_663' title='bbox 3480 3518 3529 3562; x_wconf 88' lang='lat' dir='ltr'><strong>et</strong></span> 
     </span>
    </p>
   </div>
   <div class='ocr_carea' id='block_1_82' title="bbox 2000 3595 3531 3669">
    <p class='ocr_par' dir='ltr' id='par_1_82' title="bbox 2000 3595 3531 3669">
     <span class='ocr_line' id='line_1_82' title="bbox 2000 3595 3531 3669; baseline 0.003 -21"><span class='ocrx_word' id='word_1_664' title='bbox 2000 3595 2291 3649; x_wconf 83' lang='lat' dir='ltr'><strong>Timotheus</strong></span> <span class='ocrx_word' id='word_1_665' title='bbox 2313 3596 2359 3629; x_wconf 76' lang='grc'><strong>’⁸</strong></span> <span class='ocrx_word' id='word_1_666' title='bbox 2393 3612 2410 3662; x_wconf 89' lang='lat'><strong>;</strong></span> <span class='ocrx_word' id='word_1_667' title='bbox 2458 3605 2586 3664; x_wconf 90' lang='lat' dir='ltr'><strong>puto</strong></span> <span class='ocrx_word' id='word_1_668' title='bbox 2630 3612 2733 3652; x_wconf 90' lang='lat' dir='ltr'><strong>non</strong></span> <span class='ocrx_word' id='word_1_669' title='bbox 2768 3598 2997 3651; x_wconf 87' lang='lat' dir='ltr'><strong>inaniter</strong></span> <span class='ocrx_word' id='word_1_670' title='bbox 3036 3598 3281 3660; x_wconf 85' lang='lat' dir='ltr'><strong>factum;</strong></span> <span class='ocrx_word' id='word_1_671' title='bbox 3319 3600 3411 3653; x_wconf 90' lang='lat' dir='ltr'><strong>sed</strong></span> <span class='ocrx_word' id='word_1_672' title='bbox 3436 3615 3531 3669; x_wconf 90' lang='lat' dir='ltr'><strong>per</strong></span> 
     </span>
    </p>
   </div>
   <div class='ocr_carea' id='block_1_83' title="bbox 1996 3686 3531 3760">
    <p class='ocr_par' dir='ltr' id='par_1_83' title="bbox 1996 3686 3531 3760">
     <span class='ocr_line' id='line_1_83' title="bbox 1996 3686 3531 3760; baseline 0.005 -21"><span class='ocrx_word' id='word_1_673' title='bbox 1996 3686 2099 3740; x_wconf 90' lang='lat' dir='ltr'><strong>hoc</strong></span> <span class='ocrx_word' id='word_1_674' title='bbox 2125 3688 2330 3741; x_wconf 90' lang='lat' dir='ltr'><strong>ostendi</strong></span> <span class='ocrx_word' id='word_1_675' title='bbox 2356 3726 2373 3752; x_wconf 93' lang='lat'><strong>,</strong></span> <span class='ocrx_word' id='word_1_676' title='bbox 2399 3688 2524 3756; x_wconf 88' lang='lat' dir='ltr'><strong>quia</strong></span> <span class='ocrx_word' id='word_1_677' title='bbox 2554 3689 2758 3744; x_wconf 90' lang='lat' dir='ltr'><strong>duobus</strong></span> <span class='ocrx_word' id='word_1_678' title='bbox 2783 3688 2868 3745; x_wconf 88' lang='lat' dir='ltr'><strong>vel</strong></span> <span class='ocrx_word' id='word_1_679' title='bbox 2914 3690 3087 3745; x_wconf 89' lang='lat' dir='ltr'><strong>tribus</strong></span> <span class='ocrx_word' id='word_1_680' title='bbox 3116 3690 3167 3744; x_wconf 93' lang='lat' dir='ltr'><strong>in</strong></span> <span class='ocrx_word' id='word_1_681' title='bbox 3209 3705 3314 3745; x_wconf 89' lang='lat' dir='ltr'><strong>uno</strong></span> <span class='ocrx_word' id='word_1_682' title='bbox 3344 3692 3531 3760; x_wconf 88' lang='lat' dir='ltr'><strong>positis</strong></span> 
     </span>
    </p>
   </div>
   <div class='ocr_carea' id='block_1_84' title="bbox 1997 3776 3526 3848">
    <p class='ocr_par' dir='ltr' id='par_1_84' title="bbox 1997 3776 3526 3848">
     <span class='ocr_line' id='line_1_84' title="bbox 1997 3776 3526 3848; baseline 0.004 -19"><span class='ocrx_word' id='word_1_683' title='bbox 1997 3776 2229 3843; x_wconf 87' lang='lat' dir='ltr'><strong>Spiritus</strong></span> <span class='ocrx_word' id='word_1_684' title='bbox 2256 3788 2472 3831; x_wconf 89' lang='lat' dir='ltr'><strong>sanctus</strong></span> <span class='ocrx_word' id='word_1_685' title='bbox 2517 3793 2678 3831; x_wconf 90' lang='lat' dir='ltr'><strong>unum</strong></span> <span class='ocrx_word' id='word_1_686' title='bbox 2710 3777 2775 3831; x_wconf 90' lang='lat' dir='ltr'><strong>de</strong></span> <span class='ocrx_word' id='word_1_687' title='bbox 2819 3781 2897 3833; x_wconf 92' lang='lat' dir='ltr'><strong>eis</strong></span> <span class='ocrx_word' id='word_1_688' title='bbox 2929 3794 3143 3834; x_wconf 88' lang='lat' dir='ltr'><strong>sensum</strong></span> <span class='ocrx_word' id='word_1_689' title='bbox 3178 3790 3336 3848; x_wconf 86' lang='lat' dir='ltr'><strong>atque</strong></span> <span class='ocrx_word' id='word_1_690' title='bbox 3364 3796 3526 3835; x_wconf 89' lang='lat' dir='ltr'><strong>unum</strong></span> 
     </span>
    </p>
   </div>
   <div class='ocr_carea' id='block_1_85' title="bbox 1994 3858 3525 3937">
    <p class='ocr_par' dir='ltr' id='par_1_85' title="bbox 1994 3858 3525 3937">
     <span class='ocr_line' id='line_1_85' title="bbox 1994 3858 3525 3937; baseline 0.003 -20"><span class='ocrx_word' id='word_1_691' title='bbox 1994 3864 2613 3920; x_wconf 74' lang='lat' dir='ltr'><strong>elicueritlsertnonetn:</strong></span> <span class='ocrx_word' id='word_1_692' title='bbox 2664 3866 2835 3932; x_wconf 89' lang='lat' dir='ltr'><strong>utqui</strong></span> <span class='ocrx_word' id='word_1_693' title='bbox 2884 3858 3144 3921; x_wconf 81' lang='lat' dir='ltr'><strong>Ecclesias</strong></span> <span class='ocrx_word' id='word_1_694' title='bbox 3171 3866 3282 3937; x_wconf 76' lang='grc'>(14)</span> <span class='ocrx_word' id='word_1_695' title='bbox 3335 3868 3525 3921; x_wconf 88' lang='lat' dir='ltr'><strong>docere</strong></span> 
     </span>
    </p>
   </div>
   <div class='ocr_carea' id='block_1_86' title="bbox 1995 3954 3524 4025">
    <p class='ocr_par' dir='ltr' id='par_1_86' title="bbox 1995 3954 3524 4025">
     <span class='ocr_line' id='line_1_86' title="bbox 1995 3954 3524 4025; baseline 0.002 -18"><span class='ocrx_word' id='word_1_696' title='bbox 1995 3954 2280 4022; x_wconf 88' lang='lat' dir='ltr'><strong>cupiebant</strong></span> <span class='ocrx_word' id='word_1_697' title='bbox 2320 3969 2483 4007; x_wconf 89' lang='lat' dir='ltr'><strong>unum</strong></span> <span class='ocrx_word' id='word_1_698' title='bbox 2518 3955 2698 4009; x_wconf 92' lang='lat' dir='ltr'><strong>dicere</strong></span> <span class='ocrx_word' id='word_1_699' title='bbox 2722 3970 2907 4010; x_wconf 91' lang='lat' dir='ltr'><strong>onmes</strong></span> <span class='ocrx_word' id='word_1_700' title='bbox 2943 3965 3100 4025; x_wconf 83' lang='lat' dir='ltr'><strong>atque</strong></span> <span class='ocrx_word' id='word_1_701' title='bbox 3127 3971 3287 4009; x_wconf 90' lang='lat' dir='ltr'><strong>unum</strong></span> <span class='ocrx_word' id='word_1_702' title='bbox 3318 3971 3524 4023; x_wconf 90' lang='lat' dir='ltr'><strong>sapere,</strong></span> 
     </span>
    </p>
   </div>
   <div class='ocr_carea' id='block_1_87' title="bbox 1995 4044 3516 4114">
    <p class='ocr_par' dir='ltr' id='par_1_87' title="bbox 1995 4044 3516 4114">
     <span class='ocr_line' id='line_1_87' title="bbox 1995 4044 3516 4114; baseline 0.001 -17"><span class='ocrx_word' id='word_1_703' title='bbox 1995 4044 2095 4111; x_wconf 90' lang='lat' dir='ltr'><strong>ipsi</strong></span> <span class='ocrx_word' id='word_1_704' title='bbox 2148 4045 2295 4112; x_wconf 88' lang='lat' dir='ltr'><strong>prius</strong></span> <span class='ocrx_word' id='word_1_705' title='bbox 2323 4060 2482 4098; x_wconf 90' lang='lat' dir='ltr'><strong>unum</strong></span> <span class='ocrx_word' id='word_1_706' title='bbox 2516 4059 2575 4098; x_wconf 89' lang='lat' dir='ltr'><strong>se</strong></span> <span class='ocrx_word' id='word_1_707' title='bbox 2610 4045 2789 4099; x_wconf 91' lang='lat' dir='ltr'><strong>dicere</strong></span> <span class='ocrx_word' id='word_1_708' title='bbox 2817 4055 2975 4113; x_wconf 89' lang='lat' dir='ltr'><strong>atque</strong></span> <span class='ocrx_word' id='word_1_709' title='bbox 3003 4061 3164 4099; x_wconf 91' lang='lat' dir='ltr'><strong>unum</strong></span> <span class='ocrx_word' id='word_1_710' title='bbox 3214 4060 3401 4114; x_wconf 88' lang='lat' dir='ltr'><strong>sapere</strong></span> <span class='ocrx_word' id='word_1_711' title='bbox 3432 4048 3516 4099; x_wconf 55' lang='lat' dir='ltr'><strong>deo</strong></span> 
     </span>
    </p>
   </div>
   <div class='ocr_carea' id='block_1_88' title="bbox 1993 4135 3525 4203">
    <p class='ocr_par' dir='ltr' id='par_1_88' title="bbox 1993 4135 3525 4203">
     <span class='ocr_line' id='line_1_88' title="bbox 1993 4135 3525 4203; baseline 0.004 -18"><span class='ocrx_word' id='word_1_712' title='bbox 1993 4142 2383 4197; x_wconf 89' lang='lat' dir='ltr'><strong>monstrarent,</strong></span> <span class='ocrx_word' id='word_1_713' title='bbox 2408 4146 2461 4188; x_wconf 90' lang='lat' dir='ltr'><strong>et</strong></span> <span class='ocrx_word' id='word_1_714' title='bbox 2509 4150 2610 4187; x_wconf 88' lang='lat' dir='ltr'><strong>uno</strong></span> <span class='ocrx_word' id='word_1_715' title='bbox 2654 4150 2741 4188; x_wconf 88' lang='lat' dir='ltr'><strong>ore</strong></span> <span class='ocrx_word' id='word_1_716' title='bbox 2784 4135 3201 4190; x_wconf 85' lang='lat' dir='ltr'><strong>houoriﬁcarent</strong></span> <span class='ocrx_word' id='word_1_717' title='bbox 3242 4136 3449 4203; x_wconf 89' lang='lat' dir='ltr'><strong>Deum,</strong></span> <span class='ocrx_word' id='word_1_718' title='bbox 3475 4147 3525 4191; x_wconf 89' lang='lat' dir='ltr'><strong>et</strong></span> 
     </span>
    </p>
   </div>
   <div class='ocr_carea' id='block_1_89' title="bbox 1995 4220 3524 4297">
    <p class='ocr_par' dir='ltr' id='par_1_89' title="bbox 1995 4220 3524 4297">
     <span class='ocr_line' id='line_1_89' title="bbox 1995 4220 3524 4297; baseline 0.006 -23"><span class='ocrx_word' id='word_1_719' title='bbox 1995 4220 2203 4275; x_wconf 87' lang='lat' dir='ltr'><strong>Patrem</strong></span> <span class='ocrx_word' id='word_1_720' title='bbox 2234 4221 2439 4276; x_wconf 86' lang='lat' dir='ltr'><strong>Domini</strong></span> <span class='ocrx_word' id='word_1_721' title='bbox 2471 4226 2634 4277; x_wconf 87' lang='lat' dir='ltr'><strong>nostri</strong></span> <span class='ocrx_word' id='word_1_722' title='bbox 2672 4224 2797 4278; x_wconf 87' lang='lat' dir='ltr'><strong>.lesu</strong></span> <span class='ocrx_word' id='word_1_723' title='bbox 2829 4224 3044 4281; x_wconf 85' lang='lat' dir='ltr'><strong>Christi.</strong></span> <span class='ocrx_word' id='word_1_724' title='bbox 3082 4226 3255 4282; x_wconf 83' lang='lat' dir='ltr'><strong>Unum</strong></span> <span class='ocrx_word' id='word_1_725' title='bbox 3296 4243 3524 4297; x_wconf 86' lang='lat' dir='ltr'><strong>namque</strong></span> 
     </span>
    </p>
   </div>
   <div class='ocr_carea' id='block_1_90' title="bbox 339 4305 3520 4389">
    <p class='ocr_par' dir='ltr' id='par_1_90' title="bbox 339 4305 3520 4389">
     <span class='ocr_line' id='line_1_90' title="bbox 339 4305 3520 4389; baseline 0.001 -18"><span class='ocrx_word' id='word_1_726' title='bbox 339 4320 446 4389; x_wconf 80' lang='lat' dir='ltr'><strong>ﬁet</strong></span> <span class='ocrx_word' id='word_1_727' title='bbox 488 4316 596 4369; x_wconf 80' lang='lat' dir='ltr'><strong>illis</strong></span> <span class='ocrx_word' id='word_1_728' title='bbox 626 4332 643 4379; x_wconf 89' lang='lat'><strong><em>;</em></strong></span> <span class='ocrx_word' id='word_1_729' title='bbox 674 4324 728 4368; x_wconf 87' lang='lat' dir='ltr'><strong>et</strong></span> <span class='ocrx_word' id='word_1_730' title='bbox 753 4316 943 4367; x_wconf 89' lang='lat' dir='ltr'><strong>iterum</strong></span> <span class='ocrx_word' id='word_1_731' title='bbox 984 4317 1047 4367; x_wconf 90' lang='lat' dir='ltr'><strong>de</strong></span> <span class='ocrx_word' id='word_1_732' title='bbox 1077 4319 1360 4384; x_wconf 88' lang='lat' dir='ltr'><strong>semetipso</strong></span> <span class='ocrx_word' id='word_1_733' title='bbox 1387 4316 1513 4370; x_wconf 90' lang='lat' dir='ltr'><strong>dicit</strong></span> <span class='ocrx_word' id='word_1_734' title='bbox 1542 4316 1619 4379; x_wconf 72' lang='grc' dir='ltr'><strong>δ’,</strong></span> <span class='ocrx_word' id='word_1_735' title='bbox 1652 4315 1774 4383; x_wconf 89' lang='lat' dir='ltr'><strong>quia</strong></span> <span class='ocrx_word' id='word_1_736' title='bbox 1801 4319 1887 4369; x_wconf 83' lang='lat' dir='ltr'><strong>ubi</strong></span> <span class='ocrx_word' id='word_1_737' title='bbox 1918 4320 1963 4373; x_wconf 87' lang='lat' dir='ltr'><strong>D</strong></span> <span class='ocrx_word' id='word_1_738' title='bbox 1992 4329 2052 4367; x_wconf 91' lang='lat' dir='ltr'><strong>os</strong></span> <span class='ocrx_word' id='word_1_739' title='bbox 2078 4315 2295 4377; x_wconf 87' lang='lat' dir='ltr'><strong>dicitur,</strong></span> <span class='ocrx_word' id='word_1_740' title='bbox 2321 4316 2407 4368; x_wconf 91' lang='lat' dir='ltr'><strong>ubi</strong></span> <span class='ocrx_word' id='word_1_741' title='bbox 2445 4330 2579 4369; x_wconf 86' lang='lat' dir='ltr'><strong>unus</strong></span> <span class='ocrx_word' id='word_1_742' title='bbox 2605 4324 2762 4385; x_wconf 86' lang='lat' dir='ltr'><strong>atque</strong></span> <span class='ocrx_word' id='word_1_743' title='bbox 2788 4317 2926 4371; x_wconf 88' lang='lat' dir='ltr'><strong>idem</strong></span> <span class='ocrx_word' id='word_1_744' title='bbox 2953 4332 3047 4386; x_wconf 89' lang='lat' dir='ltr'><strong>per</strong></span> <span class='ocrx_word' id='word_1_745' title='bbox 3070 4305 3399 4372; x_wconf 81' lang='lat' dir='ltr'><strong>diversorum</strong></span> <span class='ocrx_word' id='word_1_746' title='bbox 3427 4334 3520 4373; x_wconf 87' lang='lat' dir='ltr'><strong>ora</strong></span> 
     </span>
    </p>
   </div>
   <div class='ocr_carea' id='block_1_91' title="bbox 339 4404 1890 4478">
    <p class='ocr_par' dir='ltr' id='par_1_91' title="bbox 339 4404 1890 4478">
     <span class='ocr_line' id='line_1_91' title="bbox 339 4404 1890 4478; baseline -0.001 -17"><span class='ocrx_word' id='word_1_747' title='bbox 339 4407 552 4478; x_wconf 76' lang='lat' dir='ltr'><strong>fuerint</strong></span> <span class='ocrx_word' id='word_1_748' title='bbox 584 4405 686 4457; x_wconf 84' lang='lat' dir='ltr'><strong>duo</strong></span> <span class='ocrx_word' id='word_1_749' title='bbox 732 4404 805 4458; x_wconf 87' lang='lat' dir='ltr'><strong>vel</strong></span> <span class='ocrx_word' id='word_1_750' title='bbox 834 4414 933 4457; x_wconf 88' lang='lat' dir='ltr'><strong>tres</strong></span> <span class='ocrx_word' id='word_1_751' title='bbox 964 4407 1253 4474; x_wconf 82' lang='lat' dir='ltr'><strong>congregati</strong></span> <span class='ocrx_word' id='word_1_752' title='bbox 1298 4408 1350 4459; x_wconf 89' lang='lat' dir='ltr'><strong>in</strong></span> <span class='ocrx_word' id='word_1_753' title='bbox 1390 4405 1594 4458; x_wconf 85' lang='lat' dir='ltr'><strong>nomine</strong></span> <span class='ocrx_word' id='word_1_754' title='bbox 1623 4422 1756 4469; x_wconf 87' lang='lat' dir='ltr'><strong>meo,</strong></span> <span class='ocrx_word' id='word_1_755' title='bbox 1786 4405 1890 4460; x_wconf 91' lang='lat' dir='ltr'><strong>hoc</strong></span> 
     </span>
    </p>
   </div>
   <div class='ocr_carea' id='block_1_92' title="bbox 1992 4406 3522 4476">
    <p class='ocr_par' dir='ltr' id='par_1_92' title="bbox 1992 4406 3522 4476">
     <span class='ocr_line' id='line_1_92' title="bbox 1992 4406 3522 4476; baseline 0.004 -19"><span class='ocrx_word' id='word_1_756' title='bbox 1992 4420 2182 4458; x_wconf 85' lang='lat' dir='ltr'><strong>sensus</strong></span> <span class='ocrx_word' id='word_1_757' title='bbox 2217 4413 2271 4457; x_wconf 92' lang='lat' dir='ltr'><strong>et</strong></span> <span class='ocrx_word' id='word_1_758' title='bbox 2318 4419 2494 4458; x_wconf 91' lang='lat' dir='ltr'><strong>sermo</strong></span> <span class='ocrx_word' id='word_1_759' title='bbox 2540 4406 2792 4474; x_wconf 90' lang='lat' dir='ltr'><strong>procedit.</strong></span> <span class='ocrx_word' id='word_1_760' title='bbox 2829 4406 2969 4459; x_wconf 82' lang='lat' dir='ltr'><strong>Bene</strong></span> <span class='ocrx_word' id='word_1_761' title='bbox 3010 4416 3184 4461; x_wconf 89' lang='lat' dir='ltr'><strong>autem</strong></span> <span class='ocrx_word' id='word_1_762' title='bbox 3238 4408 3522 4476; x_wconf 80' lang='lat' dir='ltr'><strong>Apostolus</strong></span> 
     </span>
    </p>
   </div>
   <div class='ocr_carea' id='block_1_93' title="bbox 425 4531 3517 4609">
    <p class='ocr_par' dir='ltr' id='par_1_93' title="bbox 425 4531 3517 4609">
     <span class='ocr_line' id='line_1_93' title="bbox 425 4531 3517 4609; baseline 0.002 -20"><span class='ocrx_word' id='word_1_763' title='bbox 425 4531 1034 4609; x_wconf 67' lang='lat' dir='ltr'><strong>&quot;ll&#39;l&#39;im._t_,l_ll._&quot;_l_sa.</strong></span> <span class='ocrx_word' id='word_1_764' title='bbox 1062 4552 1139 4609; x_wconf 68' lang='lat' dir='ltr'><strong>vi,</strong></span> <span class='ocrx_word' id='word_1_765' title='bbox 1167 4538 1218 4592; x_wconf 90' lang='lat'><strong>9.</strong></span> <span class='ocrx_word' id='word_1_766' title='bbox 1291 4538 1336 4569; x_wconf 82' lang='grc'><strong>⁸⁸</strong></span> <span class='ocrx_word' id='word_1_767' title='bbox 1354 4537 1505 4609; x_wconf 70' lang='lat' dir='ltr'><strong>Rom.</strong></span> <span class='ocrx_word' id='word_1_768' title='bbox 1522 4552 1609 4609; x_wconf 49' lang='grc' dir='ltr'><strong>ἓν,</strong></span> <span class='ocrx_word' id='word_1_769' title='bbox 1628 4536 1726 4609; x_wconf 72' lang='grc'><strong>21;</strong></span> <span class='ocrx_word' id='word_1_770' title='bbox 1763 4537 1975 4609; x_wconf 54' lang='lat' dir='ltr'><strong>Istuc&quot;,</strong></span> <span class='ocrx_word' id='word_1_771' title='bbox 2017 4539 2127 4609; x_wconf 25' lang='lat' dir='ltr'><strong>l5.”</strong></span> <span class='ocrx_word' id='word_1_772' title='bbox 2168 4540 2215 4571; x_wconf 80' lang='grc'><strong>⁸⁸</strong></span> <span class='ocrx_word' id='word_1_773' title='bbox 2247 4540 2400 4595; x_wconf 91' lang='lat' dir='ltr'><strong>Rom.</strong></span> <span class='ocrx_word' id='word_1_774' title='bbox 2434 4556 2520 4603; x_wconf 79' lang='lat' dir='ltr'><strong>xv,</strong></span> <span class='ocrx_word' id='word_1_775' title='bbox 2550 4541 2603 4594; x_wconf 69' lang='grc'><strong>4.</strong></span> <span class='ocrx_word' id='word_1_776' title='bbox 2654 4543 2697 4573; x_wconf 77' lang='grc'>⁸⁷</span> <span class='ocrx_word' id='word_1_777' title='bbox 2727 4542 2879 4596; x_wconf 86' lang='lat' dir='ltr'><strong>Rom.</strong></span> <span class='ocrx_word' id='word_1_778' title='bbox 2930 4558 3016 4606; x_wconf 84' lang='lat' dir='ltr'><strong>xv,</strong></span> <span class='ocrx_word' id='word_1_779' title='bbox 3046 4542 3078 4595; x_wconf 85' lang='lat'><strong>5</strong></span> <span class='ocrx_word' id='word_1_780' title='bbox 3128 4558 3207 4609; x_wconf 89' lang='lat' dir='ltr'><strong>sq.</strong></span> <span class='ocrx_word' id='word_1_781' title='bbox 3266 4543 3311 4575; x_wconf 76' lang='lat'><strong>&quot;</strong></span> <span class='ocrx_word' id='word_1_782' title='bbox 3338 4544 3517 4596; x_wconf 84' lang='lat' dir='ltr'><strong>Matth.</strong></span> 
     </span>
    </p>
   </div>
   <div class='ocr_carea' id='block_1_94' title="bbox 338 4603 1905 4678">
    <p class='ocr_par' dir='ltr' id='par_1_94' title="bbox 338 4603 1905 4670">
     <span class='ocr_line' id='line_1_94' title="bbox 338 4603 1905 4670; baseline -0.003 -7"><span class='ocrx_word' id='word_1_783' title='bbox 338 4621 513 4670; x_wconf 76' lang='grc' dir='ltr'>ινιιι,</span> <span class='ocrx_word' id='word_1_784' title='bbox 537 4606 623 4660; x_wconf 89' lang='grc'><strong>19.</strong></span> <span class='ocrx_word' id='word_1_785' title='bbox 677 4603 722 4635; x_wconf 80' lang='grc'><strong>⁸⁸</strong></span> <span class='ocrx_word' id='word_1_786' title='bbox 750 4605 876 4657; x_wconf 88' lang='lat' dir='ltr'><strong>ibid.</strong></span> <span class='ocrx_word' id='word_1_787' title='bbox 900 4605 988 4658; x_wconf 65' lang='grc' dir='ltr'>ξι).</span> <span class='ocrx_word' id='word_1_788' title='bbox 1059 4606 1105 4637; x_wconf 87' lang='grc'><strong>⁹⁰</strong></span> <span class='ocrx_word' id='word_1_789' title='bbox 1131 4609 1308 4668; x_wconf 83' lang='lat' dir='ltr'><strong>Act.r,</strong></span> <span class='ocrx_word' id='word_1_790' title='bbox 1329 4623 1383 4660; x_wconf 92' lang='grc' dir='ltr'>ιι.</span> <span class='ocrx_word' id='word_1_791' title='bbox 1451 4606 1493 4637; x_wconf 83' lang='grc'><strong>⁹¹</strong></span> <span class='ocrx_word' id='word_1_792' title='bbox 1523 4605 1689 4658; x_wconf 82' lang='lat' dir='ltr'><strong>Exod.</strong></span> <span class='ocrx_word' id='word_1_793' title='bbox 1718 4620 1792 4669; x_wconf 79' lang='lat' dir='ltr'><strong>vr,</strong></span> <span class='ocrx_word' id='word_1_794' title='bbox 1839 4605 1905 4658; x_wconf 70' lang='lat'><strong>24</strong></span> 
     </span>
    </p>
   </div>
   <div class='ocr_carea' id='block_1_95' title="bbox 2004 4603 3516 4678">
    <p class='ocr_par' dir='ltr' id='par_1_95' title="bbox 2004 4603 3516 4678">
     <span class='ocr_line' id='line_1_95' title="bbox 2004 4603 3516 4678; baseline 0.003 -19"><span class='ocrx_word' id='word_1_795' title='bbox 2004 4608 2041 4639; x_wconf 82' lang='lat'>&quot;</span> <span class='ocrx_word' id='word_1_796' title='bbox 2086 4608 2240 4662; x_wconf 88' lang='lat' dir='ltr'><strong>Num.</strong></span> <span class='ocrx_word' id='word_1_797' title='bbox 2273 4624 2381 4672; x_wconf 69' lang='grc' dir='ltr'>χιιι,</span> <span class='ocrx_word' id='word_1_798' title='bbox 2418 4611 2444 4663; x_wconf 91' lang='grc'>1</span> <span class='ocrx_word' id='word_1_799' title='bbox 2480 4625 2566 4678; x_wconf 91' lang='lat' dir='ltr'><strong>sq.</strong></span> <span class='ocrx_word' id='word_1_800' title='bbox 2631 4610 2676 4642; x_wconf 79' lang='lat'><strong>”</strong></span> <span class='ocrx_word' id='word_1_801' title='bbox 2701 4610 2855 4665; x_wconf 85' lang='lat' dir='ltr'><strong>lCor.</strong></span> <span class='ocrx_word' id='word_1_802' title='bbox 2892 4627 2930 4674; x_wconf 91' lang='grc' dir='ltr'>ι,</span> <span class='ocrx_word' id='word_1_803' title='bbox 2962 4603 3011 4665; x_wconf 80' lang='lat' dir='ltr'><strong>i.</strong></span> <span class='ocrx_word' id='word_1_804' title='bbox 3086 4611 3132 4643; x_wconf 76' lang='lat'><strong>“</strong></span> <span class='ocrx_word' id='word_1_805' title='bbox 3158 4603 3185 4663; x_wconf 83' lang='grc' dir='ltr'>ι’</span> <span class='ocrx_word' id='word_1_806' title='bbox 3202 4613 3363 4669; x_wconf 86' lang='lat' dir='ltr'><strong>Thes.</strong></span> <span class='ocrx_word' id='word_1_807' title='bbox 3399 4629 3436 4675; x_wconf 86' lang='grc' dir='ltr'>ι,</span> <span class='ocrx_word' id='word_1_808' title='bbox 3466 4613 3516 4665; x_wconf 90' lang='grc'><strong>1.</strong></span> 
     </span>
    </p>
   </div>
   <div class='ocr_carea' id='block_1_96' title="bbox 425 4721 1892 4794">
    <p class='ocr_par' dir='ltr' id='par_1_96' title="bbox 425 4721 1892 4794">
     <span class='ocr_line' id='line_1_96' title="bbox 425 4721 1892 4794; baseline -0.001 -17"><span class='ocrx_word' id='word_1_809' title='bbox 425 4722 505 4794; x_wconf 75' lang='lat'><strong>(‘2)</strong></span> <span class='ocrx_word' id='word_1_810' title='bbox 550 4723 641 4794; x_wconf 86' lang='lat' dir='ltr'><strong>Sic</strong></span> <span class='ocrx_word' id='word_1_811' title='bbox 679 4737 807 4776; x_wconf 87' lang='lat' dir='ltr'><strong>mss.</strong></span> <span class='ocrx_word' id='word_1_812' title='bbox 838 4731 891 4774; x_wconf 91' lang='lat' dir='ltr'><strong>ct</strong></span> <span class='ocrx_word' id='word_1_813' title='bbox 917 4722 1187 4794; x_wconf 85' lang='lat' dir='ltr'><strong>Rahanus.</strong></span> <span class='ocrx_word' id='word_1_814' title='bbox 1226 4724 1361 4777; x_wconf 86' lang='lat' dir='ltr'><strong>Editi</strong></span> <span class='ocrx_word' id='word_1_815' title='bbox 1393 4736 1556 4785; x_wconf 91' lang='lat' dir='ltr'><strong>vero,</strong></span> <span class='ocrx_word' id='word_1_816' title='bbox 1605 4721 1892 4794; x_wconf 71' lang='lat' dir='ltr'><strong>Considera</strong></span> 
     </span>
    </p>
   </div>
   <div class='ocr_carea' id='block_1_97' title="bbox 334 4790 1890 4861">
    <p class='ocr_par' dir='ltr' id='par_1_97' title="bbox 334 4790 1890 4861">
     <span class='ocr_line' id='line_1_97' title="bbox 334 4790 1890 4861; baseline -0.002 -13"><span class='ocrx_word' id='word_1_817' title='bbox 334 4790 479 4861; x_wconf 71' lang='lat' dir='ltr'><strong>ergo</strong></span> <span class='ocrx_word' id='word_1_818' title='bbox 501 4808 569 4846; x_wconf 77' lang='lat' dir='ltr'><strong>ea:</strong></span> <span class='ocrx_word' id='word_1_819' title='bbox 592 4793 687 4861; x_wconf 86' lang='lat' dir='ltr'><strong>hoc</strong></span> <span class='ocrx_word' id='word_1_820' title='bbox 706 4803 912 4857; x_wconf 83' lang='lat' dir='ltr'><strong>propter</strong></span> <span class='ocrx_word' id='word_1_821' title='bbox 954 4793 1090 4859; x_wconf 85' lang='lat' dir='ltr'><strong>quod</strong></span> <span class='ocrx_word' id='word_1_822' title='bbox 1129 4795 1315 4860; x_wconf 83' lang='lat' dir='ltr'><strong>scripta</strong></span> <span class='ocrx_word' id='word_1_823' title='bbox 1356 4801 1514 4853; x_wconf 85' lang='lat' dir='ltr'><strong>sunt,</strong></span> <span class='ocrx_word' id='word_1_824' title='bbox 1568 4790 1794 4844; x_wconf 76' lang='lat' dir='ltr'><strong>videlicet</strong></span> <span class='ocrx_word' id='word_1_825' title='bbox 1833 4802 1890 4845; x_wconf 89' lang='lat' dir='ltr'><strong>ut</strong></span> 
     </span>
    </p>
   </div>
   <div class='ocr_carea' id='block_1_98' title="bbox 334 4860 881 4924">
    <p class='ocr_par' dir='ltr' id='par_1_98' title="bbox 334 4860 881 4924">
     <span class='ocr_line' id='line_1_98' title="bbox 334 4860 881 4924; baseline -0.009 -8"><span class='ocrx_word' id='word_1_826' title='bbox 334 4860 557 4924; x_wconf 83' lang='lat' dir='ltr'><strong>scripta</strong></span> <span class='ocrx_word' id='word_1_827' title='bbox 590 4860 881 4911; x_wconf 86' lang='lat' dir='ltr'><strong>videantur.</strong></span> 
     </span>
    </p>
   </div>
   <div class='ocr_carea' id='block_1_99' title="bbox 419 4926 1813 4995">
    <p class='ocr_par' dir='ltr' id='par_1_99' title="bbox 419 4926 1813 4995">
     <span class='ocr_line' id='line_1_99' title="bbox 419 4926 1813 4995; baseline 0 -15"><span class='ocrx_word' id='word_1_828' title='bbox 419 4929 503 4995; x_wconf 79' lang='lat'><strong>(5)</strong></span> <span class='ocrx_word' id='word_1_829' title='bbox 532 4927 614 4995; x_wconf 61' lang='lat' dir='ltr'><strong>4d</strong></span> <span class='ocrx_word' id='word_1_830' title='bbox 640 4927 821 4980; x_wconf 87' lang='lat' dir='ltr'><strong>Deum.</strong></span> <span class='ocrx_word' id='word_1_831' title='bbox 843 4927 1218 4980; x_wconf 87' lang='lat' dir='ltr'><strong>Desiderantur</strong></span> <span class='ocrx_word' id='word_1_832' title='bbox 1251 4929 1363 4995; x_wconf 66' lang='lat' dir='ltr'><strong>haec</strong></span> <span class='ocrx_word' id='word_1_833' title='bbox 1380 4927 1432 4978; x_wconf 93' lang='lat' dir='ltr'><strong>in</strong></span> <span class='ocrx_word' id='word_1_834' title='bbox 1456 4935 1615 4995; x_wconf 86' lang='lat' dir='ltr'><strong>antea</strong></span> <span class='ocrx_word' id='word_1_835' title='bbox 1641 4926 1813 4980; x_wconf 84' lang='lat' dir='ltr'><strong>editis.</strong></span> 
     </span>
    </p>
   </div>
   <div class='ocr_carea' id='block_1_100' title="bbox 421 4993 1885 5064">
    <p class='ocr_par' dir='ltr' id='par_1_100' title="bbox 421 4993 1885 5064">
     <span class='ocr_line' id='line_1_100' title="bbox 421 4993 1885 5064; baseline 0.001 -19"><span class='ocrx_word' id='word_1_836' title='bbox 421 4993 505 5063; x_wconf 68' lang='grc' dir='ltr'>(ιι)</span> <span class='ocrx_word' id='word_1_837' title='bbox 536 4993 603 5046; x_wconf 88' lang='lat' dir='ltr'><strong>Ut</strong></span> <span class='ocrx_word' id='word_1_838' title='bbox 634 4995 922 5064; x_wconf 87' lang='lat' dir='ltr'><strong>unanimes.</strong></span> <span class='ocrx_word' id='word_1_839' title='bbox 953 5005 1082 5064; x_wconf 84' lang='lat' dir='ltr'><strong>elc.,</strong></span> <span class='ocrx_word' id='word_1_840' title='bbox 1108 5011 1271 5064; x_wconf 90' lang='lat' dir='ltr'><strong>usque</strong></span> <span class='ocrx_word' id='word_1_841' title='bbox 1297 4994 1384 5057; x_wconf 90' lang='lat' dir='ltr'><strong>ad,</strong></span> <span class='ocrx_word' id='word_1_842' title='bbox 1421 4994 1474 5045; x_wconf 91' lang='lat' dir='ltr'><strong>in</strong></span> <span class='ocrx_word' id='word_1_843' title='bbox 1503 4994 1745 5045; x_wconf 86' lang='lat' dir='ltr'><strong>honorem</strong></span> <span class='ocrx_word' id='word_1_844' title='bbox 1771 4996 1885 5057; x_wconf 87' lang='lat' dir='ltr'><strong>Dei,</strong></span> 
     </span>
    </p>
   </div>
   <div class='ocr_carea' id='block_1_101' title="bbox 332 5062 1885 5140">
    <p class='ocr_par' dir='ltr' id='par_1_101' title="bbox 332 5062 1885 5140">
     <span class='ocr_line' id='line_1_101' title="bbox 332 5062 1885 5140; baseline -0.001 -22"><span class='ocrx_word' id='word_1_845' title='bbox 332 5062 727 5140; x_wconf 68' lang='lat' dir='ltr'><strong>desiderantur</strong></span> <span class='ocrx_word' id='word_1_846' title='bbox 758 5062 810 5114; x_wconf 91' lang='lat' dir='ltr'><strong>in</strong></span> <span class='ocrx_word' id='word_1_847' title='bbox 845 5063 1037 5140; x_wconf 83' lang='lat' dir='ltr'><strong>editis;</strong></span> <span class='ocrx_word' id='word_1_848' title='bbox 1082 5062 1568 5117; x_wconf 32' lang='lat' dir='ltr'><strong>sed‘restituuntur</strong></span> <span class='ocrx_word' id='word_1_849' title='bbox 1610 5074 1677 5113; x_wconf 80' lang='lat' dir='ltr'><strong>ex</strong></span> <span class='ocrx_word' id='word_1_850' title='bbox 1708 5065 1885 5116; x_wconf 87' lang='lat' dir='ltr'><strong>omni-</strong></span> 
     </span>
    </p>
   </div>
   <div class='ocr_carea' id='block_1_102' title="bbox 333 5136 621 5188">
    <p class='ocr_par' dir='ltr' id='par_1_102' title="bbox 333 5136 621 5188">
     <span class='ocr_line' id='line_1_102' title="bbox 333 5136 621 5188; baseline -0.007 -5"><span class='ocrx_word' id='word_1_851' title='bbox 333 5136 455 5188; x_wconf 84' lang='lat' dir='ltr'><strong>bus</strong></span> <span class='ocrx_word' id='word_1_852' title='bbox 496 5144 621 5181; x_wconf 88' lang='lat' dir='ltr'><strong>mss.</strong></span> 
     </span>
    </p>
   </div>
   <div class='ocr_carea' id='block_1_103' title="bbox 538 5195 1445 5262">
    <p class='ocr_par' dir='ltr' id='par_1_103' title="bbox 538 5195 1445 5262">
     <span class='ocr_line' id='line_1_103' title="bbox 538 5195 1445 5262; baseline 0 -14"><span class='ocrx_word' id='word_1_853' title='bbox 538 5196 698 5258; x_wconf 86' lang='lat' dir='ltr'><strong>Edili,</strong></span> <span class='ocrx_word' id='word_1_854' title='bbox 726 5205 775 5248; x_wconf 85' lang='lat' dir='ltr'><strong>et</strong></span> <span class='ocrx_word' id='word_1_855' title='bbox 810 5195 945 5248; x_wconf 90' lang='lat' dir='ltr'><strong>Deus</strong></span> <span class='ocrx_word' id='word_1_856' title='bbox 968 5200 1244 5262; x_wconf 67' lang='lat' dir='ltr'><strong>patientia,</strong></span> <span class='ocrx_word' id='word_1_857' title='bbox 1276 5196 1445 5250; x_wconf 88' lang='lat' dir='ltr'><strong>male.</strong></span> 
     </span>
    </p>
   </div>
   <div class='ocr_carea' id='block_1_104' title="bbox 448 5197 1505 5400">
    <p class='ocr_par' dir='ltr' id='par_1_104' title="bbox 448 5197 1505 5400">
     <span class='ocr_line' id='line_1_104' title="bbox 449 5197 1445 5262; baseline -0.001 -13"><span class='ocrx_word' id='word_1_858' title='bbox 449 5197 485 5249; x_wconf 84' lang='lat'><strong>5</strong></span> <span class='ocrx_word' id='word_1_859' title='bbox 538 5197 698 5258; x_wconf 86' lang='lat' dir='ltr'><strong>Edili,</strong></span> <span class='ocrx_word' id='word_1_860' title='bbox 726 5205 775 5248; x_wconf 85' lang='lat' dir='ltr'><strong>et</strong></span> <span class='ocrx_word' id='word_1_861' title='bbox 810 5197 945 5248; x_wconf 90' lang='lat' dir='ltr'><strong>Deus</strong></span> <span class='ocrx_word' id='word_1_862' title='bbox 968 5200 1244 5262; x_wconf 67' lang='lat' dir='ltr'><strong>patientia,</strong></span> <span class='ocrx_word' id='word_1_863' title='bbox 1276 5197 1445 5250; x_wconf 88' lang='lat' dir='ltr'><strong>male.</strong></span> 
     </span>
     <span class='ocr_line' id='line_1_105' title="bbox 448 5263 1505 5331; baseline 0.004 -15"><span class='ocrx_word' id='word_1_864' title='bbox 448 5269 484 5317; x_wconf 75' lang='grc'>6</span> <span class='ocrx_word' id='word_1_865' title='bbox 536 5263 697 5327; x_wconf 87' lang='lat' dir='ltr'><strong>Editi,</strong></span> <span class='ocrx_word' id='word_1_866' title='bbox 730 5264 864 5316; x_wconf 84' lang='lat' dir='ltr'><strong>Deus</strong></span> <span class='ocrx_word' id='word_1_867' title='bbox 898 5275 1063 5317; x_wconf 88' lang='lat' dir='ltr'><strong>autem</strong></span> <span class='ocrx_word' id='word_1_868' title='bbox 1089 5268 1372 5331; x_wconf 64' lang='lat' dir='ltr'><strong>patientiae,</strong></span> <span class='ocrx_word' id='word_1_869' title='bbox 1400 5276 1505 5320; x_wconf 89' lang='lat' dir='ltr'><strong>etc.</strong></span> 
     </span>
     <span class='ocr_line' id='line_1_106' title="bbox 448 5197 1505 5400; baseline 0.005 -15"><span class='ocrx_word' id='word_1_870' title='bbox 448 5197 506 5400; x_wconf 52' lang='lat' dir='ltr'><strong>7i</strong></span> <span class='ocrx_word' id='word_1_871' title='bbox 538 5330 631 5400; x_wconf 82' lang='lat' dir='ltr'><strong>Sic</strong></span> <span class='ocrx_word' id='word_1_872' title='bbox 656 5348 780 5400; x_wconf 82' lang='lat' dir='ltr'><strong>mss.</strong></span> <span class='ocrx_word' id='word_1_873' title='bbox 809 5342 860 5383; x_wconf 90' lang='lat' dir='ltr'><strong>et</strong></span> <span class='ocrx_word' id='word_1_874' title='bbox 894 5331 1157 5389; x_wconf 77' lang='lat' dir='ltr'><strong>Rabaous.</strong></span> <span class='ocrx_word' id='word_1_875' title='bbox 1191 5334 1326 5387; x_wconf 87' lang='lat' dir='ltr'><strong>Editi</strong></span> <span class='ocrx_word' id='word_1_876' title='bbox 1380 5347 1505 5390; x_wconf 86' lang='lat' dir='ltr'><strong>vero</strong></span> 
     </span>
    </p>
   </div>
   <div class='ocr_carea' id='block_1_105' title="bbox 446 5330 1890 5401">
    <p class='ocr_par' dir='ltr' id='par_1_105' title="bbox 446 5330 1890 5401">
     <span class='ocr_line' id='line_1_107' title="bbox 446 5330 1890 5401; baseline 0.005 -16"><span class='ocrx_word' id='word_1_877' title='bbox 446 5330 504 5400; x_wconf 89' lang='lat'><strong>7)</strong></span> <span class='ocrx_word' id='word_1_878' title='bbox 538 5330 632 5401; x_wconf 75' lang='lat' dir='ltr'><strong>Sic</strong></span> <span class='ocrx_word' id='word_1_879' title='bbox 656 5348 780 5401; x_wconf 76' lang='lat' dir='ltr'><strong>mss.</strong></span> <span class='ocrx_word' id='word_1_880' title='bbox 809 5342 860 5383; x_wconf 90' lang='lat' dir='ltr'><strong>et</strong></span> <span class='ocrx_word' id='word_1_881' title='bbox 894 5330 1157 5389; x_wconf 77' lang='lat' dir='ltr'><strong>Rabaous.</strong></span> <span class='ocrx_word' id='word_1_882' title='bbox 1191 5334 1326 5387; x_wconf 87' lang='lat' dir='ltr'><strong>Editi</strong></span> <span class='ocrx_word' id='word_1_883' title='bbox 1380 5347 1526 5401; x_wconf 86' lang='lat' dir='ltr'><strong>vero,</strong></span> <span class='ocrx_word' id='word_1_884' title='bbox 1567 5334 1758 5389; x_wconf 80' lang='lat' dir='ltr'><strong>Gratia</strong></span> <span class='ocrx_word' id='word_1_885' title='bbox 1794 5339 1890 5392; x_wconf 84' lang='lat' dir='ltr'><strong>Dei</strong></span> 
     </span>
    </p>
   </div>
   <div class='ocr_carea' id='block_1_106' title="bbox 332 5398 887 5456">
    <p class='ocr_par' dir='ltr' id='par_1_106' title="bbox 332 5398 887 5456">
     <span class='ocr_line' id='line_1_108' title="bbox 332 5398 887 5456; baseline -0.011 1"><span class='ocrx_word' id='word_1_886' title='bbox 332 5398 736 5456; x_wconf 29' lang='lat' dir='ltr'><strong>est&#39;b’enedictio</strong></span> <span class='ocrx_word' id='word_1_887' title='bbox 765 5401 887 5451; x_wconf 79' lang='lat' dir='ltr'><strong>ista.</strong></span> 
     </span>
    </p>
   </div>
   <div class='ocr_carea' id='block_1_107' title="bbox 443 5466 1105 5533">
    <p class='ocr_par' dir='ltr' id='par_1_107' title="bbox 443 5466 1105 5533">
     <span class='ocr_line' id='line_1_109' title="bbox 443 5466 1105 5533; baseline 0.003 -13"><span class='ocrx_word' id='word_1_888' title='bbox 443 5467 504 5533; x_wconf 88' lang='lat'><strong>8)</strong></span> <span class='ocrx_word' id='word_1_889' title='bbox 538 5467 643 5519; x_wconf 85' lang='lat' dir='ltr'><strong>Ita.</strong></span> <span class='ocrx_word' id='word_1_890' title='bbox 680 5466 833 5519; x_wconf 86' lang='lat' dir='ltr'><strong>Deest</strong></span> <span class='ocrx_word' id='word_1_891' title='bbox 858 5468 907 5518; x_wconf 90' lang='lat' dir='ltr'><strong>in</strong></span> <span class='ocrx_word' id='word_1_892' title='bbox 936 5469 1105 5524; x_wconf 89' lang='lat' dir='ltr'><strong>editis.</strong></span> 
     </span>
    </p>
   </div>
   <div class='ocr_carea' id='block_1_108' title="bbox 415 5469 1665 5605">
    <p class='ocr_par' dir='ltr' id='par_1_108' title="bbox 415 5469 1665 5605">
     <span class='ocr_line' id='line_1_110' title="bbox 443 5469 1105 5533; baseline 0.003 -13"><span class='ocrx_word' id='word_1_893' title='bbox 443 5469 504 5533; x_wconf 88' lang='lat'><strong>8)</strong></span> <span class='ocrx_word' id='word_1_894' title='bbox 538 5469 643 5519; x_wconf 83' lang='lat' dir='ltr'><strong>Ita.</strong></span> <span class='ocrx_word' id='word_1_895' title='bbox 680 5469 833 5519; x_wconf 88' lang='lat' dir='ltr'><strong>Deest</strong></span> <span class='ocrx_word' id='word_1_896' title='bbox 858 5469 907 5518; x_wconf 91' lang='lat' dir='ltr'><strong>in</strong></span> <span class='ocrx_word' id='word_1_897' title='bbox 936 5469 1105 5524; x_wconf 89' lang='lat' dir='ltr'><strong>editis.</strong></span> 
     </span>
     <span class='ocr_line' id='line_1_111' title="bbox 415 5469 1665 5605; baseline 0.006 -21"><span class='ocrx_word' id='word_1_898' title='bbox 415 5469 599 5605; x_wconf 48' lang='lat' dir='ltr'><strong>i9)_A_</strong></span> <span class='ocrx_word' id='word_1_899' title='bbox 612 5533 738 5605; x_wconf 76' lang='lat' dir='ltr'><strong>Dea.</strong></span> <span class='ocrx_word' id='word_1_900' title='bbox 767 5536 1032 5605; x_wconf 61' lang='lat' dir='ltr'><strong>omittitur</strong></span> <span class='ocrx_word' id='word_1_901' title='bbox 1058 5538 1107 5590; x_wconf 92' lang='lat' dir='ltr'><strong>in</strong></span> <span class='ocrx_word' id='word_1_902' title='bbox 1133 5538 1273 5590; x_wconf 88' lang='lat' dir='ltr'><strong>libris</strong></span> <span class='ocrx_word' id='word_1_903' title='bbox 1298 5547 1457 5605; x_wconf 71' lang='lat' dir='ltr'><strong>antea</strong></span> <span class='ocrx_word' id='word_1_904' title='bbox 1489 5543 1665 5601; x_wconf 87' lang='lat' dir='ltr'><strong>editis.</strong></span> 
     </span>
    </p>
   </div>
   <div class='ocr_carea' id='block_1_109' title="bbox 421 5600 1891 5673">
    <p class='ocr_par' dir='ltr' id='par_1_109' title="bbox 421 5600 1891 5673">
     <span class='ocr_line' id='line_1_112' title="bbox 421 5600 1891 5673; baseline 0.003 -19"><span class='ocrx_word' id='word_1_905' title='bbox 421 5600 541 5673; x_wconf 80' lang='grc'>(10)</span> <span class='ocrx_word' id='word_1_906' title='bbox 571 5600 683 5670; x_wconf 81' lang='lat' dir='ltr'><strong>Ivi,</strong></span> <span class='ocrx_word' id='word_1_907' title='bbox 712 5604 890 5662; x_wconf 79' lang='lat' dir='ltr'><strong>inquit.</strong></span> <span class='ocrx_word' id='word_1_908' title='bbox 939 5602 1055 5658; x_wconf 73' lang='lat' dir='ltr'><strong>Haec</strong></span> <span class='ocrx_word' id='word_1_909' title='bbox 1091 5603 1376 5670; x_wconf 82' lang='lat' dir='ltr'><strong>duo_verba</strong></span> <span class='ocrx_word' id='word_1_910' title='bbox 1414 5600 1801 5673; x_wconf 67' lang='lat' dir='ltr'><strong>desiderantur</strong></span> <span class='ocrx_word' id='word_1_911' title='bbox 1834 5611 1891 5664; x_wconf 85' lang='lat' dir='ltr'><strong>iu</strong></span> 
     </span>
    </p>
   </div>
   <div class='ocr_carea' id='block_1_110' title="bbox 1992 4726 3515 4795">
    <p class='ocr_par' dir='ltr' id='par_1_110' title="bbox 1992 4726 3515 4795">
     <span class='ocr_line' id='line_1_113' title="bbox 1992 4726 3515 4795; baseline 0.001 -18"><span class='ocrx_word' id='word_1_912' title='bbox 1992 4726 2192 4791; x_wconf 86' lang='lat' dir='ltr'><strong>editis,</strong></span> <span class='ocrx_word' id='word_1_913' title='bbox 2221 4735 2273 4781; x_wconf 89' lang='lat' dir='ltr'><strong>et</strong></span> <span class='ocrx_word' id='word_1_914' title='bbox 2322 4730 2375 4781; x_wconf 90' lang='lat' dir='ltr'><strong>in</strong></span> <span class='ocrx_word' id='word_1_915' title='bbox 2421 4727 2656 4795; x_wconf 90' lang='lat' dir='ltr'><strong>pluribus</strong></span> <span class='ocrx_word' id='word_1_916' title='bbox 2700 4741 2828 4795; x_wconf 78' lang='lat' dir='ltr'><strong>mss.</strong></span> <span class='ocrx_word' id='word_1_917' title='bbox 2857 4762 2874 4787; x_wconf 92' lang='lat'><strong>,</strong></span> <span class='ocrx_word' id='word_1_918' title='bbox 2917 4726 3008 4780; x_wconf 90' lang='lat' dir='ltr'><strong>sed</strong></span> <span class='ocrx_word' id='word_1_919' title='bbox 3059 4727 3412 4780; x_wconf 89' lang='lat' dir='ltr'><strong>restituuntur</strong></span> <span class='ocrx_word' id='word_1_920' title='bbox 3451 4741 3515 4779; x_wconf 80' lang='lat' dir='ltr'><strong>ex</strong></span> 
     </span>
    </p>
   </div>
   <div class='ocr_carea' id='block_1_111' title="bbox 1993 4794 3515 4877">
    <p class='ocr_par' dir='ltr' id='par_1_111' title="bbox 1993 4794 3515 4877">
     <span class='ocr_line' id='line_1_114' title="bbox 1993 4794 3515 4877; baseline -0.001 -30"><span class='ocrx_word' id='word_1_921' title='bbox 1993 4795 2286 4877; x_wconf 50' lang='lat' dir='ltr'><strong>ms.nRegio</strong></span> <span class='ocrx_word' id='word_1_922' title='bbox 2317 4794 2460 4849; x_wconf 88' lang='lat' dir='ltr'><strong>num.</strong></span> <span class='ocrx_word' id='word_1_923' title='bbox 2490 4795 2626 4849; x_wconf 75' lang='grc'><strong>1639</strong></span> <span class='ocrx_word' id='word_1_924' title='bbox 2648 4804 2701 4848; x_wconf 86' lang='lat' dir='ltr'><strong>et</strong></span> <span class='ocrx_word' id='word_1_925' title='bbox 2730 4794 2980 4855; x_wconf 84' lang='lat' dir='ltr'><strong>Rabano,</strong></span> <span class='ocrx_word' id='word_1_926' title='bbox 3019 4796 3109 4862; x_wconf 88' lang='lat' dir='ltr'><strong>qui</strong></span> <span class='ocrx_word' id='word_1_927' title='bbox 3146 4804 3324 4847; x_wconf 87' lang='lat' dir='ltr'><strong>tamen</strong></span> <span class='ocrx_word' id='word_1_928' title='bbox 3352 4795 3515 4846; x_wconf 85' lang='lat' dir='ltr'><strong>omit-</strong></span> 
     </span>
    </p>
   </div>
   <div class='ocr_carea' id='block_1_112' title="bbox 1989 4866 3511 5001">
    <p class='ocr_par' dir='ltr' id='par_1_112' title="bbox 1989 4866 3511 5001">
     <span class='ocr_line' id='line_1_115' title="bbox 1989 4866 3511 5001; baseline -0.001 -16"><span class='ocrx_word' id='word_1_929' title='bbox 1989 4866 2172 5001; x_wconf 46' lang='lat' dir='ltr'><strong>l“(ibt&#39;i</strong></span> <span class='ocrx_word' id='word_1_930' title='bbox 2192 4929 2337 4985; x_wconf 88' lang='lat' dir='ltr'><strong>Libri</strong></span> <span class='ocrx_word' id='word_1_931' title='bbox 2367 4939 2519 4983; x_wconf 84' lang='lat' dir='ltr'><strong>antea</strong></span> <span class='ocrx_word' id='word_1_932' title='bbox 2543 4931 2668 4983; x_wconf 88' lang='lat' dir='ltr'><strong>editi</strong></span> <span class='ocrx_word' id='word_1_933' title='bbox 2703 4930 2897 5001; x_wconf 81' lang='lat' dir='ltr'><strong>habent</strong></span> <span class='ocrx_word' id='word_1_934' title='bbox 2917 4931 3235 5001; x_wconf 74' lang='lat' dir='ltr'><strong>duodecim;</strong></span> <span class='ocrx_word' id='word_1_935' title='bbox 3262 4926 3511 4983; x_wconf 84' lang='lat' dir='ltr'><strong>Rabanus</strong></span> 
     </span>
    </p>
   </div>
   <div class='ocr_carea' id='block_1_113' title="bbox 1990 4999 3077 5061">
    <p class='ocr_par' dir='ltr' id='par_1_113' title="bbox 1990 4999 3077 5061">
     <span class='ocr_line' id='line_1_116' title="bbox 1990 4999 3077 5061; baseline -0.004 -8"><span class='ocrx_word' id='word_1_936' title='bbox 1990 4999 2116 5055; x_wconf 88' lang='lat' dir='ltr'><strong>vero</strong></span> <span class='ocrx_word' id='word_1_937' title='bbox 2140 4999 2192 5053; x_wconf 87' lang='lat' dir='ltr'><strong>et</strong></span> <span class='ocrx_word' id='word_1_938' title='bbox 2222 5013 2406 5053; x_wconf 88' lang='lat' dir='ltr'><strong>omnes</strong></span> <span class='ocrx_word' id='word_1_939' title='bbox 2439 5013 2564 5052; x_wconf 89' lang='lat' dir='ltr'><strong>mss.</strong></span> <span class='ocrx_word' id='word_1_940' title='bbox 2599 4999 2789 5061; x_wconf 85' lang='lat' dir='ltr'><strong>nos;ri,</strong></span> <span class='ocrx_word' id='word_1_941' title='bbox 2823 4999 3077 5049; x_wconf 84' lang='lat' dir='ltr'><strong>undecim.</strong></span> 
     </span>
    </p>
   </div>
   <div class='ocr_carea' id='block_1_114' title="bbox 2057 5064 3509 5137">
    <p class='ocr_par' dir='ltr' id='par_1_114' title="bbox 2057 5064 3509 5137">
     <span class='ocr_line' id='line_1_117' title="bbox 2057 5064 3509 5137; baseline -0.003 -16"><span class='ocrx_word' id='word_1_942' title='bbox 2057 5066 2357 5137; x_wconf 57' lang='lat' dir='ltr'><strong>(iiiEditi,</strong></span> <span class='ocrx_word' id='word_1_943' title='bbox 2382 5066 2454 5137; x_wconf 75' lang='lat' dir='ltr'><strong>hi.</strong></span> <span class='ocrx_word' id='word_1_944' title='bbox 2474 5066 2615 5137; x_wconf 58' lang='lat' dir='ltr'><strong>Mss.</strong></span> <span class='ocrx_word' id='word_1_945' title='bbox 2641 5079 2787 5137; x_wconf 83' lang='lat' dir='ltr'><strong>vero,</strong></span> <span class='ocrx_word' id='word_1_946' title='bbox 2816 5075 2936 5137; x_wconf 64' lang='lat' dir='ltr'><strong>tres,</strong></span> <span class='ocrx_word' id='word_1_947' title='bbox 2960 5066 3046 5137; x_wconf 82' lang='lat' dir='ltr'><strong>qui</strong></span> <span class='ocrx_word' id='word_1_948' title='bbox 3076 5064 3231 5137; x_wconf 75' lang='lat' dir='ltr'><strong>paulo</strong></span> <span class='ocrx_word' id='word_1_949' title='bbox 3261 5073 3390 5137; x_wconf 61' lang='lat' dir='ltr'><strong>post</strong></span> <span class='ocrx_word' id='word_1_950' title='bbox 3412 5065 3509 5119; x_wconf 84' lang='lat' dir='ltr'><strong>ba-</strong></span> 
     </span>
    </p>
   </div>
   <div class='ocr_carea' id='block_1_115' title="bbox 1982 5131 3508 5203">
    <p class='ocr_par' dir='ltr' id='par_1_115' title="bbox 1982 5131 3508 5203">
     <span class='ocr_line' id='line_1_118' title="bbox 1982 5131 3508 5203; baseline -0.003 -12"><span class='ocrx_word' id='word_1_951' title='bbox 1982 5131 2132 5198; x_wconf 86' lang='lat' dir='ltr'><strong>bent,</strong></span> <span class='ocrx_word' id='word_1_952' title='bbox 2149 5131 2352 5202; x_wconf 60' lang='lat' dir='ltr'><strong>&#39;Asgr...</strong></span> <span class='ocrx_word' id='word_1_953' title='bbox 2368 5132 2650 5203; x_wconf 80' lang='lat' dir='ltr'><strong>_Hel_chana</strong></span> <span class='ocrx_word' id='word_1_954' title='bbox 2672 5132 2849 5203; x_wconf 87' lang='lat' dir='ltr'><strong>(unus,</strong></span> <span class='ocrx_word' id='word_1_955' title='bbox 2875 5131 3203 5200; x_wconf 81' lang='lat' dir='ltr'><strong>Helchan)...</strong></span> <span class='ocrx_word' id='word_1_956' title='bbox 3226 5131 3275 5184; x_wconf 81' lang='lat' dir='ltr'><strong>et</strong></span> <span class='ocrx_word' id='word_1_957' title='bbox 3298 5134 3508 5196; x_wconf 78' lang='lat' dir='ltr'><strong>Abinsa,</strong></span> 
     </span>
    </p>
   </div>
   <div class='ocr_carea' id='block_1_116' title="bbox 1987 5200 2679 5267">
    <p class='ocr_par' dir='ltr' id='par_1_116' title="bbox 1987 5200 2679 5267">
     <span class='ocr_line' id='line_1_119' title="bbox 1987 5200 2679 5267; baseline -0.009 -9"><span class='ocrx_word' id='word_1_958' title='bbox 1987 5205 2082 5265; x_wconf 77' lang='lat' dir='ltr'><strong>aL,</strong></span> <span class='ocrx_word' id='word_1_959' title='bbox 2114 5200 2301 5267; x_wconf 73' lang='lat' dir='ltr'><strong>Abysa,</strong></span> <span class='ocrx_word' id='word_1_960' title='bbox 2335 5200 2428 5260; x_wconf 82' lang='lat' dir='ltr'><strong>aL,</strong></span> <span class='ocrx_word' id='word_1_961' title='bbox 2461 5201 2679 5267; x_wconf 55' lang='grc' dir='ltr'><strong>Δόνακα.</strong></span> 
     </span>
    </p>
   </div>
   <div class='ocr_carea' id='block_1_117' title="bbox 2056 5269 2841 5342">
    <p class='ocr_par' dir='ltr' id='par_1_117' title="bbox 2056 5269 2841 5342">
     <span class='ocr_line' id='line_1_120' title="bbox 2056 5269 2841 5342; baseline -0.004 -19"><span class='ocrx_word' id='word_1_962' title='bbox 2056 5271 2165 5342; x_wconf 77' lang='grc'>(15)</span> <span class='ocrx_word' id='word_1_963' title='bbox 2380 5269 2841 5342; x_wconf 80' lang='lat' dir='ltr'><strong>ab__aclu_nefario.</strong></span> 
     </span>
    </p>
   </div>
   <div class='ocr_carea' id='block_1_118' title="bbox 2054 5271 3509 5406">
    <p class='ocr_par' dir='ltr' id='par_1_118' title="bbox 2054 5271 3509 5406">
     <span class='ocr_line' id='line_1_121' title="bbox 2056 5271 2841 5342; baseline -0.005 -18"><span class='ocrx_word' id='word_1_964' title='bbox 2056 5272 2143 5342; x_wconf 81' lang='grc'>(15</span> <span class='ocrx_word' id='word_1_965' title='bbox 2197 5271 2353 5328; x_wconf 80' lang='lat' dir='ltr'><strong>Editi,</strong></span> <span class='ocrx_word' id='word_1_966' title='bbox 2380 5271 2442 5318; x_wconf 89' lang='lat' dir='ltr'><strong>ab</strong></span> <span class='ocrx_word' id='word_1_967' title='bbox 2473 5279 2592 5319; x_wconf 85' lang='lat' dir='ltr'><strong>actu</strong></span> <span class='ocrx_word' id='word_1_968' title='bbox 2621 5271 2841 5333; x_wconf 80' lang='lat' dir='ltr'><strong>nefario.</strong></span> 
     </span>
     <span class='ocr_line' id='line_1_122' title="bbox 2054 5271 3509 5406; baseline -0.002 -15"><span class='ocrx_word' id='word_1_969' title='bbox 2054 5271 2165 5406; x_wconf 53' lang='lat' dir='ltr'><strong>(Mi</strong></span> <span class='ocrx_word' id='word_1_970' title='bbox 2195 5338 2367 5396; x_wconf 79' lang='lat' dir='ltr'><strong>Editi,</strong></span> <span class='ocrx_word' id='word_1_971' title='bbox 2408 5335 2702 5406; x_wconf 62' lang='lat' dir='ltr'><strong>Ecclesium</strong></span> <span class='ocrx_word' id='word_1_972' title='bbox 2726 5374 2742 5396; x_wconf 85' lang='lat'><strong>,</strong></span> <span class='ocrx_word' id='word_1_973' title='bbox 2795 5336 2951 5390; x_wconf 74' lang='lat' dir='ltr'><strong>&quot;tale.</strong></span> <span class='ocrx_word' id='word_1_974' title='bbox 3000 5335 3195 5391; x_wconf 87' lang='lat' dir='ltr'><strong>Deinde</strong></span> <span class='ocrx_word' id='word_1_975' title='bbox 3235 5340 3509 5405; x_wconf 87' lang='lat' dir='ltr'><strong>omittunt,</strong></span> 
     </span>
    </p>
   </div>
   <div class='ocr_carea' id='block_1_119' title="bbox 1985 5402 3509 5472">
    <p class='ocr_par' dir='ltr' id='par_1_119' title="bbox 1985 5402 3509 5472">
     <span class='ocr_line' id='line_1_123' title="bbox 1985 5402 3509 5472; baseline -0.002 -11"><span class='ocrx_word' id='word_1_976' title='bbox 1985 5402 2194 5461; x_wconf 81' lang='lat' dir='ltr'><strong>omnes:</strong></span> <span class='ocrx_word' id='word_1_977' title='bbox 2219 5414 2274 5457; x_wconf 87' lang='lat' dir='ltr'><strong>et</strong></span> <span class='ocrx_word' id='word_1_978' title='bbox 2304 5402 2456 5472; x_wconf 86' lang='lat' dir='ltr'><strong>paulo</strong></span> <span class='ocrx_word' id='word_1_979' title='bbox 2488 5412 2602 5468; x_wconf 89' lang='lat' dir='ltr'><strong>post</strong></span> <span class='ocrx_word' id='word_1_980' title='bbox 2646 5405 2877 5465; x_wconf 83' lang='lat' dir='ltr'><strong>habent,</strong></span> <span class='ocrx_word' id='word_1_981' title='bbox 2908 5413 2954 5456; x_wconf 90' lang='lat' dir='ltr'><strong>et</strong></span> <span class='ocrx_word' id='word_1_982' title='bbox 2998 5421 3096 5457; x_wconf 85' lang='lat' dir='ltr'><strong>uno</strong></span> <span class='ocrx_word' id='word_1_983' title='bbox 3135 5422 3222 5457; x_wconf 86' lang='lat' dir='ltr'><strong>ore</strong></span> <span class='ocrx_word' id='word_1_984' title='bbox 3247 5402 3509 5472; x_wconf 55' lang='lat' dir='ltr'><strong>honori/74</strong></span> 
     </span>
    </p>
   </div>
   <div class='ocr_carea' id='block_1_120' title="bbox 1986 5471 3512 5536">
    <p class='ocr_par' dir='ltr' id='par_1_120' title="bbox 1986 5471 3512 5536">
     <span class='ocr_line' id='line_1_124' title="bbox 1986 5471 3512 5536; baseline 0 -9"><span class='ocrx_word' id='word_1_985' title='bbox 1986 5477 2101 5528; x_wconf 87' lang='lat' dir='ltr'><strong>cetis</strong></span> <span class='ocrx_word' id='word_1_986' title='bbox 2157 5471 2354 5536; x_wconf 83' lang='lat' dir='ltr'><strong>Deum,</strong></span> <span class='ocrx_word' id='word_1_987' title='bbox 2402 5480 2504 5524; x_wconf 89' lang='lat' dir='ltr'><strong>etc.</strong></span> <span class='ocrx_word' id='word_1_988' title='bbox 2557 5471 2661 5523; x_wconf 86' lang='lat' dir='ltr'><strong>Sed</strong></span> <span class='ocrx_word' id='word_1_989' title='bbox 2712 5486 2896 5526; x_wconf 87' lang='lat' dir='ltr'><strong>omnes</strong></span> <span class='ocrx_word' id='word_1_990' title='bbox 2943 5488 3069 5527; x_wconf 87' lang='lat' dir='ltr'><strong>mss.</strong></span> <span class='ocrx_word' id='word_1_991' title='bbox 3120 5483 3175 5526; x_wconf 94' lang='lat' dir='ltr'><strong>ut</strong></span> <span class='ocrx_word' id='word_1_992' title='bbox 3221 5474 3273 5526; x_wconf 90' lang='lat' dir='ltr'><strong>in</strong></span> <span class='ocrx_word' id='word_1_993' title='bbox 3328 5471 3512 5527; x_wconf 88' lang='lat' dir='ltr'><strong>nostro</strong></span> 
     </span>
    </p>
   </div>
   <div class='ocr_carea' id='block_1_121' title="bbox 1989 5555 2150 5598">
    <p class='ocr_par' dir='ltr' id='par_1_121' title="bbox 1989 5555 2150 5598">
     <span class='ocr_line' id='line_1_125' title="bbox 1989 5555 2150 5598; baseline -0.019 -1"><span class='ocrx_word' id='word_1_994' title='bbox 1989 5555 2150 5598; x_wconf 69' lang='grc' dir='ltr'>ιθιιιι.</span> 
     </span>
    </p>
   </div>
   <div class='ocr_carea' id='block_1_122' title="bbox 3410 263 3627 318">
    <p class='ocr_par' dir='ltr' id='par_1_122' title="bbox 3410 263 3627 318">
     <span class='ocr_line' id='line_1_126' title="bbox 3410 263 3627 318; baseline -0.005 -1"><span class='ocrx_word' id='word_1_995' title='bbox 3410 263 3545 318; x_wconf 65' lang='lat'><strong>1262</strong></span> <span class='ocrx_word' id='word_1_996' title='bbox 3619 265 3627 272; x_wconf 89' lang='grc'><em>’</em></span> 
     </span>
    </p>
   </div>
  </div>
