  <div class='ocr_page' id='page_1' title='image "/cluster/home/n/w/nwhite01/storage/ocr_20150623/14 (Origen; pt. 4)/nyp.33433081862280/647.png"; bbox 0 0 3910 6252; ppageno 0'>
   <div class='ocr_carea' id='block_1_1' title="bbox 232 305 369 368">
    <p class='ocr_par' dir='ltr' id='par_1_1' title="bbox 232 305 369 368">
     <span class='ocr_line' id='line_1_1' title="bbox 232 305 369 368; baseline -0.022 0"><span class='ocrx_word' id='word_1_1' title='bbox 232 305 369 368; x_wconf 69' lang='lat'><strong>1283</strong></span> 
     </span>
    </p>
   </div>
   <div class='ocr_carea' id='block_1_2' title="bbox 1659 296 1973 353">
    <p class='ocr_par' dir='ltr' id='par_1_2' title="bbox 1659 296 1973 353">
     <span class='ocr_line' id='line_1_2' title="bbox 1659 296 1973 353; baseline -0.003 0"><span class='ocrx_word' id='word_1_2' title='bbox 1659 296 1973 353; x_wconf 86' lang='lat' dir='ltr'><strong>ORIGENIS</strong></span> 
     </span>
    </p>
   </div>
   <div class='ocr_carea' id='block_1_3' title="bbox 3425 268 3580 321">
    <p class='ocr_par' dir='ltr' id='par_1_3' title="bbox 3425 268 3580 321">
     <span class='ocr_line' id='line_1_3' title="bbox 3425 268 3580 321; baseline 0 0"><span class='ocrx_word' id='word_1_3' title='bbox 3425 271 3453 321; x_wconf 81' lang='grc'><strong>1</strong></span> <span class='ocrx_word' id='word_1_4' title='bbox 3463 268 3580 321; x_wconf 65' lang='grc' dir='ltr'><strong>2ὺό</strong></span> 
     </span>
    </p>
   </div>
   <div class='ocr_carea' id='block_1_4' title="bbox 230 386 3580 494">
    <p class='ocr_par' dir='ltr' id='par_1_4' title="bbox 230 386 3580 494">
     <span class='ocr_line' id='line_1_4' title="bbox 230 386 3580 494; baseline -0.015 -9"><span class='ocrx_word' id='word_1_5' title='bbox 230 432 321 485; x_wconf 91' lang='lat' dir='ltr'><strong>ubi</strong></span> <span class='ocrx_word' id='word_1_6' title='bbox 351 431 461 494; x_wconf 90' lang='lat' dir='ltr'><strong>ait,</strong></span> <span class='ocrx_word' id='word_1_7' title='bbox 490 427 706 494; x_wconf 83' lang='lat' dir='ltr'><strong>idipsum</strong></span> <span class='ocrx_word' id='word_1_8' title='bbox 736 438 912 485; x_wconf 80' lang='lat' dir='ltr'><strong>sapere</strong></span> <span class='ocrx_word' id='word_1_9' title='bbox 953 423 1007 472; x_wconf 88' lang='lat' dir='ltr'><strong>in</strong></span> <span class='ocrx_word' id='word_1_10' title='bbox 1043 420 1350 473; x_wconf 85' lang='lat' dir='ltr'><strong>alterutrum</strong></span> <span class='ocrx_word' id='word_1_11' title='bbox 1373 458 1387 483; x_wconf 94' lang='lat'><strong>,</strong></span> <span class='ocrx_word' id='word_1_12' title='bbox 1419 417 1656 480; x_wconf 92' lang='lat' dir='ltr'><strong>addidit,</strong></span> <span class='ocrx_word' id='word_1_13' title='bbox 1683 433 1763 469; x_wconf 88' lang='lat' dir='ltr'><strong>se-</strong></span> <span class='ocrx_word' id='word_1_14' title='bbox 1788 421 1835 475; x_wconf 80' lang='grc' dir='ltr'>Α</span> <span class='ocrx_word' id='word_1_15' title='bbox 1863 428 1969 483; x_wconf 90' lang='lat' dir='ltr'><strong>quo</strong></span> <span class='ocrx_word' id='word_1_16' title='bbox 2014 426 2155 465; x_wconf 88' lang='lat' dir='ltr'><strong>nunc</strong></span> <span class='ocrx_word' id='word_1_17' title='bbox 2192 424 2281 465; x_wconf 88' lang='lat' dir='ltr'><strong>eos</strong></span> <span class='ocrx_word' id='word_1_18' title='bbox 2327 410 2418 479; x_wconf 85' lang='lat' dir='ltr'><strong>qui</strong></span> <span class='ocrx_word' id='word_1_19' title='bbox 2467 422 2537 462; x_wconf 78' lang='lat' dir='ltr'><strong>ex</strong></span> <span class='ocrx_word' id='word_1_20' title='bbox 2594 396 3087 494; x_wconf 63' lang='lat' dir='ltr'><strong>circumcisione</strong></span> <span class='ocrx_word' id='word_1_21' title='bbox 3144 386 3580 491; x_wconf 70' lang='lat' dir='ltr'><strong>crediderant,</strong></span> 
     </span>
    </p>
   </div>
   <div class='ocr_carea' id='block_1_5' title="bbox 232 506 1759 571">
    <p class='ocr_par' dir='ltr' id='par_1_5' title="bbox 232 506 1759 571">
     <span class='ocr_line' id='line_1_5' title="bbox 232 506 1759 571; baseline -0.01 1"><span class='ocrx_word' id='word_1_22' title='bbox 232 518 455 571; x_wconf 88' lang='lat' dir='ltr'><strong>cundum</strong></span> <span class='ocrx_word' id='word_1_23' title='bbox 482 515 655 569; x_wconf 84' lang='lat' dir='ltr'><strong>Jesum</strong></span> <span class='ocrx_word' id='word_1_24' title='bbox 683 509 962 564; x_wconf 77' lang='lat' dir='ltr'><strong>Christum.</strong></span> <span class='ocrx_word' id='word_1_25' title='bbox 989 507 1176 561; x_wconf 78' lang='lat' dir='ltr'><strong>Posset</strong></span> <span class='ocrx_word' id='word_1_26' title='bbox 1205 508 1343 561; x_wconf 90' lang='lat' dir='ltr'><strong>enim</strong></span> <span class='ocrx_word' id='word_1_27' title='bbox 1382 507 1496 561; x_wconf 86' lang='lat' dir='ltr'><strong>lieri</strong></span> <span class='ocrx_word' id='word_1_28' title='bbox 1541 514 1598 558; x_wconf 89' lang='lat' dir='ltr'><strong>ut</strong></span> <span class='ocrx_word' id='word_1_29' title='bbox 1624 517 1675 558; x_wconf 87' lang='lat' dir='ltr'><strong>et</strong></span> <span class='ocrx_word' id='word_1_30' title='bbox 1707 506 1759 558; x_wconf 91' lang='lat' dir='ltr'><strong>in</strong></span> 
     </span>
    </p>
   </div>
   <div class='ocr_carea' id='block_1_6' title="bbox 235 598 1761 669">
    <p class='ocr_par' dir='ltr' id='par_1_6' title="bbox 235 598 1761 669">
     <span class='ocr_line' id='line_1_6' title="bbox 235 598 1761 669; baseline -0.009 -10"><span class='ocrx_word' id='word_1_31' title='bbox 235 606 432 659; x_wconf 85' lang='lat' dir='ltr'><strong>malitia</strong></span> <span class='ocrx_word' id='word_1_32' title='bbox 467 601 628 669; x_wconf 87' lang='lat' dir='ltr'><strong>aliqui</strong></span> <span class='ocrx_word' id='word_1_33' title='bbox 668 600 994 653; x_wconf 79' lang='lat' dir='ltr'><strong>unanimiter</strong></span> <span class='ocrx_word' id='word_1_34' title='bbox 1046 598 1448 660; x_wconf 89' lang='lat' dir='ltr'><strong>consentirent,</strong></span> <span class='ocrx_word' id='word_1_35' title='bbox 1493 604 1548 649; x_wconf 92' lang='lat' dir='ltr'><strong>et</strong></span> <span class='ocrx_word' id='word_1_36' title='bbox 1595 610 1761 647; x_wconf 89' lang='lat' dir='ltr'><strong>unum</strong></span> 
     </span>
    </p>
   </div>
   <div class='ocr_carea' id='block_1_7' title="bbox 235 690 1761 767">
    <p class='ocr_par' dir='ltr' id='par_1_7' title="bbox 235 690 1761 767">
     <span class='ocr_line' id='line_1_7' title="bbox 235 690 1761 767; baseline -0.009 -13"><span class='ocrx_word' id='word_1_37' title='bbox 235 704 478 767; x_wconf 82' lang='lat' dir='ltr'><strong>saperent</strong></span> <span class='ocrx_word' id='word_1_38' title='bbox 506 696 558 748; x_wconf 93' lang='lat' dir='ltr'><strong>in</strong></span> <span class='ocrx_word' id='word_1_39' title='bbox 590 693 757 762; x_wconf 87' lang='lat' dir='ltr'><strong>pejus.</strong></span> <span class='ocrx_word' id='word_1_40' title='bbox 793 693 871 747; x_wconf 92' lang='lat' dir='ltr'><strong>Ob</strong></span> <span class='ocrx_word' id='word_1_41' title='bbox 894 693 994 745; x_wconf 85' lang='lat' dir='ltr'><strong>hoc</strong></span> <span class='ocrx_word' id='word_1_42' title='bbox 1033 707 1159 759; x_wconf 86' lang='lat' dir='ltr'><strong>ergo</strong></span> <span class='ocrx_word' id='word_1_43' title='bbox 1192 692 1431 756; x_wconf 88' lang='lat' dir='ltr'><strong>addidit,</strong></span> <span class='ocrx_word' id='word_1_44' title='bbox 1479 690 1761 743; x_wconf 87' lang='lat' dir='ltr'><strong>secundum</strong></span> 
     </span>
    </p>
   </div>
   <div class='ocr_carea' id='block_1_8' title="bbox 230 779 1788 848">
    <p class='ocr_par' dir='ltr' id='par_1_8' title="bbox 230 779 1788 848">
     <span class='ocr_line' id='line_1_8' title="bbox 230 779 1788 848; baseline -0.008 -6"><span class='ocrx_word' id='word_1_45' title='bbox 230 787 409 842; x_wconf 73' lang='lat' dir='ltr'><strong>Iesum</strong></span> <span class='ocrx_word' id='word_1_46' title='bbox 442 787 720 839; x_wconf 76' lang='lat' dir='ltr'><strong>Christum.</strong></span> <span class='ocrx_word' id='word_1_47' title='bbox 756 783 855 848; x_wconf 86' lang='lat' dir='ltr'><strong>Qui</strong></span> <span class='ocrx_word' id='word_1_48' title='bbox 885 792 1057 836; x_wconf 89' lang='lat' dir='ltr'><strong>autem</strong></span> <span class='ocrx_word' id='word_1_49' title='bbox 1088 782 1378 836; x_wconf 88' lang='lat' dir='ltr'><strong>secundum</strong></span> <span class='ocrx_word' id='word_1_50' title='bbox 1404 779 1582 835; x_wconf 86' lang='lat' dir='ltr'><strong>Jesum</strong></span> <span class='ocrx_word' id='word_1_51' title='bbox 1605 780 1788 834; x_wconf 49' lang='lat' dir='ltr'><strong>Chri»</strong></span> 
     </span>
    </p>
   </div>
   <div class='ocr_carea' id='block_1_9' title="bbox 233 868 1758 943">
    <p class='ocr_par' dir='ltr' id='par_1_9' title="bbox 233 868 1758 943">
     <span class='ocr_line' id='line_1_9' title="bbox 233 868 1758 943; baseline -0.007 -13"><span class='ocrx_word' id='word_1_52' title='bbox 233 886 371 931; x_wconf 86' lang='lat' dir='ltr'><strong>stum</strong></span> <span class='ocrx_word' id='word_1_53' title='bbox 400 876 557 943; x_wconf 85' lang='lat' dir='ltr'><strong>sapit,</strong></span> <span class='ocrx_word' id='word_1_54' title='bbox 590 874 703 926; x_wconf 86' lang='lat' dir='ltr'><strong>sine</strong></span> <span class='ocrx_word' id='word_1_55' title='bbox 731 871 892 926; x_wconf 90' lang='lat' dir='ltr'><strong>dubio</strong></span> <span class='ocrx_word' id='word_1_56' title='bbox 922 884 1079 922; x_wconf 89' lang='lat' dir='ltr'><strong>omne</strong></span> <span class='ocrx_word' id='word_1_57' title='bbox 1103 869 1240 935; x_wconf 91' lang='lat' dir='ltr'><strong>quod</strong></span> <span class='ocrx_word' id='word_1_58' title='bbox 1271 873 1463 922; x_wconf 90' lang='lat' dir='ltr'><strong>bonum</strong></span> <span class='ocrx_word' id='word_1_59' title='bbox 1487 877 1569 922; x_wconf 87' lang='lat' dir='ltr'><strong>est</strong></span> <span class='ocrx_word' id='word_1_60' title='bbox 1594 868 1758 934; x_wconf 64' lang='lat' dir='ltr'><strong>&#39;sapit.</strong></span> 
     </span>
    </p>
   </div>
   <div class='ocr_carea' id='block_1_10' title="bbox 233 958 1763 1028">
    <p class='ocr_par' dir='ltr' id='par_1_10' title="bbox 233 958 1763 1028">
     <span class='ocr_line' id='line_1_10' title="bbox 233 958 1763 1028; baseline -0.007 -9"><span class='ocrx_word' id='word_1_61' title='bbox 233 965 357 1019; x_wconf 87' lang='lat' dir='ltr'><strong>Post</strong></span> <span class='ocrx_word' id='word_1_62' title='bbox 388 966 496 1017; x_wconf 73' lang='lat' dir='ltr'><strong>haec</strong></span> <span class='ocrx_word' id='word_1_63' title='bbox 525 963 600 1014; x_wconf 86' lang='lat' dir='ltr'><strong>ait</strong></span> <span class='ocrx_word' id='word_1_64' title='bbox 636 981 651 1014; x_wconf 90' lang='lat'><strong>:</strong></span> <span class='ocrx_word' id='word_1_65' title='bbox 684 958 901 1028; x_wconf 79' lang='lat' dir='ltr'><strong>Propter</strong></span> <span class='ocrx_word' id='word_1_66' title='bbox 937 960 1072 1027; x_wconf 88' lang='lat' dir='ltr'><strong>quod</strong></span> <span class='ocrx_word' id='word_1_67' title='bbox 1096 959 1334 1026; x_wconf 90' lang='lat' dir='ltr'><strong>suscipite</strong></span> <span class='ocrx_word' id='word_1_68' title='bbox 1364 958 1599 1021; x_wconf 78' lang='lat' dir='ltr'><strong>invicem,</strong></span> <span class='ocrx_word' id='word_1_69' title='bbox 1631 958 1763 1009; x_wconf 88' lang='lat' dir='ltr'><strong>sicut</strong></span> 
     </span>
    </p>
   </div>
   <div class='ocr_carea' id='block_1_11' title="bbox 231 1045 1759 1114">
    <p class='ocr_par' dir='ltr' id='par_1_11' title="bbox 231 1045 1759 1114">
     <span class='ocr_line' id='line_1_11' title="bbox 231 1045 1759 1114; baseline -0.009 -4"><span class='ocrx_word' id='word_1_70' title='bbox 231 1066 279 1110; x_wconf 90' lang='lat' dir='ltr'><strong>et</strong></span> <span class='ocrx_word' id='word_1_71' title='bbox 302 1056 535 1110; x_wconf 78' lang='lat' dir='ltr'><strong>Christus</strong></span> <span class='ocrx_word' id='word_1_72' title='bbox 564 1054 782 1114; x_wconf 84' lang='lat' dir='ltr'><strong>suscepit</strong></span> <span class='ocrx_word' id='word_1_73' title='bbox 814 1066 899 1104; x_wconf 86' lang='lat' dir='ltr'><strong>vos</strong></span> <span class='ocrx_word' id='word_1_74' title='bbox 932 1049 987 1101; x_wconf 92' lang='lat' dir='ltr'><strong>in</strong></span> <span class='ocrx_word' id='word_1_75' title='bbox 1009 1050 1254 1100; x_wconf 85' lang='lat' dir='ltr'><strong>honorem</strong></span> <span class='ocrx_word' id='word_1_76' title='bbox 1281 1046 1394 1100; x_wconf 87' lang='lat' dir='ltr'><strong>Dei.</strong></span> <span class='ocrx_word' id='word_1_77' title='bbox 1429 1046 1581 1111; x_wconf 86' lang='lat' dir='ltr'><strong>Quod</strong></span> <span class='ocrx_word' id='word_1_78' title='bbox 1612 1045 1759 1109; x_wconf 87' lang='lat' dir='ltr'><strong>dicit,</strong></span> 
     </span>
    </p>
   </div>
   <div class='ocr_carea' id='block_1_12' title="bbox 232 1137 1762 1213">
    <p class='ocr_par' dir='ltr' id='par_1_12' title="bbox 232 1137 1762 1213">
     <span class='ocr_line' id='line_1_12' title="bbox 232 1137 1762 1213; baseline -0.008 -12"><span class='ocrx_word' id='word_1_79' title='bbox 232 1147 470 1213; x_wconf 81' lang='lat' dir='ltr'><strong>suscipite</strong></span> <span class='ocrx_word' id='word_1_80' title='bbox 493 1145 722 1206; x_wconf 83' lang='lat' dir='ltr'><strong>invicem,</strong></span> <span class='ocrx_word' id='word_1_81' title='bbox 758 1142 823 1194; x_wconf 92' lang='lat' dir='ltr'><strong>ad</strong></span> <span class='ocrx_word' id='word_1_82' title='bbox 864 1140 991 1194; x_wconf 91' lang='lat' dir='ltr'><strong>illud</strong></span> <span class='ocrx_word' id='word_1_83' title='bbox 1017 1138 1352 1192; x_wconf 84' lang='lat' dir='ltr'><strong>referendum</strong></span> <span class='ocrx_word' id='word_1_84' title='bbox 1380 1146 1462 1191; x_wconf 90' lang='lat' dir='ltr'><strong>est</strong></span> <span class='ocrx_word' id='word_1_85' title='bbox 1485 1137 1626 1205; x_wconf 91' lang='lat' dir='ltr'><strong>quod</strong></span> <span class='ocrx_word' id='word_1_86' title='bbox 1652 1137 1762 1204; x_wconf 88' lang='lat' dir='ltr'><strong>pri-</strong></span> 
     </span>
    </p>
   </div>
   <div class='ocr_carea' id='block_1_13' title="bbox 234 1227 1761 1304">
    <p class='ocr_par' dir='ltr' id='par_1_13' title="bbox 234 1227 1761 1304">
     <span class='ocr_line' id='line_1_13' title="bbox 234 1227 1761 1304; baseline -0.006 -16"><span class='ocrx_word' id='word_1_87' title='bbox 234 1251 321 1290; x_wconf 91' lang='lat' dir='ltr'><strong>mo</strong></span> <span class='ocrx_word' id='word_1_88' title='bbox 347 1231 825 1304; x_wconf 72' lang='lat' dir='ltr'><strong>proposuerat&#39;(15)</strong></span> <span class='ocrx_word' id='word_1_89' title='bbox 850 1271 867 1298; x_wconf 92' lang='lat'><strong>,</strong></span> <span class='ocrx_word' id='word_1_90' title='bbox 896 1231 984 1285; x_wconf 89' lang='lat' dir='ltr'><strong>ubi</strong></span> <span class='ocrx_word' id='word_1_91' title='bbox 1015 1228 1295 1285; x_wconf 85' lang='lat' dir='ltr'><strong>occasione</strong></span> <span class='ocrx_word' id='word_1_92' title='bbox 1335 1228 1645 1281; x_wconf 86' lang='lat' dir='ltr'><strong>mundorum</strong></span> <span class='ocrx_word' id='word_1_93' title='bbox 1677 1227 1761 1280; x_wconf 85' lang='lat' dir='ltr'><strong>vel</strong></span> 
     </span>
    </p>
   </div>
   <div class='ocr_carea' id='block_1_14' title="bbox 234 1317 1760 1390">
    <p class='ocr_par' dir='ltr' id='par_1_14' title="bbox 234 1317 1760 1390">
     <span class='ocr_line' id='line_1_14' title="bbox 234 1317 1760 1390; baseline -0.004 -13"><span class='ocrx_word' id='word_1_94' title='bbox 234 1324 620 1377; x_wconf 89' lang='lat' dir='ltr'><strong>immundorum</strong></span> <span class='ocrx_word' id='word_1_95' title='bbox 648 1322 883 1375; x_wconf 89' lang='lat' dir='ltr'><strong>ciborum</strong></span> <span class='ocrx_word' id='word_1_96' title='bbox 916 1318 1078 1390; x_wconf 60' lang='grc'><strong>674</strong></span> <span class='ocrx_word' id='word_1_97' title='bbox 1118 1319 1328 1371; x_wconf 86' lang='lat' dir='ltr'><strong>diversa</strong></span> <span class='ocrx_word' id='word_1_98' title='bbox 1364 1317 1654 1370; x_wconf 84' lang='lat' dir='ltr'><strong>sentientes</strong></span> <span class='ocrx_word' id='word_1_99' title='bbox 1694 1317 1760 1371; x_wconf 90' lang='lat' dir='ltr'><strong>ab</strong></span> 
     </span>
    </p>
   </div>
   <div class='ocr_carea' id='block_1_15' title="bbox 233 1406 1759 1476">
    <p class='ocr_par' dir='ltr' id='par_1_15' title="bbox 233 1406 1759 1476">
     <span class='ocr_line' id='line_1_15' title="bbox 233 1406 1759 1476; baseline -0.006 -10"><span class='ocrx_word' id='word_1_100' title='bbox 233 1413 455 1466; x_wconf 81' lang='lat' dir='ltr'><strong>invicem</strong></span> <span class='ocrx_word' id='word_1_101' title='bbox 499 1411 908 1476; x_wconf 88' lang='lat' dir='ltr'><strong>discrepabant;</strong></span> <span class='ocrx_word' id='word_1_102' title='bbox 951 1419 1005 1462; x_wconf 90' lang='lat' dir='ltr'><strong>et</strong></span> <span class='ocrx_word' id='word_1_103' title='bbox 1053 1409 1129 1462; x_wconf 85' lang='lat' dir='ltr'><strong>ait</strong></span> <span class='ocrx_word' id='word_1_104' title='bbox 1163 1426 1175 1460; x_wconf 92' lang='lat'>:</span> <span class='ocrx_word' id='word_1_105' title='bbox 1216 1406 1474 1473; x_wconf 88' lang='lat' dir='ltr'><strong>Suscipite</strong></span> <span class='ocrx_word' id='word_1_106' title='bbox 1506 1407 1759 1470; x_wconf 75' lang='lat' dir='ltr'><strong>invicem,</strong></span> 
     </span>
    </p>
   </div>
   <div class='ocr_carea' id='block_1_16' title="bbox 233 1494 1763 1565">
    <p class='ocr_par' dir='ltr' id='par_1_16' title="bbox 233 1494 1763 1565">
     <span class='ocr_line' id='line_1_16' title="bbox 233 1494 1763 1565; baseline -0.007 -9"><span class='ocrx_word' id='word_1_107' title='bbox 233 1503 365 1556; x_wconf 89' lang='lat' dir='ltr'><strong>sicut</strong></span> <span class='ocrx_word' id='word_1_108' title='bbox 386 1510 432 1554; x_wconf 92' lang='lat' dir='ltr'><strong>et</strong></span> <span class='ocrx_word' id='word_1_109' title='bbox 455 1499 689 1554; x_wconf 83' lang='lat' dir='ltr'><strong>Christus</strong></span> <span class='ocrx_word' id='word_1_110' title='bbox 711 1498 926 1565; x_wconf 84' lang='lat' dir='ltr'><strong>suscepit</strong></span> <span class='ocrx_word' id='word_1_111' title='bbox 950 1513 1059 1562; x_wconf 76' lang='lat' dir='ltr'><strong>vos,</strong></span> <span class='ocrx_word' id='word_1_112' title='bbox 1085 1496 1172 1563; x_wconf 93' lang='lat' dir='ltr'><strong>qui</strong></span> <span class='ocrx_word' id='word_1_113' title='bbox 1202 1495 1396 1549; x_wconf 90' lang='lat' dir='ltr'><strong>nullius</strong></span> <span class='ocrx_word' id='word_1_114' title='bbox 1427 1496 1632 1549; x_wconf 83' lang='lat' dir='ltr'><strong>horruit</strong></span> <span class='ocrx_word' id='word_1_115' title='bbox 1662 1494 1763 1546; x_wconf 91' lang='lat' dir='ltr'><strong>im-</strong></span> 
     </span>
    </p>
   </div>
   <div class='ocr_carea' id='block_1_17' title="bbox 234 1584 1761 1655">
    <p class='ocr_par' dir='ltr' id='par_1_17' title="bbox 234 1584 1761 1655">
     <span class='ocr_line' id='line_1_17' title="bbox 234 1584 1761 1655; baseline -0.006 -10"><span class='ocrx_word' id='word_1_116' title='bbox 234 1591 522 1647; x_wconf 84' lang='lat' dir='ltr'><strong>munditias</strong></span> <span class='ocrx_word' id='word_1_117' title='bbox 544 1628 559 1653; x_wconf 94' lang='lat'><strong>,</strong></span> <span class='ocrx_word' id='word_1_118' title='bbox 608 1603 705 1642; x_wconf 86' lang='lat' dir='ltr'><strong>nec</strong></span> <span class='ocrx_word' id='word_1_119' title='bbox 737 1588 998 1655; x_wconf 84' lang='lat' dir='ltr'><strong>reputavit</strong></span> <span class='ocrx_word' id='word_1_120' title='bbox 1033 1587 1188 1639; x_wconf 87' lang='lat' dir='ltr'><strong>alicui</strong></span> <span class='ocrx_word' id='word_1_121' title='bbox 1240 1586 1430 1639; x_wconf 87' lang='lat' dir='ltr'><strong>delicta</strong></span> <span class='ocrx_word' id='word_1_122' title='bbox 1459 1598 1575 1639; x_wconf 86' lang='lat' dir='ltr'><strong>sua.</strong></span> <span class='ocrx_word' id='word_1_123' title='bbox 1624 1584 1761 1637; x_wconf 82' lang='lat' dir='ltr'><strong>Nihil</strong></span> 
     </span>
    </p>
   </div>
   <div class='ocr_carea' id='block_1_18' title="bbox 232 1673 1762 1748">
    <p class='ocr_par' dir='ltr' id='par_1_18' title="bbox 232 1673 1762 1748">
     <span class='ocr_line' id='line_1_18' title="bbox 232 1673 1762 1748; baseline -0.007 -15"><span class='ocrx_word' id='word_1_124' title='bbox 232 1693 360 1748; x_wconf 85' lang='lat' dir='ltr'><strong>ergo</strong></span> <span class='ocrx_word' id='word_1_125' title='bbox 379 1678 446 1732; x_wconf 91' lang='lat' dir='ltr'><strong>de</strong></span> <span class='ocrx_word' id='word_1_126' title='bbox 468 1675 799 1730; x_wconf 89' lang='lat' dir='ltr'><strong>immunditia</strong></span> <span class='ocrx_word' id='word_1_127' title='bbox 822 1674 932 1744; x_wconf 83' lang='lat' dir='ltr'><strong>(i6)</strong></span> <span class='ocrx_word' id='word_1_128' title='bbox 960 1674 1262 1727; x_wconf 87' lang='lat' dir='ltr'><strong>animalium</strong></span> <span class='ocrx_word' id='word_1_129' title='bbox 1313 1674 1577 1741; x_wconf 76' lang='lat' dir='ltr'><strong>iudicetis,</strong></span> <span class='ocrx_word' id='word_1_130' title='bbox 1622 1673 1762 1726; x_wconf 80' lang='lat' dir='ltr'><strong>sicut</strong></span> 
     </span>
    </p>
   </div>
   <div class='ocr_carea' id='block_1_19' title="bbox 1861 479 3581 569">
    <p class='ocr_par' dir='ltr' id='par_1_19' title="bbox 1861 479 3581 569">
     <span class='ocr_line' id='line_1_19' title="bbox 1861 479 3581 569; baseline -0.017 -11"><span class='ocrx_word' id='word_1_131' title='bbox 1861 479 2006 558; x_wconf 84' lang='lat' dir='ltr'><strong>nunc</strong></span> <span class='ocrx_word' id='word_1_132' title='bbox 2035 504 2196 557; x_wconf 88' lang='lat' dir='ltr'><strong>etiam</strong></span> <span class='ocrx_word' id='word_1_133' title='bbox 2225 516 2318 556; x_wconf 90' lang='lat' dir='ltr'><strong>eos</strong></span> <span class='ocrx_word' id='word_1_134' title='bbox 2341 501 2433 569; x_wconf 89' lang='lat' dir='ltr'><strong>qui</strong></span> <span class='ocrx_word' id='word_1_135' title='bbox 2463 515 2531 553; x_wconf 82' lang='lat' dir='ltr'><strong>ex</strong></span> <span class='ocrx_word' id='word_1_136' title='bbox 2564 494 2853 566; x_wconf 77' lang='lat' dir='ltr'><strong>gentibus</strong></span> <span class='ocrx_word' id='word_1_137' title='bbox 2886 489 3244 543; x_wconf 83' lang='lat' dir='ltr'><strong>adversum</strong></span> <span class='ocrx_word' id='word_1_138' title='bbox 3305 494 3374 535; x_wconf 88' lang='lat' dir='ltr'><strong>se</strong></span> <span class='ocrx_word' id='word_1_139' title='bbox 3433 479 3581 532; x_wconf 78' lang='lat' dir='ltr'><strong>invi-</strong></span> 
     </span>
    </p>
   </div>
   <div class='ocr_carea' id='block_1_20' title="bbox 1862 569 3583 661">
    <p class='ocr_par' dir='ltr' id='par_1_20' title="bbox 1862 569 3583 661">
     <span class='ocr_line' id='line_1_20' title="bbox 1862 569 3583 661; baseline -0.017 -12"><span class='ocrx_word' id='word_1_140' title='bbox 1862 609 1977 649; x_wconf 89' lang='lat' dir='ltr'><strong>cem</strong></span> <span class='ocrx_word' id='word_1_141' title='bbox 2010 592 2382 661; x_wconf 84' lang='lat' dir='ltr'><strong>superbientes</strong></span> <span class='ocrx_word' id='word_1_142' title='bbox 2407 599 2571 644; x_wconf 91' lang='lat' dir='ltr'><strong>erant</strong></span> <span class='ocrx_word' id='word_1_143' title='bbox 2608 586 2880 640; x_wconf 81' lang='lat' dir='ltr'><strong>refrenat</strong></span> <span class='ocrx_word' id='word_1_144' title='bbox 2923 592 2999 633; x_wconf 89' lang='lat' dir='ltr'><strong>ac</strong></span> <span class='ocrx_word' id='word_1_145' title='bbox 3034 571 3371 643; x_wconf 88' lang='lat' dir='ltr'><strong>reprimit,</strong></span> <span class='ocrx_word' id='word_1_146' title='bbox 3406 569 3583 623; x_wconf 86' lang='lat' dir='ltr'><strong>doce-</strong></span> 
     </span>
    </p>
   </div>
   <div class='ocr_carea' id='block_1_21' title="bbox 1862 661 3579 751">
    <p class='ocr_par' dir='ltr' id='par_1_21' title="bbox 1862 661 3579 751">
     <span class='ocr_line' id='line_1_21' title="bbox 1862 661 3579 751; baseline -0.016 -12"><span class='ocrx_word' id='word_1_147' title='bbox 1862 694 1944 739; x_wconf 87' lang='lat' dir='ltr'><strong>ret</strong></span> <span class='ocrx_word' id='word_1_148' title='bbox 1970 698 2075 738; x_wconf 91' lang='lat' dir='ltr'><strong>non</strong></span> <span class='ocrx_word' id='word_1_149' title='bbox 2104 696 2222 736; x_wconf 90' lang='lat' dir='ltr'><strong>esse</strong></span> <span class='ocrx_word' id='word_1_150' title='bbox 2249 681 2468 751; x_wconf 87' lang='lat' dir='ltr'><strong>penitus</strong></span> <span class='ocrx_word' id='word_1_151' title='bbox 2493 677 2845 748; x_wconf 76' lang='lat' dir='ltr'><strong>iudicandos</strong></span> <span class='ocrx_word' id='word_1_152' title='bbox 2874 686 2986 726; x_wconf 88' lang='lat' dir='ltr'><strong>eos</strong></span> <span class='ocrx_word' id='word_1_153' title='bbox 3019 668 3139 736; x_wconf 91' lang='lat' dir='ltr'><strong>qui</strong></span> <span class='ocrx_word' id='word_1_154' title='bbox 3181 666 3251 719; x_wconf 89' lang='lat' dir='ltr'><strong>in</strong></span> <span class='ocrx_word' id='word_1_155' title='bbox 3284 663 3441 730; x_wconf 86' lang='lat' dir='ltr'><strong>legis</strong></span> <span class='ocrx_word' id='word_1_156' title='bbox 3470 661 3579 713; x_wconf 86' lang='lat' dir='ltr'><strong>ob-</strong></span> 
     </span>
    </p>
   </div>
   <div class='ocr_carea' id='block_1_22' title="bbox 1861 753 3581 832">
    <p class='ocr_par' dir='ltr' id='par_1_22' title="bbox 1861 753 3581 832">
     <span class='ocr_line' id='line_1_22' title="bbox 1861 753 3581 832; baseline -0.015 -4"><span class='ocrx_word' id='word_1_157' title='bbox 1861 772 2252 828; x_wconf 86' lang='lat' dir='ltr'><strong>servationibus</strong></span> <span class='ocrx_word' id='word_1_158' title='bbox 2304 773 2729 830; x_wconf 89' lang='lat' dir='ltr'><strong>demorantur;</strong></span> <span class='ocrx_word' id='word_1_159' title='bbox 2789 756 3329 832; x_wconf 84' lang='lat' dir='ltr'><strong>quandoquidem</strong></span> <span class='ocrx_word' id='word_1_160' title='bbox 3404 753 3581 805; x_wconf 81' lang='lat' dir='ltr'><strong>etiam</strong></span> 
     </span>
    </p>
   </div>
   <div class='ocr_carea' id='block_1_23' title="bbox 1861 840 3586 918">
    <p class='ocr_par' dir='ltr' id='par_1_23' title="bbox 1861 840 3586 918">
     <span class='ocr_line' id='line_1_23' title="bbox 1861 840 3586 918; baseline -0.015 0"><span class='ocrx_word' id='word_1_161' title='bbox 1861 863 2106 918; x_wconf 84' lang='lat' dir='ltr'><strong>Christus</strong></span> <span class='ocrx_word' id='word_1_162' title='bbox 2131 861 2184 914; x_wconf 91' lang='lat' dir='ltr'><strong>in</strong></span> <span class='ocrx_word' id='word_1_163' title='bbox 2214 874 2376 915; x_wconf 85' lang='lat' dir='ltr'><strong>carne</strong></span> <span class='ocrx_word' id='word_1_164' title='bbox 2405 872 2503 911; x_wconf 91' lang='lat' dir='ltr'><strong>sua</strong></span> <span class='ocrx_word' id='word_1_165' title='bbox 2527 849 3015 911; x_wconf 88' lang='lat' dir='ltr'><strong>circumcisionis</strong></span> <span class='ocrx_word' id='word_1_166' title='bbox 3059 844 3373 900; x_wconf 86' lang='lat' dir='ltr'><strong>minister</strong></span> <span class='ocrx_word' id='word_1_167' title='bbox 3400 840 3586 895; x_wconf 74' lang='lat' dir='ltr'><strong>exsti-</strong></span> 
     </span>
    </p>
   </div>
   <div class='ocr_carea' id='block_1_24' title="bbox 1862 929 3590 1006">
    <p class='ocr_par' dir='ltr' id='par_1_24' title="bbox 1862 929 3590 1006">
     <span class='ocr_line' id='line_1_24' title="bbox 1862 929 3590 1006; baseline -0.014 -1"><span class='ocrx_word' id='word_1_168' title='bbox 1862 953 2025 1005; x_wconf 86' lang='lat' dir='ltr'><strong>terit:</strong></span> <span class='ocrx_word' id='word_1_169' title='bbox 2058 951 2172 1004; x_wconf 84' lang='lat' dir='ltr'><strong>sive</strong></span> <span class='ocrx_word' id='word_1_170' title='bbox 2196 948 2299 1001; x_wconf 89' lang='lat' dir='ltr'><strong>alio</strong></span> <span class='ocrx_word' id='word_1_171' title='bbox 2338 947 2523 1006; x_wconf 87' lang='lat' dir='ltr'><strong>modo,</strong></span> <span class='ocrx_word' id='word_1_172' title='bbox 2555 954 2619 998; x_wconf 91' lang='lat' dir='ltr'><strong>ut</strong></span> <span class='ocrx_word' id='word_1_173' title='bbox 2651 940 2814 995; x_wconf 88' lang='lat' dir='ltr'><strong>illius</strong></span> <span class='ocrx_word' id='word_1_174' title='bbox 2848 932 3383 992; x_wconf 86' lang='lat' dir='ltr'><strong>circumcisionis</strong></span> <span class='ocrx_word' id='word_1_175' title='bbox 3419 929 3590 983; x_wconf 85' lang='lat' dir='ltr'><strong>Chri-</strong></span> 
     </span>
    </p>
   </div>
   <div class='ocr_carea' id='block_1_25' title="bbox 1861 1022 3580 1108">
    <p class='ocr_par' dir='ltr' id='par_1_25' title="bbox 1861 1022 3580 1108">
     <span class='ocr_line' id='line_1_25' title="bbox 1861 1022 3580 1108; baseline -0.013 -14"><span class='ocrx_word' id='word_1_176' title='bbox 1861 1051 1974 1095; x_wconf 86' lang='lat' dir='ltr'><strong>stus</strong></span> <span class='ocrx_word' id='word_1_177' title='bbox 2006 1040 2250 1093; x_wconf 86' lang='lat' dir='ltr'><strong>minister</strong></span> <span class='ocrx_word' id='word_1_178' title='bbox 2283 1037 2394 1108; x_wconf 66' lang='lat'><strong>(20)</strong></span> <span class='ocrx_word' id='word_1_179' title='bbox 2432 1035 2606 1088; x_wconf 88' lang='lat' dir='ltr'><strong>fuisse</strong></span> <span class='ocrx_word' id='word_1_180' title='bbox 2639 1032 2899 1093; x_wconf 87' lang='lat' dir='ltr'><strong>dicatur,</strong></span> <span class='ocrx_word' id='word_1_181' title='bbox 2935 1031 3013 1082; x_wconf 86' lang='lat' dir='ltr'><strong>de</strong></span> <span class='ocrx_word' id='word_1_182' title='bbox 3043 1040 3183 1095; x_wconf 85' lang='lat' dir='ltr'><strong>qua</strong></span> <span class='ocrx_word' id='word_1_183' title='bbox 3221 1023 3391 1077; x_wconf 87' lang='lat' dir='ltr'><strong>idem</strong></span> <span class='ocrx_word' id='word_1_184' title='bbox 3422 1022 3580 1089; x_wconf 82' lang='lat' dir='ltr'><strong>Apo-</strong></span> 
     </span>
    </p>
   </div>
   <div class='ocr_carea' id='block_1_26' title="bbox 1862 1112 3587 1192">
    <p class='ocr_par' dir='ltr' id='par_1_26' title="bbox 1862 1112 3587 1192">
     <span class='ocr_line' id='line_1_26' title="bbox 1862 1112 3587 1192; baseline -0.013 -7"><span class='ocrx_word' id='word_1_185' title='bbox 1862 1130 2027 1186; x_wconf 87' lang='lat' dir='ltr'><strong>stolus</strong></span> <span class='ocrx_word' id='word_1_186' title='bbox 2060 1129 2298 1183; x_wconf 78' lang='lat' dir='ltr'><strong>dicit”:</strong></span> <span class='ocrx_word' id='word_1_187' title='bbox 2336 1127 2460 1179; x_wconf 86' lang='lat' dir='ltr'><strong>Non</strong></span> <span class='ocrx_word' id='word_1_188' title='bbox 2496 1126 2639 1178; x_wconf 89' lang='lat' dir='ltr'><strong>enim</strong></span> <span class='ocrx_word' id='word_1_189' title='bbox 2679 1123 2776 1192; x_wconf 88' lang='lat' dir='ltr'><strong>qui</strong></span> <span class='ocrx_word' id='word_1_190' title='bbox 2819 1122 2885 1173; x_wconf 87' lang='lat' dir='ltr'><strong>in</strong></span> <span class='ocrx_word' id='word_1_191' title='bbox 2933 1116 3292 1184; x_wconf 78' lang='lat' dir='ltr'><strong>manifesto</strong></span> <span class='ocrx_word' id='word_1_192' title='bbox 3339 1112 3587 1166; x_wconf 72' lang='lat' dir='ltr'><strong>Iudaeus</strong></span> 
     </span>
    </p>
   </div>
   <div class='ocr_carea' id='block_1_27' title="bbox 1860 1201 3585 1289">
    <p class='ocr_par' dir='ltr' id='par_1_27' title="bbox 1860 1201 3585 1289">
     <span class='ocr_line' id='line_1_27' title="bbox 1860 1201 3585 1289; baseline -0.012 -15"><span class='ocrx_word' id='word_1_193' title='bbox 1860 1230 1955 1285; x_wconf 85' lang='lat' dir='ltr'><strong>est,</strong></span> <span class='ocrx_word' id='word_1_194' title='bbox 1980 1235 2139 1289; x_wconf 87' lang='lat' dir='ltr'><strong>neque</strong></span> <span class='ocrx_word' id='word_1_195' title='bbox 2164 1234 2280 1287; x_wconf 71' lang='lat' dir='ltr'><strong>quae</strong></span> <span class='ocrx_word' id='word_1_196' title='bbox 2310 1215 2596 1283; x_wconf 83' lang='lat' dir='ltr'><strong>manifesta</strong></span> <span class='ocrx_word' id='word_1_197' title='bbox 2620 1214 2679 1266; x_wconf 91' lang='lat' dir='ltr'><strong>in</strong></span> <span class='ocrx_word' id='word_1_198' title='bbox 2699 1225 2876 1264; x_wconf 87' lang='lat' dir='ltr'><strong>carne</strong></span> <span class='ocrx_word' id='word_1_199' title='bbox 2905 1215 2996 1262; x_wconf 86' lang='lat' dir='ltr'><strong>est</strong></span> <span class='ocrx_word' id='word_1_200' title='bbox 3026 1202 3466 1266; x_wconf 82' lang='lat' dir='ltr'><strong>circumcisio,</strong></span> <span class='ocrx_word' id='word_1_201' title='bbox 3487 1201 3585 1255; x_wconf 84' lang='lat' dir='ltr'><strong>sed</strong></span> 
     </span>
    </p>
   </div>
   <div class='ocr_carea' id='block_1_28' title="bbox 1860 1292 3587 1379">
    <p class='ocr_par' dir='ltr' id='par_1_28' title="bbox 1860 1292 3587 1379">
     <span class='ocr_line' id='line_1_28' title="bbox 1860 1292 3587 1379; baseline -0.012 -16"><span class='ocrx_word' id='word_1_202' title='bbox 1860 1312 1946 1379; x_wconf 85' lang='lat' dir='ltr'><strong>qui</strong></span> <span class='ocrx_word' id='word_1_203' title='bbox 1971 1312 2021 1363; x_wconf 86' lang='lat' dir='ltr'><strong>in</strong></span> <span class='ocrx_word' id='word_1_204' title='bbox 2039 1308 2240 1362; x_wconf 90' lang='lat' dir='ltr'><strong>occulto</strong></span> <span class='ocrx_word' id='word_1_205' title='bbox 2260 1307 2486 1361; x_wconf 69' lang='lat' dir='ltr'><strong>Iudaeus</strong></span> <span class='ocrx_word' id='word_1_206' title='bbox 2503 1314 2605 1367; x_wconf 86' lang='lat' dir='ltr'><strong>est,</strong></span> <span class='ocrx_word' id='word_1_207' title='bbox 2640 1301 2762 1371; x_wconf 74' lang='grc'><strong>(21)</strong></span> <span class='ocrx_word' id='word_1_208' title='bbox 2790 1309 2847 1354; x_wconf 87' lang='lat' dir='ltr'><strong>et</strong></span> <span class='ocrx_word' id='word_1_209' title='bbox 2871 1296 3284 1353; x_wconf 84' lang='lat' dir='ltr'><strong>circumcisio</strong></span> <span class='ocrx_word' id='word_1_210' title='bbox 3309 1292 3506 1346; x_wconf 81' lang='lat' dir='ltr'><strong>cordis</strong></span> <span class='ocrx_word' id='word_1_211' title='bbox 3528 1293 3587 1343; x_wconf 89' lang='lat' dir='ltr'><strong>in</strong></span> 
     </span>
    </p>
   </div>
   <div class='ocr_carea' id='block_1_29' title="bbox 1861 1382 3584 1469">
    <p class='ocr_par' dir='ltr' id='par_1_29' title="bbox 1861 1382 3584 1469">
     <span class='ocr_line' id='line_1_29' title="bbox 1861 1382 3584 1469; baseline -0.012 -14"><span class='ocrx_word' id='word_1_212' title='bbox 1861 1402 2066 1469; x_wconf 89' lang='lat' dir='ltr'><strong>spiritu,</strong></span> <span class='ocrx_word' id='word_1_213' title='bbox 2115 1416 2215 1453; x_wconf 91' lang='lat' dir='ltr'><strong>non</strong></span> <span class='ocrx_word' id='word_1_214' title='bbox 2253 1398 2466 1461; x_wconf 87' lang='lat' dir='ltr'><strong>littera,</strong></span> <span class='ocrx_word' id='word_1_215' title='bbox 2520 1395 2683 1463; x_wconf 86' lang='lat' dir='ltr'><strong>cujus</strong></span> <span class='ocrx_word' id='word_1_216' title='bbox 2735 1394 2871 1445; x_wconf 83' lang='lat' dir='ltr'><strong>laus</strong></span> <span class='ocrx_word' id='word_1_217' title='bbox 2922 1404 3048 1442; x_wconf 84' lang='lat' dir='ltr'><strong>non</strong></span> <span class='ocrx_word' id='word_1_218' title='bbox 3106 1401 3192 1438; x_wconf 70' lang='lat' dir='ltr'><strong>ex</strong></span> <span class='ocrx_word' id='word_1_219' title='bbox 3222 1382 3584 1443; x_wconf 76' lang='lat' dir='ltr'><strong>hominibus,</strong></span> 
     </span>
    </p>
   </div>
   <div class='ocr_carea' id='block_1_30' title="bbox 1861 1471 3585 1549">
    <p class='ocr_par' dir='ltr' id='par_1_30' title="bbox 1861 1471 3585 1549">
     <span class='ocr_line' id='line_1_30' title="bbox 1861 1471 3585 1549; baseline -0.012 -6"><span class='ocrx_word' id='word_1_220' title='bbox 1861 1490 1947 1543; x_wconf 87' lang='lat' dir='ltr'><strong>sed</strong></span> <span class='ocrx_word' id='word_1_221' title='bbox 1973 1506 2036 1542; x_wconf 76' lang='lat' dir='ltr'><strong>ex</strong></span> <span class='ocrx_word' id='word_1_222' title='bbox 2053 1488 2160 1542; x_wconf 90' lang='lat' dir='ltr'><strong>Deo</strong></span> <span class='ocrx_word' id='word_1_223' title='bbox 2175 1496 2283 1549; x_wconf 85' lang='lat' dir='ltr'><strong>est;</strong></span> <span class='ocrx_word' id='word_1_224' title='bbox 2313 1496 2366 1540; x_wconf 89' lang='lat' dir='ltr'><strong>et</strong></span> <span class='ocrx_word' id='word_1_225' title='bbox 2389 1485 2699 1539; x_wconf 88' lang='lat' dir='ltr'><strong>secundum</strong></span> <span class='ocrx_word' id='word_1_226' title='bbox 2720 1479 2885 1549; x_wconf 86' lang='lat' dir='ltr'><strong>quod</strong></span> <span class='ocrx_word' id='word_1_227' title='bbox 2924 1478 3105 1531; x_wconf 87' lang='lat' dir='ltr'><strong>idem</strong></span> <span class='ocrx_word' id='word_1_228' title='bbox 3149 1473 3499 1544; x_wconf 82' lang='lat' dir='ltr'><strong>Apostolus</strong></span> <span class='ocrx_word' id='word_1_229' title='bbox 3524 1471 3585 1524; x_wconf 87' lang='lat' dir='ltr'><strong>in</strong></span> 
     </span>
    </p>
   </div>
   <div class='ocr_carea' id='block_1_31' title="bbox 1860 1562 3592 1643">
    <p class='ocr_par' dir='ltr' id='par_1_31' title="bbox 1860 1562 3592 1643">
     <span class='ocr_line' id='line_1_31' title="bbox 1860 1562 3592 1643; baseline -0.009 -14"><span class='ocrx_word' id='word_1_230' title='bbox 1860 1576 1980 1630; x_wconf 86' lang='lat' dir='ltr'><strong>aliis</strong></span> <span class='ocrx_word' id='word_1_231' title='bbox 1998 1576 2123 1629; x_wconf 88' lang='lat' dir='ltr'><strong>dicit</strong></span> <span class='ocrx_word' id='word_1_232' title='bbox 2146 1576 2162 1605; x_wconf 81' lang='grc'>¹</span> <span class='ocrx_word' id='word_1_233' title='bbox 2192 1574 2331 1643; x_wconf 72' lang='lat'><strong>:(22)</strong></span> <span class='ocrx_word' id='word_1_234' title='bbox 2354 1573 2419 1624; x_wconf 90' lang='lat' dir='ltr'><strong>In</strong></span> <span class='ocrx_word' id='word_1_235' title='bbox 2444 1588 2548 1640; x_wconf 87' lang='lat' dir='ltr'><strong>quo</strong></span> <span class='ocrx_word' id='word_1_236' title='bbox 2574 1571 2749 1623; x_wconf 87' lang='lat' dir='ltr'><strong>etiam</strong></span> <span class='ocrx_word' id='word_1_237' title='bbox 2774 1564 3135 1620; x_wconf 78' lang='lat' dir='ltr'><strong>circumcisi</strong></span> <span class='ocrx_word' id='word_1_238' title='bbox 3164 1563 3316 1616; x_wconf 84' lang='lat' dir='ltr'><strong>estis</strong></span> <span class='ocrx_word' id='word_1_239' title='bbox 3341 1562 3592 1613; x_wconf 77' lang='lat' dir='ltr'><strong>circum-</strong></span> 
     </span>
    </p>
   </div>
   <div class='ocr_carea' id='block_1_32' title="bbox 1863 1654 3589 1729">
    <p class='ocr_par' dir='ltr' id='par_1_32' title="bbox 1863 1654 3589 1729">
     <span class='ocr_line' id='line_1_32' title="bbox 1863 1654 3589 1729; baseline -0.009 -9"><span class='ocrx_word' id='word_1_240' title='bbox 1863 1667 2051 1719; x_wconf 86' lang='lat' dir='ltr'><strong>cisione</strong></span> <span class='ocrx_word' id='word_1_241' title='bbox 2077 1681 2182 1718; x_wconf 92' lang='lat' dir='ltr'><strong>non</strong></span> <span class='ocrx_word' id='word_1_242' title='bbox 2213 1662 2526 1729; x_wconf 79' lang='lat' dir='ltr'><strong>ntanufacta</strong></span> <span class='ocrx_word' id='word_1_243' title='bbox 2556 1661 2614 1712; x_wconf 90' lang='lat' dir='ltr'><strong>in</strong></span> <span class='ocrx_word' id='word_1_244' title='bbox 2644 1657 3097 1726; x_wconf 70' lang='lat' dir='ltr'><strong>exspolialione</strong></span> <span class='ocrx_word' id='word_1_245' title='bbox 3141 1654 3427 1723; x_wconf 86' lang='lat' dir='ltr'><strong>corporis</strong></span> <span class='ocrx_word' id='word_1_246' title='bbox 3462 1667 3589 1705; x_wconf 80' lang='lat' dir='ltr'><strong>car-</strong></span> 
     </span>
    </p>
   </div>
   <div class='ocr_carea' id='block_1_33' title="bbox 238 1727 3585 1831">
    <p class='ocr_par' dir='ltr' id='par_1_33' title="bbox 238 1727 3585 1831">
     <span class='ocr_line' id='line_1_33' title="bbox 238 1727 3585 1831; baseline -0.006 -11"><span class='ocrx_word' id='word_1_247' title='bbox 238 1727 337 1821; x_wconf 49' lang='lat' dir='ltr'><strong>ne&#39;e</strong></span> <span class='ocrx_word' id='word_1_248' title='bbox 366 1767 455 1820; x_wconf 91' lang='lat' dir='ltr'><strong>ille</strong></span> <span class='ocrx_word' id='word_1_249' title='bbox 493 1763 855 1818; x_wconf 84' lang='lat' dir='ltr'><strong>immunditias</strong></span> <span class='ocrx_word' id='word_1_250' title='bbox 878 1763 1203 1817; x_wconf 86' lang='lat' dir='ltr'><strong>credentium</strong></span> <span class='ocrx_word' id='word_1_251' title='bbox 1229 1752 1506 1831; x_wconf 81' lang='lat' dir='ltr'><strong>reputavit.</strong></span> <span class='ocrx_word' id='word_1_252' title='bbox 1528 1760 1760 1830; x_wconf 85' lang='lat' dir='ltr'><strong>thuiin</strong></span> <span class='ocrx_word' id='word_1_253' title='bbox 1795 1727 1835 1780; x_wconf 78' lang='grc' dir='ltr'><strong>Β</strong></span> <span class='ocrx_word' id='word_1_254' title='bbox 1862 1759 1972 1822; x_wconf 89' lang='lat' dir='ltr'><strong>nis,</strong></span> <span class='ocrx_word' id='word_1_255' title='bbox 2005 1756 2094 1810; x_wconf 89' lang='lat' dir='ltr'><strong>sed</strong></span> <span class='ocrx_word' id='word_1_256' title='bbox 2134 1756 2189 1808; x_wconf 90' lang='lat' dir='ltr'><strong>in</strong></span> <span class='ocrx_word' id='word_1_257' title='bbox 2236 1752 2640 1806; x_wconf 84' lang='lat' dir='ltr'><strong>circumcisione</strong></span> <span class='ocrx_word' id='word_1_258' title='bbox 2688 1751 2916 1805; x_wconf 77' lang='lat' dir='ltr'><strong>Christi</strong></span> <span class='ocrx_word' id='word_1_259' title='bbox 2942 1789 2963 1815; x_wconf 94' lang='lat'><strong>,</strong></span> <span class='ocrx_word' id='word_1_260' title='bbox 3016 1744 3384 1814; x_wconf 82' lang='lat' dir='ltr'><strong>consepulti</strong></span> <span class='ocrx_word' id='word_1_261' title='bbox 3441 1745 3493 1799; x_wconf 87' lang='lat' dir='ltr'><strong>ei</strong></span> <span class='ocrx_word' id='word_1_262' title='bbox 3525 1744 3585 1800; x_wconf 84' lang='lat' dir='ltr'><strong>in</strong></span> 
     </span>
    </p>
   </div>
   <div class='ocr_carea' id='block_1_34' title="bbox 237 1853 1760 1925">
    <p class='ocr_par' dir='ltr' id='par_1_34' title="bbox 237 1853 1760 1925">
     <span class='ocr_line' id='line_1_34' title="bbox 237 1853 1760 1925; baseline -0.005 -15"><span class='ocrx_word' id='word_1_263' title='bbox 237 1857 599 1925; x_wconf 86' lang='lat' dir='ltr'><strong>superioribus</strong></span> <span class='ocrx_word' id='word_1_264' title='bbox 642 1855 849 1908; x_wconf 78' lang='lat' dir='ltr'><strong>dixerat</strong></span> <span class='ocrx_word' id='word_1_265' title='bbox 885 1871 898 1906; x_wconf 89' lang='lat'><strong>:</strong></span> <span class='ocrx_word' id='word_1_266' title='bbox 953 1853 1054 1918; x_wconf 83' lang='lat' dir='ltr'><strong>Qui</strong></span> <span class='ocrx_word' id='word_1_267' title='bbox 1091 1863 1262 1906; x_wconf 88' lang='lat' dir='ltr'><strong>autem</strong></span> <span class='ocrx_word' id='word_1_268' title='bbox 1299 1853 1578 1905; x_wconf 81' lang='lat' dir='ltr'><strong>manducat</strong></span> <span class='ocrx_word' id='word_1_269' title='bbox 1604 1892 1619 1915; x_wconf 88' lang='lat'><strong>,</strong></span> <span class='ocrx_word' id='word_1_270' title='bbox 1657 1867 1760 1904; x_wconf 90' lang='lat' dir='ltr'><strong>non</strong></span> 
     </span>
    </p>
   </div>
   <div class='ocr_carea' id='block_1_35' title="bbox 237 1941 1763 2010">
    <p class='ocr_par' dir='ltr' id='par_1_35' title="bbox 237 1941 1763 2010">
     <span class='ocr_line' id='line_1_35' title="bbox 237 1941 1763 2010; baseline -0.005 -10"><span class='ocrx_word' id='word_1_271' title='bbox 237 1947 628 2000; x_wconf 86' lang='lat' dir='ltr'><strong>manducantem</strong></span> <span class='ocrx_word' id='word_1_272' title='bbox 666 1959 767 1996; x_wconf 85' lang='lat' dir='ltr'><strong>non</strong></span> <span class='ocrx_word' id='word_1_273' title='bbox 797 1944 1043 2010; x_wconf 90' lang='lat' dir='ltr'><strong>judicet;</strong></span> <span class='ocrx_word' id='word_1_274' title='bbox 1075 1942 1208 1995; x_wconf 90' lang='lat' dir='ltr'><strong>Deus</strong></span> <span class='ocrx_word' id='word_1_275' title='bbox 1235 1943 1369 1995; x_wconf 90' lang='lat' dir='ltr'><strong>enim</strong></span> <span class='ocrx_word' id='word_1_276' title='bbox 1398 1941 1543 1993; x_wconf 90' lang='lat' dir='ltr'><strong>illum</strong></span> <span class='ocrx_word' id='word_1_277' title='bbox 1567 1958 1763 1994; x_wconf 88' lang='lat' dir='ltr'><strong>assum-</strong></span> 
     </span>
    </p>
   </div>
   <div class='ocr_carea' id='block_1_36' title="bbox 236 2028 1762 2100">
    <p class='ocr_par' dir='ltr' id='par_1_36' title="bbox 236 2028 1762 2100">
     <span class='ocr_line' id='line_1_36' title="bbox 236 2028 1762 2100; baseline -0.003 -15"><span class='ocrx_word' id='word_1_278' title='bbox 236 2034 334 2099; x_wconf 88' lang='lat' dir='ltr'><strong>psit</strong></span> <span class='ocrx_word' id='word_1_279' title='bbox 355 2033 399 2064; x_wconf 84' lang='grc'><strong>⁸⁸</strong></span> <span class='ocrx_word' id='word_1_280' title='bbox 426 2071 443 2097; x_wconf 85' lang='grc'><em>,</em></span> <span class='ocrx_word' id='word_1_281' title='bbox 467 2032 556 2084; x_wconf 90' lang='lat' dir='ltr'><strong>hic</strong></span> <span class='ocrx_word' id='word_1_282' title='bbox 593 2030 759 2084; x_wconf 81' lang='lat' dir='ltr'><strong>dixit:</strong></span> <span class='ocrx_word' id='word_1_283' title='bbox 794 2028 937 2083; x_wconf 91' lang='lat' dir='ltr'><strong>Sicut</strong></span> <span class='ocrx_word' id='word_1_284' title='bbox 984 2029 1216 2083; x_wconf 83' lang='lat' dir='ltr'><strong>Christus</strong></span> <span class='ocrx_word' id='word_1_285' title='bbox 1246 2029 1355 2100; x_wconf 89' lang='grc'>(17)</span> <span class='ocrx_word' id='word_1_286' title='bbox 1396 2031 1614 2095; x_wconf 86' lang='lat' dir='ltr'><strong>suscepit</strong></span> <span class='ocrx_word' id='word_1_287' title='bbox 1642 2045 1762 2091; x_wconf 83' lang='lat' dir='ltr'><strong>vos:</strong></span> 
     </span>
    </p>
   </div>
   <div class='ocr_carea' id='block_1_37' title="bbox 237 2119 1761 2186">
    <p class='ocr_par' dir='ltr' id='par_1_37' title="bbox 237 2119 1761 2186">
     <span class='ocr_line' id='line_1_37' title="bbox 237 2119 1761 2186; baseline -0.005 -11"><span class='ocrx_word' id='word_1_288' title='bbox 237 2129 296 2175; x_wconf 90' lang='lat' dir='ltr'><strong>ut</strong></span> <span class='ocrx_word' id='word_1_289' title='bbox 324 2121 626 2176; x_wconf 88' lang='lat' dir='ltr'><strong>ostenderet</strong></span> <span class='ocrx_word' id='word_1_290' title='bbox 653 2133 818 2172; x_wconf 87' lang='lat' dir='ltr'><strong>unum</strong></span> <span class='ocrx_word' id='word_1_291' title='bbox 846 2127 1006 2186; x_wconf 83' lang='lat' dir='ltr'><strong>atque</strong></span> <span class='ocrx_word' id='word_1_292' title='bbox 1032 2120 1167 2172; x_wconf 83' lang='lat' dir='ltr'><strong>idem</strong></span> <span class='ocrx_word' id='word_1_293' title='bbox 1208 2133 1325 2173; x_wconf 89' lang='lat' dir='ltr'><strong>esse</strong></span> <span class='ocrx_word' id='word_1_294' title='bbox 1356 2133 1384 2170; x_wconf 90' lang='lat' dir='ltr'><strong>a</strong></span> <span class='ocrx_word' id='word_1_295' title='bbox 1415 2119 1521 2171; x_wconf 88' lang='lat' dir='ltr'><strong>Deo</strong></span> <span class='ocrx_word' id='word_1_296' title='bbox 1545 2120 1761 2185; x_wconf 87' lang='lat' dir='ltr'><strong>suscipi,</strong></span> 
     </span>
    </p>
   </div>
   <div class='ocr_carea' id='block_1_38' title="bbox 235 2206 1763 2274">
    <p class='ocr_par' dir='ltr' id='par_1_38' title="bbox 235 2206 1763 2274">
     <span class='ocr_line' id='line_1_38' title="bbox 235 2206 1763 2274; baseline -0.003 -11"><span class='ocrx_word' id='word_1_297' title='bbox 235 2218 289 2263; x_wconf 86' lang='lat' dir='ltr'><strong>et</strong></span> <span class='ocrx_word' id='word_1_298' title='bbox 313 2225 343 2262; x_wconf 92' lang='lat' dir='ltr'><strong>a</strong></span> <span class='ocrx_word' id='word_1_299' title='bbox 374 2207 608 2262; x_wconf 84' lang='lat' dir='ltr'><strong>Christo.</strong></span> <span class='ocrx_word' id='word_1_300' title='bbox 643 2206 803 2259; x_wconf 78' lang='lat' dir='ltr'><strong>Addit</strong></span> <span class='ocrx_word' id='word_1_301' title='bbox 829 2213 1008 2258; x_wconf 88' lang='lat' dir='ltr'><strong>autem</strong></span> <span class='ocrx_word' id='word_1_302' title='bbox 1039 2214 1091 2259; x_wconf 89' lang='lat' dir='ltr'><strong>et</strong></span> <span class='ocrx_word' id='word_1_303' title='bbox 1135 2206 1235 2259; x_wconf 90' lang='lat' dir='ltr'><strong>hoc</strong></span> <span class='ocrx_word' id='word_1_304' title='bbox 1258 2245 1272 2269; x_wconf 90' lang='lat'><strong>,</strong></span> <span class='ocrx_word' id='word_1_305' title='bbox 1304 2207 1444 2274; x_wconf 91' lang='lat' dir='ltr'><strong>quod</strong></span> <span class='ocrx_word' id='word_1_306' title='bbox 1478 2206 1646 2259; x_wconf 87' lang='lat' dir='ltr'><strong>honor</strong></span> <span class='ocrx_word' id='word_1_307' title='bbox 1676 2207 1763 2259; x_wconf 90' lang='lat' dir='ltr'><strong>Dei</strong></span> 
     </span>
    </p>
   </div>
   <div class='ocr_carea' id='block_1_39' title="bbox 236 2293 1762 2364">
    <p class='ocr_par' dir='ltr' id='par_1_39' title="bbox 236 2293 1762 2364">
     <span class='ocr_line' id='line_1_39' title="bbox 236 2293 1762 2364; baseline -0.001 -14"><span class='ocrx_word' id='word_1_308' title='bbox 236 2298 308 2351; x_wconf 89' lang='lat' dir='ltr'><strong>sit</strong></span> <span class='ocrx_word' id='word_1_309' title='bbox 341 2294 536 2364; x_wconf 85' lang='lat' dir='ltr'><strong>suscipi</strong></span> <span class='ocrx_word' id='word_1_310' title='bbox 580 2309 609 2347; x_wconf 90' lang='lat' dir='ltr'><strong>a</strong></span> <span class='ocrx_word' id='word_1_311' title='bbox 634 2294 867 2348; x_wconf 85' lang='lat' dir='ltr'><strong>Christo.</strong></span> <span class='ocrx_word' id='word_1_312' title='bbox 894 2293 1038 2360; x_wconf 87' lang='lat' dir='ltr'><strong>Quos</strong></span> <span class='ocrx_word' id='word_1_313' title='bbox 1057 2295 1197 2347; x_wconf 86' lang='lat' dir='ltr'><strong>enim</strong></span> <span class='ocrx_word' id='word_1_314' title='bbox 1240 2295 1467 2361; x_wconf 89' lang='lat' dir='ltr'><strong>suscipit</strong></span> <span class='ocrx_word' id='word_1_315' title='bbox 1497 2294 1762 2358; x_wconf 86' lang='lat' dir='ltr'><strong>Christus,</strong></span> 
     </span>
    </p>
   </div>
   <div class='ocr_carea' id='block_1_40' title="bbox 236 2384 1766 2453">
    <p class='ocr_par' dir='ltr' id='par_1_40' title="bbox 236 2384 1766 2453">
     <span class='ocr_line' id='line_1_40' title="bbox 236 2384 1766 2453; baseline -0.001 -13"><span class='ocrx_word' id='word_1_316' title='bbox 236 2388 391 2443; x_wconf 86' lang='lat' dir='ltr'><strong>docet</strong></span> <span class='ocrx_word' id='word_1_317' title='bbox 422 2400 513 2440; x_wconf 89' lang='lat' dir='ltr'><strong>eos</strong></span> <span class='ocrx_word' id='word_1_318' title='bbox 538 2386 609 2439; x_wconf 88' lang='lat' dir='ltr'><strong>ita</strong></span> <span class='ocrx_word' id='word_1_319' title='bbox 634 2398 790 2453; x_wconf 81' lang='lat' dir='ltr'><strong>agere</strong></span> <span class='ocrx_word' id='word_1_320' title='bbox 817 2384 1031 2450; x_wconf 87' lang='lat' dir='ltr'><strong>debere,</strong></span> <span class='ocrx_word' id='word_1_321' title='bbox 1056 2393 1112 2437; x_wconf 91' lang='lat' dir='ltr'><strong>ut</strong></span> <span class='ocrx_word' id='word_1_322' title='bbox 1136 2385 1364 2438; x_wconf 85' lang='lat' dir='ltr'><strong>videntes</strong></span> <span class='ocrx_word' id='word_1_323' title='bbox 1392 2385 1621 2438; x_wconf 86' lang='lat' dir='ltr'><strong>homines</strong></span> <span class='ocrx_word' id='word_1_324' title='bbox 1645 2402 1766 2453; x_wconf 90' lang='lat' dir='ltr'><strong>ope-</strong></span> 
     </span>
    </p>
   </div>
   <div class='ocr_carea' id='block_1_41' title="bbox 238 2475 1767 2547">
    <p class='ocr_par' dir='ltr' id='par_1_41' title="bbox 238 2475 1767 2547">
     <span class='ocr_line' id='line_1_41' title="bbox 238 2475 1767 2547; baseline -0.001 -17"><span class='ocrx_word' id='word_1_325' title='bbox 238 2494 298 2531; x_wconf 88' lang='lat' dir='ltr'><strong>ra</strong></span> <span class='ocrx_word' id='word_1_326' title='bbox 325 2491 505 2532; x_wconf 87' lang='lat' dir='ltr'><strong>eorum</strong></span> <span class='ocrx_word' id='word_1_327' title='bbox 529 2476 681 2542; x_wconf 88' lang='lat' dir='ltr'><strong>bona,</strong></span> <span class='ocrx_word' id='word_1_328' title='bbox 703 2477 986 2547; x_wconf 84' lang='lat' dir='ltr'><strong>gloriﬁcent</strong></span> <span class='ocrx_word' id='word_1_329' title='bbox 1014 2475 1222 2529; x_wconf 86' lang='lat' dir='ltr'><strong>Patrem</strong></span> <span class='ocrx_word' id='word_1_330' title='bbox 1244 2490 1419 2529; x_wconf 89' lang='lat' dir='ltr'><strong>eorum</strong></span> <span class='ocrx_word' id='word_1_331' title='bbox 1437 2477 1525 2543; x_wconf 89' lang='lat' dir='ltr'><strong>qui</strong></span> <span class='ocrx_word' id='word_1_332' title='bbox 1545 2477 1601 2529; x_wconf 89' lang='lat' dir='ltr'><strong>in</strong></span> <span class='ocrx_word' id='word_1_333' title='bbox 1630 2477 1767 2529; x_wconf 69' lang='lat' dir='ltr'><strong>caelis</strong></span> 
     </span>
    </p>
   </div>
   <div class='ocr_carea' id='block_1_42' title="bbox 237 2569 403 2622">
    <p class='ocr_par' dir='ltr' id='par_1_42' title="bbox 237 2569 403 2622">
     <span class='ocr_line' id='line_1_42' title="bbox 237 2569 403 2622; baseline 0.006 -1"><span class='ocrx_word' id='word_1_334' title='bbox 237 2577 311 2622; x_wconf 90' lang='lat' dir='ltr'><strong>est</strong></span> <span class='ocrx_word' id='word_1_335' title='bbox 337 2569 403 2622; x_wconf 80' lang='lat'><strong>&quot;.</strong></span> 
     </span>
    </p>
   </div>
   <div class='ocr_carea' id='block_1_43' title="bbox 305 2654 1766 2722">
    <p class='ocr_par' dir='ltr' id='par_1_43' title="bbox 305 2654 1766 2722">
     <span class='ocr_line' id='line_1_43' title="bbox 305 2654 1766 2722; baseline -0.002 -11"><span class='ocrx_word' id='word_1_336' title='bbox 305 2657 359 2711; x_wconf 88' lang='lat'><strong>8.</strong></span> <span class='ocrx_word' id='word_1_337' title='bbox 391 2657 515 2709; x_wconf 91' lang='lat' dir='ltr'><strong>Dico</strong></span> <span class='ocrx_word' id='word_1_338' title='bbox 541 2657 673 2710; x_wconf 89' lang='lat' dir='ltr'><strong>enim</strong></span> <span class='ocrx_word' id='word_1_339' title='bbox 703 2654 962 2709; x_wconf 85' lang='lat' dir='ltr'><strong>Christum</strong></span> <span class='ocrx_word' id='word_1_340' title='bbox 992 2654 1281 2707; x_wconf 88' lang='lat' dir='ltr'><strong>ministrum</strong></span> <span class='ocrx_word' id='word_1_341' title='bbox 1307 2654 1467 2722; x_wconf 82' lang='lat' dir='ltr'><strong>fuisse</strong></span> <span class='ocrx_word' id='word_1_342' title='bbox 1495 2654 1766 2708; x_wconf 86' lang='lat' dir='ltr'><strong>circumci-</strong></span> 
     </span>
    </p>
   </div>
   <div class='ocr_carea' id='block_1_44' title="bbox 234 2744 1766 2815">
    <p class='ocr_par' dir='ltr' id='par_1_44' title="bbox 234 2744 1766 2815">
     <span class='ocr_line' id='line_1_44' title="bbox 234 2744 1766 2815; baseline -0.003 -13"><span class='ocrx_word' id='word_1_343' title='bbox 234 2747 393 2802; x_wconf 82' lang='lat' dir='ltr'><strong>sionis</strong></span> <span class='ocrx_word' id='word_1_344' title='bbox 423 2756 628 2815; x_wconf 84' lang='lat' dir='ltr'><strong>propter</strong></span> <span class='ocrx_word' id='word_1_345' title='bbox 654 2748 911 2800; x_wconf 83' lang='lat' dir='ltr'><strong>veritatem</strong></span> <span class='ocrx_word' id='word_1_346' title='bbox 935 2746 1049 2808; x_wconf 89' lang='lat' dir='ltr'><strong>Dei,</strong></span> <span class='ocrx_word' id='word_1_347' title='bbox 1077 2745 1144 2797; x_wconf 89' lang='lat' dir='ltr'><strong>ad</strong></span> <span class='ocrx_word' id='word_1_348' title='bbox 1179 2744 1518 2798; x_wconf 87' lang='lat' dir='ltr'><strong>stabiliendas</strong></span> <span class='ocrx_word' id='word_1_349' title='bbox 1543 2745 1766 2812; x_wconf 88' lang='lat' dir='ltr'><strong>promis-</strong></span> 
     </span>
    </p>
   </div>
   <div class='ocr_carea' id='block_1_45' title="bbox 237 2834 1769 2903">
    <p class='ocr_par' dir='ltr' id='par_1_45' title="bbox 237 2834 1769 2903">
     <span class='ocr_line' id='line_1_45' title="bbox 237 2834 1769 2903; baseline -0.001 -13"><span class='ocrx_word' id='word_1_350' title='bbox 237 2837 406 2890; x_wconf 88' lang='lat' dir='ltr'><strong>siones</strong></span> <span class='ocrx_word' id='word_1_351' title='bbox 430 2834 670 2890; x_wconf 83' lang='lat' dir='ltr'><strong>Patrum.</strong></span> <span class='ocrx_word' id='word_1_352' title='bbox 716 2834 897 2889; x_wconf 83' lang='lat' dir='ltr'><strong>Gentes</strong></span> <span class='ocrx_word' id='word_1_353' title='bbox 919 2844 1087 2888; x_wconf 89' lang='lat' dir='ltr'><strong>autem</strong></span> <span class='ocrx_word' id='word_1_354' title='bbox 1114 2850 1206 2903; x_wconf 89' lang='lat' dir='ltr'><strong>pro</strong></span> <span class='ocrx_word' id='word_1_355' title='bbox 1234 2835 1585 2888; x_wconf 81' lang='lat' dir='ltr'><strong>misericordia</strong></span> <span class='ocrx_word' id='word_1_356' title='bbox 1607 2836 1769 2888; x_wconf 77' lang='lat' dir='ltr'><strong>Itono-</strong></span> 
     </span>
    </p>
   </div>
   <div class='ocr_carea' id='block_1_46' title="bbox 237 2923 1768 2996">
    <p class='ocr_par' dir='ltr' id='par_1_46' title="bbox 237 2923 1768 2996">
     <span class='ocr_line' id='line_1_46' title="bbox 237 2923 1768 2996; baseline -0.001 -17"><span class='ocrx_word' id='word_1_357' title='bbox 237 2941 355 2979; x_wconf 87' lang='lat' dir='ltr'><strong>rare</strong></span> <span class='ocrx_word' id='word_1_358' title='bbox 376 2926 486 2996; x_wconf 90' lang='grc'><strong>(18)</strong></span> <span class='ocrx_word' id='word_1_359' title='bbox 516 2926 696 2991; x_wconf 89' lang='lat' dir='ltr'><strong>Deum,</strong></span> <span class='ocrx_word' id='word_1_360' title='bbox 718 2927 849 2979; x_wconf 89' lang='lat' dir='ltr'><strong>sicut</strong></span> <span class='ocrx_word' id='word_1_361' title='bbox 879 2926 1121 2991; x_wconf 89' lang='lat' dir='ltr'><strong>scriptum</strong></span> <span class='ocrx_word' id='word_1_362' title='bbox 1151 2933 1223 2977; x_wconf 88' lang='lat' dir='ltr'><strong>est</strong></span> <span class='ocrx_word' id='word_1_363' title='bbox 1250 2941 1268 2977; x_wconf 89' lang='lat'><strong><em>:</em></strong></span> <span class='ocrx_word' id='word_1_364' title='bbox 1304 2923 1581 2986; x_wconf 84' lang='lat' dir='ltr'><strong>Propterea</strong></span> <span class='ocrx_word' id='word_1_365' title='bbox 1606 2925 1768 2992; x_wconf 82' lang='lat' dir='ltr'><strong>conﬁ-</strong></span> 
     </span>
    </p>
   </div>
   <div class='ocr_carea' id='block_1_47' title="bbox 238 3014 1836 3107">
    <p class='ocr_par' dir='ltr' id='par_1_47' title="bbox 238 3014 1836 3107">
     <span class='ocr_line' id='line_1_47' title="bbox 238 3014 1836 3107; baseline -0.001 -40"><span class='ocrx_word' id='word_1_366' title='bbox 238 3017 379 3069; x_wconf 89' lang='lat' dir='ltr'><strong>tebor</strong></span> <span class='ocrx_word' id='word_1_367' title='bbox 406 3016 497 3068; x_wconf 85' lang='lat' dir='ltr'><strong>tibi</strong></span> <span class='ocrx_word' id='word_1_368' title='bbox 538 3015 591 3068; x_wconf 90' lang='lat' dir='ltr'><strong>in</strong></span> <span class='ocrx_word' id='word_1_369' title='bbox 619 3015 850 3084; x_wconf 83' lang='lat' dir='ltr'><strong>gentibus</strong></span> <span class='ocrx_word' id='word_1_370' title='bbox 870 3053 886 3075; x_wconf 84' lang='lat'><strong>,</strong></span> <span class='ocrx_word' id='word_1_371' title='bbox 912 3023 959 3067; x_wconf 91' lang='lat' dir='ltr'><strong>et</strong></span> <span class='ocrx_word' id='word_1_372' title='bbox 998 3015 1053 3066; x_wconf 92' lang='lat' dir='ltr'><strong>in</strong></span> <span class='ocrx_word' id='word_1_373' title='bbox 1083 3018 1286 3066; x_wconf 88' lang='lat' dir='ltr'><strong>nomine</strong></span> <span class='ocrx_word' id='word_1_374' title='bbox 1317 3024 1406 3067; x_wconf 90' lang='lat' dir='ltr'><strong>tuo</strong></span> <span class='ocrx_word' id='word_1_375' title='bbox 1432 3015 1673 3068; x_wconf 87' lang='lat' dir='ltr'><strong>cantabo.</strong></span> <span class='ocrx_word' id='word_1_376' title='bbox 1698 3014 1767 3067; x_wconf 86' lang='lat' dir='ltr'><strong>Et</strong></span> <span class='ocrx_word' id='word_1_377' title='bbox 1795 3051 1836 3107; x_wconf 78' lang='lat' dir='ltr'><strong>C</strong></span> 
     </span>
    </p>
   </div>
   <div class='ocr_carea' id='block_1_48' title="bbox 236 3094 1767 3173">
    <p class='ocr_par' dir='ltr' id='par_1_48' title="bbox 236 3094 1767 3173">
     <span class='ocr_line' id='line_1_48' title="bbox 236 3094 1767 3173; baseline 0 -16"><span class='ocrx_word' id='word_1_378' title='bbox 236 3104 421 3157; x_wconf 87' lang='lat' dir='ltr'><strong>iterum</strong></span> <span class='ocrx_word' id='word_1_379' title='bbox 448 3104 570 3157; x_wconf 85' lang='lat' dir='ltr'><strong>dicit</strong></span> <span class='ocrx_word' id='word_1_380' title='bbox 592 3118 612 3157; x_wconf 89' lang='lat'><strong><em>:</em></strong></span> <span class='ocrx_word' id='word_1_381' title='bbox 645 3104 935 3165; x_wconf 78' lang='lat' dir='ltr'><strong>Ltetamini,</strong></span> <span class='ocrx_word' id='word_1_382' title='bbox 962 3111 1156 3172; x_wconf 88' lang='lat' dir='ltr'><strong>gentes,</strong></span> <span class='ocrx_word' id='word_1_383' title='bbox 1181 3118 1295 3155; x_wconf 90' lang='lat' dir='ltr'><strong>cum</strong></span> <span class='ocrx_word' id='word_1_384' title='bbox 1324 3104 1512 3171; x_wconf 87' lang='lat' dir='ltr'><strong>populo</strong></span> <span class='ocrx_word' id='word_1_385' title='bbox 1539 3105 1671 3173; x_wconf 86' lang='lat' dir='ltr'><strong>ejus.</strong></span> <span class='ocrx_word' id='word_1_386' title='bbox 1692 3094 1767 3157; x_wconf 81' lang='lat' dir='ltr'><strong>Et</strong></span> 
     </span>
    </p>
   </div>
   <div class='ocr_carea' id='block_1_49' title="bbox 236 3191 1770 3261">
    <p class='ocr_par' dir='ltr' id='par_1_49' title="bbox 236 3191 1770 3261">
     <span class='ocr_line' id='line_1_49' title="bbox 236 3191 1770 3261; baseline 0.002 -18"><span class='ocrx_word' id='word_1_387' title='bbox 236 3193 421 3245; x_wconf 78' lang='lat' dir='ltr'><strong>iterum</strong></span> <span class='ocrx_word' id='word_1_388' title='bbox 444 3206 462 3243; x_wconf 90' lang='lat'><strong><em>:</em></strong></span> <span class='ocrx_word' id='word_1_389' title='bbox 486 3191 723 3246; x_wconf 85' lang='lat' dir='ltr'><strong>Laudate</strong></span> <span class='ocrx_word' id='word_1_390' title='bbox 745 3193 1044 3256; x_wconf 89' lang='lat' dir='ltr'><strong>Dominum,</strong></span> <span class='ocrx_word' id='word_1_391' title='bbox 1080 3208 1251 3245; x_wconf 86' lang='lat' dir='ltr'><strong>omnes</strong></span> <span class='ocrx_word' id='word_1_392' title='bbox 1281 3203 1470 3260; x_wconf 87' lang='lat' dir='ltr'><strong>gentes,</strong></span> <span class='ocrx_word' id='word_1_393' title='bbox 1500 3203 1548 3246; x_wconf 89' lang='lat' dir='ltr'><strong>et</strong></span> <span class='ocrx_word' id='word_1_394' title='bbox 1569 3195 1770 3261; x_wconf 87' lang='lat' dir='ltr'><strong>magni-</strong></span> 
     </span>
    </p>
   </div>
   <div class='ocr_carea' id='block_1_50' title="bbox 235 3280 1768 3351">
    <p class='ocr_par' dir='ltr' id='par_1_50' title="bbox 235 3280 1768 3351">
     <span class='ocr_line' id='line_1_50' title="bbox 235 3280 1768 3351; baseline 0.001 -16"><span class='ocrx_word' id='word_1_395' title='bbox 235 3280 385 3349; x_wconf 74' lang='lat' dir='ltr'><strong>ﬁcate</strong></span> <span class='ocrx_word' id='word_1_396' title='bbox 412 3298 525 3335; x_wconf 90' lang='lat' dir='ltr'><strong>eum</strong></span> <span class='ocrx_word' id='word_1_397' title='bbox 548 3322 564 3348; x_wconf 94' lang='lat'><strong>,</strong></span> <span class='ocrx_word' id='word_1_398' title='bbox 600 3298 772 3336; x_wconf 89' lang='lat' dir='ltr'><strong>omnes</strong></span> <span class='ocrx_word' id='word_1_399' title='bbox 804 3282 999 3351; x_wconf 88' lang='lat' dir='ltr'><strong>populi.</strong></span> <span class='ocrx_word' id='word_1_400' title='bbox 1041 3280 1107 3335; x_wconf 86' lang='lat' dir='ltr'><strong>Et</strong></span> <span class='ocrx_word' id='word_1_401' title='bbox 1136 3281 1306 3335; x_wconf 88' lang='lat' dir='ltr'><strong>Isaias</strong></span> <span class='ocrx_word' id='word_1_402' title='bbox 1354 3299 1556 3335; x_wconf 82' lang='lat' dir='ltr'><strong>rursum</strong></span> <span class='ocrx_word' id='word_1_403' title='bbox 1599 3285 1768 3336; x_wconf 89' lang='lat' dir='ltr'><strong>dicit:</strong></span> 
     </span>
    </p>
   </div>
   <div class='ocr_carea' id='block_1_51' title="bbox 238 3371 1767 3441">
    <p class='ocr_par' dir='ltr' id='par_1_51' title="bbox 238 3371 1767 3441">
     <span class='ocr_line' id='line_1_51' title="bbox 238 3371 1767 3441; baseline 0.002 -18"><span class='ocrx_word' id='word_1_404' title='bbox 238 3371 352 3424; x_wconf 82' lang='lat' dir='ltr'><strong>Erit</strong></span> <span class='ocrx_word' id='word_1_405' title='bbox 384 3374 536 3425; x_wconf 74' lang='lat' dir='ltr'><strong>radix</strong></span> <span class='ocrx_word' id='word_1_406' title='bbox 557 3372 721 3439; x_wconf 87' lang='lat' dir='ltr'><strong>Jesse,</strong></span> <span class='ocrx_word' id='word_1_407' title='bbox 762 3383 808 3426; x_wconf 90' lang='lat' dir='ltr'><strong>et</strong></span> <span class='ocrx_word' id='word_1_408' title='bbox 832 3374 920 3441; x_wconf 87' lang='lat' dir='ltr'><strong>qui</strong></span> <span class='ocrx_word' id='word_1_409' title='bbox 941 3382 1176 3440; x_wconf 70' lang='lat' dir='ltr'><strong>exsurget</strong></span> <span class='ocrx_word' id='word_1_410' title='bbox 1202 3388 1374 3441; x_wconf 90' lang='lat' dir='ltr'><strong>regere</strong></span> <span class='ocrx_word' id='word_1_411' title='bbox 1402 3381 1596 3441; x_wconf 87' lang='lat' dir='ltr'><strong>gentes,</strong></span> <span class='ocrx_word' id='word_1_412' title='bbox 1626 3375 1681 3426; x_wconf 89' lang='lat' dir='ltr'><strong>in</strong></span> <span class='ocrx_word' id='word_1_413' title='bbox 1708 3390 1767 3426; x_wconf 89' lang='lat' dir='ltr'><strong>eo</strong></span> 
     </span>
    </p>
   </div>
   <div class='ocr_carea' id='block_1_52' title="bbox 236 3461 1765 3530">
    <p class='ocr_par' dir='ltr' id='par_1_52' title="bbox 236 3461 1765 3530">
     <span class='ocr_line' id='line_1_52' title="bbox 236 3461 1765 3530; baseline 0.001 -16"><span class='ocrx_word' id='word_1_414' title='bbox 236 3472 406 3530; x_wconf 88' lang='lat' dir='ltr'><strong>gentes</strong></span> <span class='ocrx_word' id='word_1_415' title='bbox 434 3465 707 3530; x_wconf 88' lang='lat' dir='ltr'><strong>sperabunt</strong></span> <span class='ocrx_word' id='word_1_416' title='bbox 725 3464 791 3520; x_wconf 86' lang='lat'><strong>&quot;’.</strong></span> <span class='ocrx_word' id='word_1_417' title='bbox 821 3463 1097 3528; x_wconf 82' lang='lat' dir='ltr'><strong>Quomodo</strong></span> <span class='ocrx_word' id='word_1_418' title='bbox 1120 3461 1367 3516; x_wconf 87' lang='lat' dir='ltr'><strong>Christus</strong></span> <span class='ocrx_word' id='word_1_419' title='bbox 1388 3463 1633 3516; x_wconf 88' lang='lat' dir='ltr'><strong>minister</strong></span> <span class='ocrx_word' id='word_1_420' title='bbox 1654 3462 1765 3516; x_wconf 79' lang='lat' dir='ltr'><strong>fue-</strong></span> 
     </span>
    </p>
   </div>
   <div class='ocr_carea' id='block_1_53' title="bbox 240 3544 1766 3617">
    <p class='ocr_par' dir='ltr' id='par_1_53' title="bbox 240 3544 1766 3617">
     <span class='ocr_line' id='line_1_53' title="bbox 240 3544 1766 3617; baseline -0.002 -17"><span class='ocrx_word' id='word_1_421' title='bbox 240 3549 310 3601; x_wconf 88' lang='lat' dir='ltr'><strong>rit</strong></span> <span class='ocrx_word' id='word_1_422' title='bbox 333 3549 753 3604; x_wconf 88' lang='lat' dir='ltr'><strong>circumcisionis</strong></span> <span class='ocrx_word' id='word_1_423' title='bbox 781 3552 845 3603; x_wconf 86' lang='lat' dir='ltr'><strong>ad</strong></span> <span class='ocrx_word' id='word_1_424' title='bbox 878 3550 1218 3604; x_wconf 83' lang='lat' dir='ltr'><strong>stabiliendas</strong></span> <span class='ocrx_word' id='word_1_425' title='bbox 1248 3547 1626 3617; x_wconf 88' lang='lat' dir='ltr'><strong>promissiones</strong></span> <span class='ocrx_word' id='word_1_426' title='bbox 1666 3544 1766 3597; x_wconf 83' lang='lat' dir='ltr'><strong>Pa-</strong></span> 
     </span>
    </p>
   </div>
   <div class='ocr_carea' id='block_1_54' title="bbox 239 3634 1764 3707">
    <p class='ocr_par' dir='ltr' id='par_1_54' title="bbox 239 3634 1764 3707">
     <span class='ocr_line' id='line_1_54' title="bbox 239 3634 1764 3707; baseline -0.003 -16"><span class='ocrx_word' id='word_1_427' title='bbox 239 3646 398 3701; x_wconf 81' lang='lat' dir='ltr'><strong>trum,</strong></span> <span class='ocrx_word' id='word_1_428' title='bbox 421 3637 614 3707; x_wconf 90' lang='lat' dir='ltr'><strong>duplici</strong></span> <span class='ocrx_word' id='word_1_429' title='bbox 636 3637 790 3692; x_wconf 89' lang='lat' dir='ltr'><strong>modo</strong></span> <span class='ocrx_word' id='word_1_430' title='bbox 816 3637 1032 3705; x_wconf 77' lang='lat' dir='ltr'><strong>intelligi</strong></span> <span class='ocrx_word' id='word_1_431' title='bbox 1050 3644 1242 3705; x_wconf 86' lang='lat' dir='ltr'><strong>potest.</strong></span> <span class='ocrx_word' id='word_1_432' title='bbox 1270 3634 1396 3689; x_wconf 82' lang='lat' dir='ltr'><strong>Sive</strong></span> <span class='ocrx_word' id='word_1_433' title='bbox 1421 3650 1518 3703; x_wconf 88' lang='lat' dir='ltr'><strong>pro</strong></span> <span class='ocrx_word' id='word_1_434' title='bbox 1540 3650 1604 3689; x_wconf 92' lang='lat' dir='ltr'><strong>eo</strong></span> <span class='ocrx_word' id='word_1_435' title='bbox 1623 3634 1764 3702; x_wconf 89' lang='lat' dir='ltr'><strong>quod</strong></span> 
     </span>
    </p>
   </div>
   <div class='ocr_carea' id='block_1_55' title="bbox 237 3726 1766 3797">
    <p class='ocr_par' dir='ltr' id='par_1_55' title="bbox 237 3726 1766 3797">
     <span class='ocr_line' id='line_1_55' title="bbox 237 3726 1766 3797; baseline -0.002 -16"><span class='ocrx_word' id='word_1_436' title='bbox 237 3729 691 3785; x_wconf 89' lang='lat' dir='ltr'><strong>circumcisionem</strong></span> <span class='ocrx_word' id='word_1_437' title='bbox 722 3729 776 3782; x_wconf 90' lang='lat' dir='ltr'><strong>in</strong></span> <span class='ocrx_word' id='word_1_438' title='bbox 801 3743 961 3783; x_wconf 90' lang='lat' dir='ltr'><strong>carne</strong></span> <span class='ocrx_word' id='word_1_439' title='bbox 982 3743 1078 3783; x_wconf 89' lang='lat' dir='ltr'><strong>sua</strong></span> <span class='ocrx_word' id='word_1_440' title='bbox 1104 3729 1215 3797; x_wconf 91' lang='lat' dir='ltr'><strong>ipse</strong></span> <span class='ocrx_word' id='word_1_441' title='bbox 1239 3727 1493 3795; x_wconf 87' lang='lat' dir='ltr'><strong>suscepit,</strong></span> <span class='ocrx_word' id='word_1_442' title='bbox 1511 3735 1568 3780; x_wconf 93' lang='lat' dir='ltr'><strong>ut</strong></span> <span class='ocrx_word' id='word_1_443' title='bbox 1596 3726 1766 3780; x_wconf 89' lang='lat' dir='ltr'><strong>mani-</strong></span> 
     </span>
    </p>
   </div>
   <div class='ocr_carea' id='block_1_56' title="bbox 237 3816 1765 3887">
    <p class='ocr_par' dir='ltr' id='par_1_56' title="bbox 237 3816 1765 3887">
     <span class='ocr_line' id='line_1_56' title="bbox 237 3816 1765 3887; baseline 0 -16"><span class='ocrx_word' id='word_1_444' title='bbox 237 3816 520 3873; x_wconf 81' lang='lat' dir='ltr'><strong>festissime</strong></span> <span class='ocrx_word' id='word_1_445' title='bbox 550 3826 857 3875; x_wconf 91' lang='lat' dir='ltr'><strong>nosceretur</strong></span> <span class='ocrx_word' id='word_1_446' title='bbox 887 3819 1029 3887; x_wconf 89' lang='lat' dir='ltr'><strong>quod</strong></span> <span class='ocrx_word' id='word_1_447' title='bbox 1055 3834 1122 3874; x_wconf 76' lang='lat' dir='ltr'><strong>ex</strong></span> <span class='ocrx_word' id='word_1_448' title='bbox 1150 3818 1350 3873; x_wconf 88' lang='lat' dir='ltr'><strong>semine</strong></span> <span class='ocrx_word' id='word_1_449' title='bbox 1370 3817 1636 3872; x_wconf 84' lang='lat' dir='ltr'><strong>Abraham</strong></span> <span class='ocrx_word' id='word_1_450' title='bbox 1670 3831 1765 3871; x_wconf 88' lang='lat' dir='ltr'><strong>ve-</strong></span> 
     </span>
    </p>
   </div>
   <div class='ocr_carea' id='block_1_57' title="bbox 238 3906 1765 3978">
    <p class='ocr_par' dir='ltr' id='par_1_57' title="bbox 238 3906 1765 3978">
     <span class='ocr_line' id='line_1_57' title="bbox 238 3906 1765 3978; baseline 0 -17"><span class='ocrx_word' id='word_1_451' title='bbox 238 3909 409 3975; x_wconf 85' lang='lat' dir='ltr'><strong>niens,</strong></span> <span class='ocrx_word' id='word_1_452' title='bbox 433 3911 517 3963; x_wconf 89' lang='lat' dir='ltr'><strong>cui</strong></span> <span class='ocrx_word' id='word_1_453' title='bbox 549 3911 864 3978; x_wconf 85' lang='lat' dir='ltr'><strong>promiserat</strong></span> <span class='ocrx_word' id='word_1_454' title='bbox 892 3910 1032 3964; x_wconf 89' lang='lat' dir='ltr'><strong>Deus</strong></span> <span class='ocrx_word' id='word_1_455' title='bbox 1052 3910 1193 3978; x_wconf 90' lang='lat' dir='ltr'><strong>quod</strong></span> <span class='ocrx_word' id='word_1_456' title='bbox 1223 3909 1279 3961; x_wconf 93' lang='lat' dir='ltr'><strong>in</strong></span> <span class='ocrx_word' id='word_1_457' title='bbox 1315 3908 1520 3962; x_wconf 88' lang='lat' dir='ltr'><strong>semine</strong></span> <span class='ocrx_word' id='word_1_458' title='bbox 1548 3921 1643 3961; x_wconf 91' lang='lat' dir='ltr'><strong>suo</strong></span> <span class='ocrx_word' id='word_1_459' title='bbox 1670 3906 1765 3961; x_wconf 83' lang='lat' dir='ltr'><strong>be-</strong></span> 
     </span>
    </p>
   </div>
   <div class='ocr_carea' id='block_1_58' title="bbox 237 3997 1766 4069">
    <p class='ocr_par' dir='ltr' id='par_1_58' title="bbox 237 3997 1766 4069">
     <span class='ocr_line' id='line_1_58' title="bbox 237 3997 1766 4069; baseline -0.001 -18"><span class='ocrx_word' id='word_1_460' title='bbox 237 3997 603 4053; x_wconf 89' lang='lat' dir='ltr'><strong>nedicerentur</strong></span> <span class='ocrx_word' id='word_1_461' title='bbox 634 4000 742 4069; x_wconf 86' lang='grc'><strong>(19)</strong></span> <span class='ocrx_word' id='word_1_462' title='bbox 771 4013 960 4055; x_wconf 89' lang='lat' dir='ltr'><strong>omnes</strong></span> <span class='ocrx_word' id='word_1_463' title='bbox 989 4008 1176 4068; x_wconf 82' lang='lat' dir='ltr'><strong>gentes</strong></span> <span class='ocrx_word' id='word_1_464' title='bbox 1201 3999 1266 4060; x_wconf 77' lang='grc'><strong>³⁸,</strong></span> <span class='ocrx_word' id='word_1_465' title='bbox 1288 3997 1582 4064; x_wconf 87' lang='lat' dir='ltr'><strong>compleret</strong></span> <span class='ocrx_word' id='word_1_466' title='bbox 1602 3998 1652 4049; x_wconf 92' lang='lat' dir='ltr'><strong>in</strong></span> <span class='ocrx_word' id='word_1_467' title='bbox 1679 4011 1766 4052; x_wconf 89' lang='lat' dir='ltr'><strong>se-</strong></span> 
     </span>
    </p>
   </div>
   <div class='ocr_carea' id='block_1_59' title="bbox 236 4089 1768 4158">
    <p class='ocr_par' dir='ltr' id='par_1_59' title="bbox 236 4089 1768 4158">
     <span class='ocr_line' id='line_1_59' title="bbox 236 4089 1768 4158; baseline -0.001 -17"><span class='ocrx_word' id='word_1_468' title='bbox 236 4089 459 4158; x_wconf 84' lang='lat' dir='ltr'><strong>metipso</strong></span> <span class='ocrx_word' id='word_1_469' title='bbox 480 4104 597 4158; x_wconf 66' lang='lat' dir='ltr'><strong>qua:</strong></span> <span class='ocrx_word' id='word_1_470' title='bbox 618 4090 863 4145; x_wconf 88' lang='lat' dir='ltr'><strong>Patribus</strong></span> <span class='ocrx_word' id='word_1_471' title='bbox 888 4090 1098 4145; x_wconf 78' lang='lat' dir='ltr'><strong>fuerant</strong></span> <span class='ocrx_word' id='word_1_472' title='bbox 1125 4089 1443 4158; x_wconf 90' lang='lat' dir='ltr'><strong>repromissa</strong></span> <span class='ocrx_word' id='word_1_473' title='bbox 1470 4106 1483 4140; x_wconf 86' lang='lat'><strong>:</strong></span> <span class='ocrx_word' id='word_1_474' title='bbox 1518 4096 1573 4140; x_wconf 87' lang='lat' dir='ltr'><strong>et</strong></span> <span class='ocrx_word' id='word_1_475' title='bbox 1588 4096 1645 4139; x_wconf 94' lang='lat' dir='ltr'><strong>ut</strong></span> <span class='ocrx_word' id='word_1_476' title='bbox 1672 4102 1768 4154; x_wconf 84' lang='lat' dir='ltr'><strong>per</strong></span> 
     </span>
    </p>
   </div>
   <div class='ocr_carea' id='block_1_60' title="bbox 236 4176 1765 4250">
    <p class='ocr_par' dir='ltr' id='par_1_60' title="bbox 236 4176 1765 4250">
     <span class='ocr_line' id='line_1_60' title="bbox 236 4176 1765 4250; baseline -0.003 -17"><span class='ocrx_word' id='word_1_477' title='bbox 236 4178 357 4243; x_wconf 87' lang='lat' dir='ltr'><strong>hoc,</strong></span> <span class='ocrx_word' id='word_1_478' title='bbox 380 4181 668 4235; x_wconf 87' lang='lat' dir='ltr'><strong>secundum</strong></span> <span class='ocrx_word' id='word_1_479' title='bbox 694 4181 1023 4250; x_wconf 90' lang='lat' dir='ltr'><strong>propositum</strong></span> <span class='ocrx_word' id='word_1_480' title='bbox 1050 4180 1212 4235; x_wconf 89' lang='lat' dir='ltr'><strong>totius</strong></span> <span class='ocrx_word' id='word_1_481' title='bbox 1234 4176 1481 4246; x_wconf 74' lang='lat' dir='ltr'><strong>Epistolat</strong></span> <span class='ocrx_word' id='word_1_482' title='bbox 1501 4177 1765 4242; x_wconf 89' lang='lat' dir='ltr'><strong>ordinem,</strong></span> 
     </span>
    </p>
   </div>
   <div class='ocr_carea' id='block_1_61' title="bbox 303 4282 1953 4353">
    <p class='ocr_par' dir='ltr' id='par_1_61' title="bbox 303 4282 1953 4353">
     <span class='ocr_line' id='line_1_61' title="bbox 303 4282 1953 4353; baseline -0.001 -13"><span class='ocrx_word' id='word_1_483' title='bbox 303 4287 350 4321; x_wconf 78' lang='grc'><strong>⁸⁸</strong></span> <span class='ocrx_word' id='word_1_484' title='bbox 376 4288 531 4342; x_wconf 88' lang='lat' dir='ltr'><strong>Rom.</strong></span> <span class='ocrx_word' id='word_1_485' title='bbox 565 4304 672 4349; x_wconf 80' lang='lat' dir='ltr'><strong>xw,</strong></span> <span class='ocrx_word' id='word_1_486' title='bbox 710 4289 763 4343; x_wconf 79' lang='lat'><strong>5.</strong></span> <span class='ocrx_word' id='word_1_487' title='bbox 839 4289 885 4321; x_wconf 82' lang='lat'>&quot;</span> <span class='ocrx_word' id='word_1_488' title='bbox 920 4288 1103 4343; x_wconf 82' lang='lat' dir='ltr'><strong>Matth.</strong></span> <span class='ocrx_word' id='word_1_489' title='bbox 1134 4302 1200 4347; x_wconf 89' lang='lat' dir='ltr'><strong>v,</strong></span> <span class='ocrx_word' id='word_1_490' title='bbox 1251 4284 1336 4338; x_wconf 89' lang='grc'>16.</span> <span class='ocrx_word' id='word_1_491' title='bbox 1409 4284 1460 4353; x_wconf 21' lang='grc'><strong>⁸⁷*</strong></span> <span class='ocrx_word' id='word_1_492' title='bbox 1484 4282 1764 4353; x_wconf 78' lang='lat' dir='ltr'><strong>Ron_i._xv,</strong></span> <span class='ocrx_word' id='word_1_493' title='bbox 1810 4285 1843 4338; x_wconf 90' lang='lat'>8</span> <span class='ocrx_word' id='word_1_494' title='bbox 1873 4302 1953 4353; x_wconf 89' lang='lat' dir='ltr'><strong>sq.</strong></span> 
     </span>
    </p>
   </div>
   <div class='ocr_carea' id='block_1_62' title="bbox 504 4350 1965 4421">
    <p class='ocr_par' dir='ltr' id='par_1_62' title="bbox 504 4350 1965 4421">
     <span class='ocr_line' id='line_1_62' title="bbox 504 4350 1965 4421; baseline -0.001 -11"><span class='ocrx_word' id='word_1_495' title='bbox 504 4358 525 4388; x_wconf 84' lang='grc'><strong><em>²</em></strong></span> <span class='ocrx_word' id='word_1_496' title='bbox 553 4356 693 4411; x_wconf 81' lang='lat' dir='ltr'><strong>Psal.</strong></span> <span class='ocrx_word' id='word_1_497' title='bbox 725 4372 856 4421; x_wconf 81' lang='lat' dir='ltr'><strong>xvn,</strong></span> <span class='ocrx_word' id='word_1_498' title='bbox 876 4356 961 4410; x_wconf 78' lang='lat'><strong>50.</strong></span> <span class='ocrx_word' id='word_1_499' title='bbox 1027 4356 1048 4386; x_wconf 85' lang='grc'><em>³</em></span> <span class='ocrx_word' id='word_1_500' title='bbox 1070 4356 1222 4409; x_wconf 89' lang='lat' dir='ltr'><strong>Deut.</strong></span> <span class='ocrx_word' id='word_1_501' title='bbox 1249 4350 1525 4413; x_wconf 52' lang='lat' dir='ltr'><strong>unum</strong></span> <span class='ocrx_word' id='word_1_502' title='bbox 1593 4350 1615 4381; x_wconf 67' lang='grc'>⁸</span> <span class='ocrx_word' id='word_1_503' title='bbox 1647 4350 1746 4405; x_wconf 81' lang='lat' dir='ltr'><strong>lsa.</strong></span> <span class='ocrx_word' id='word_1_504' title='bbox 1775 4370 1849 4418; x_wconf 74' lang='lat' dir='ltr'><strong>XI,</strong></span> <span class='ocrx_word' id='word_1_505' title='bbox 1879 4350 1965 4408; x_wconf 86' lang='grc'><strong>10.</strong></span> 
     </span>
    </p>
   </div>
   <div class='ocr_carea' id='block_1_63' title="bbox 235 4357 429 4422">
    <p class='ocr_par' dir='ltr' id='par_1_63' title="bbox 235 4357 429 4422">
     <span class='ocr_line' id='line_1_63' title="bbox 235 4357 429 4422; baseline -0.005 -12"><span class='ocrx_word' id='word_1_506' title='bbox 235 4369 312 4422; x_wconf 86' lang='lat' dir='ltr'><strong>tt,</strong></span> <span class='ocrx_word' id='word_1_507' title='bbox 344 4357 429 4409; x_wconf 83' lang='grc'>11.</span> 
     </span>
    </p>
   </div>
   <div class='ocr_carea' id='block_1_64' title="bbox 1866 1835 3587 1914">
    <p class='ocr_par' dir='ltr' id='par_1_64' title="bbox 1866 1835 3587 1914">
     <span class='ocr_line' id='line_1_64' title="bbox 1866 1835 3587 1914; baseline -0.006 -15"><span class='ocrx_word' id='word_1_508' title='bbox 1866 1848 2140 1914; x_wconf 87' lang='lat' dir='ltr'><strong>baptismo.</strong></span> <span class='ocrx_word' id='word_1_509' title='bbox 2223 1844 2330 1897; x_wconf 88' lang='lat' dir='ltr'><strong>Per</strong></span> <span class='ocrx_word' id='word_1_510' title='bbox 2392 1840 2722 1911; x_wconf 77' lang='lat' dir='ltr'><strong>huiusmodi</strong></span> <span class='ocrx_word' id='word_1_511' title='bbox 2799 1854 2951 1910; x_wconf 87' lang='lat' dir='ltr'><strong>ergo</strong></span> <span class='ocrx_word' id='word_1_512' title='bbox 3022 1835 3587 1893; x_wconf 80' lang='lat' dir='ltr'><strong>circumcisionem</strong></span> 
     </span>
    </p>
   </div>
   <div class='ocr_carea' id='block_1_65' title="bbox 1862 1924 3583 2002">
    <p class='ocr_par' dir='ltr' id='par_1_65' title="bbox 1862 1924 3583 2002">
     <span class='ocr_line' id='line_1_65' title="bbox 1862 1924 3583 2002; baseline -0.006 -15"><span class='ocrx_word' id='word_1_513' title='bbox 1862 1947 2066 1989; x_wconf 87' lang='lat' dir='ltr'><strong>certum</strong></span> <span class='ocrx_word' id='word_1_514' title='bbox 2113 1942 2198 1987; x_wconf 89' lang='lat' dir='ltr'><strong>est</strong></span> <span class='ocrx_word' id='word_1_515' title='bbox 2251 1930 2473 1984; x_wconf 81' lang='lat' dir='ltr'><strong>Patrum</strong></span> <span class='ocrx_word' id='word_1_516' title='bbox 2519 1930 2949 2002; x_wconf 89' lang='lat' dir='ltr'><strong>promissiones</strong></span> <span class='ocrx_word' id='word_1_517' title='bbox 3016 1941 3174 1982; x_wconf 86' lang='lat' dir='ltr'><strong>esse</strong></span> <span class='ocrx_word' id='word_1_518' title='bbox 3222 1924 3583 1995; x_wconf 72' lang='lat' dir='ltr'><strong>completas.</strong></span> 
     </span>
    </p>
   </div>
   <div class='ocr_carea' id='block_1_66' title="bbox 1864 2016 3585 2090">
    <p class='ocr_par' dir='ltr' id='par_1_66' title="bbox 1864 2016 3585 2090">
     <span class='ocr_line' id='line_1_66' title="bbox 1864 2016 3585 2090; baseline -0.005 -15"><span class='ocrx_word' id='word_1_519' title='bbox 1864 2026 1992 2090; x_wconf 65' lang='lat' dir='ltr'><strong>Quae</strong></span> <span class='ocrx_word' id='word_1_520' title='bbox 2034 2033 2211 2077; x_wconf 88' lang='lat' dir='ltr'><strong>autem</strong></span> <span class='ocrx_word' id='word_1_521' title='bbox 2255 2021 2453 2075; x_wconf 82' lang='lat' dir='ltr'><strong>iuerint</strong></span> <span class='ocrx_word' id='word_1_522' title='bbox 2482 2021 2928 2089; x_wconf 84' lang='lat' dir='ltr'><strong>promissiones,</strong></span> <span class='ocrx_word' id='word_1_523' title='bbox 2984 2019 3280 2072; x_wconf 86' lang='lat' dir='ltr'><strong>subditis</strong></span> <span class='ocrx_word' id='word_1_524' title='bbox 3315 2016 3585 2071; x_wconf 83' lang='lat' dir='ltr'><strong>declarat</strong></span> 
     </span>
    </p>
   </div>
   <div class='ocr_carea' id='block_1_67' title="bbox 1866 2105 3591 2181">
    <p class='ocr_par' dir='ltr' id='par_1_67' title="bbox 1866 2105 3591 2181">
     <span class='ocr_line' id='line_1_67' title="bbox 1866 2105 3591 2181; baseline -0.005 -14"><span class='ocrx_word' id='word_1_525' title='bbox 1866 2113 2120 2181; x_wconf 80' lang='lat' dir='ltr'><strong>exemplis</strong></span> <span class='ocrx_word' id='word_1_526' title='bbox 2136 2112 2330 2180; x_wconf 89' lang='lat' dir='ltr'><strong>quibus</strong></span> <span class='ocrx_word' id='word_1_527' title='bbox 2348 2111 2507 2164; x_wconf 87' lang='lat' dir='ltr'><strong>dicit:</strong></span> <span class='ocrx_word' id='word_1_528' title='bbox 2538 2110 2656 2176; x_wconf 73' lang='lat'><strong>(25)</strong></span> <span class='ocrx_word' id='word_1_529' title='bbox 2681 2108 3013 2179; x_wconf 85' lang='lat' dir='ltr'><strong>Propterea</strong></span> <span class='ocrx_word' id='word_1_530' title='bbox 3035 2107 3392 2177; x_wconf 79' lang='lat' dir='ltr'><strong>conﬁtebor</strong></span> <span class='ocrx_word' id='word_1_531' title='bbox 3415 2106 3516 2159; x_wconf 85' lang='lat' dir='ltr'><strong>tibi</strong></span> <span class='ocrx_word' id='word_1_532' title='bbox 3534 2105 3591 2159; x_wconf 80' lang='lat' dir='ltr'><strong>in</strong></span> 
     </span>
    </p>
   </div>
   <div class='ocr_carea' id='block_1_68' title="bbox 1864 2198 3587 2270">
    <p class='ocr_par' dir='ltr' id='par_1_68' title="bbox 1864 2198 3587 2270">
     <span class='ocr_line' id='line_1_68' title="bbox 1864 2198 3587 2270; baseline -0.005 -16"><span class='ocrx_word' id='word_1_533' title='bbox 1864 2202 2119 2270; x_wconf 85' lang='lat' dir='ltr'><strong>gentibus,</strong></span> <span class='ocrx_word' id='word_1_534' title='bbox 2177 2208 2228 2254; x_wconf 90' lang='lat' dir='ltr'><strong>et</strong></span> <span class='ocrx_word' id='word_1_535' title='bbox 2277 2200 2481 2253; x_wconf 88' lang='lat' dir='ltr'><strong>nomini</strong></span> <span class='ocrx_word' id='word_1_536' title='bbox 2533 2210 2628 2252; x_wconf 85' lang='lat' dir='ltr'><strong>tuo</strong></span> <span class='ocrx_word' id='word_1_537' title='bbox 2679 2200 2961 2253; x_wconf 84' lang='lat' dir='ltr'><strong>cantabo.</strong></span> <span class='ocrx_word' id='word_1_538' title='bbox 3031 2198 3229 2264; x_wconf 85' lang='lat' dir='ltr'><strong>Quod</strong></span> <span class='ocrx_word' id='word_1_539' title='bbox 3287 2212 3366 2251; x_wconf 77' lang='lat' dir='ltr'><strong>ex</strong></span> <span class='ocrx_word' id='word_1_540' title='bbox 3405 2198 3587 2265; x_wconf 86' lang='lat' dir='ltr'><strong>septi-</strong></span> 
     </span>
    </p>
   </div>
   <div class='ocr_carea' id='block_1_69' title="bbox 1865 2289 3589 2360">
    <p class='ocr_par' dir='ltr' id='par_1_69' title="bbox 1865 2289 3589 2360">
     <span class='ocr_line' id='line_1_69' title="bbox 1865 2289 3589 2360; baseline -0.004 -15"><span class='ocrx_word' id='word_1_541' title='bbox 1865 2307 1952 2345; x_wconf 90' lang='lat' dir='ltr'><strong>mo</strong></span> <span class='ocrx_word' id='word_1_542' title='bbox 1981 2290 2090 2360; x_wconf 72' lang='grc'><strong>(24)</strong></span> <span class='ocrx_word' id='word_1_543' title='bbox 2131 2291 2342 2349; x_wconf 85' lang='lat' dir='ltr'><strong>decimo</strong></span> <span class='ocrx_word' id='word_1_544' title='bbox 2370 2289 2587 2359; x_wconf 90' lang='lat' dir='ltr'><strong>psalmo</strong></span> <span class='ocrx_word' id='word_1_545' title='bbox 2632 2290 2869 2342; x_wconf 87' lang='lat' dir='ltr'><strong>videtur</strong></span> <span class='ocrx_word' id='word_1_546' title='bbox 2925 2297 3382 2357; x_wconf 85' lang='lat' dir='ltr'><strong>assumptum,</strong></span> <span class='ocrx_word' id='word_1_547' title='bbox 3413 2299 3589 2354; x_wconf 80' lang='lat' dir='ltr'><strong>parva</strong></span> 
     </span>
    </p>
   </div>
   <div class='ocr_carea' id='block_1_70' title="bbox 1866 2376 3586 2443">
    <p class='ocr_par' dir='ltr' id='par_1_70' title="bbox 1866 2376 3586 2443">
     <span class='ocr_line' id='line_1_70' title="bbox 1866 2376 3586 2443; baseline -0.003 -9"><span class='ocrx_word' id='word_1_548' title='bbox 1866 2382 2238 2434; x_wconf 86' lang='lat' dir='ltr'><strong>immutatione</strong></span> <span class='ocrx_word' id='word_1_549' title='bbox 2257 2381 2470 2442; x_wconf 87' lang='lat' dir='ltr'><strong>habita,</strong></span> <span class='ocrx_word' id='word_1_550' title='bbox 2495 2395 2604 2433; x_wconf 92' lang='lat' dir='ltr'><strong>non</strong></span> <span class='ocrx_word' id='word_1_551' title='bbox 2631 2394 2869 2443; x_wconf 85' lang='lat' dir='ltr'><strong>sensus,</strong></span> <span class='ocrx_word' id='word_1_552' title='bbox 2907 2379 3028 2433; x_wconf 87' lang='lat' dir='ltr'><strong>sed</strong></span> <span class='ocrx_word' id='word_1_553' title='bbox 3066 2393 3472 2433; x_wconf 86' lang='lat' dir='ltr'><strong>sermonum.</strong></span> <span class='ocrx_word' id='word_1_554' title='bbox 3512 2376 3586 2429; x_wconf 92' lang='lat' dir='ltr'><strong>lbi</strong></span> 
     </span>
    </p>
   </div>
   <div class='ocr_carea' id='block_1_71' title="bbox 1865 2468 3591 2538">
    <p class='ocr_par' dir='ltr' id='par_1_71' title="bbox 1865 2468 3591 2538">
     <span class='ocr_line' id='line_1_71' title="bbox 1865 2468 3591 2538; baseline -0.003 -14"><span class='ocrx_word' id='word_1_555' title='bbox 1865 2471 2005 2525; x_wconf 92' lang='lat' dir='ltr'><strong>enim</strong></span> <span class='ocrx_word' id='word_1_556' title='bbox 2029 2471 2156 2524; x_wconf 90' lang='lat' dir='ltr'><strong>dicit</strong></span> <span class='ocrx_word' id='word_1_557' title='bbox 2176 2470 2445 2538; x_wconf 85' lang='lat' dir='ltr'><strong>Propheta</strong></span> <span class='ocrx_word' id='word_1_558' title='bbox 2472 2490 2485 2523; x_wconf 90' lang='lat'><strong>:</strong></span> <span class='ocrx_word' id='word_1_559' title='bbox 2509 2468 2821 2537; x_wconf 87' lang='lat' dir='ltr'><strong>Propterea</strong></span> <span class='ocrx_word' id='word_1_560' title='bbox 2849 2470 3211 2531; x_wconf 71' lang='lat' dir='ltr'><strong>confitebor</strong></span> <span class='ocrx_word' id='word_1_561' title='bbox 3239 2469 3351 2522; x_wconf 83' lang='lat' dir='ltr'><strong>tibi</strong></span> <span class='ocrx_word' id='word_1_562' title='bbox 3378 2470 3440 2521; x_wconf 89' lang='lat' dir='ltr'><strong>in</strong></span> <span class='ocrx_word' id='word_1_563' title='bbox 3461 2483 3591 2538; x_wconf 51' lang='lat' dir='ltr'><strong>gena</strong></span> 
     </span>
    </p>
   </div>
   <div class='ocr_carea' id='block_1_72' title="bbox 1866 2560 3587 2627">
    <p class='ocr_par' dir='ltr' id='par_1_72' title="bbox 1866 2560 3587 2627">
     <span class='ocr_line' id='line_1_72' title="bbox 1866 2560 3587 2627; baseline -0.002 -13"><span class='ocrx_word' id='word_1_564' title='bbox 1866 2562 2022 2619; x_wconf 88' lang='lat' dir='ltr'><strong>tibus.</strong></span> <span class='ocrx_word' id='word_1_565' title='bbox 2052 2560 2293 2623; x_wconf 87' lang='lat' dir='ltr'><strong>Domine,</strong></span> <span class='ocrx_word' id='word_1_566' title='bbox 2324 2569 2371 2612; x_wconf 91' lang='lat' dir='ltr'><strong>et</strong></span> <span class='ocrx_word' id='word_1_567' title='bbox 2398 2560 2631 2627; x_wconf 84' lang='lat' dir='ltr'><strong>psallam</strong></span> <span class='ocrx_word' id='word_1_568' title='bbox 2670 2562 2897 2613; x_wconf 84' lang='lat' dir='ltr'><strong>nomini</strong></span> <span class='ocrx_word' id='word_1_569' title='bbox 2932 2570 3049 2614; x_wconf 85' lang='lat' dir='ltr'><strong>tuo</strong></span> <span class='ocrx_word' id='word_1_570' title='bbox 3081 2564 3135 2615; x_wconf 80' lang='grc'><strong>¹.</strong></span> <span class='ocrx_word' id='word_1_571' title='bbox 3177 2562 3363 2627; x_wconf 82' lang='lat' dir='ltr'><strong>Quod</strong></span> <span class='ocrx_word' id='word_1_572' title='bbox 3392 2571 3587 2614; x_wconf 83' lang='lat' dir='ltr'><strong>autem</strong></span> 
     </span>
    </p>
   </div>
   <div class='ocr_carea' id='block_1_73' title="bbox 1865 2648 3586 2716">
    <p class='ocr_par' dir='ltr' id='par_1_73' title="bbox 1865 2648 3586 2716">
     <span class='ocr_line' id='line_1_73' title="bbox 1865 2648 3586 2716; baseline 0 -13"><span class='ocrx_word' id='word_1_573' title='bbox 1865 2651 1977 2703; x_wconf 84' lang='lat' dir='ltr'><strong>ait:</strong></span> <span class='ocrx_word' id='word_1_574' title='bbox 2010 2649 2308 2711; x_wconf 76' lang='lat' dir='ltr'><strong>Lwtamini,</strong></span> <span class='ocrx_word' id='word_1_575' title='bbox 2330 2661 2535 2716; x_wconf 87' lang='lat' dir='ltr'><strong>gentes,</strong></span> <span class='ocrx_word' id='word_1_576' title='bbox 2557 2665 2681 2701; x_wconf 89' lang='lat' dir='ltr'><strong>cum</strong></span> <span class='ocrx_word' id='word_1_577' title='bbox 2711 2648 2934 2716; x_wconf 84' lang='lat' dir='ltr'><strong>populo</strong></span> <span class='ocrx_word' id='word_1_578' title='bbox 2964 2649 3145 2716; x_wconf 85' lang='lat' dir='ltr'><strong>ejus,</strong></span> <span class='ocrx_word' id='word_1_579' title='bbox 3177 2650 3428 2704; x_wconf 82' lang='lat' dir='ltr'><strong>eisdem</strong></span> <span class='ocrx_word' id='word_1_580' title='bbox 3455 2664 3586 2703; x_wconf 75' lang='lat' dir='ltr'><strong>ver-</strong></span> 
     </span>
    </p>
   </div>
   <div class='ocr_carea' id='block_1_74' title="bbox 1867 2740 3587 2809">
    <p class='ocr_par' dir='ltr' id='par_1_74' title="bbox 1867 2740 3587 2809">
     <span class='ocr_line' id='line_1_74' title="bbox 1867 2740 3587 2809; baseline 0 -15"><span class='ocrx_word' id='word_1_581' title='bbox 1867 2742 1949 2794; x_wconf 88' lang='lat' dir='ltr'><strong>bis</strong></span> <span class='ocrx_word' id='word_1_582' title='bbox 1974 2742 2024 2793; x_wconf 90' lang='lat' dir='ltr'><strong>in</strong></span> <span class='ocrx_word' id='word_1_583' title='bbox 2056 2740 2459 2794; x_wconf 89' lang='lat' dir='ltr'><strong>Deuteronomii</strong></span> <span class='ocrx_word' id='word_1_584' title='bbox 2490 2742 2719 2794; x_wconf 89' lang='lat' dir='ltr'><strong>cantico</strong></span> <span class='ocrx_word' id='word_1_585' title='bbox 2741 2740 3063 2809; x_wconf 86' lang='lat' dir='ltr'><strong>scriptum</strong></span> <span class='ocrx_word' id='word_1_586' title='bbox 3094 2752 3198 2796; x_wconf 88' lang='lat' dir='ltr'><strong>est</strong></span> <span class='ocrx_word' id='word_1_587' title='bbox 3218 2743 3245 2774; x_wconf 84' lang='grc'>³</span> <span class='ocrx_word' id='word_1_588' title='bbox 3276 2761 3293 2795; x_wconf 93' lang='lat'><strong>:</strong></span> <span class='ocrx_word' id='word_1_589' title='bbox 3326 2741 3587 2794; x_wconf 76' lang='lat' dir='ltr'><strong>Laudare</strong></span> 
     </span>
    </p>
   </div>
   <div class='ocr_carea' id='block_1_75' title="bbox 1866 2830 3585 2904">
    <p class='ocr_par' dir='ltr' id='par_1_75' title="bbox 1866 2830 3585 2904">
     <span class='ocr_line' id='line_1_75' title="bbox 1866 2830 3585 2904; baseline 0.002 -21"><span class='ocrx_word' id='word_1_590' title='bbox 1866 2844 1994 2884; x_wconf 88' lang='lat' dir='ltr'><strong>vero</strong></span> <span class='ocrx_word' id='word_1_591' title='bbox 2046 2830 2358 2897; x_wconf 87' lang='lat' dir='ltr'><strong>Dominum,</strong></span> <span class='ocrx_word' id='word_1_592' title='bbox 2389 2846 2571 2884; x_wconf 88' lang='lat' dir='ltr'><strong>omnes</strong></span> <span class='ocrx_word' id='word_1_593' title='bbox 2613 2840 2835 2898; x_wconf 86' lang='lat' dir='ltr'><strong>gentes,</strong></span> <span class='ocrx_word' id='word_1_594' title='bbox 2872 2842 2931 2884; x_wconf 84' lang='lat' dir='ltr'><strong>et</strong></span> <span class='ocrx_word' id='word_1_595' title='bbox 2991 2835 3405 2904; x_wconf 81' lang='lat' dir='ltr'><strong>magniﬁcate</strong></span> <span class='ocrx_word' id='word_1_596' title='bbox 3434 2851 3585 2900; x_wconf 78' lang='lat' dir='ltr'><strong>eum,</strong></span> 
     </span>
    </p>
   </div>
   <div class='ocr_carea' id='block_1_76' title="bbox 1870 2919 3585 2994">
    <p class='ocr_par' dir='ltr' id='par_1_76' title="bbox 1870 2919 3585 2994">
     <span class='ocr_line' id='line_1_76' title="bbox 1870 2919 3585 2994; baseline 0.004 -24"><span class='ocrx_word' id='word_1_597' title='bbox 1870 2934 2042 2972; x_wconf 89' lang='lat' dir='ltr'><strong>omnes</strong></span> <span class='ocrx_word' id='word_1_598' title='bbox 2067 2919 2267 2987; x_wconf 87' lang='lat' dir='ltr'><strong>populi,</strong></span> <span class='ocrx_word' id='word_1_599' title='bbox 2288 2920 2340 2972; x_wconf 89' lang='lat' dir='ltr'><strong>in</strong></span> <span class='ocrx_word' id='word_1_600' title='bbox 2373 2920 2683 2974; x_wconf 90' lang='lat' dir='ltr'><strong>centesimo</strong></span> <span class='ocrx_word' id='word_1_601' title='bbox 2717 2931 2895 2975; x_wconf 83' lang='lat' dir='ltr'><strong>sexto</strong></span> <span class='ocrx_word' id='word_1_602' title='bbox 2929 2924 3197 2980; x_wconf 85' lang='lat' dir='ltr'><strong>decimo</strong></span> <span class='ocrx_word' id='word_1_603' title='bbox 3235 2925 3481 2994; x_wconf 86' lang='lat' dir='ltr'><strong>psalmo</strong></span> <span class='ocrx_word' id='word_1_604' title='bbox 3503 2924 3585 2977; x_wconf 89' lang='lat' dir='ltr'><strong>le-</strong></span> 
     </span>
    </p>
   </div>
   <div class='ocr_carea' id='block_1_77' title="bbox 1868 3010 3580 3084">
    <p class='ocr_par' dir='ltr' id='par_1_77' title="bbox 1868 3010 3580 3084">
     <span class='ocr_line' id='line_1_77' title="bbox 1868 3010 3580 3084; baseline 0.005 -22"><span class='ocrx_word' id='word_1_605' title='bbox 1868 3011 2047 3078; x_wconf 88' lang='lat' dir='ltr'><strong>gitur;</strong></span> <span class='ocrx_word' id='word_1_606' title='bbox 2080 3018 2288 3062; x_wconf 81' lang='lat' dir='ltr'><strong>tantum</strong></span> <span class='ocrx_word' id='word_1_607' title='bbox 2313 3018 2397 3064; x_wconf 85' lang='lat' dir='ltr'><strong>est</strong></span> <span class='ocrx_word' id='word_1_608' title='bbox 2430 3011 2575 3077; x_wconf 75' lang='lat' dir='ltr'><strong>quod</strong></span> <span class='ocrx_word' id='word_1_609' title='bbox 2611 3010 2687 3064; x_wconf 91' lang='lat' dir='ltr'><strong>ibi</strong></span> <span class='ocrx_word' id='word_1_610' title='bbox 2728 3027 2839 3079; x_wconf 91' lang='lat' dir='ltr'><strong>pro</strong></span> <span class='ocrx_word' id='word_1_611' title='bbox 2880 3017 3329 3084; x_wconf 80' lang='lat' dir='ltr'><strong>magniﬁcate,</strong></span> <span class='ocrx_word' id='word_1_612' title='bbox 3357 3019 3580 3071; x_wconf 75' lang='lat' dir='ltr'><strong>collau-</strong></span> 
     </span>
    </p>
   </div>
   <div class='ocr_carea' id='block_1_78' title="bbox 1872 3100 3585 3179">
    <p class='ocr_par' dir='ltr' id='par_1_78' title="bbox 1872 3100 3585 3179">
     <span class='ocr_line' id='line_1_78' title="bbox 1872 3100 3585 3179; baseline 0.008 -27"><span class='ocrx_word' id='word_1_613' title='bbox 1872 3102 1992 3154; x_wconf 89' lang='lat' dir='ltr'><strong>date</strong></span> <span class='ocrx_word' id='word_1_614' title='bbox 2038 3101 2270 3169; x_wconf 89' lang='lat' dir='ltr'><strong>positum</strong></span> <span class='ocrx_word' id='word_1_615' title='bbox 2316 3110 2418 3155; x_wconf 90' lang='lat' dir='ltr'><strong>est.</strong></span> <span class='ocrx_word' id='word_1_616' title='bbox 2469 3100 2743 3155; x_wconf 86' lang='lat' dir='ltr'><strong>Ultimum</strong></span> <span class='ocrx_word' id='word_1_617' title='bbox 2806 3119 2965 3158; x_wconf 85' lang='lat' dir='ltr'><strong>vero</strong></span> <span class='ocrx_word' id='word_1_618' title='bbox 3033 3110 3409 3179; x_wconf 73' lang='lat' dir='ltr'><strong>exemplum</strong></span> <span class='ocrx_word' id='word_1_619' title='bbox 3465 3111 3585 3179; x_wconf 84' lang='lat' dir='ltr'><strong>ipse</strong></span> 
     </span>
    </p>
   </div>
   <div class='ocr_carea' id='block_1_79' title="bbox 1871 3193 3586 3272">
    <p class='ocr_par' dir='ltr' id='par_1_79' title="bbox 1871 3193 3586 3272">
     <span class='ocr_line' id='line_1_79' title="bbox 1871 3193 3586 3272; baseline 0.004 -24"><span class='ocrx_word' id='word_1_620' title='bbox 1871 3193 2064 3248; x_wconf 87' lang='lat' dir='ltr'><strong>Paulus</strong></span> <span class='ocrx_word' id='word_1_621' title='bbox 2092 3195 2156 3248; x_wconf 90' lang='lat' dir='ltr'><strong>de</strong></span> <span class='ocrx_word' id='word_1_622' title='bbox 2186 3194 2323 3248; x_wconf 88' lang='lat' dir='ltr'><strong>Isaia</strong></span> <span class='ocrx_word' id='word_1_623' title='bbox 2357 3194 2494 3249; x_wconf 90' lang='lat' dir='ltr'><strong>dicit</strong></span> <span class='ocrx_word' id='word_1_624' title='bbox 2516 3209 2645 3249; x_wconf 90' lang='lat' dir='ltr'><strong>esse</strong></span> <span class='ocrx_word' id='word_1_625' title='bbox 2674 3208 3104 3266; x_wconf 86' lang='lat' dir='ltr'><strong>assumptum,</strong></span> <span class='ocrx_word' id='word_1_626' title='bbox 3146 3201 3212 3255; x_wconf 93' lang='lat' dir='ltr'><strong>in</strong></span> <span class='ocrx_word' id='word_1_627' title='bbox 3246 3203 3431 3272; x_wconf 84' lang='lat' dir='ltr'><strong>cujus</strong></span> <span class='ocrx_word' id='word_1_628' title='bbox 3459 3218 3586 3259; x_wconf 84' lang='lat' dir='ltr'><strong>cor-</strong></span> 
     </span>
    </p>
   </div>
   <div class='ocr_carea' id='block_1_80' title="bbox 1870 3280 3589 3355">
    <p class='ocr_par' dir='ltr' id='par_1_80' title="bbox 1870 3280 3589 3355">
     <span class='ocr_line' id='line_1_80' title="bbox 1870 3280 3589 3355; baseline 0.006 -18"><span class='ocrx_word' id='word_1_629' title='bbox 1870 3298 1998 3354; x_wconf 92' lang='lat' dir='ltr'><strong>pore</strong></span> <span class='ocrx_word' id='word_1_630' title='bbox 2028 3284 2102 3337; x_wconf 89' lang='lat' dir='ltr'><strong>ita</strong></span> <span class='ocrx_word' id='word_1_631' title='bbox 2132 3285 2391 3352; x_wconf 86' lang='lat' dir='ltr'><strong>scriptum</strong></span> <span class='ocrx_word' id='word_1_632' title='bbox 2420 3292 2505 3338; x_wconf 91' lang='lat' dir='ltr'><strong>est</strong></span> <span class='ocrx_word' id='word_1_633' title='bbox 2538 3280 2656 3355; x_wconf 72' lang='lat'><strong>(25)</strong></span> <span class='ocrx_word' id='word_1_634' title='bbox 2684 3303 2698 3339; x_wconf 92' lang='lat'><strong>:</strong></span> <span class='ocrx_word' id='word_1_635' title='bbox 2735 3284 2810 3338; x_wconf 87' lang='lat' dir='ltr'><strong>Et</strong></span> <span class='ocrx_word' id='word_1_636' title='bbox 2853 3288 2975 3340; x_wconf 90' lang='lat' dir='ltr'><strong>erit</strong></span> <span class='ocrx_word' id='word_1_637' title='bbox 3024 3290 3096 3343; x_wconf 85' lang='lat' dir='ltr'><strong>in</strong></span> <span class='ocrx_word' id='word_1_638' title='bbox 3131 3292 3239 3345; x_wconf 86' lang='lat' dir='ltr'><strong>die</strong></span> <span class='ocrx_word' id='word_1_639' title='bbox 3270 3293 3383 3346; x_wconf 80' lang='lat' dir='ltr'><strong>illa</strong></span> <span class='ocrx_word' id='word_1_640' title='bbox 3420 3294 3589 3348; x_wconf 69' lang='lat' dir='ltr'><strong>radix</strong></span> 
     </span>
    </p>
   </div>
   <div class='ocr_carea' id='block_1_81' title="bbox 1872 3374 3584 3452">
    <p class='ocr_par' dir='ltr' id='par_1_81' title="bbox 1872 3374 3584 3452">
     <span class='ocr_line' id='line_1_81' title="bbox 1872 3374 3584 3452; baseline 0.005 -25"><span class='ocrx_word' id='word_1_641' title='bbox 1872 3374 2016 3427; x_wconf 78' lang='lat' dir='ltr'><strong>Iesse</strong></span> <span class='ocrx_word' id='word_1_642' title='bbox 2035 3390 2054 3437; x_wconf 88' lang='lat'><strong><em>;</em></strong></span> <span class='ocrx_word' id='word_1_643' title='bbox 2075 3383 2120 3427; x_wconf 81' lang='lat' dir='ltr'><strong>et</strong></span> <span class='ocrx_word' id='word_1_644' title='bbox 2143 3375 2235 3443; x_wconf 88' lang='lat' dir='ltr'><strong>qui</strong></span> <span class='ocrx_word' id='word_1_645' title='bbox 2264 3385 2506 3443; x_wconf 69' lang='lat' dir='ltr'><strong>exsurget</strong></span> <span class='ocrx_word' id='word_1_646' title='bbox 2535 3393 2724 3444; x_wconf 82' lang='lat' dir='ltr'><strong>regere</strong></span> <span class='ocrx_word' id='word_1_647' title='bbox 2750 3389 2984 3445; x_wconf 81' lang='lat' dir='ltr'><strong>gentes,</strong></span> <span class='ocrx_word' id='word_1_648' title='bbox 3021 3381 3094 3433; x_wconf 86' lang='lat' dir='ltr'><strong>in</strong></span> <span class='ocrx_word' id='word_1_649' title='bbox 3130 3397 3205 3436; x_wconf 89' lang='lat' dir='ltr'><strong>eo</strong></span> <span class='ocrx_word' id='word_1_650' title='bbox 3234 3395 3442 3452; x_wconf 87' lang='lat' dir='ltr'><strong>gentes</strong></span> <span class='ocrx_word' id='word_1_651' title='bbox 3466 3400 3584 3452; x_wconf 86' lang='lat' dir='ltr'><strong>spe-</strong></span> 
     </span>
    </p>
   </div>
   <div class='ocr_carea' id='block_1_82' title="bbox 1869 3460 3582 3533">
    <p class='ocr_par' dir='ltr' id='par_1_82' title="bbox 1869 3460 3582 3533">
     <span class='ocr_line' id='line_1_82' title="bbox 1869 3460 3582 3533; baseline 0.007 -20"><span class='ocrx_word' id='word_1_652' title='bbox 1869 3465 2079 3516; x_wconf 87' lang='lat' dir='ltr'><strong>rabunt.</strong></span> <span class='ocrx_word' id='word_1_653' title='bbox 2110 3460 2179 3514; x_wconf 86' lang='lat' dir='ltr'><strong>Et</strong></span> <span class='ocrx_word' id='word_1_654' title='bbox 2204 3463 2303 3516; x_wconf 87' lang='lat' dir='ltr'><strong>erit</strong></span> <span class='ocrx_word' id='word_1_655' title='bbox 2336 3466 2540 3530; x_wconf 85' lang='lat' dir='ltr'><strong>requies</strong></span> <span class='ocrx_word' id='word_1_656' title='bbox 2578 3465 2697 3533; x_wconf 87' lang='lat' dir='ltr'><strong>ejus</strong></span> <span class='ocrx_word' id='word_1_657' title='bbox 2733 3466 2931 3520; x_wconf 80' lang='lat' dir='ltr'><strong>honor</strong></span> <span class='ocrx_word' id='word_1_658' title='bbox 2960 3469 3013 3523; x_wconf 72' lang='grc'><strong>⁶.</strong></span> <span class='ocrx_word' id='word_1_659' title='bbox 3064 3470 3351 3528; x_wconf 84' lang='lat' dir='ltr'><strong>Omissis</strong></span> <span class='ocrx_word' id='word_1_660' title='bbox 3385 3484 3582 3528; x_wconf 77' lang='lat' dir='ltr'><strong>autem</strong></span> 
     </span>
    </p>
   </div>
   <div class='ocr_carea' id='block_1_83' title="bbox 1870 3552 3583 3630">
    <p class='ocr_par' dir='ltr' id='par_1_83' title="bbox 1870 3552 3583 3630">
     <span class='ocr_line' id='line_1_83' title="bbox 1870 3552 3583 3630; baseline 0.009 -27"><span class='ocrx_word' id='word_1_661' title='bbox 1870 3552 1921 3604; x_wconf 92' lang='lat' dir='ltr'><strong>in</strong></span> <span class='ocrx_word' id='word_1_662' title='bbox 1950 3553 2120 3619; x_wconf 89' lang='lat' dir='ltr'><strong>primo</strong></span> <span class='ocrx_word' id='word_1_663' title='bbox 2147 3553 2361 3621; x_wconf 89' lang='lat' dir='ltr'><strong>quidem</strong></span> <span class='ocrx_word' id='word_1_664' title='bbox 2390 3554 2607 3608; x_wconf 89' lang='lat' dir='ltr'><strong>duobus</strong></span> <span class='ocrx_word' id='word_1_665' title='bbox 2636 3559 3068 3625; x_wconf 82' lang='lat' dir='ltr'><strong>sermonibus,</strong></span> <span class='ocrx_word' id='word_1_666' title='bbox 3121 3565 3189 3618; x_wconf 88' lang='lat' dir='ltr'><strong>id</strong></span> <span class='ocrx_word' id='word_1_667' title='bbox 3225 3576 3364 3630; x_wconf 92' lang='lat' dir='ltr'><strong>est,</strong></span> <span class='ocrx_word' id='word_1_668' title='bbox 3404 3568 3466 3620; x_wconf 86' lang='lat' dir='ltr'><strong>in</strong></span> <span class='ocrx_word' id='word_1_669' title='bbox 3495 3568 3583 3619; x_wconf 66' lang='lat' dir='ltr'><strong>die</strong></span> 
     </span>
    </p>
   </div>
   <div class='ocr_carea' id='block_1_84' title="bbox 1846 3641 3579 3721">
    <p class='ocr_par' dir='ltr' id='par_1_84' title="bbox 1846 3641 3579 3721">
     <span class='ocr_line' id='line_1_84' title="bbox 1846 3641 3579 3721; baseline 0.012 -29"><span class='ocrx_word' id='word_1_670' title='bbox 1846 3641 1998 3705; x_wconf 83' lang='lat' dir='ltr'><strong>illa;</strong></span> <span class='ocrx_word' id='word_1_671' title='bbox 2025 3648 2079 3694; x_wconf 88' lang='lat' dir='ltr'><strong>et</strong></span> <span class='ocrx_word' id='word_1_672' title='bbox 2104 3644 2160 3694; x_wconf 88' lang='lat' dir='ltr'><strong>in</strong></span> <span class='ocrx_word' id='word_1_673' title='bbox 2185 3642 2408 3708; x_wconf 87' lang='lat' dir='ltr'><strong>ultimis,</strong></span> <span class='ocrx_word' id='word_1_674' title='bbox 2436 3653 2484 3696; x_wconf 88' lang='lat' dir='ltr'><strong>et</strong></span> <span class='ocrx_word' id='word_1_675' title='bbox 2515 3644 2620 3697; x_wconf 88' lang='lat' dir='ltr'><strong>erit</strong></span> <span class='ocrx_word' id='word_1_676' title='bbox 2645 3649 2870 3715; x_wconf 85' lang='lat' dir='ltr'><strong>requies</strong></span> <span class='ocrx_word' id='word_1_677' title='bbox 2907 3652 3051 3718; x_wconf 84' lang='lat' dir='ltr'><strong>ejus</strong></span> <span class='ocrx_word' id='word_1_678' title='bbox 3088 3655 3322 3721; x_wconf 84' lang='lat' dir='ltr'><strong>honor,</strong></span> <span class='ocrx_word' id='word_1_679' title='bbox 3369 3668 3579 3713; x_wconf 61' lang='lat' dir='ltr'><strong>cetera</strong></span> 
     </span>
    </p>
   </div>
   <div class='ocr_carea' id='block_1_85' title="bbox 1867 3730 3579 3817">
    <p class='ocr_par' dir='ltr' id='par_1_85' title="bbox 1867 3730 3579 3817">
     <span class='ocr_line' id='line_1_85' title="bbox 1867 3730 3579 3817; baseline 0.011 -34"><span class='ocrx_word' id='word_1_680' title='bbox 1867 3730 2068 3784; x_wconf 88' lang='lat' dir='ltr'><strong>eisdem</strong></span> <span class='ocrx_word' id='word_1_681' title='bbox 2089 3731 2271 3785; x_wconf 84' lang='lat' dir='ltr'><strong>verbis</strong></span> <span class='ocrx_word' id='word_1_682' title='bbox 2299 3733 2482 3799; x_wconf 88' lang='lat' dir='ltr'><strong>posuit</strong></span> <span class='ocrx_word' id='word_1_683' title='bbox 2507 3736 2714 3801; x_wconf 84' lang='lat' dir='ltr'><strong>quibus</strong></span> <span class='ocrx_word' id='word_1_684' title='bbox 2740 3738 3164 3810; x_wconf 80' lang='lat' dir='ltr'><strong>Septuaginta</strong></span> <span class='ocrx_word' id='word_1_685' title='bbox 3208 3746 3579 3817; x_wconf 85' lang='lat' dir='ltr'><strong>lnterpretes</strong></span> 
     </span>
    </p>
   </div>
   <div class='ocr_carea' id='block_1_86' title="bbox 1869 3820 3578 3901">
    <p class='ocr_par' dir='ltr' id='par_1_86' title="bbox 1869 3820 3578 3901">
     <span class='ocr_line' id='line_1_86' title="bbox 1869 3820 3578 3901; baseline 0.011 -26"><span class='ocrx_word' id='word_1_686' title='bbox 1869 3820 2167 3875; x_wconf 86' lang='lat' dir='ltr'><strong>ediderunt.</strong></span> <span class='ocrx_word' id='word_1_687' title='bbox 2220 3821 2376 3876; x_wconf 84' lang='lat' dir='ltr'><strong>Unde</strong></span> <span class='ocrx_word' id='word_1_688' title='bbox 2424 3824 2713 3878; x_wconf 88' lang='lat' dir='ltr'><strong>sciendum</strong></span> <span class='ocrx_word' id='word_1_689' title='bbox 2772 3839 2869 3883; x_wconf 87' lang='lat' dir='ltr'><strong>est</strong></span> <span class='ocrx_word' id='word_1_690' title='bbox 2925 3835 3102 3901; x_wconf 90' lang='lat' dir='ltr'><strong>quod</strong></span> <span class='ocrx_word' id='word_1_691' title='bbox 3179 3838 3245 3892; x_wconf 89' lang='lat' dir='ltr'><strong>in</strong></span> <span class='ocrx_word' id='word_1_692' title='bbox 3295 3838 3578 3895; x_wconf 86' lang='lat' dir='ltr'><strong>omnibus</strong></span> 
     </span>
    </p>
   </div>
   <div class='ocr_carea' id='block_1_87' title="bbox 1868 3911 3574 3994">
    <p class='ocr_par' dir='ltr' id='par_1_87' title="bbox 1868 3911 3574 3994">
     <span class='ocr_line' id='line_1_87' title="bbox 1868 3911 3574 3994; baseline 0.011 -32"><span class='ocrx_word' id='word_1_693' title='bbox 1868 3923 2003 3978; x_wconf 92' lang='lat' dir='ltr'><strong>pene</strong></span> <span class='ocrx_word' id='word_1_694' title='bbox 2031 3911 2315 3979; x_wconf 84' lang='lat' dir='ltr'><strong>Apostolus</strong></span> <span class='ocrx_word' id='word_1_695' title='bbox 2340 3913 2633 3967; x_wconf 87' lang='lat' dir='ltr'><strong>editionem</strong></span> <span class='ocrx_word' id='word_1_696' title='bbox 2687 3916 3112 3989; x_wconf 77' lang='lat' dir='ltr'><strong>Septuaginta</strong></span> <span class='ocrx_word' id='word_1_697' title='bbox 3165 3926 3574 3994; x_wconf 83' lang='lat' dir='ltr'><strong>lnterpretum</strong></span> 
     </span>
    </p>
   </div>
   <div class='ocr_carea' id='block_1_88' title="bbox 1870 4000 3572 4083">
    <p class='ocr_par' dir='ltr' id='par_1_88' title="bbox 1870 4000 3572 4083">
     <span class='ocr_line' id='line_1_88' title="bbox 1870 4000 3572 4083; baseline 0.013 -30"><span class='ocrx_word' id='word_1_698' title='bbox 1870 4009 2033 4066; x_wconf 84' lang='lat' dir='ltr'><strong>tenet,</strong></span> <span class='ocrx_word' id='word_1_699' title='bbox 2053 4002 2152 4056; x_wconf 87' lang='lat' dir='ltr'><strong>nisi</strong></span> <span class='ocrx_word' id='word_1_700' title='bbox 2179 4002 2221 4056; x_wconf 92' lang='lat' dir='ltr'><strong>si</strong></span> <span class='ocrx_word' id='word_1_701' title='bbox 2249 4016 2351 4070; x_wconf 92' lang='lat' dir='ltr'><strong>qua</strong></span> <span class='ocrx_word' id='word_1_702' title='bbox 2378 4002 2520 4058; x_wconf 84' lang='lat' dir='ltr'><strong>forte</strong></span> <span class='ocrx_word' id='word_1_703' title='bbox 2538 4006 2589 4059; x_wconf 91' lang='lat' dir='ltr'><strong>ei</strong></span> <span class='ocrx_word' id='word_1_704' title='bbox 2617 4000 2792 4074; x_wconf 86' lang='lat' dir='ltr'><strong>quam</strong></span> <span class='ocrx_word' id='word_1_705' title='bbox 2832 4017 3227 4083; x_wconf 84' lang='lat' dir='ltr'><strong>exsequitur</strong></span> <span class='ocrx_word' id='word_1_706' title='bbox 3254 4021 3572 4077; x_wconf 77' lang='lat' dir='ltr'><strong>assertionl</strong></span> 
     </span>
    </p>
   </div>
   <div class='ocr_carea' id='block_1_89' title="bbox 1870 4092 3572 4178">
    <p class='ocr_par' dir='ltr' id='par_1_89' title="bbox 1870 4092 3572 4178">
     <span class='ocr_line' id='line_1_89' title="bbox 1870 4092 3572 4178; baseline 0.014 -36"><span class='ocrx_word' id='word_1_707' title='bbox 1870 4092 2045 4144; x_wconf 90' lang='lat' dir='ltr'><strong>minus</strong></span> <span class='ocrx_word' id='word_1_708' title='bbox 2072 4094 2375 4145; x_wconf 85' lang='lat' dir='ltr'><strong>necessaria</strong></span> <span class='ocrx_word' id='word_1_709' title='bbox 2407 4094 2672 4149; x_wconf 86' lang='lat' dir='ltr'><strong>videntur</strong></span> <span class='ocrx_word' id='word_1_710' title='bbox 2699 4096 2854 4165; x_wconf 67' lang='lat'><strong>(26),</strong></span> <span class='ocrx_word' id='word_1_711' title='bbox 2910 4113 3026 4158; x_wconf 85' lang='lat' dir='ltr'><strong>aut</strong></span> <span class='ocrx_word' id='word_1_712' title='bbox 3075 4107 3128 4159; x_wconf 88' lang='lat' dir='ltr'><strong>si</strong></span> <span class='ocrx_word' id='word_1_713' title='bbox 3175 4112 3430 4178; x_wconf 80' lang='lat' dir='ltr'><strong>quando</strong></span> <span class='ocrx_word' id='word_1_714' title='bbox 3459 4127 3572 4164; x_wconf 84' lang='lat' dir='ltr'><strong>non</strong></span> 
     </span>
    </p>
   </div>
   <div class='ocr_carea' id='block_1_90' title="bbox 1872 4179 3571 4271">
    <p class='ocr_par' dir='ltr' id='par_1_90' title="bbox 1872 4179 3571 4271">
     <span class='ocr_line' id='line_1_90' title="bbox 1872 4179 3571 4271; baseline 0.015 -40"><span class='ocrx_word' id='word_1_715' title='bbox 1872 4190 1978 4233; x_wconf 88' lang='lat' dir='ltr'><strong>tam</strong></span> <span class='ocrx_word' id='word_1_716' title='bbox 2009 4181 2190 4234; x_wconf 82' lang='lat' dir='ltr'><strong>verbis</strong></span> <span class='ocrx_word' id='word_1_717' title='bbox 2224 4179 2612 4251; x_wconf 88' lang='lat' dir='ltr'><strong>lnterpretum,</strong></span> <span class='ocrx_word' id='word_1_718' title='bbox 2655 4201 2835 4252; x_wconf 79' lang='lat' dir='ltr'><strong>quam</strong></span> <span class='ocrx_word' id='word_1_719' title='bbox 2887 4194 3201 4251; x_wconf 88' lang='lat' dir='ltr'><strong>sensibus</strong></span> <span class='ocrx_word' id='word_1_720' title='bbox 3238 4198 3571 4271; x_wconf 74' lang='lat' dir='ltr'><strong>Scriptura:</strong></span> 
     </span>
    </p>
   </div>
   <div class='ocr_carea' id='block_1_91' title="bbox 2029 4289 3563 4366">
    <p class='ocr_par' dir='ltr' id='par_1_91' title="bbox 2029 4289 3563 4366">
     <span class='ocr_line' id='line_1_91' title="bbox 2029 4289 3563 4366; baseline 0.012 -22"><span class='ocrx_word' id='word_1_721' title='bbox 2029 4289 2075 4319; x_wconf 78' lang='grc'><strong>⁸³</strong></span> <span class='ocrx_word' id='word_1_722' title='bbox 2107 4289 2367 4346; x_wconf 69' lang='lat' dir='ltr'><strong>Gemuit</strong></span> <span class='ocrx_word' id='word_1_723' title='bbox 2390 4329 2407 4356; x_wconf 92' lang='lat'><strong>,</strong></span> <span class='ocrx_word' id='word_1_724' title='bbox 2462 4291 2552 4347; x_wconf 85' lang='grc'><strong>18.</strong></span> <span class='ocrx_word' id='word_1_725' title='bbox 2624 4294 2674 4327; x_wconf 74' lang='grc'><strong>⁸⁸</strong></span> <span class='ocrx_word' id='word_1_726' title='bbox 2704 4295 2884 4353; x_wconf 89' lang='lat' dir='ltr'><strong>Rom.</strong></span> <span class='ocrx_word' id='word_1_727' title='bbox 2919 4316 2965 4354; x_wconf 84' lang='lat' dir='ltr'><strong>ll</strong></span> <span class='ocrx_word' id='word_1_728' title='bbox 2991 4341 3011 4363; x_wconf 91' lang='lat'><strong>,</strong></span> <span class='ocrx_word' id='word_1_729' title='bbox 3072 4305 3191 4363; x_wconf 77' lang='lat'><strong>28.</strong></span> <span class='ocrx_word' id='word_1_730' title='bbox 3287 4309 3307 4339; x_wconf 78' lang='grc' dir='ltr'>ί</span> <span class='ocrx_word' id='word_1_731' title='bbox 3331 4308 3563 4366; x_wconf 86' lang='lat' dir='ltr'><strong>Coloss.</strong></span> 
     </span>
    </p>
   </div>
   <div class='ocr_carea' id='block_1_92' title="bbox 302 4455 3566 4560">
    <p class='ocr_par' dir='ltr' id='par_1_92' title="bbox 302 4455 3566 4560">
     <span class='ocr_line' id='line_1_92' title="bbox 302 4455 3566 4560; baseline 0.005 -35"><span class='ocrx_word' id='word_1_732' title='bbox 437 4462 1022 4560; x_wconf 39' lang='lat' dir='ltr'><strong>gﬁzytttl‘sjnpgtuefat.</strong></span> <span class='ocrx_word' id='word_1_733' title='bbox 1059 4460 1163 4517; x_wconf 82' lang='lat' dir='ltr'><strong>Sed</strong></span> <span class='ocrx_word' id='word_1_734' title='bbox 1190 4457 1372 4515; x_wconf 58' lang='lat' dir='ltr'><strong>cmlel‘i</strong></span> <span class='ocrx_word' id='word_1_735' title='bbox 1402 4470 1553 4519; x_wconf 68' lang='grc' dir='ltr'><strong>ωεεη</strong></span> <span class='ocrx_word' id='word_1_736' title='bbox 1589 4455 1759 4510; x_wconf 71' lang='lat' dir='ltr'><strong>Raba-</strong></span> <span class='ocrx_word' id='word_1_737' title='bbox 1790 4462 1834 4516; x_wconf 89' lang='lat' dir='ltr'><strong>D</strong></span> <span class='ocrx_word' id='word_1_738' title='bbox 1865 4461 1962 4560; x_wconf 53' lang='lat' dir='ltr'><strong>teri</strong></span> <span class='ocrx_word' id='word_1_739' title='bbox 1996 4476 2124 4560; x_wconf 50' lang='lat' dir='ltr'><strong>vero</strong></span> <span class='ocrx_word' id='word_1_740' title='bbox 2150 4479 2297 4560; x_wconf 43' lang='lat' dir='ltr'><strong>mss...</strong></span> <span class='ocrx_word' id='word_1_741' title='bbox 2317 4476 2374 4520; x_wconf 92' lang='lat' dir='ltr'><strong>et</strong></span> <span class='ocrx_word' id='word_1_742' title='bbox 2401 4467 2561 4534; x_wconf 89' lang='lat' dir='ltr'><strong>editi,</strong></span> <span class='ocrx_word' id='word_1_743' title='bbox 2592 4479 2647 4524; x_wconf 93' lang='lat' dir='ltr'><strong>et</strong></span> <span class='ocrx_word' id='word_1_744' title='bbox 2679 4472 3148 4538; x_wconf 86' lang='lat' dir='ltr'><strong>circumcisione</strong></span> <span class='ocrx_word' id='word_1_745' title='bbox 3196 4490 3401 4544; x_wconf 86' lang='lat' dir='ltr'><strong>cordis</strong></span> <span class='ocrx_word' id='word_1_746' title='bbox 3441 4507 3566 4560; x_wconf 65' lang='lat' dir='ltr'><strong>qui:</strong></span> 
     </span>
    </p>
   </div>
   <div class='ocr_carea' id='block_1_93' title="bbox 236 4533 943 4595">
    <p class='ocr_par' dir='ltr' id='par_1_93' title="bbox 236 4533 943 4595">
     <span class='ocr_line' id='line_1_93' title="bbox 236 4533 943 4595; baseline 0 -12"><span class='ocrx_word' id='word_1_747' title='bbox 236 4545 334 4584; x_wconf 86' lang='lat' dir='ltr'><strong>nus</strong></span> <span class='ocrx_word' id='word_1_748' title='bbox 357 4542 410 4585; x_wconf 88' lang='lat' dir='ltr'><strong>et</strong></span> <span class='ocrx_word' id='word_1_749' title='bbox 436 4533 564 4586; x_wconf 85' lang='lat' dir='ltr'><strong>editi</strong></span> <span class='ocrx_word' id='word_1_750' title='bbox 589 4538 943 4595; x_wconf 78' lang='lat' dir='ltr'><strong>proposuerat.</strong></span> 
     </span>
    </p>
   </div>
   <div class='ocr_carea' id='block_1_94' title="bbox 332 4595 1547 4666">
    <p class='ocr_par' dir='ltr' id='par_1_94' title="bbox 332 4595 1547 4666">
     <span class='ocr_line' id='line_1_94' title="bbox 332 4595 1547 4666; baseline -0.005 -11"><span class='ocrx_word' id='word_1_751' title='bbox 332 4601 416 4665; x_wconf 82' lang='grc'><strong>16)</strong></span> <span class='ocrx_word' id='word_1_752' title='bbox 450 4601 609 4664; x_wconf 85' lang='lat' dir='ltr'><strong>Editi,</strong></span> <span class='ocrx_word' id='word_1_753' title='bbox 644 4599 793 4666; x_wconf 86' lang='lat' dir='ltr'><strong>Nihil</strong></span> <span class='ocrx_word' id='word_1_754' title='bbox 816 4600 949 4654; x_wconf 86' lang='lat' dir='ltr'><strong>enim</strong></span> <span class='ocrx_word' id='word_1_755' title='bbox 974 4598 1038 4652; x_wconf 86' lang='lat' dir='ltr'><strong>de</strong></span> <span class='ocrx_word' id='word_1_756' title='bbox 1062 4595 1547 4666; x_wconf 16' lang='lat' dir='ltr'><strong>immunditia,‘etc.</strong></span> 
     </span>
    </p>
   </div>
   <div class='ocr_carea' id='block_1_95' title="bbox 328 4661 1756 4738">
    <p class='ocr_par' dir='ltr' id='par_1_95' title="bbox 328 4661 1756 4738">
     <span class='ocr_line' id='line_1_95' title="bbox 328 4661 1756 4738; baseline -0.006 -16"><span class='ocrx_word' id='word_1_757' title='bbox 328 4661 412 4737; x_wconf 86' lang='grc'>17)</span> <span class='ocrx_word' id='word_1_758' title='bbox 437 4670 559 4724; x_wconf 82' lang='lat' dir='ltr'><strong>Mss.</strong></span> <span class='ocrx_word' id='word_1_759' title='bbox 582 4661 838 4738; x_wconf 74' lang='lat' dir='ltr'><strong>plerique,</strong></span> <span class='ocrx_word' id='word_1_760' title='bbox 864 4666 1110 4738; x_wconf 76' lang='lat' dir='ltr'><strong>Rabanus</strong></span> <span class='ocrx_word' id='word_1_761' title='bbox 1131 4677 1184 4738; x_wconf 85' lang='lat' dir='ltr'><strong>et</strong></span> <span class='ocrx_word' id='word_1_762' title='bbox 1211 4665 1358 4738; x_wconf 82' lang='lat' dir='ltr'><strong>editi,</strong></span> <span class='ocrx_word' id='word_1_763' title='bbox 1375 4663 1458 4716; x_wconf 86' lang='lat' dir='ltr'><strong>hic</strong></span> <span class='ocrx_word' id='word_1_764' title='bbox 1481 4661 1614 4738; x_wconf 65' lang='lat' dir='ltr'><strong>dixit</strong></span> <span class='ocrx_word' id='word_1_765' title='bbox 1638 4661 1756 4738; x_wconf 81' lang='lat' dir='ltr'><strong>(aL,</strong></span> 
     </span>
    </p>
   </div>
   <div class='ocr_carea' id='block_1_96' title="bbox 235 4730 1760 4807">
    <p class='ocr_par' dir='ltr' id='par_1_96' title="bbox 235 4730 1760 4807">
     <span class='ocr_line' id='line_1_96' title="bbox 235 4730 1760 4807; baseline -0.003 -17"><span class='ocrx_word' id='word_1_766' title='bbox 235 4730 546 4807; x_wconf 54' lang='lat' dir='ltr'><strong>dicitiquia</strong></span> <span class='ocrx_word' id='word_1_767' title='bbox 582 4730 859 4799; x_wconf 70' lang='lat' dir='ltr'><strong>Christus,</strong></span> <span class='ocrx_word' id='word_1_768' title='bbox 898 4744 1005 4789; x_wconf 82' lang='lat' dir='ltr'><strong>etc.</strong></span> <span class='ocrx_word' id='word_1_769' title='bbox 1053 4735 1158 4807; x_wconf 81' lang='lat' dir='ltr'><strong>Sed</strong></span> <span class='ocrx_word' id='word_1_770' title='bbox 1191 4735 1385 4807; x_wconf 75' lang='lat' dir='ltr'><strong>rectius</strong></span> <span class='ocrx_word' id='word_1_771' title='bbox 1430 4747 1529 4784; x_wconf 88' lang='lat' dir='ltr'><strong>ms.</strong></span> <span class='ocrx_word' id='word_1_772' title='bbox 1564 4730 1760 4807; x_wconf 66' lang='lat' dir='ltr'><strong>Regius</strong></span> 
     </span>
    </p>
   </div>
   <div class='ocr_carea' id='block_1_97' title="bbox 236 4801 1756 4864">
    <p class='ocr_par' dir='ltr' id='par_1_97' title="bbox 236 4801 1756 4864">
     <span class='ocr_line' id='line_1_97' title="bbox 236 4801 1756 4864; baseline -0.006 -5"><span class='ocrx_word' id='word_1_773' title='bbox 236 4801 379 4859; x_wconf 64' lang='lat' dir='ltr'><strong>num.</strong></span> <span class='ocrx_word' id='word_1_774' title='bbox 412 4801 548 4862; x_wconf 70' lang='lat'><strong>{6&#39;59</strong></span> <span class='ocrx_word' id='word_1_775' title='bbox 575 4816 632 4860; x_wconf 90' lang='lat' dir='ltr'><strong>ut</strong></span> <span class='ocrx_word' id='word_1_776' title='bbox 656 4807 707 4860; x_wconf 92' lang='lat' dir='ltr'><strong>in</strong></span> <span class='ocrx_word' id='word_1_777' title='bbox 739 4814 918 4860; x_wconf 90' lang='lat' dir='ltr'><strong>nostro</strong></span> <span class='ocrx_word' id='word_1_778' title='bbox 943 4814 1107 4859; x_wconf 84' lang='lat' dir='ltr'><strong>textu.</strong></span> <span class='ocrx_word' id='word_1_779' title='bbox 1138 4802 1335 4856; x_wconf 86' lang='lat' dir='ltr'><strong>Deinde</strong></span> <span class='ocrx_word' id='word_1_780' title='bbox 1366 4814 1492 4853; x_wconf 90' lang='lat' dir='ltr'><strong>mss.</strong></span> <span class='ocrx_word' id='word_1_781' title='bbox 1522 4801 1756 4864; x_wconf 87' lang='lat' dir='ltr'><strong>quidam,</strong></span> 
     </span>
    </p>
   </div>
   <div class='ocr_carea' id='block_1_98' title="bbox 236 4867 1757 4941">
    <p class='ocr_par' dir='ltr' id='par_1_98' title="bbox 236 4867 1757 4941">
     <span class='ocr_line' id='line_1_98' title="bbox 236 4867 1757 4941; baseline -0.005 -16"><span class='ocrx_word' id='word_1_782' title='bbox 236 4876 393 4928; x_wconf 85' lang='lat' dir='ltr'><strong>Addit</strong></span> <span class='ocrx_word' id='word_1_783' title='bbox 418 4886 464 4928; x_wconf 88' lang='lat' dir='ltr'><strong>et</strong></span> <span class='ocrx_word' id='word_1_784' title='bbox 496 4876 612 4941; x_wconf 90' lang='lat' dir='ltr'><strong>hoc,</strong></span> <span class='ocrx_word' id='word_1_785' title='bbox 638 4884 691 4937; x_wconf 83' lang='lat' dir='ltr'><strong>ut</strong></span> <span class='ocrx_word' id='word_1_786' title='bbox 722 4876 886 4927; x_wconf 89' lang='lat' dir='ltr'><strong>honor</strong></span> <span class='ocrx_word' id='word_1_787' title='bbox 920 4874 983 4925; x_wconf 88' lang='lat' dir='ltr'><strong>sit</strong></span> <span class='ocrx_word' id='word_1_788' title='bbox 1016 4872 1131 4935; x_wconf 89' lang='lat' dir='ltr'><strong>Dei,</strong></span> <span class='ocrx_word' id='word_1_789' title='bbox 1163 4880 1266 4926; x_wconf 90' lang='lat' dir='ltr'><strong>etc.</strong></span> <span class='ocrx_word' id='word_1_790' title='bbox 1303 4869 1407 4941; x_wconf 77' lang='lat' dir='ltr'><strong>sed</strong></span> <span class='ocrx_word' id='word_1_791' title='bbox 1443 4867 1757 4941; x_wconf 66' lang='lat' dir='ltr'><strong>melius_m_s.</strong></span> 
     </span>
    </p>
   </div>
   <div class='ocr_carea' id='block_1_99' title="bbox 236 4934 1760 5010">
    <p class='ocr_par' dir='ltr' id='par_1_99' title="bbox 236 4934 1760 5010">
     <span class='ocr_line' id='line_1_99' title="bbox 236 4934 1760 5010; baseline -0.004 -16"><span class='ocrx_word' id='word_1_792' title='bbox 236 4941 429 5010; x_wconf 78' lang='lat' dir='ltr'><strong>Regius</strong></span> <span class='ocrx_word' id='word_1_793' title='bbox 457 4934 609 4997; x_wconf 53' lang='lat' dir='ltr'><strong>num:</strong></span> <span class='ocrx_word' id='word_1_794' title='bbox 651 4934 785 4997; x_wconf 80' lang='grc'><strong>1659</strong></span> <span class='ocrx_word' id='word_1_795' title='bbox 827 4950 883 4996; x_wconf 86' lang='lat' dir='ltr'><strong>et</strong></span> <span class='ocrx_word' id='word_1_796' title='bbox 933 4934 1205 5010; x_wconf 84' lang='lat' dir='ltr'><strong>Rabanus</strong></span> <span class='ocrx_word' id='word_1_797' title='bbox 1235 4949 1292 4992; x_wconf 93' lang='lat' dir='ltr'><strong>ut</strong></span> <span class='ocrx_word' id='word_1_798' title='bbox 1335 4938 1388 4991; x_wconf 89' lang='lat' dir='ltr'><strong>in</strong></span> <span class='ocrx_word' id='word_1_799' title='bbox 1421 4945 1587 4991; x_wconf 79' lang='lat' dir='ltr'><strong>textu.</strong></span> <span class='ocrx_word' id='word_1_800' title='bbox 1615 4934 1760 4989; x_wconf 89' lang='lat' dir='ltr'><strong>Editi</strong></span> 
     </span>
    </p>
   </div>
   <div class='ocr_carea' id='block_1_100' title="bbox 240 5008 1433 5077">
    <p class='ocr_par' dir='ltr' id='par_1_100' title="bbox 240 5008 1433 5077">
     <span class='ocr_line' id='line_1_100' title="bbox 240 5008 1433 5077; baseline 0.001 -18"><span class='ocrx_word' id='word_1_801' title='bbox 240 5008 487 5063; x_wconf 85' lang='lat' dir='ltr'><strong>omittunt</strong></span> <span class='ocrx_word' id='word_1_802' title='bbox 516 5022 707 5073; x_wconf 91' lang='lat' dir='ltr'><strong>autem,</strong></span> <span class='ocrx_word' id='word_1_803' title='bbox 738 5012 832 5064; x_wconf 89' lang='lat' dir='ltr'><strong>sed</strong></span> <span class='ocrx_word' id='word_1_804' title='bbox 857 5010 1052 5064; x_wconf 89' lang='lat' dir='ltr'><strong>habent</strong></span> <span class='ocrx_word' id='word_1_805' title='bbox 1072 5008 1208 5077; x_wconf 84' lang='lat' dir='ltr'><strong>quod</strong></span> <span class='ocrx_word' id='word_1_806' title='bbox 1234 5015 1433 5077; x_wconf 86' lang='lat' dir='ltr'><strong>prout.</strong></span> 
     </span>
    </p>
   </div>
   <div class='ocr_carea' id='block_1_101' title="bbox 306 5074 1754 5147">
    <p class='ocr_par' dir='ltr' id='par_1_101' title="bbox 306 5074 1754 5147">
     <span class='ocr_line' id='line_1_101' title="bbox 306 5074 1754 5147; baseline -0.003 -17"><span class='ocrx_word' id='word_1_807' title='bbox 306 5077 414 5147; x_wconf 88' lang='grc'><strong>(18)</strong></span> <span class='ocrx_word' id='word_1_808' title='bbox 435 5078 618 5133; x_wconf 86' lang='lat' dir='ltr'><strong>Gentes</strong></span> <span class='ocrx_word' id='word_1_809' title='bbox 645 5087 816 5132; x_wconf 85' lang='lat' dir='ltr'><strong>autem</strong></span> <span class='ocrx_word' id='word_1_810' title='bbox 836 5095 926 5147; x_wconf 88' lang='lat' dir='ltr'><strong>pro</strong></span> <span class='ocrx_word' id='word_1_811' title='bbox 950 5074 1303 5147; x_wconf 80' lang='lat' dir='ltr'><strong>misericordia</strong></span> <span class='ocrx_word' id='word_1_812' title='bbox 1323 5074 1602 5147; x_wconf 72' lang='lat' dir='ltr'><strong>honorare,</strong></span> <span class='ocrx_word' id='word_1_813' title='bbox 1624 5080 1754 5147; x_wconf 89' lang='lat' dir='ltr'><strong>etc_.,</strong></span> 
     </span>
    </p>
   </div>
   <div class='ocr_carea' id='block_1_102' title="bbox 238 5142 1757 5215">
    <p class='ocr_par' dir='ltr' id='par_1_102' title="bbox 238 5142 1757 5215">
     <span class='ocr_line' id='line_1_102' title="bbox 238 5142 1757 5215; baseline 0.001 -22"><span class='ocrx_word' id='word_1_814' title='bbox 238 5142 405 5210; x_wconf 80' lang='lat' dir='ltr'><strong>usque</strong></span> <span class='ocrx_word' id='word_1_815' title='bbox 439 5148 503 5199; x_wconf 88' lang='lat' dir='ltr'><strong>ad</strong></span> <span class='ocrx_word' id='word_1_816' title='bbox 527 5184 543 5206; x_wconf 86' lang='lat'><strong>,</strong></span> <span class='ocrx_word' id='word_1_817' title='bbox 573 5148 627 5200; x_wconf 90' lang='lat' dir='ltr'><strong>in</strong></span> <span class='ocrx_word' id='word_1_818' title='bbox 662 5163 720 5199; x_wconf 88' lang='lat' dir='ltr'><strong>eo</strong></span> <span class='ocrx_word' id='word_1_819' title='bbox 762 5142 929 5215; x_wconf 80' lang='lat' dir='ltr'><strong>gentes</strong></span> <span class='ocrx_word' id='word_1_820' title='bbox 971 5146 1239 5214; x_wconf 85' lang='lat' dir='ltr'><strong>sperabunt</strong></span> <span class='ocrx_word' id='word_1_821' title='bbox 1261 5183 1281 5211; x_wconf 94' lang='lat'><strong>,_</strong></span> <span class='ocrx_word' id='word_1_822' title='bbox 1307 5142 1675 5196; x_wconf 90' lang='lat' dir='ltr'><strong>desiderantur</strong></span> <span class='ocrx_word' id='word_1_823' title='bbox 1706 5144 1757 5194; x_wconf 87' lang='lat' dir='ltr'><strong>in</strong></span> 
     </span>
    </p>
   </div>
   <div class='ocr_carea' id='block_1_103' title="bbox 239 5215 1760 5279">
    <p class='ocr_par' dir='ltr' id='par_1_103' title="bbox 239 5215 1760 5279">
     <span class='ocr_line' id='line_1_103' title="bbox 239 5215 1760 5279; baseline 0.002 -19"><span class='ocrx_word' id='word_1_824' title='bbox 239 5221 391 5279; x_wconf 82' lang='lat' dir='ltr'><strong>antea</strong></span> <span class='ocrx_word' id='word_1_825' title='bbox 420 5215 594 5279; x_wconf 89' lang='lat' dir='ltr'><strong>editis,</strong></span> <span class='ocrx_word' id='word_1_826' title='bbox 628 5224 680 5268; x_wconf 90' lang='lat' dir='ltr'><strong>et</strong></span> <span class='ocrx_word' id='word_1_827' title='bbox 710 5215 1059 5269; x_wconf 88' lang='lat' dir='ltr'><strong>restituuntur</strong></span> <span class='ocrx_word' id='word_1_828' title='bbox 1085 5229 1150 5268; x_wconf 80' lang='lat' dir='ltr'><strong>ex</strong></span> <span class='ocrx_word' id='word_1_829' title='bbox 1184 5228 1335 5275; x_wconf 87' lang='lat' dir='ltr'><strong>mss.,</strong></span> <span class='ocrx_word' id='word_1_830' title='bbox 1364 5226 1588 5279; x_wconf 87' lang='lat' dir='ltr'><strong>quorum</strong></span> <span class='ocrx_word' id='word_1_831' title='bbox 1623 5225 1760 5263; x_wconf 89' lang='lat' dir='ltr'><strong>unus</strong></span> 
     </span>
    </p>
   </div>
   <div class='ocr_carea' id='block_1_104' title="bbox 239 5276 938 5350">
    <p class='ocr_par' dir='ltr' id='par_1_104' title="bbox 239 5276 938 5350">
     <span class='ocr_line' id='line_1_104' title="bbox 239 5276 938 5350; baseline 0.011 -23"><span class='ocrx_word' id='word_1_832' title='bbox 239 5276 415 5350; x_wconf 76' lang='lat' dir='ltr'><strong>habet,</strong></span> <span class='ocrx_word' id='word_1_833' title='bbox 441 5282 495 5350; x_wconf 65' lang='lat' dir='ltr'><strong>in</strong></span> <span class='ocrx_word' id='word_1_834' title='bbox 514 5276 630 5350; x_wconf 83' lang='lat' dir='ltr'><strong>eum</strong></span> <span class='ocrx_word' id='word_1_835' title='bbox 655 5296 750 5350; x_wconf 88' lang='lat' dir='ltr'><strong>pro</strong></span> <span class='ocrx_word' id='word_1_836' title='bbox 779 5284 833 5334; x_wconf 90' lang='lat' dir='ltr'><strong>in</strong></span> <span class='ocrx_word' id='word_1_837' title='bbox 859 5298 938 5335; x_wconf 92' lang='lat' dir='ltr'><strong>eo.</strong></span> 
     </span>
    </p>
   </div>
   <div class='ocr_carea' id='block_1_105' title="bbox 308 5343 1701 5480">
    <p class='ocr_par' dir='ltr' id='par_1_105' title="bbox 308 5343 1701 5480">
     <span class='ocr_line' id='line_1_105' title="bbox 308 5343 1701 5480; baseline 0.001 -84"><span class='ocrx_word' id='word_1_838' title='bbox 308 5343 419 5480; x_wconf 41' lang='grc' dir='ltr'><strong>ξω)</strong></span> <span class='ocrx_word' id='word_1_839' title='bbox 449 5347 608 5410; x_wconf 85' lang='lat' dir='ltr'><strong>Editi,</strong></span> <span class='ocrx_word' id='word_1_840' title='bbox 630 5343 749 5417; x_wconf 68' lang='lat' dir='ltr'><strong>quia</strong></span> <span class='ocrx_word' id='word_1_841' title='bbox 777 5352 831 5402; x_wconf 87' lang='lat' dir='ltr'><strong>in</strong></span> <span class='ocrx_word' id='word_1_842' title='bbox 855 5349 1041 5403; x_wconf 88' lang='lat' dir='ltr'><strong>semine</strong></span> <span class='ocrx_word' id='word_1_843' title='bbox 1073 5361 1158 5402; x_wconf 91' lang='lat' dir='ltr'><strong>tuo</strong></span> <span class='ocrx_word' id='word_1_844' title='bbox 1189 5348 1569 5410; x_wconf 88' lang='lat' dir='ltr'><strong>benedicentur,</strong></span> <span class='ocrx_word' id='word_1_845' title='bbox 1600 5355 1701 5399; x_wconf 91' lang='lat' dir='ltr'><strong>etc.</strong></span> 
     </span>
     <span class='ocr_line' id='line_1_106' title="bbox 332 5412 1701 5479; baseline 0.001 -16"><span class='ocrx_word' id='word_1_846' title='bbox 332 5412 419 5479; x_wconf 74' lang='grc'><strong>20)</strong></span> <span class='ocrx_word' id='word_1_847' title='bbox 446 5413 713 5468; x_wconf 78' lang='lat' dir='ltr'><strong>Exstiterit</strong></span> <span class='ocrx_word' id='word_1_848' title='bbox 737 5432 757 5470; x_wconf 90' lang='lat'><strong><em>:</em></strong></span> <span class='ocrx_word' id='word_1_849' title='bbox 790 5418 892 5470; x_wconf 80' lang='lat' dir='ltr'><strong>sive</strong></span> <span class='ocrx_word' id='word_1_850' title='bbox 917 5419 1021 5469; x_wconf 90' lang='lat' dir='ltr'><strong>alio</strong></span> <span class='ocrx_word' id='word_1_851' title='bbox 1049 5418 1218 5479; x_wconf 90' lang='lat' dir='ltr'><strong>modo,</strong></span> <span class='ocrx_word' id='word_1_852' title='bbox 1241 5426 1296 5468; x_wconf 90' lang='lat' dir='ltr'><strong>ut</strong></span> <span class='ocrx_word' id='word_1_853' title='bbox 1320 5417 1459 5468; x_wconf 89' lang='lat' dir='ltr'><strong>illius</strong></span> <span class='ocrx_word' id='word_1_854' title='bbox 1489 5417 1701 5467; x_wconf 66' lang='lat' dir='ltr'><strong>circum:</strong></span> 
     </span>
    </p>
   </div>
   <div class='ocr_carea' id='block_1_106' title="bbox 274 5412 1758 5490">
    <p class='ocr_par' dir='ltr' id='par_1_106' title="bbox 274 5412 1758 5490">
     <span class='ocr_line' id='line_1_107' title="bbox 274 5412 1758 5490; baseline -0.003 -22"><span class='ocrx_word' id='word_1_855' title='bbox 274 5477 286 5489; x_wconf 48' lang='grc'><em>,</em></span> <span class='ocrx_word' id='word_1_856' title='bbox 310 5412 713 5490; x_wconf 56' lang='grc' dir='ltr'><strong>(Ξρλζξπςιὶιένίι</strong></span> <span class='ocrx_word' id='word_1_857' title='bbox 737 5432 757 5490; x_wconf 67' lang='grc' dir='ltr'><strong>ς</strong></span> <span class='ocrx_word' id='word_1_858' title='bbox 790 5418 892 5490; x_wconf 79' lang='lat' dir='ltr'><strong>sive</strong></span> <span class='ocrx_word' id='word_1_859' title='bbox 917 5419 1021 5490; x_wconf 61' lang='lat' dir='ltr'><strong>alio</strong></span> <span class='ocrx_word' id='word_1_860' title='bbox 1049 5418 1218 5479; x_wconf 90' lang='lat' dir='ltr'><strong>modo,</strong></span> <span class='ocrx_word' id='word_1_861' title='bbox 1241 5426 1296 5468; x_wconf 89' lang='lat' dir='ltr'><strong>ut</strong></span> <span class='ocrx_word' id='word_1_862' title='bbox 1320 5417 1459 5490; x_wconf 77' lang='lat' dir='ltr'><strong>illius</strong></span> <span class='ocrx_word' id='word_1_863' title='bbox 1489 5412 1758 5490; x_wconf 53' lang='lat' dir='ltr'><strong>circumsil-</strong></span> 
     </span>
    </p>
   </div>
   <div class='ocr_carea' id='block_1_107' title="bbox 241 5481 1760 5556">
    <p class='ocr_par' dir='ltr' id='par_1_107' title="bbox 241 5481 1760 5556">
     <span class='ocr_line' id='line_1_108' title="bbox 241 5481 1760 5556; baseline 0.001 -22"><span class='ocrx_word' id='word_1_864' title='bbox 241 5481 400 5556; x_wconf 59' lang='lat' dir='ltr'><strong>fiquis</strong></span> <span class='ocrx_word' id='word_1_865' title='bbox 422 5481 654 5556; x_wconf 74' lang='lat' dir='ltr'><strong>Christus</strong></span> <span class='ocrx_word' id='word_1_866' title='bbox 669 5486 938 5556; x_wconf 75' lang='lat' dir='ltr'><strong>minister.</strong></span> <span class='ocrx_word' id='word_1_867' title='bbox 965 5486 1086 5540; x_wconf 68' lang='lat' dir='ltr'><strong>Haec</strong></span> <span class='ocrx_word' id='word_1_868' title='bbox 1108 5486 1580 5554; x_wconf 62' lang='lat' dir='ltr'><strong>praetertttittuntur</strong></span> <span class='ocrx_word' id='word_1_869' title='bbox 1611 5484 1662 5534; x_wconf 90' lang='lat' dir='ltr'><strong>in</strong></span> <span class='ocrx_word' id='word_1_870' title='bbox 1697 5483 1760 5536; x_wconf 88' lang='lat' dir='ltr'><strong>li-</strong></span> 
     </span>
    </p>
   </div>
   <div class='ocr_carea' id='block_1_108' title="bbox 240 5543 732 5602">
    <p class='ocr_par' dir='ltr' id='par_1_108' title="bbox 240 5543 732 5602">
     <span class='ocr_line' id='line_1_109' title="bbox 240 5543 732 5602; baseline 0.01 -5"><span class='ocrx_word' id='word_1_871' title='bbox 240 5543 352 5598; x_wconf 87' lang='lat' dir='ltr'><strong>bris</strong></span> <span class='ocrx_word' id='word_1_872' title='bbox 378 5554 529 5599; x_wconf 86' lang='lat' dir='ltr'><strong>antea</strong></span> <span class='ocrx_word' id='word_1_873' title='bbox 560 5550 732 5602; x_wconf 88' lang='lat' dir='ltr'><strong>editis.</strong></span> 
     </span>
    </p>
   </div>
   <div class='ocr_carea' id='block_1_109' title="bbox 310 5602 1759 5689">
    <p class='ocr_par' dir='ltr' id='par_1_109' title="bbox 310 5602 1759 5689">
     <span class='ocr_line' id='line_1_110' title="bbox 310 5602 1759 5689; baseline -0.006 -7"><span class='ocrx_word' id='word_1_874' title='bbox 310 5611 422 5683; x_wconf 63' lang='grc' dir='ltr'><strong>(Ἦ)</strong></span> <span class='ocrx_word' id='word_1_875' title='bbox 453 5612 540 5668; x_wconf 84' lang='lat' dir='ltr'><strong>Sic</strong></span> <span class='ocrx_word' id='word_1_876' title='bbox 570 5630 670 5674; x_wconf 86' lang='lat' dir='ltr'><strong>ms.</strong></span> <span class='ocrx_word' id='word_1_877' title='bbox 697 5617 889 5689; x_wconf 75' lang='lat' dir='ltr'><strong>Regius</strong></span> <span class='ocrx_word' id='word_1_878' title='bbox 918 5602 1061 5678; x_wconf 90' lang='lat' dir='ltr'><strong>num.</strong></span> <span class='ocrx_word' id='word_1_879' title='bbox 1088 5621 1223 5679; x_wconf 80' lang='lat' dir='ltr'><strong>l639</strong></span> <span class='ocrx_word' id='word_1_880' title='bbox 1255 5630 1310 5677; x_wconf 89' lang='lat' dir='ltr'><strong>et</strong></span> <span class='ocrx_word' id='word_1_881' title='bbox 1340 5618 1609 5679; x_wconf 72' lang='lat' dir='ltr'><strong>Rabanus.</strong></span> <span class='ocrx_word' id='word_1_882' title='bbox 1645 5604 1759 5674; x_wconf 61' lang='lat' dir='ltr'><strong>Cas?-</strong></span> 
     </span>
    </p>
   </div>
   <div class='ocr_carea' id='block_1_110' title="bbox 1867 4528 2494 4599">
    <p class='ocr_par' dir='ltr' id='par_1_110' title="bbox 1867 4528 2494 4599">
     <span class='ocr_line' id='line_1_111' title="bbox 1867 4528 2494 4599; baseline 0.018 -20"><span class='ocrx_word' id='word_1_883' title='bbox 1867 4528 1983 4599; x_wconf 71' lang='lat' dir='ltr'><strong>(al.,</strong></span> <span class='ocrx_word' id='word_1_884' title='bbox 2000 4531 2124 4599; x_wconf 85' lang='lat' dir='ltr'><strong>qui)</strong></span> <span class='ocrx_word' id='word_1_885' title='bbox 2147 4534 2357 4599; x_wconf 88' lang='lat' dir='ltr'><strong>spiritu,</strong></span> <span class='ocrx_word' id='word_1_886' title='bbox 2389 4548 2494 4590; x_wconf 82' lang='lat' dir='ltr'><strong>etc.</strong></span> 
     </span>
    </p>
   </div>
   <div class='ocr_carea' id='block_1_111' title="bbox 1933 4597 3537 4689">
    <p class='ocr_par' dir='ltr' id='par_1_111' title="bbox 1933 4597 3537 4689">
     <span class='ocr_line' id='line_1_112' title="bbox 1933 4597 3537 4689; baseline 0.022 -41"><span class='ocrx_word' id='word_1_887' title='bbox 2408 4606 2474 4689; x_wconf 43' lang='lat' dir='ltr'><strong>in.</strong></span> <span class='ocrx_word' id='word_1_888' title='bbox 2513 4609 2947 4669; x_wconf 84' lang='lat' dir='ltr'><strong>circumcisione</strong></span> <span class='ocrx_word' id='word_1_889' title='bbox 2990 4626 3276 4689; x_wconf 84' lang='lat' dir='ltr'><strong>corporis</strong></span> <span class='ocrx_word' id='word_1_890' title='bbox 3315 4625 3537 4682; x_wconf 84' lang='lat' dir='ltr'><strong>Christi</strong></span> 
     </span>
    </p>
   </div>
   <div class='ocr_carea' id='block_1_112' title="bbox 1863 4667 3561 4739">
    <p class='ocr_par' dir='ltr' id='par_1_112' title="bbox 1863 4667 3561 4739">
     <span class='ocr_line' id='line_1_113' title="bbox 1863 4667 3561 4739; baseline -0.022 3"><span class='ocrx_word' id='word_1_891' title='bbox 1863 4667 2148 4739; x_wconf 55' lang='lat' dir='ltr'><strong>compulit</strong></span> <span class='ocrx_word' id='word_1_892' title='bbox 2170 4672 2217 4722; x_wconf 86' lang='lat' dir='ltr'><strong>ei</strong></span> <span class='ocrx_word' id='word_1_893' title='bbox 2248 4671 2302 4722; x_wconf 88' lang='lat' dir='ltr'><strong>in</strong></span> <span class='ocrx_word' id='word_1_894' title='bbox 2330 4673 2683 4739; x_wconf 87' lang='lat' dir='ltr'><strong>baptismum.</strong></span> <span class='ocrx_word' id='word_1_895' title='bbox 2924 4667 2936 4669; x_wconf 67' lang='lat'><em>&#39;</em></span> <span class='ocrx_word' id='word_1_896' title='bbox 2994 4667 3276 4689; x_wconf 59' lang='lat' dir='ltr'><strong>&quot;&#39;r&#39;w</strong></span> <span class='ocrx_word' id='word_1_897' title='bbox 3317 4667 3561 4696; x_wconf 60' lang='lat' dir='ltr'><strong>w-m-w</strong></span> 
     </span>
    </p>
   </div>
   <div class='ocr_carea' id='block_1_113' title="bbox 1906 4736 3560 4831">
    <p class='ocr_par' dir='ltr' id='par_1_113' title="bbox 1906 4736 3560 4831">
     <span class='ocr_line' id='line_1_114' title="bbox 1906 4736 3560 4831; baseline 0.02 -47"><span class='ocrx_word' id='word_1_898' title='bbox 1906 4736 2046 4831; x_wconf 41' lang='grc' dir='ltr'><em>ε</em></span> <span class='ocrx_word' id='word_1_899' title='bbox 2085 4736 2591 4831; x_wconf 40' lang='grc' dir='ltr'><strong>ξξξιξιέεείξρξξξεθε</strong></span> <span class='ocrx_word' id='word_1_900' title='bbox 2628 4752 2812 4803; x_wconf 85' lang='lat' dir='ltr'><strong>nostri</strong></span> <span class='ocrx_word' id='word_1_901' title='bbox 2834 4768 2860 4831; x_wconf 41' lang='lat'><strong>.;</strong></span> <span class='ocrx_word' id='word_1_902' title='bbox 2897 4756 3046 4831; x_wconf 74' lang='lat' dir='ltr'><strong>editi</strong></span> <span class='ocrx_word' id='word_1_903' title='bbox 3096 4774 3254 4815; x_wconf 83' lang='lat' dir='ltr'><strong>vero</strong></span> <span class='ocrx_word' id='word_1_904' title='bbox 3278 4802 3297 4826; x_wconf 92' lang='lat'><strong>,</strong></span> <span class='ocrx_word' id='word_1_905' title='bbox 3350 4766 3560 4831; x_wconf 80' lang='lat' dir='ltr'><strong>quibus</strong></span> 
     </span>
    </p>
   </div>
   <div class='ocr_carea' id='block_1_114' title="bbox 1864 4802 3558 4890">
    <p class='ocr_par' dir='ltr' id='par_1_114' title="bbox 1864 4802 3558 4890">
     <span class='ocr_line' id='line_1_115' title="bbox 1864 4802 3558 4890; baseline 0.022 -37"><span class='ocrx_word' id='word_1_906' title='bbox 1864 4805 2035 4890; x_wconf 25' lang='lat' dir='ltr'><strong>(&#39;l‘tCilﬁ.‘</strong></span> <span class='ocrx_word' id='word_1_907' title='bbox 2080 4815 2253 4890; x_wconf 76' lang='lat' dir='ltr'><strong>gentes</strong></span> <span class='ocrx_word' id='word_1_908' title='bbox 2312 4818 2493 4890; x_wconf 61' lang='lat' dir='ltr'><strong>autem</strong></span> <span class='ocrx_word' id='word_1_909' title='bbox 2542 4831 2709 4890; x_wconf 65' lang='lat' dir='ltr'><strong>super</strong></span> <span class='ocrx_word' id='word_1_910' title='bbox 2766 4822 3184 4882; x_wconf 81' lang='lat' dir='ltr'><strong>misericordia</strong></span> <span class='ocrx_word' id='word_1_911' title='bbox 3269 4802 3558 4890; x_wconf 44' lang='lat'><strong>3.023;};</strong></span> 
     </span>
    </p>
   </div>
   <div class='ocr_carea' id='block_1_115' title="bbox 1861 4871 3176 4956">
    <p class='ocr_par' dir='ltr' id='par_1_115' title="bbox 1861 4871 3176 4956">
     <span class='ocr_line' id='line_1_116' title="bbox 1861 4871 3176 4956; baseline 0.02 -32"><span class='ocrx_word' id='word_1_912' title='bbox 1861 4871 2048 4956; x_wconf 46' lang='lat' dir='ltr'><strong>Delum,</strong></span> <span class='ocrx_word' id='word_1_913' title='bbox 2076 4871 2214 4956; x_wconf 45' lang='lat' dir='ltr'><strong>sicut.</strong></span> <span class='ocrx_word' id='word_1_914' title='bbox 2237 4878 2498 4945; x_wconf 85' lang='lat' dir='ltr'><strong>scriptum</strong></span> <span class='ocrx_word' id='word_1_915' title='bbox 2529 4871 2630 4936; x_wconf 59' lang='lat' dir='ltr'><strong>est&#39;.</strong></span> <span class='ocrx_word' id='word_1_916' title='bbox 2661 4871 3029 4956; x_wconf 53' lang='lat' dir='ltr'><strong>erupui-aii:</strong></span> 
     </span>
    </p>
   </div>
   <div class='ocr_carea' id='block_1_116' title="bbox 1858 4940 3559 5064">
    <p class='ocr_par' dir='ltr' id='par_1_116' title="bbox 1858 4940 3559 5064">
     <span class='ocr_line' id='line_1_117' title="bbox 1858 4940 3559 5064; baseline 0.024 -75"><span class='ocrx_word' id='word_1_917' title='bbox 1858 4940 2046 5064; x_wconf 51' lang='grc' dir='ltr'><strong>ἀεξῐῗι)</strong></span> <span class='ocrx_word' id='word_1_918' title='bbox 2076 4942 2217 4997; x_wconf 85' lang='lat' dir='ltr'><strong>Editi</strong></span> <span class='ocrx_word' id='word_1_919' title='bbox 2238 4982 2254 5007; x_wconf 95' lang='lat'><strong>,</strong></span> <span class='ocrx_word' id='word_1_920' title='bbox 2302 4940 2489 5003; x_wconf 78' lang='lat' dir='ltr'><strong>octauo</strong></span> <span class='ocrx_word' id='word_1_921' title='bbox 2526 4966 2546 5014; x_wconf 85' lang='lat'><strong><em>;</em></strong></span> <span class='ocrx_word' id='word_1_922' title='bbox 2578 4968 2744 5023; x_wconf 86' lang='lat' dir='ltr'><strong>tnss.,</strong></span> <span class='ocrx_word' id='word_1_923' title='bbox 2773 4940 3020 5049; x_wconf 70' lang='lat' dir='ltr'><strong>septimo</strong></span> <span class='ocrx_word' id='word_1_924' title='bbox 3041 4940 3079 5029; x_wconf 55' lang='grc' dir='ltr'><em>ξ</em></span> <span class='ocrx_word' id='word_1_925' title='bbox 3084 4940 3186 5021; x_wconf 63' lang='lat'><strong>&#39;21</strong></span> <span class='ocrx_word' id='word_1_926' title='bbox 3223 4983 3398 5027; x_wconf 89' lang='lat' dir='ltr'><strong>recte</strong></span> <span class='ocrx_word' id='word_1_927' title='bbox 3426 4976 3559 5044; x_wconf 82' lang='lat' dir='ltr'><strong>qui-</strong></span> 
     </span>
    </p>
   </div>
   <div class='ocr_carea' id='block_1_117' title="bbox 1930 5077 3551 5166">
    <p class='ocr_par' dir='ltr' id='par_1_117' title="bbox 1930 5077 3551 5166">
     <span class='ocr_line' id='line_1_118' title="bbox 1930 5077 3551 5166; baseline 0.023 -36"><span class='ocrx_word' id='word_1_928' title='bbox 1930 5079 2043 5166; x_wconf 56' lang='grc' dir='ltr'><strong>(ἓῦ)</strong></span> <span class='ocrx_word' id='word_1_929' title='bbox 2078 5077 2333 5136; x_wconf 86' lang='lat' dir='ltr'><strong>Ultimum</strong></span> <span class='ocrx_word' id='word_1_930' title='bbox 2360 5101 2482 5141; x_wconf 80' lang='lat' dir='ltr'><strong>vero</strong></span> <span class='ocrx_word' id='word_1_931' title='bbox 2514 5092 2828 5166; x_wconf 58' lang='lat' dir='ltr'><strong>eagemplum</strong></span> <span class='ocrx_word' id='word_1_932' title='bbox 2856 5097 2978 5164; x_wconf 91' lang='lat' dir='ltr'><strong>ipse</strong></span> <span class='ocrx_word' id='word_1_933' title='bbox 3011 5098 3252 5161; x_wconf 84' lang='lat' dir='ltr'><strong>Paulus</strong></span> <span class='ocrx_word' id='word_1_934' title='bbox 3280 5114 3358 5161; x_wconf 86' lang='lat' dir='ltr'><strong>de</strong></span> <span class='ocrx_word' id='word_1_935' title='bbox 3389 5110 3551 5166; x_wconf 84' lang='lat' dir='ltr'><strong>Isaia</strong></span> 
     </span>
    </p>
   </div>
   <div class='ocr_carea' id='block_1_118' title="bbox 1859 5148 3550 5236">
    <p class='ocr_par' dir='ltr' id='par_1_118' title="bbox 1859 5148 3550 5236">
     <span class='ocr_line' id='line_1_119' title="bbox 1859 5148 3550 5236; baseline 0.022 -40"><span class='ocrx_word' id='word_1_936' title='bbox 1859 5148 2486 5236; x_wconf 49' lang='lat' dir='ltr'><strong>dicitlesse‘assumptum</strong></span> <span class='ocrx_word' id='word_1_937' title='bbox 2508 5197 2528 5222; x_wconf 91' lang='lat'><strong>,</strong></span> <span class='ocrx_word' id='word_1_938' title='bbox 2566 5162 2622 5213; x_wconf 89' lang='lat' dir='ltr'><strong>in</strong></span> <span class='ocrx_word' id='word_1_939' title='bbox 2650 5148 2823 5232; x_wconf 67' lang='lat' dir='ltr'><strong>cujus</strong></span> <span class='ocrx_word' id='word_1_940' title='bbox 2860 5148 3249 5236; x_wconf 39' lang='lat' dir='ltr'><strong>cro—riior-e‘i&#39;t:</strong></span> 
     </span>
    </p>
   </div>
   <div class='ocr_carea' id='block_1_119' title="bbox 1864 5199 3426 5293">
    <p class='ocr_par' dir='ltr' id='par_1_119' title="bbox 1864 5199 3426 5293">
     <span class='ocr_line' id='line_1_120' title="bbox 1864 5199 3426 5293; baseline 0.019 -27"><span class='ocrx_word' id='word_1_941' title='bbox 1864 5225 1963 5293; x_wconf 66' lang='lat' dir='ltr'><strong>est.</strong></span> <span class='ocrx_word' id='word_1_942' title='bbox 1993 5213 2049 5270; x_wconf 88' lang='lat' dir='ltr'><strong>In</strong></span> <span class='ocrx_word' id='word_1_943' title='bbox 2083 5222 2242 5293; x_wconf 67' lang='lat' dir='ltr'><strong>editis</strong></span> <span class='ocrx_word' id='word_1_944' title='bbox 2271 5199 2823 5293; x_wconf 50' lang='lat' dir='ltr'><strong>liaéc&quot;i$}éte}ﬁii’s§§</strong></span> <span class='ocrx_word' id='word_1_945' title='bbox 2862 5199 3426 5293; x_wconf 50' lang='lat' dir='ltr'><strong>Erl&#39;lll’lu:cal&#39;:(;‘rl‘lfl?p</strong></span> 
     </span>
    </p>
   </div>
   <div class='ocr_carea' id='block_1_120' title="bbox 1864 5284 3546 5385">
    <p class='ocr_par' dir='ltr' id='par_1_120' title="bbox 1864 5284 3546 5385">
     <span class='ocr_line' id='line_1_121' title="bbox 1864 5284 3546 5385; baseline 0.022 -49"><span class='ocrx_word' id='word_1_946' title='bbox 1864 5284 2098 5385; x_wconf 53' lang='lat' dir='ltr'><strong>Legitur,</strong></span> <span class='ocrx_word' id='word_1_947' title='bbox 2133 5288 2205 5343; x_wconf 79' lang='lat' dir='ltr'><strong>Et</strong></span> <span class='ocrx_word' id='word_1_948' title='bbox 2248 5284 2448 5347; x_wconf 65' lang='lat' dir='ltr'><strong>rursus</strong></span> <span class='ocrx_word' id='word_1_949' title='bbox 2483 5284 2840 5359; x_wconf 31' lang='lat' dir='ltr'><strong>Isaiasai‘tﬁ:</strong></span> 
     </span>
    </p>
   </div>
   <div class='ocr_carea' id='block_1_121' title="bbox 1933 5422 3546 5511">
    <p class='ocr_par' dir='ltr' id='par_1_121' title="bbox 1933 5422 3546 5511">
     <span class='ocr_line' id='line_1_122' title="bbox 1933 5422 3546 5511; baseline 0.021 -33"><span class='ocrx_word' id='word_1_950' title='bbox 1933 5422 2353 5511; x_wconf 30' lang='lat' dir='ltr'><strong>_(_26)A.Sie_.ms..</strong></span> <span class='ocrx_word' id='word_1_951' title='bbox 2390 5432 2618 5511; x_wconf 68' lang='lat' dir='ltr'><strong>Regius</strong></span> <span class='ocrx_word' id='word_1_952' title='bbox 2669 5460 2830 5501; x_wconf 90' lang='lat' dir='ltr'><strong>num.</strong></span> <span class='ocrx_word' id='word_1_953' title='bbox 2888 5448 3051 5503; x_wconf 79' lang='grc'><strong>1659.</strong></span> <span class='ocrx_word' id='word_1_954' title='bbox 3112 5450 3341 5508; x_wconf 78' lang='lat' dir='ltr'><strong>Cteteri</strong></span> <span class='ocrx_word' id='word_1_955' title='bbox 3407 5470 3546 5511; x_wconf 81' lang='lat' dir='ltr'><strong>vero</strong></span> 
     </span>
    </p>
   </div>
   <div class='ocr_carea' id='block_1_122' title="bbox 1863 5498 3619 5615">
    <p class='ocr_par' dir='ltr' id='par_1_122' title="bbox 1863 5498 3619 5615">
     <span class='ocr_line' id='line_1_123' title="bbox 1863 5498 3619 5615; baseline 0.024 -72"><span class='ocrx_word' id='word_1_956' title='bbox 1863 5504 2083 5615; x_wconf 41' lang='lat'><strong>315%?</strong></span> <span class='ocrx_word' id='word_1_957' title='bbox 2109 5498 2265 5567; x_wconf 89' lang='lat' dir='ltr'><strong>editi,</strong></span> <span class='ocrx_word' id='word_1_958' title='bbox 2297 5502 2402 5556; x_wconf 88' lang='lat' dir='ltr'><strong>nisi</strong></span> <span class='ocrx_word' id='word_1_959' title='bbox 2447 5498 2587 5575; x_wconf 70' lang='lat' dir='ltr'><strong>quia</strong></span> <span class='ocrx_word' id='word_1_960' title='bbox 2625 5498 2850 5583; x_wconf 49' lang='lat' dir='ltr'><strong>(cui;</strong></span> <span class='ocrx_word' id='word_1_961' title='bbox 2874 5498 3371 5588; x_wconf 59' lang='lat' dir='ltr'><strong>.‘iiuiur&#39;féaiii</strong></span> <span class='ocrx_word' id='word_1_962' title='bbox 3399 5498 3545 5593; x_wconf 52' lang='grc' dir='ltr'><em>ξξῖ</em></span> <span class='ocrx_word' id='word_1_963' title='bbox 3610 5514 3619 5519; x_wconf 52' lang='grc'><em>’</em></span> 
     </span>
    </p>
   </div>
  </div>
