3910 6226
366 323 506 378 1265

1291 322 1637 380 ΟΟΜΜΕΝΤ.
1675 323 1740 376 IN
1780 322 1994 376 EPIST.
2033 322 2121 376 AD
2159 321 2322 379 ROM.
2363 321 2487 374 LIB.
2532 319 2597 373 Χ.

3379 315 3404 366 1
3425 310 3524 362 9-6ίὶ

363 445 436 489 utt
465 436 587 495 vult
611 451 702 489 sua
737 436 1098 496 enuntiatione
1127 436 1364 504 prolatis.
1400 436 1548 490 llunc
1578 445 1753 489 autem
1777 450 1892 489 sero
1920 438 1967 493 Α
1993 436 2263 487 sociantur
2293 447 2410 484 cum
2445 446 2501 485 se
2545 428 2942 482 emendaverint
2983 426 3048 479 ab
3076 425 3220 478 omni
3265 423 3512 492 inquina-

361 541 573 578 monem
607 526 670 578 de
697 527 876 578 radice
905 525 1050 580 Jesse
1080 527 1267 580 melius
1298 525 1510 593 quidem
1552 525 1602 577 in
1639 525 1887 594 explana-

361 616 510 668 tione
544 616 708 681 ipsius
741 616 1009 682 propheta:
1034 615 1180 668 Isaia:
1207 616 1375 667 visum
1405 625 1486 668 est
1508 615 1715 670 disseri.
1746 615 1809 668 Et
1834 616 1884 667 in

359 701 609 769 praesenti
643 710 815 754 tamen
840 703 954 753 loco
978 703 1177 754 dicetur
1203 703 1340 772 (27),
1362 703 1606 769 quoniam
1624 700 1773 755 Jesse
1803 703 1885 754 in-

363 792 693 859 terpretator
722 793 772 846 in
812 802 989 844 nostra
1023 793 1198 860 lingua
1222 833 1236 857 ,
1282 803 1355 846 est
1397 793 1543 845 mihi.
1575 791 1626 844 In
1662 794 1886 845 adventu

357 895 487 946 ergo
503 881 698 932 Christi
727 879 898 932 omnis
910 881 998 947 qui
1024 882 1246 934 credidit
1262 881 1709 942 ei,eonvenienter
1721 881 1852 933 dixit
1870 899 1882 932 :

358 965 451 1019 Est
495 971 640 1018 mihi.
667 967 761 1021 Ille
788 970 926 1020 enim
949 1009 963 1032 ,
997 970 1060 1022 de
1090 984 1194 1036 quo
1234 969 1436 1038 Moyses
1464 969 1598 1021 dixit
1625 969 1668 1028 ⁵,
1695 969 1783 1037 qui
1811 977 1887 1021 est

357 1056 500 1106 misit
517 1055 677 1124 675
700 1073 776 1108 me
794 1057 860 1108 ad
879 1073 984 1120 vos,
1012 1059 1122 1124 ipse
1144 1066 1221 1111 est
1243 1059 1392 1122 mihi,
1412 1058 1511 1111 hoc
1529 1067 1628 1120 est,
1647 1057 1698 1109 in
1719 1058 1887 1125 ipsum

356 1145 524 1197 credo
553 1147 643 1211 qui
676 1153 777 1206 est,
808 1160 910 1196 non
940 1146 1028 1212 qui
1071 1160 1136 1198 ex
1167 1145 1330 1199 nihilo
1361 1146 1534 1199 factus
1560 1156 1662 1207 est,
1707 1155 1764 1197 ut
1793 1146 1889 1198 im-

357 1233 460 1296 piis
492 1233 666 1300 placet
695 1232 826 1301 (28),
863 1233 953 1285 sed
984 1233 1074 1300 qui
1118 1242 1223 1296 est,
1268 1245 1322 1286 et
1352 1249 1557 1303 semper
1585 1245 1686 1300 est,
1713 1243 1766 1288 et
1791 1236 1891 1289 hoc

354 1321 401 1372 ei
436 1336 633 1374 nomen
680 1331 762 1374 est
791 1330 880 1373 :et
915 1322 1024 1388 ipse
1057 1331 1139 1376 est
1190 1322 1279 1390 qui
1328 1325 1560 1376 surrexit
1601 1339 1666 1377 ex
1710 1324 1892 1377 radice

351 1407 530 1469 Jesse,
559 1419 612 1462 et
641 1411 690 1460 in
723 1409 836 1476 ipso
868 1418 1045 1474 gentes
1074 1412 1375 1478 sperabunt.
1412 1409 1514 1462 Pro
1547 1403 1655 1477 qua
1688 1411 1888 1462 miseri-

355 1499 561 1561 cordia,
588 1514 744 1563 quam
768 1501 834 1552 ab
863 1514 924 1550 co
949 1499 1216 1551 consecuti
1243 1507 1382 1563 sunt,
1413 1509 1470 1551 ut
1494 1501 1535 1552 is
1563 1501 1651 1567 qui
1685 1516 1893 1567 semper

355 1594 476 1639 erat
511 1597 820 1640 nasceretur
849 1603 910 1640 ex
946 1589 1119 1640 radice
1149 1587 1301 1640 Jesse
1343 1589 1406 1640 ad
1452 1588 1676 1642 salutem
1726 1591 1892 1656 genti-

353 1674 456 1733 bus
479 1674 734 1737 daudam,
763 1691 856 1742 pro
884 1677 1008 1741 hac,
1047 1676 1283 1742 inquam,
1314 1677 1416 1730 sibi
1448 1678 1638 1731 collata
1671 1679 1892 1732 miseri-

353 1764 542 1815 cordia
577 1772 755 1830 geutes
788 1765 1051 1817 honorant
1079 1773 1133 1818 et
1166 1766 1504 1833 magniﬁcam
1536 1767 1718 1820 Deum.

423 1852 479 1906 9.
508 1852 646 1905 Deus
675 1863 842 1906 autem
868 1855 971 1921 spei
1004 1853 1194 1919 repleat
1217 1870 1298 1907 vos
1321 1857 1458 1908 omni
1484 1857 1674 1923 gaudio
1697 1866 1744 1910 et
1767 1873 1896 1926 pace

352 1938 406 1989 in
435 1941 717 2004 credendo,
759 1950 816 1993 ut
857 1942 1124 1993 abundetis
1158 1944 1212 1994 in
1246 1959 1335 2010 spe
1368 1954 1415 1996 et
1446 1945 1633 1998 virtute
1670 1944 1894 2013 Spiritus

351 2031 556 2081 sancti“
589 2029 685 2095 Qui
721 2031 964 2098 superius
991 2033 1196 2085 dixerat
1225 2034 1364 2100 quod
1394 2034 1445 2086 in
1475 2033 1610 2088 Isaia
1640 2035 1888 2102 scriptum

355 2128 478 2181 est:
513 2117 580 2169 Et
609 2119 664 2169 in
708 2134 765 2170 eo
807 2129 978 2186 gentes
1025 2120 1328 2186 sperabunt"
1376 2131 1648 2190 gratanter
1676 2123 1891 2191 adjecit,

353 2205 502 2260 Deus
551 2218 722 2258 autem
765 2209 905 2274 spei;
954 2218 1010 2261 ut
1053 2211 1095 2262 si
1152 2211 1407 2277 scriptum
1451 2212 1655 2280 fuisset,
1694 2215 1750 2266 in
1786 2215 1895 2282 ipso

353 2305 534 2363 gentes
577 2298 818 2360 credent,
868 2297 1152 2366 adjecisset
1187 2300 1301 2352 sine
1330 2299 1508 2366 dubio,
1548 2301 1684 2355 Deus
1724 2313 1894 2356 autem

353 2385 507 2448 tidei,
537 2395 594 2437 ut
621 2400 761 2437 nunc
795 2401 822 2438 a
851 2391 1110 2454 sperando
1139 2399 1324 2455 gentes
1350 2391 1512 2444 Deum
1542 2392 1652 2459 spei
1685 2393 1896 2446 invocat

355 2489 524 2542 super
553 2490 645 2528 eos
677 2476 767 2544 qui
809 2489 1024 2544 sperant
1068 2479 1117 2530 in
1158 2495 1304 2543 eum,
1336 2495 1364 2532 a
1408 2494 1511 2548 quo
1551 2482 1631 2534 eis
1678 2483 1896 2536 benedi-

352 2562 552 2615 ctionis
579 2579 772 2617 munus
791 2575 1038 2631 precatur
1060 2567 1260 2634 augeri.
1280 2567 1372 2622 Est
1395 2578 1572 2622 autem
1600 2571 1894 2623 benedictio

354 2649 664 2716 huiusmodi
698 2669 711 2704 :
744 2653 808 2708 Ut
857 2656 1158 2722 repleantur
1205 2659 1341 2710 omni
1393 2659 1604 2724 gaudio,
1647 2669 1699 2711 et
1745 2659 1891 2710 omni

352 2757 514 2810 pace.
552 2743 808 2798 Similiter
838 2756 1016 2799 autem
1047 2756 1101 2800 et
1138 2747 1398 2815 Propheta
1435 2749 1485 2799 in
1521 2748 1745 2815 quodam
1776 2748 1892 2799 loco

352 2834 532 2888 dicit:
568 2835 633 2885 Et
672 2836 766 2887 erit
811 2839 863 2887 in
909 2838 1086 2888 diebus
1131 2838 1239 2902 ejus
1278 2837 1486 2904 justitia
1530 2851 1573 2888 et
1615 2837 1890 2888 multitudo

350 2924 522 2987 pacis,
563 2939 822 2992 usquequo
863 2927 1134 2992 auferatur
1161 2926 1282 2980 luna
1303 2927 1343 2983 ".
1390 2926 1493 2980 Sed
1527 2929 1648 2995 quia
1692 2928 1803 2980 hinc
1829 2929 1893 2980 de

349 3012 578 3066 Christo
606 3013 873 3077 dicuntur,
910 3015 960 3067 in
993 3015 1078 3068 illo
1103 3026 1243 3070 recte
1286 3031 1564 3083 possumus
1598 3018 1893 3072 multitudi-

348 3116 480 3155 nem
520 3104 663 3168 pacis
698 3100 999 3166 advertere,
1030 3120 1124 3172 pro
1163 3120 1227 3158 eo
1275 3109 1412 3173 quod
1463 3107 1761 3174 paciﬁcavit
1796 3124 1892 3178 per

347 3191 673 3258 sanguinem
703 3193 878 3245 crucis
899 3208 1004 3246 sua:
1030 3208 1132 3246 non
1163 3195 1330 3246 solum
1356 3211 1471 3263 qua:
1497 3199 1546 3250 in
1576 3209 1715 3250 terra
1750 3209 1892 3264 sunt,

347 3276 446 3331 sed
483 3275 644 3328 etiam
677 3292 792 3342 quae
835 3279 886 3330 in
923 3278 1073 3332 cmlis
1105 3282 1281 3334 sunt“.
1319 3282 1372 3334 In
1420 3283 1665 3337 omnibus
1714 3294 1894 3347 autem

345 3366 626 3432 quomodo
705 3365 870 3430 possit
947 3366 1149 3433 impleri
1204 3367 1312 3437 (9.9)
1357 3369 1456 3424 hoc
1508 3373 1647 3438 quod
1708 3387 1892 3440 preca-

349 3464 441 3506 tur
469 3453 779 3520 Apostolus,
825 3463 882 3506 ut
916 3456 1214 3522 repleantur
1247 3460 1390 3512 omni
1427 3463 1618 3528 gaudio
1650 3473 1701 3516 et
1747 3465 1891 3518 omni

344 3558 512 3612 pace,
553 3541 766 3595 diﬂicile
808 3544 934 3597 mihi
985 3545 1193 3598 videtur
1235 3549 1446 3614 exponi,
1495 3551 1722 3604 maxime
1769 3567 1887 3606 cum

345 3634 518 3688 etiam
547 3630 658 3697 ipse
682 3632 966 3697 Apostolus
998 3633 1048 3686 in
1085 3634 1166 3688 his
1208 3651 1324 3703 qua:
1371 3652 1466 3704 per
1513 3640 1738 3708 gratiam
1772 3640 1891 3708 Spi-

347 3720 493 3772 ritus
530 3729 846 3772 consecutus
875 3729 976 3781 est,
1009 3735 1072 3774 ex
1104 3734 1254 3789 parte
1288 3741 1344 3778 se
1368 3728 1510 3780 dicat
1534 3729 1691 3792 scire,
1721 3739 1774 3783 et
1821 3745 1887 3782 ex

345 3823 506 3880 parte
538 3809 933 3879 prophetare”.
972 3812 1072 3866 Sed
1106 3830 1206 3884 ego
1237 3827 1362 3883 puto
1413 3818 1462 3868 in
1507 3833 1568 3870 eo
1597 3834 1750 3886 posse
1794 3819 1889 3872 ha-

345 3903 481 3955 bere
506 3900 784 3953 credentes
811 3900 1186 3968 plenitudinem
1218 3905 1363 3972 pacis
1391 3905 1521 3973 (30),
1549 3921 1670 3959 eum
1697 3921 1886 3961 recon-

343 3990 607 4043 ciliantur
640 3988 746 4042 Deo
786 3988 930 4043 Patri
964 4007 1056 4060 per
1101 3993 1278 4054 fidem,
1327 3997 1617 4048 secundum
1667 3997 1886 4050 verbum

345 4078 502 4132 Pauli
536 4077 762 4131 dicentis
791 4095 804 4130 :
835 4078 1090 4148 Rogamus
1120 4099 1211 4150 pro
1236 4083 1460 4144 Christo,
1484 4084 1888 4137 reconciliamini

344 4167 463 4220 Deo
491 4167 552 4231 “;
590 4176 644 4219 et
673 4181 790 4219 cum
822 4169 872 4220 in
903 4184 1085 4237 pacem
1118 4172 1461 4242 redeunt(5l)
1483 4188 1601 4225 cum
1628 4173 1764 4226 Filio
1793 4174 1886 4226 Dei

346 4270 453 4324 per
493 4256 803 4324 sanguinem
833 4259 1004 4311 crucis
1031 4259 1163 4325 ejus,
1205 4273 1258 4314 et
1289 4277 1407 4315 cum
1443 4273 1626 4316 sancto
1665 4262 1886 4330 Spiritui

422 4346 444 4376 ⁵
473 4344 753 4416 Exedunt,
784 4345 869 4398 M.
904 4347 1310 4416 ‘Rom.xv,l'>.
1383 4353 1402 4381 "
1437 4353 1563 4406 ibid.
1593 4353 1687 4416 ης
1721 4353 1818 4405 Isa.
1841 4369 1888 4404 x1

1989 4352 2027 4403 ).
2103 4351 2124 4381 ⁸
2150 4349 2287 4402 Psal.
2313 4364 2460 4410 Lxxt,
2513 4350 2564 4403 7.

342 4414 404 4468 9.
482 4413 522 4442 ¹¹
573 4412 610 4463 ll
639 4411 762 4465 Cor.
811 4429 860 4477 v,
910 4415 997 4468 20.

1082 4419 1122 4447 ¹²
1145 4417 1297 4472 Rom.
1355 4435 1443 4482 xv,
1473 4420 1555 4471 M.

349 4485 395 4514 ⁸⁷
423 4482 552 4535 ibid.
593 4479 681 4532 15.

422 4569 532 4638 (27)
562 4567 637 4620 Ita
673 4582 773 4621 ms.
812 4567 1008 4638 Regius
1035 4585 1178 4622 num.
1213 4571 1348 4624 1659
1373 4582 1424 4625 et
1457 4572 1730 4627 Rabanus.
1773 4576 1884 4627 (ἓτε-
1914 4580 1958 4632 D

344 4639 449 4690 teri
478 4637 604 4689 vero
634 4651 761 4690 mss.
782 4645 833 4689 et
856 4637 1004 4698 editi,
1029 4639 1186 4691 visunt
1216 4649 1290 4692 est
1319 4642 1637 4694 disseruisse.
1661 4641 1724 4694 In
1753 4659 1884 4704 prte-

337 4707 680 4776 senti__tat_nen
705 4704 874 4776 (editi,
892 4708 1111 4772 tantum)
1142 4707 1254 4759 loco
1274 4710 1482 4768 dicitur,
1501 4721 1605 4762 etc.
1629 4711 1883 4776 Origenes

343 4773 536 4826 bornil.
567 4773 600 4824 5
626 4775 680 4842 in
711 4772 929 4842 Isaiam,
956 4782 1082 4826 tom.
1115 4776 1196 4836 lll,
1223 4791 1272 4842 p.
1300 4777 1418 4840 110,
1439 4778 1503 4830 de
1531 4780 1706 4830 radice
1724 4772 1882 4832 desse

342 4843 522 4894 fusius
555 4840 769 4907 quidem
801 4841 1052 4904 disserit;
1084 4843 1174 4895 sed
1197 4840 1301 4897 non
1335 4846 1386 4896 in
1417 4847 1555 4897 hunc
1586 4846 1730 4898 Isaiae
1762 4863 1882 4900 cou-

265 4913 272 4920 '
347 4920 578 4971 textum,
607 4923 762 4974 quem
803 4909 1012 4961 videtur
1043 4909 1447 4964 Commentariis
1491 4916 1602 4966 suis
1643 4915 1695 4966 in
1740 4917 1880 4969 hunc

343 4979 665 5045 prophetam
717 4978 1046 5044 explanasse.
1100 4977 1203 5032 Sed
1256 4980 1367 5033 haec
1427 4983 1581 5033 modo
1633 4997 1738 5036 non
1784 5000 1875 5036 ex-

340 5056 532 5182 milis.)
561 5111 649 5182 Sic
675 5127 774 5164 ms.
802 5111 999 5181 Regius
1027 5130 1171 5168 num.
1199 5115 1335 5170 1659
1358 5124 1411 5169 et
1435 5115 1705 5172 Rabanus.
1737 5120 1874 5178 Editi

339 5181 496 5244 vero,
529 5181 619 5246 qui
659 5197 757 5251 non
787 5197 850 5232 ex
879 5184 1057 5246 nihilo,
1097 5195 1149 5236 ut
1188 5185 1356 5251 impiis
1393 5185 1578 5250 placet,
1611 5197 1713 5239 etc.
1749 5188 1872 5242 Mss.

338 5251 582 5366 qpidatn,
615 5249 702 5314 qui
735 5259 831 5313 est,
863 5265 963 5303 non
993 5267 1056 5303 ea:
1101 5249 1267 5304 nihilo
1289 5252 1458 5318 factus
1487 5262 1584 5318 est,
1613 5265 1666 5305 ut
1705 5257 1874 5323 impiis

338 5334 374 5367 υ
405 5327 534 5367 acet.
565 5327 670 5367 etc.

335 5333 534 5381 plﬂCe’l,
565 5333 670 5367 CIC.

352 5451 384 5456 _
417 5384 535 5456 (29)
558 5381 632 5434 Ita
662 5392 801 5436 recte
835 5399 932 5438 ms.
958 5386 1154 5456 Regius
1187 5403 1332 5441 num.
1364 5386 1498 5456 1659
1525 5396 1578 5440 et
1605 5389 1868 5444 Rabanns.

336 5451 538 5522 Cameri
577 5465 858 5522 vero__lnss.
884 5464 956 5522 iet
997 5451 1148 5518 editi,
1178 5457 1266 5508 sed
1304 5455 1456 5506 etiam
1480 5471 1594 5522 qua:
1643 5457 1696 5508 in
1734 5462 1872 5513 caelis

337 5519 547 5592 suntin
564 5518 830 5592 erunibus.
859 5521 1124 5582 Quomodo
1137 5525 1294 5589 possit
1322 5523 1436 5592 (aL,
1467 5518 1731 5588 Quomodo
1756 5543 1874 5584 vero

335 5588 529 5648 νοςεξε)
558 5584 778 5647 imuleri,
809 5595 911 5640 CIC.

1635 4421 1675 4451 ³³
1697 4422 1823 4475 ibid.
1852 4422 1938 4474 15.

1990 531 2189 584 mento,
2229 531 2284 575 et
2305 521 2478 576 effecti
2508 520 2706 574 fuerint
2734 533 2858 572 vasa
2891 526 3094 578 sancta,
3125 525 3180 568 ut
3206 515 3277 569 ita
3301 517 3510 569 domum

1991 615 2110 682 quis
2137 611 2366 680 repletus
2393 611 2634 664 videatur
2658 610 2800 663 omni
2827 624 2978 676 pace,
3017 609 3060 661 si
3093 609 3144 659 in
3185 606 3512 674 plenitudine

1991 701 2276 756 crediderit
2304 699 2598 752 Trinitatis.
2633 699 2856 768 Propter
2897 700 3000 751 hoc
3047 696 3268 762 denique
3297 691 3512 760 subjun-

1993 791 2067 857 git
2097 791 2376 855 Apostolus
2405 795 2457 840 et
2484 786 2612 838 dicit
2645 804 2658 837 :
2690 785 2900 852 Repleat
2939 799 3024 837 uos
3068 782 3204 834 omni
3253 780 3439 847 gaudio
3467 788 3513 830 et

1991 895 2113 946 pace
2140 881 2192 930 in
2221 877 2491 938 credendo,
2521 887 2577 927 ut
2603 875 2871 928 abundetis
2898 875 2950 926 in
2976 889 3062 939 spe
3092 882 3139 924 et
3185 872 3372 924 uirtute
3398 866 3514 934 Spi-

1995 969 2120 1019 ritus
2147 967 2330 1019 sancti.
2363 965 2417 1019 Si
2451 966 2595 1017 enim
2631 966 2719 1031 qui
2752 963 2945 1026 credit,
2970 964 3166 1014 virtute
3201 959 3370 1012 sancti
3401 955 3516 1025 Spi-

1997 1058 2130 1109 ritus
2155 1056 2389 1108 munitur
2415 1054 2546 1123 (52),
2593 1063 2796 1107 certum
2844 1063 2924 1106 est
2967 1053 3104 1119 quod
3138 1048 3515 1119 plenitudinem

1995 1145 2168 1213 gaudii
2209 1159 2416 1209 semper
2447 1146 2661 1204 habeat,
2691 1151 2745 1194 et
2775 1141 3150 1209 plenitudinem
3179 1137 3344 1205 pacis.

2066 1235 2150 1286 10.
2187 1233 2365 1285 Certus
2403 1249 2516 1285 sum
2561 1242 2748 1289 autem,
2794 1230 3004 1295 fratres,
3049 1238 3094 1279 et
3139 1241 3229 1292 ego
3271 1226 3331 1276 de
3359 1225 3520 1286 vobis,

1995 1323 2236 1390 quoniam
2282 1334 2326 1373 et
2374 1322 2468 1386 ipsi
2515 1320 2649 1387 pleni
2703 1319 2822 1370 estis
2865 1317 3117 1378 bonitate,
3157 1313 3333 1376 repleti
3381 1313 3518 1364 omni

1996 1412 2229 1474 scientia,
2253 1412 2323 1462 ita
2357 1419 2410 1462 ut
2451 1410 2654 1477 possitis
2676 1418 2720 1459 et
2745 1405 3100 1457 alios-monere
3117 1404 3158 1434 ¹¹
3173 1402 3306 1473 (55).
3326 1403 3518 1455 Eadem

1999 1500 2211 1554 ratione
2243 1515 2343 1567 qua
2375 1513 2530 1566 supra
2560 1497 2789 1550 diximus
2823 1493 3019 1560 repleri
3062 1493 3205 1545 omni
3245 1491 3435 1559 gaudio
3467 1499 3522 1545 et

1998 1587 2140 1640 omni
2172 1600 2300 1653 pace
2328 1587 2606 1640 credentes
2624 1578 2686 1645 “,
2717 1581 2873 1634 etiam
2903 1581 2988 1633 hic
3015 1580 3198 1646 plenos
3228 1592 3346 1631 esse
3375 1578 3523 1631 boni-

2000 1685 2106 1728 tate
2135 1684 2189 1728 et
2221 1676 2362 1728 omni
2395 1675 2614 1728 scientia
2649 1688 2741 1726 eos
2777 1673 2840 1724 ad
2875 1686 3008 1738 quos
3039 1670 3098 1722 lit
3125 1682 3299 1730 sermo
3323 1665 3520 1720 confir-

1923 1765 1965 1818 B
1995 1775 2122 1818 mat.
2159 1765 2416 1818 Similiter
2445 1773 2617 1817 autem
2663 1774 2715 1818 et
2760 1761 3052 1816 Corinthiis
3083 1759 3319 1812 scribens
3355 1757 3519 1810 dicit:

1994 1853 2060 1906 In
2087 1854 2319 1906 omnibus
2350 1854 2528 1906 divites
2557 1853 2680 1920 facti
2723 1853 2840 1905 estis
2868 1852 2920 1902 in
2968 1849 3078 1912 illo,
3116 1849 3167 1899 in
3202 1849 3338 1900 omni
3374 1844 3522 1899 verba

1991 1951 2041 1994 et
2088 1944 2142 1994 in
2179 1943 2319 1993 omni
2361 1943 2576 1994 scientia
2596 1942 2665 2003 “;
2712 1940 2821 2008 qui,
2872 1949 2928 1991 ut
2983 1937 3225 2005 superius
3272 1936 3521 1998 diximus,

1993 2033 2151 2085 etiam
2195 2031 2260 2085 de
2295 2032 2576 2100 semetipso
2619 2029 2927 2096 pronuntiat
2970 2027 3106 2093 quod
3156 2040 3261 2079 non
3309 2039 3522 2078 omnem

1993 2121 2291 2182 scientiam,
2315 2133 2485 2186 neque
2512 2133 2721 2172 omnem
2749 2118 3078 2184 prophetiam
3102 2115 3314 2178 habeat,
3339 2114 3432 2167 sed
3456 2127 3522 2166 ex

1992 2218 2143 2277 parte
2162 2211 2234 2273 ul;
2269 2210 2333 2262 de
2357 2224 2464 2276 quo
2488 2218 2541 2262 et
2567 2209 2620 2260 in
2654 2207 2776 2260 aliis
2803 2207 3015 2275 quidem
3050 2221 3187 2272 saepe
3210 2220 3306 2258 nos
3328 2205 3524 2259 dixisse

1993 2301 2228 2352 memini.
2253 2299 2318 2352 Et
2337 2314 2478 2352 nunc
2506 2297 2854 2351 nihilominus
2878 2297 3120 2350 dicemus
3143 2296 3280 2364 quod
3304 2294 3522 2359 Paulus,

1991 2400 2044 2443 et
2075 2391 2120 2442 si
2155 2391 2242 2457 qui
2276 2399 2400 2442 sunt
2426 2390 2578 2452 tales,
2607 2389 2671 2440 ad
2703 2387 3158 2454 comparationem
3199 2396 3515 2440 caeterorum

1991 2479 2213 2547 perfecti
2242 2479 2522 2540 dicuntur;
2554 2480 2620 2530 ad
2652 2476 2792 2530 illam
2827 2485 3002 2530 autem
3043 2490 3306 2530 summam
3343 2475 3523 2528 scien-

1995 2571 2139 2633 tiam,
2175 2568 2255 2621 vel
2285 2569 2350 2620 ad
2377 2567 2520 2620 illam
2561 2569 2936 2635 perfectionem
2961 2581 3080 2636 quae
3121 2569 3172 2620 in
3219 2565 3524 2619 coelestibus

1991 2667 2074 2711 est
2103 2657 2397 2720 ordinibus,
2429 2657 2604 2710 nullus
2629 2667 2806 2724 potest
2835 2659 2973 2710 inter
3014 2655 3252 2710 homines
3292 2654 3375 2708 vel
3417 2653 3524 2706 dici

1993 2747 2072 2800 vel
2116 2761 2233 2800 esse
2276 2747 2563 2813 perfectus.
2615 2745 2684 2800 Ut
2726 2746 2768 2799 si
2818 2746 3058 2798 dicamus
3085 2758 3100 2797 :
3127 2743 3184 2796 In
3232 2741 3524 2810 puerilibus

1992 2835 2203 2900 studiis,
2235 2837 2298 2888 ad
2332 2837 2783 2902 comparationem
2822 2834 2966 2886 illius
2992 2833 3083 2902 qui
3117 2847 3287 2900 nuper
3331 2831 3526 2884 imbui-

1992 2932 2091 2986 tur,
2125 2931 2177 2975 et
2200 2925 2364 2989 prima
2393 2924 2688 2977 litterarum
2713 2923 2934 2990 suscipit
2963 2923 3248 2987 elementa,
3275 2921 3522 2988 magister

1993 3014 2103 3080 ipse
2131 3013 2380 3066 librarius
2407 3013 2670 3082 perfectus
2694 3013 3019 3082 appellatur;
3073 3014 3163 3065 sed
3194 3027 3298 3065 non
3329 3019 3412 3064 est
3445 3011 3519 3064 ita

1991 3104 2274 3170 perfectus,
2313 3112 2370 3156 ut
2404 3114 2486 3158 est
2512 3103 2600 3158 ille
2637 3106 2726 3172 qui
2760 3103 3158 3170 grammaticam
3199 3103 3374 3155 docet.
3403 3099 3523 3168 Ipse

1991 3206 2115 3243 vero
2146 3190 2525 3259 grammaticus
2572 3190 2815 3258 quamvis
2843 3190 2912 3242 sit
2942 3191 3229 3257 perfectus,
3280 3191 3522 3257 superior

1989 3290 2072 3333 est
2115 3272 2290 3333 tamen
2332 3281 2590 3348 perfectio
2621 3281 2851 3334 rhetoris
2873 3280 3011 3349 (δικ
3043 3289 3098 3334 et
3147 3280 3228 3333 his
3273 3279 3523 3333 omnibus

1991 3368 2146 3435 longe
2178 3367 2497 3421 eminentior
2533 3367 2912 3436 philoSOphica:
2957 3367 3210 3420 doctrina:
3238 3365 3517 3435 perfectio.

1990 3457 2227 3524 Cumque
2267 3457 2321 3511 in
2367 3457 2450 3510 his
2500 3457 2747 3510 omnibus
2799 3456 3108 3510 litteratura:
3139 3459 3380 3512 doctrina
3409 3457 3519 3526 (55‘,

1991 3547 2078 3606 sit,
2119 3546 2360 3600 diversus
2397 3555 2566 3598 tamen
2601 3547 2794 3615 gradus
2821 3547 3164 3614 perfectionis
3191 3556 3244 3601 et
3268 3547 3520 3617 magiste-

1992 3636 2057 3688 rii
2095 3635 2146 3688 in
2179 3649 2494 3702 unoquoque
2538 3636 2780 3690 habetur.
2829 3635 2904 3688 Ita
2937 3652 3066 3706 ergo
3099 3645 3271 3705 potest
3304 3637 3422 3690 fieri
3463 3646 3522 3688 ut

1991 3734 2042 3777 et
2071 3723 2265 3778 Paulus
2291 3740 2409 3778 cum
2440 3725 2566 3778 dicit
2600 3742 2613 3778 :
2643 3724 2764 3778 Non
2799 3728 2932 3795 quod
2957 3728 3068 3796 jam
3092 3737 3354 3779 assecutus
3397 3727 3516 3786 sim,

1985 3823 2074 3864 aut
2104 3813 2360 3880 perfectus
2396 3815 2492 3866 sim
2517 3815 2580 3876 “,
2617 3815 2681 3866 ad
2715 3815 2860 3867 illum
2895 3816 3095 3884 apicem
3129 3815 3362 3868 caelestis
3399 3829 3520 3881 per-

1985 3901 2228 3954 fectionis
2254 3902 2518 3968 aspiciens
2547 3901 2789 3954 videatur
2815 3901 2925 3954 haec
2953 3904 3210 3956 scribere.
3234 3902 3364 3955 Cum
3391 3917 3516 3955 vero

1983 3989 2112 4042 dicit
2147 4005 2161 4042 z
2198 3988 2499 4058 Quicunque
2541 3969 2670 4058 ergo.
2687 3991 2899 4058 perfecti
2946 4007 3142 4058 sumus,
3190 3992 3283 4043 hoc
3319 3993 3514 4044 sentia-

1983 4095 2096 4131 mus
2114 4080 2154 4110 ¹⁷
2180 4077 2310 4148 (56),
2336 4081 2400 4132 ad
2429 4080 2669 4133 humana:
2695 4089 2896 4134 tantum
2922 4081 3263 4150 perfectionis
3301 4079 3518 4148 respicit

1984 4170 2226 4236 gradum.
2275 4169 2365 4222 Sic
2395 4184 2522 4238 ergo
2559 4179 2612 4223 et
2643 4172 2696 4224 in
2730 4172 2975 4240 praesenti
3017 4171 3136 4225 loco
3187 4170 3512 4239 intelligendi

1984 4271 2107 4312 sunt
2144 4259 2224 4312 vel
2255 4274 2400 4325 pace,
2433 4260 2510 4312 vel
2544 4262 2758 4329 gaudio,
2795 4263 2876 4316 vel
2920 4262 3082 4316 etiam
3139 4262 3395 4325 bonitate,
3429 4261 3513 4313 vel

2634 4351 2655 4381 °
2675 4352 2850 4406 Colos.
2881 4368 2920 4414 ι,
2965 4351 3052 4403 20.
3131 4351 3171 4381 ιο
3199 4350 3218 4403 I
3243 4349 3368 4406 Cor.
3395 4365 3511 4410 xm,

2016 4420 2057 4449 ”
2084 4421 2096 4470 Ι
2123 4422 2291 4481 Cum,
2328 4419 2379 4471 5.
2457 4419 2501 4449 ¹⁵
2529 4419 2546 4470 I
2579 4418 2700 4472 Cor.
2738 4437 2858 4486 xm,
2879 4423 2931 4475 9.
3014 4423 3054 4451 ‘°
3084 4419 3273 4489 Philip.
3304 4435 3386 4484 tu,
3421 4419 3506 4472 19..

2055 4575 2162 4642 (50)
2191 4575 2286 4629 Ms.
2336 4577 2530 4646 Regius
2576 4596 2723 4633 num.
2769 4582 2924 4643 1659,
2969 4580 3222 4634 Rabanus
3263 4590 3318 4633 et
3360 4582 3506 4640 editi,

1983 4644 2350 4715 plenitudinem
2391 4644 2554 4713 pacis.
2599 4649 2722 4702 Mss.
2771 4652 2896 4710 duo,
2937 4651 3312 4705 multitudinem
3347 4651 3506 4715 pacis.

2077 4713 2164 4779 51)
2195 4714 2353 4778 Editi,
2387 4717 2441 4766 in
2470 4733 2594 4782 pace
2621 4719 2852 4780 redeunt,
2887 4726 2992 4769 etc.

2075 4781 2278 4852 52)7Sic
2313 4798 2441 4852 mss.
2470 4781 2704 4850 plerique
2739 4793 2794 4836 et
2821 4785 2968 4836 editi.
2998 4783 3101 4852 Ms.
3145 4797 3269 4836 vero
3300 4784 3507 4852 Regius

1982 4849 2126 4910 nuru,
2156 4849 2329 4919 I659,
2355 4849 2412 4902 Si
2443 4854 2575 4902 enim
2605 4849 2767 4904 credit
2793 4854 2928 4919 quis,
2972 4861 3016 4902 et
3056 4851 3242 4903 virtute
3282 4849 3508 4917 Spiritus

1979 4919 2143 4970 sancti
2187 4918 2474 4971 muniatur.
2522 4918 2888 4982 Rabanus,’Si
2930 4921 3064 4971 enim
3090 4920 3178 4986 qui
3216 4922 3400 4984 credit,
3444 4937 3508 4974 ea:

1978 4989 2255 5049 virtute...,
2299 4987 2582 5038 muniatur.

2050 5055 2158 5121 (55)
2193 5053 2327 5104 Editi
2372 5062 2426 5104 et
2469 5053 2742 5120 Rabanus,
2793 5056 3152 5110 dilectione....

1981 5138 2204 5174 monere.
2242 5121 2366 5172 Mss.
2398 5135 2524 5173 vero
2554 5130 2610 5174 ut
2635 5123 2684 5173 in
2717 5134 2886 5176 textu.

2047 5190 2156 5257 (54)
2198 5189 2286 5240 Sic
2315 5203 2446 5257 mss.
2476 5198 2529 5240 et
2557 5191 2717 5243 editio
2752 5189 2945 5246 Veneta
2987 5193 3255 5247 Salodiani
3288 5211 3300 5244 :
3330 5193 3509 5251 Merli-

1975 5273 2075 5310 nus
2108 5255 2232 5310 vero
2262 5267 2316 5310 et
2362 5255 2752 5322 Genebrardus,
2785 5263 3020 5324 superior
3050 5269 3160 5325 est,
3222 5270 3272 5312 et
3334 5275 3507 5321 tamen

1973 5326 2246 5392 perfectior
2275 5325 2464 5376 rhetor.

2045 5394 2154 5460 (55)
2184 5393 2343 5457 Editi,
2374 5395 2665 5446 litteratura
2696 5393 2951 5452 doctrina.
3247 5443 3252 5447 .

2046 5462 2155 5544 (5.6)
2179 5461 2253 5513 lta
2282 5477 2410 5520 mss.
2445 5463 2580 5520 Editi
2616 5477 2758 5527 vero,
2788 5465 3086 5536 Quicunque
3129 5481 3245 5540 ergo
3289 5473 3506 5538 perfecti

1979 5541 2276 5590 sentiamus.

3199 5056 3519 5113 alterutrum.
