3910 6256
242 354 377 413 1207

1638 341 1950 399 ORIGENIS

3444 306 3474 358 I
3487 302 3603 356 268

239 473 401 525 etiam
438 471 656 525 scientia
680 466 787 538 (37)
816 468 997 535 repleti
1027 467 1139 521 sive
1163 465 1411 529 Romani,
1441 464 1550 518 sive
1574 465 1761 517 Corin-
1791 468 1835 522 Α
1862 457 2001 511 scire
2044 452 2298 514 fateatur,
2337 447 2507 538 plura,
2534 452 2736 538 tanien
2785 443 2850 491 et
2908 422 3412 538 mut—togfhllz‘
3444 430 3605 538 50::

243 562 362 625 thii,
396 561 447 613 in
477 568 726 627 quantum
774 556 1022 626 possibile
1062 566 1146 613 est
1187 555 1378 623 repleri
1423 569 1514 607 eos
1543 555 1632 623 qui
1664 554 1761 605 do-

240 660 428 704 centur
473 650 522 701 in
576 648 831 712 Ecclesia,
884 657 939 701 et
989 648 1087 701 sub
1149 645 1403 715 perfectis
1455 644 1762 697 doctoribus

240 746 400 805 agunt
427 735 556 805 (58).
589 736 839 803 Designat
870 744 1047 790 autem
1071 745 1127 789 et
1153 736 1394 789 scientia:
1419 735 1582 802 ipsius
1614 748 1761 785 men-

240 842 437 890 suram,
473 842 591 880 cum
628 827 797 880 dicit:
826 825 910 878 Ita
944 836 998 879 ut
1044 826 1252 893 possitis
1295 833 1343 878 et
1377 824 1506 877 alios
1537 840 1760 877 monere.

238 915 292 968 ln
329 930 432 983 quo
472 916 725 976 ostendit,
754 915 874 982 quia
909 916 960 969 in
992 929 1055 967 eo
1087 914 1227 982 quod
1254 914 1437 967 didicit
1461 913 1571 979 ('59)
1602 926 1764 965 unus-

240 1004 480 1071 quisque,
510 1005 664 1058 debet
695 1006 858 1057 etiam
912 1004 1071 1057 alium
1108 1017 1343 1065 monere,
1378 1013 1433 1056 et
1460 1003 1762 1069 huiusmodi

238 1107 357 1145 cum
406 1093 779 1162 condiscipulis
820 1094 1017 1146 habere
1065 1092 1351 1159 colloquia,
1403 1092 1595 1158 quibus
1623 1105 1681 1145 se
1710 1098 1764 1144 et

239 1191 489 1235 moneant
533 1182 783 1245 invicem,
812 1182 976 1251 676
1004 1190 1057 1236 et
1087 1182 1367 1235 aediﬁcent.
1396 1180 1578 1255 Potest
1622 1181 1762 1232 enim

238 1270 483 1324 conferre
517 1269 801 1338 plurimum
847 1268 1163 1321 eruditionis
1213 1268 1414 1319 alterna
1460 1267 1671 1321 collatio
1718 1266 1762 1319 si

241 1374 361 1413 cum
394 1358 652 1412 charitate
692 1359 952 1412 habeatur
974 1356 1105 1425 (40),
1137 1364 1190 1410 et
1224 1356 1290 1409 de
1336 1354 1764 1423 profundioribus

239 1448 544 1516 quibusque
568 1448 654 1501 vel
691 1447 1088 1502 obscurioribus
1122 1455 1394 1513 exspectet
1434 1445 1763 1498 eruditorum

238 1537 698 1607 perfectorumque
759 1536 1096 1598 sententiam,
1163 1536 1455 1589 secundum
1513 1535 1765 1601 quod,et

240 1627 444 1695 Moyses
465 1629 595 1682 dicit
617 1647 630 1682 :
657 1627 927 1696 Interroga
952 1639 1120 1696 patres
1152 1636 1290 1689 tuos,
1307 1637 1354 1679 et
1385 1624 1766 1680 annuntiabunt

241 1719 368 1783 tibi;
401 1718 717 1788 presbyteros
750 1728 888 1783 tuos,
922 1728 972 1772 et
1005 1720 1174 1772 dicent
1205 1720 1300 1772 tibi
1320 1720 1384 1771 ⁸⁸.

306 1809 393 1862 11.
414 1809 675 1862 Audacius
699 1818 869 1861 autem
887 1809 1069 1877 scripsi
1090 1809 1226 1861 vobis
1252 1825 1316 1862 ea:
1337 1819 1506 1876 parte,
1524 1818 1768 1877 tanquam

241 1912 640 1951 commemorans
670 1912 755 1950 vos
801 1912 891 1962 per
928 1899 1149 1964 gratiam
1192 1896 1369 1948 datam
1402 1896 1529 1948 mihi
1563 1912 1594 1947 a
1641 1894 1766 1959 Deo,

241 1999 295 2039 ut
315 1988 412 2041 sim
441 1987 742 2039 ministrans
766 1984 969 2037 Christo
992 1983 1121 2036 Jesu
1162 1985 1217 2035 in
1246 1985 1501 2052 gentibus,
1535 1984 1770 2049 sanctiﬁ-

242 2091 361 2128 rans
394 2072 724 2142 Evangelium
755 2073 872 2136 Dei,
897 2084 950 2124 ut
974 2075 1037 2124 sit
1064 2070 1253 2123 oblatio
1280 2072 1504 2139 gentium
1542 2080 1769 2135 accepta,

240 2164 560 2229 sanctificata
587 2164 641 2216 in
672 2161 870 2229 Spiritu
897 2161 1150 2215 sancto".
1187 2159 1461 2228 Tanquam
1505 2160 1596 2228 qui
1643 2174 1773 2212 con-

242 2253 384 2308 scius
414 2254 483 2307 sit
519 2253 619 2306 sibi
651 2256 699 2305 in
744 2254 886 2305 omni
921 2261 1063 2306 textu
1106 2251 1371 2319 Epistolas,
1406 2252 1529 2303 dum
1573 2251 1641 2303 ad
1681 2264 1773 2302 eos

244 2344 506 2397 interdum
531 2344 620 2411 qui
649 2357 713 2397 ex
746 2343 1150 2397 circumcisione
1179 2349 1323 2405 sunt,
1354 2341 1618 2394 interdum
1646 2354 1772 2392 vero

241 2433 308 2484 ad
337 2445 429 2485 eos
450 2433 538 2500 qui
569 2447 634 2485 ex
668 2432 912 2499 gentibus
938 2431 1282 2486 crediderunt
1304 2429 1501 2484 faceret
1527 2430 1771 2492 verbum,

240 2517 382 2585 quod
412 2517 659 2572 nonnulla
703 2520 864 2573 etiam
895 2521 962 2573 de
991 2519 1369 2574 secretioribus
1417 2517 1688 2586 mysteriis
1720 2526 1775 2571 et

243 2606 670 2676 profundioribus
714 2610 996 2676 contigerit
1024 2609 1154 2678 (41),
1195 2618 1248 2662 et
1285 2608 1461 2662 studio
1496 2609 1775 2661 reddendae

244 2696 469 2751 rationis
493 2696 642 2765 plura
668 2696 787 2764 quae
819 2699 1150 2751 habebantur
1176 2698 1227 2750 in
1258 2697 1482 2750 occultis
1508 2695 1776 2764 patefece-

244 2788 336 2851 rit,
358 2787 480 2840 licet
508 2786 561 2838 in
588 2786 809 2855 singulis
832 2787 1280 2854 dispensationem
1310 2787 1453 2839 verbi
1478 2795 1630 2839 cauta
1663 2800 1775 2837 mo-

244 2876 515 2930 deratione
551 2868 864 2937 servaverit,
895 2884 950 2929 et
997 2890 1065 2929 ex
1099 2875 1277 2943 aliqua
1308 2885 1461 2942 parte
1508 2875 1772 2941 indicans,

243 2981 308 3019 ex
356 2967 516 3021 multa
566 2982 773 3020 rursum
812 2977 961 3035 parte
1006 2965 1320 3031 contexerit,
1371 2966 1571 3018 idcirco
1601 2965 1770 3017 dicit:

243 3056 506 3109 Audacius
550 3068 717 3110 autem
768 3058 949 3124 scripsi
995 3057 1133 3110 vobis
1189 3071 1252 3108 ea:
1298 3067 1468 3123 parte,
1528 3065 1774 3122 tanquam

244 3160 641 3198 commemorans
686 3161 772 3198 vos
822 3161 911 3213 per
942 3145 1165 3213 gratiam
1193 3160 1308 3213 quia
1350 3145 1477 3195 data
1523 3153 1592 3195 est
1627 3144 1773 3194 mihi.

243 3236 408 3289 Audis
436 3234 543 3306 (42)
588 3235 891 3304 Apostolum
920 3235 1182 3288 dicentem
1216 3252 1229 3287 :
1264 3233 1347 3287 Ea:
1375 3243 1521 3299 parte
1560 3233 1782 3302 scripsi?

245 3322 398 3380 Unde
428 3341 598 3393 neque
637 3326 792 3380 nobis
840 3325 1033 3393 aliquis
1061 3334 1389 3387 succenseat,
1423 3323 1470 3377 si
1500 3322 1779 3391 mysterio-

248 3430 365 3468 rum
414 3417 713 3471 divinorum
751 3419 1008 3471 rationem
1059 3416 1345 3484 explanare
1404 3413 1470 3467 ad
1522 3413 1781 3480 liquidum

248 3519 354 3558 non
386 3506 644 3569 valemus,
672 3521 792 3561 cum
837 3506 1018 3561 audiat
1050 3520 1169 3558 eum
1204 3503 1292 3572 qui
1329 3504 1482 3556 nobis
1517 3503 1630 3556 haec
1662 3501 1774 3567 ipsa

249 3595 483 3659 tradidit,
511 3611 574 3649 ex
610 3605 759 3663 parte
808 3595 1087 3649 tradidisse
1112 3612 1125 3648 :
1152 3608 1321 3661 neque
1363 3593 1645 3660 quisquam
1676 3590 1776 3642 sub

248 3683 486 3738 scientia:
534 3684 685 3737 titulo
720 3685 792 3738 ita
837 3684 1049 3739 inﬂatus
1084 3684 1315 3747 incedat,
1364 3692 1616 3748 tanquam
1660 3677 1778 3730 uni-

248 3788 402 3827 versa
431 3775 758 3843 cognoverit,
790 3790 912 3829 cum
959 3774 1071 3843 ipse
1109 3772 1307 3826 Paulus
1345 3786 1374 3823 a
1407 3783 1512 3837 quo
1540 3765 1780 3820 scientiae

249 3865 403 3918 nobis
432 3880 606 3918 sermo
635 3864 933 3919 transfusus
958 3875 1061 3929 est,
1088 3879 1153 3916 ex
1184 3872 1332 3931 parte
1363 3876 1420 3913 se
1454 3859 1603 3913 dicat
1648 3855 1784 3910 scri-

246 3956 394 4019 bere.
436 3964 491 4007 et
537 3969 603 4007 ex
635 3965 784 4022 parte
824 3953 1221 4021 cognoscere”.
1253 3951 1362 4018 Ego
1415 3960 1592 4002 tamen
1639 3944 1784 4000 arbi-

249 4052 364 4099 tror
391 4046 533 4113 quod
578 4047 824 4114 quamvis
853 4047 1012 4101 etiam
1052 4046 1163 4114 ipse
1196 4043 1392 4096 Paulus
1436 4054 1504 4094 ex
1537 4048 1691 4107 parte
1725 4050 1784 4090 se

1861 508 1973 609 rit,
2035 558 2193 611 quam
2255 508 2559 606 scripserit.
2620 532 2947 597 Tanquam
3025 519 3219 575 enim
3270 511 3413 611 (4-5)
3503 508 3605 575 qui

1859 602 1972 703 ipse
2009 602 2172 686 multa
2213 602 2399 692 sciret,
2453 640 2556 679 nec
2610 631 2816 676 tamen
2858 602 3416 703 auderet--multa

1859 689 2022 786 ferre,
2055 719 2332 773 audaciam
2381 689 2486 768 sibi
2526 712 2706 765 fuisse
2756 707 2910 761 dicit
2948 711 3027 756 ut
3097 697 3339 763 aliqua
3385 689 3608 744 saltem

1861 812 2140 877 scripturae
2155 807 2543 859 committeret.
2565 799 2737 866 Quod
2763 808 2910 849 vero
2938 792 3072 852 ait,
3103 791 3610 877 commemorans

1860 916 1948 954 vos
1973 871 2073 965 per
2103 900 2332 966 gratiam
2370 893 2558 945 datam
2587 888 2751 952 mihi,
2785 884 3036 939 indicat
3080 878 3308 933 fuisse
3356 871 3609 966 quidem

1863 963 2119 1054 sibi-jam
2162 996 2473 1039 sermonem
2523 980 2592 1033 de
2643 975 2889 1039 talibus,
2939 981 3011 1026 et
3070 963 3487 1022 disseruisse
3545 971 3619 1053 se.

1862 1092 2004 1145 saepe
2027 1078 2094 1130 de
2119 1072 2422 1144 mysteriis;
2457 1070 2558 1123 sed
2588 1065 2864 1135 quoniam
2918 1074 3079 1129 quae
3118 1056 3274 1113 solo
3316 1066 3612 1108 sermone

1863 1144 2007 1221 dicta
2038 1174 2165 1219 sunt
2195 1160 2354 1217 facile
2379 1159 2494 1230 (44)
2525 1157 2879 1223 intercipere
2906 1158 3153 1222 posset
3190 1144 3469 1206 oblivio,
3505 1153 3614 1208 per

1864 1257 1998 1316 haec,
2027 1254 2223 1322 inquit,
2259 1263 2434 1319 pauca
2463 1261 2588 1315 quae
2637 1243 2849 1312 scripsi
2892 1256 3010 1311 per
3064 1236 3367 1309 gratiam
3406 1234 3614 1318 datam

1863 1344 2017 1407 mihi,
2062 1342 2275 1396 illorum
2309 1339 2467 1393 vobis
2522 1335 2871 1390 memoriam
2926 1343 3223 1391 revoco,
3265 1339 3418 1394 quin
3447 1337 3484 1375 a
3519 1334 3615 1374 me

1862 1432 2021 1487 latius
2053 1445 2196 1500 saepe
2236 1430 2470 1483 disserta
2515 1434 2673 1480 sunt.
2711 1424 2797 1477 De
2840 1420 3065 1489 gratia
3130 1426 3368 1471 autem
3428 1427 3614 1483 quam

1864 1522 1965 1575 sibi
1998 1520 2176 1574 datam
2226 1516 2430 1571 Paulus
2477 1522 2928 1578 commemorat,
2992 1520 3223 1577 supra
3261 1504 3404 1573 iam
3458 1502 3616 1557 dixi-

1866 1626 2002 1665 mus.
2054 1613 2224 1676 Quam
2274 1609 2514 1677 gratiam
2566 1605 2641 1660 ob
2697 1608 2814 1659 hoc
2851 1604 2981 1658 sibi
3028 1603 3278 1657 datam
3320 1596 3506 1662 dicit,
3552 1604 3614 1647 stt

1866 1701 1983 1763 sim,
2031 1699 2225 1766 inquit,
2278 1698 2599 1750 ministram
2639 1693 2876 1749 Christo
2925 1694 3098 1748 Iesu
3174 1693 3249 1745 in
3308 1689 3616 1759 gentibus,

1798 1783 2202 1854 Bsanctiﬁcans
2244 1784 2598 1855 Evangelium
2643 1784 2770 1838 Dei.
2827 1783 3013 1850 Quod
3075 1796 3216 1837 nos
3279 1778 3613 1838 habemus.

1868 1878 2201 1945 sanctiﬁcans
2241 1875 2597 1943 Evangetium
2636 1873 2765 1940 Dei,
2808 1874 3023 1930 Graeci
3069 1870 3614 1944 magniﬁcentius

1869 1969 2076 2031 dicunt,
2113 1964 2511 2038 ἱερουργοῦντα
2542 1968 2608 2020 τὸ
2641 1967 3027 2035 Εὑαγγέλιον
3062 1965 3193 2019 τοῦ
3229 1962 3427 2041 Θεοῆ,
3459 1963 3617 2032 quod

1870 2056 1995 2110 licet
2038 2072 2142 2112 non
2176 2059 2336 2127 plene
2383 2075 2414 2112 a
2451 2060 2613 2114 nobis
2633 2058 2781 2128 (45),
2819 2067 3048 2127 posset
3088 2067 3324 2111 tamen
3360 2055 3488 2109 dici
3515 2070 3615 2106 sa—

1873 2148 2117 2214 criﬁcans
2159 2147 2507 2216 Evangetium
2552 2147 2694 2213 Dei;
2733 2163 2841 2215 per
2877 2151 3057 2216 quod
3098 2148 3486 2203 ostenditur
3517 2161 3616 2200 sa-

1871 2238 2108 2293 crilicale
2135 2253 2270 2307 opus
2317 2254 2440 2293 esse
2481 2241 2829 2295 annuntiare
2862 2239 3341 2310 Evangelium.
3378 2239 3617 2294 Idcirco

1872 2330 2101 2398 denique
2132 2328 2540 2399 subiungitzllt
2583 2331 2684 2393 ﬁat
2718 2330 2948 2384 oblatio
2998 2333 3306 2401 gentium
3346 2342 3617 2399 accepta,

1874 2417 2200 2483 sanctiﬁcata
2233 2420 2289 2470 in
2334 2417 2545 2486 Spiritu
2584 2429 2811 2474 sancto.
2847 2419 3039 2473 Sicut
3077 2435 3250 2489 ergo
3285 2421 3616 2490 pontiﬁces

1872 2522 1993 2561 cum
2026 2506 2345 2573 offerebant,
2398 2509 2725 2562 necessario
2778 2510 2872 2563 eis
2917 2520 3077 2564 erat
3144 2512 3611 2581 providendum

1874 2613 1941 2652 ne
1989 2598 2194 2651 macula
2243 2598 2450 2653 inesset
2491 2599 2717 2666 hostiae,
2775 2616 2853 2655 ne
2908 2602 3364 2671 vituperatio,
3425 2619 3501 2658 ne
3529 2605 3614 2657 vi-

1877 2686 2003 2739 tium
2027 2684 2162 2757 (46),
2195 2698 2254 2739 ut
2280 2696 2466 2754 posset
2511 2698 2745 2755 accepta
2795 2703 2940 2744 esse
2980 2691 3129 2747 Deo
3171 2703 3244 2748 et
3305 2703 3489 2765 grata
3524 2694 3607 2762 ²¹;

1873 2778 1945 2831 ita
1969 2787 2022 2830 et
2044 2779 2133 2845 qui
2166 2776 2518 2846 Evangelium
2552 2780 2874 2846 sacriﬁcat,
2915 2789 2985 2837 et
3023 2786 3319 2840 verbum
3360 2787 3469 2842 Dei
3502 2801 3612 2841 an-

1873 2868 2108 2930 nuntiat,
2140 2883 2335 2921 curare
2368 2868 2709 2922 omnimodis
2737 2871 2947 2936 debet,
2985 2890 3074 2929 ne
3107 2890 3243 2944 qua
3285 2878 3352 2931 in
3390 2876 3609 2943 praedi-

1872 2957 2047 3011 cando
2075 2956 2302 3042 macula,
2347 2972 2416 3012 ne
2448 2960 2595 3026 quod
2631 2960 2685 3012 in
2729 2962 3026 3018 docendo
3064 2967 3336 3035 vitium,
3383 2984 3462 3024 ne
3492 2984 3609 3038 qua

1876 3046 1930 3099 in
1959 3046 2267 3115 magisterio
2300 3047 2463 3116 culpa
2494 3058 2804 3116 nascatur;
2840 3054 2953 3106 sed
2985 3094 3004 3117 ,
3043 3066 3120 3109 ut
3188 3059 3285 3111 ita
3317 3060 3610 3127 dixerim,

1874 3137 1919 3189 si
1947 3135 2062 3189 lieri
2095 3147 2292 3202 potest,
2323 3139 2685 3206 semetipsum
2723 3143 2927 3209 primo
2989 3146 3329 3211 immolet,
3376 3166 3447 3206 se
3486 3154 3606 3221 pri-

1876 3240 2019 3278 mum
2044 3224 2435 3294 vitiis‘jugulet,
2467 3243 2566 3280 sua
2591 3230 2754 3295 prius
2786 3243 3065 3297 peccato
3105 3240 3415 3293 membra
3451 3255 3609 3295 mor-

1879 3315 2067 3377 tiﬁcet,
2097 3320 2155 3365 ut
2180 3328 2286 3367 non
2317 3315 2496 3368 solum
2525 3316 2816 3379 doctrina,
2854 3319 2969 3373 sed
3021 3328 3093 3374 et
3127 3325 3291 3378 vita:
3324 3327 3606 3395 exemplo

1878 3402 2259 3471 discipulorum
2292 3403 2527 3457 salutem
2579 3404 2948 3461 oblationem
3013 3426 3215 3465 suam
3250 3414 3393 3488 (47)
3434 3431 3604 3471 acce-

1879 3502 2025 3562 ptam
2076 3494 2241 3552 faciat
2288 3493 2420 3547 Deo.
2473 3494 2871 3563 Sanctiﬁcata,
2930 3498 3187 3569 inquit,
3264 3509 3333 3560 in
3380 3507 3606 3575 Spiritu

1880 3592 2079 3639 sancto.
2117 3582 2582 3638 Sanctiﬁcationis
2636 3584 2767 3638 fons
2821 3586 3111 3655 Spiritus
3169 3606 3443 3653 sanctus
3492 3608 3603 3663 est,

1881 3681 1936 3727 et
1962 3673 2083 3727 ideo
2106 3674 2311 3727 oblatio
2339 3674 2583 3742 gentium
2614 3690 2743 3743 qua:
2780 3675 2982 3734 Paulo
3033 3690 3464 3745 sacriﬁcante
3486 3691 3604 3761 (48)

1881 3761 2128 3827 offertur,
2163 3776 2269 3815 non
2303 3776 2401 3830 per
2424 3762 2853 3818 observantiam
2905 3769 3104 3840 legis,
3148 3777 3271 3831 sed
3327 3794 3445 3847 per
3474 3779 3607 3850 Spi-

1882 3854 2045 3907 ritum
2071 3861 2316 3906 sanctum
2357 3864 2581 3922 accepta
2618 3855 2743 3908 ﬁeri
2776 3856 3023 3914 dicitur
3064 3864 3233 3921 Deo.

1946 3942 2039 3996 12.
2084 3940 2261 3996 Habeo
2286 3942 2450 4011 igitur
2470 3942 2701 4011 gloriam
2724 3946 2785 4000 in
2808 3946 3065 4005 Christo
3094 3953 3265 4010 Jesu
3288 3961 3375 4012 ad
3398 3960 3602 4016 Deum.

1886 4030 2011 4084 Non
2038 4033 2177 4083 enim
2212 4032 2381 4085 audeo
2426 4032 2637 4101 aliquid
2687 4034 2849 4103 loqui
2905 4055 3136 4097 eorum
3176 4062 3325 4114 quae
3368 4067 3481 4118 per
3517 4069 3605 4107 me

319 4202 363 4235 ⁸⁸
388 4201 545 4257 Deut.
580 4217 752 4267 χχιιι,
781 4201 833 4255 7.
907 4201 951 4234 ¹⁹
980 4200 1133 4255 Rom.
1172 4214 1260 4253 xv.
1294 4198 1381 4264 15,
1416 4196 1506 4251 16.
1573 4196 1618 4227 ³⁰
1638 4194 1763 4248 ibid.

1952 4190 2079 4247 Cor.
2098 4206 2220 4258 xm,
2252 4191 2342 4245 12.
2417 4193 2462 4224 ἰ
2485 4190 2671 4249 Levit.
2694 4209 2849 4263 χχιι,
2877 4199 2998 4261 21ς
3033 4203 3230 4263 Deut.
3264 4212 3484 4279 xvﬁi.

318 4360 431 4434 ιβτ)
454 4359 546 4434 Sic
573 4375 700 4434 mss.
723 4360 861 4415 Editi
892 4373 1039 4424 vero,
1066 4357 1144 4411 vel
1167 4356 1412 4418 bonitate,
1438 4352 1514 4408 vel
1540 4354 1776 4422 scientia,
1807 4364 1854 4419 Ι)
1881 4348 2049 4434 Paulo
2074 4347 2222 4434 intra
2253 4347 2564 4434 editi‘loco
2602 4351 2859 4419 proferre
2892 4355 3142 4434 habent
3192 4366 3455 4434 referre.
3488 4370 3599 4427 Ms.

248 4429 448 4486 omisso
476 4429 557 4481 bis
584 4433 761 4481 etiam.

473 4496 631 4570 Editi,
656 4504 897 4570 aguntur.

321 4556 440 4634 (39')
466 4556 664 4619 Omnes
688 4556 845 4626 iussn
872 4563 1027 4628 dicit;
1074 4562 1343 4625 Rabanus,
1382 4557 1599 4622 didicit;
1630 4556 1780 4623 editi,

248 4636 420 4691 discit.

321 4702 430 4773 (40)
468 4702 593 4756 Mss.
614 4700 886 4773 ﬂuidam.
943 4700 989 4752 si
1020 4713 1147 4773 sunt
1197 4696 1458 4749 hilaritate
1510 4695 1780 4773 habeatur,

251 4765 451 4828 Deinde
477 4786 576 4824 ms.
614 4765 809 4837 Regius
839 4783 984 4822 num.
1014 4766 1168 4837 1659,
1196 4775 1521 4837 exspectatur
1559 4765 1783 4815 erudito-

252 4857 366 4894 rum
411 4832 848 4909 perfectoruinque
893 4836 1169 4890 sententia.
1201 4834 1268 4887 Et
1290 4832 1452 4909 paulo
1492 4842 1631 4909 post
1644 4846 1777 4909 inss.

251 4899 472 4980 aliquot,
501 4899 776 4974 Interroga
800 4918 1016 4980 patrem
1056 4914 1219 4965 tuum,
1250 4911 1354 4955 etc.
1402 4901 1507 4953 Sed
1550 4899 1781 4967 potiores

254 4974 380 5033 mss.
404 4977 651 5029 Rabanus
676 4987 730 5027 et
754 4974 878 5026 editi
919 4985 975 5026 ut
1005 4975 1057 5028 in
1090 4983 1272 5024 nostro
1299 4980 1467 5022 textu.

320 5045 429 5114 (41)
462 5044 560 5114 Ms.
617 5042 811 5114 Hegias
842 5058 1009 5114 Anum.
1057 5041 1215 5114 i659,
1263 5038 1565 5114 coniecerit.
1618 5034 1781 5114 Paulo

253 5107 370 5180 post
402 5107 549 5175 editi,
579 5107 896 5179 patefecerit,
928 5112 1036 5162 licet
1066 5110 1117 5161 in
1146 5108 1363 5180 singulis
1402 5107 1782 5180 dispensatione

254 5172 392 5232 verbi
434 5172 839 5233 moderationem
872 5172 1166 5239 servaverit,
1195 5172 1257 5228 ea:
1287 5178 1461 5245 aliqua
1484 5172 1656 5244 parte
1680 5172 1780 5245 in:

257 5248 460 5309 dicans,
487 5264 550 5300 ea:
578 5247 740 5299 multa
776 5263 982 5299 rursum
1016 5256 1162 5314 parte
1201 5239 1489 5312 contegens,
1510 5239 1628 5314 'etc.
1676 5239 1780 5314 Sed

258 5308 606 5368 omnes'mss.
656 5324 711 5367 et
764 5308 1103 5368 Babanus'ut
1155 5314 1205 5366 in
1265 5308 1441 5376 textu;
1492 5312 1593 5366 nisi
1641 5308 1780 5377 quod

260 5382 479 5450 quidam,
501 5397 776 5447 perperam
801 5384 1028 5437 habeant
1059 5398 1179 5436 cum
1209 5380 1456 5448 Rabano,
1483 5376 1781 5450 patefecerit

258 5447 385 5498 luce.
399 5485 415 5507 ,
436 5449 503 5499 al.
528 5450 712 5501 lucere.

331 5513 442 5589 (42)
478 5514 565 5566 Sic
588 5531 687 5589 ius.
735 5533 871 5589 unus
899 5528 952 5571 et
975 5517 1247 5574 [tab-anus.
1273 5518 1462 5572 Crateri
1487 5532 1616 5572 vero
1649 5527 1779 5570 mss.

266 5584 435 5633 nostri
461 5591 511 5632 et
542 5584 686 5642 editi,
723 5585 879 5638 Audi.

338 5646 450 5715 (t5)
480 5645 644 5703 Enim.
659 5650 969 5707 destituitur
1010 5671 1079 5711 ex
1108 5670 1206 5711 ms.
1250 5653 1422 5723 ﬁegio.
1451 5669 1596 5711 num.
1627 5653 1778 5709 1659.

1882 4432 2043 4498 unus,
2066 4416 2226 4498 ferre.
2257 4417 2326 4469 Et
2368 4427 2491 4498 post
2536 4416 2716 4498 pauca
2766 4436 2881 4477 ms.
2918 4425 3169 4497 Regius
3202 4416 3574 4496 ιίὰἶιῇξῖδξῤ

1880 4486 2078 4566 inter;
2100 4486 2292 4566 tesi!“
2314 4484 2553 4566 auidae
2572 4487 2772 4566 asiam
2799 4484 3175 4566 εεηηοιῖρηί,
3202 4484 3387 4561 si:

1910 4610 1915 4613 ι
2286 4552 2356 4637 με
2382 4553 2558 4637 facili.
2753 4566 2818 4637 et
2847 4552 3185 4634 Rabattus',
3227 4552 3420 4637 facile

1950 4617 2075 4703 {45),
2092 4620 2183 4703 Sic
2202 4617 2459 4703 ltabauius
2486 4631 2544 4703 e_t
2571 4625 2731 4678 editi.
2749 4626 2978 4703 anes
3010 4617 3185 4691 vero,
3206 4617 3593 4703 ιῖὧὲῒῖίοειτὶ

1881 4691 2092 4784 bene
2110 4690 2492 4784 “cinctae:
2515 4692 2672 4784 iacta
2682 4694 2879 4784 9195
2893 4705 3059 4784 md
3083 4705 3239 4784 tice:
3271 4684 3597 4784 enim;

1879 4758 2962 4855 1’..’3f’.-”.".‘;.‘3‘3‘3‘1‘3.2:32.23”:se???
2984 4758 3396 4855 ιιξιδξιὲιὶιέἓὶ
3423 4758 3591 4855 Silii}:

2868 4825 3081 4923 r6:

1882 4911 2008 4980 u'ss:
2040 4908 2100 4948 ει
2128 4895 2407 4980 Babae
2440 4895 2561 4958 ειιίίν
2598 4895 2922 4980 sacriﬁcate
2972 4895 3590 4980 amaturus:

1878 4942 3123 5042 ῧῖιῖἐέ.ἶδεῖξιῖέὶιῖἷῖνῖάὶῖςῐῆἑιὶῖἵὲἷιιεῗ¹’”’
3145 4954 3168 4977 ’
3398 4942 3437 4991 ”

1951 5030 2066 5115 (.46)
2085 5033 2310 5115 .@d_iti_et
2331 5048 2462 5115 mss.
2487 5030 2840 5115 quidamqte
2865 5030 3328 5113 vituperationis
3356 5063 3559 5115 uitium

2065 5100 2290 5202 ,ιὲξιξιίὲξ
2321 5103 2586 5202 sitast:
2621 5111 2968 5202 ξςξξὶινειιεο
3019 5119 3170 5202 Sed.
3366 5103 3587 5202 ιιεεειιέ

1882 5181 2037 5257 non}:
2065 5171 2206 5257 roso
2237 5170 2899 5257 et..itabanus.;recte'ut
2938 5188 2993 5236 in
3032 5170 3585 5257 nosiéa'i'eiifﬁi

1880 5237 2047 5325 paulo
2078 5249 2203 5308 post
2233 5243 2387 5325 editi,
2418 5246 2742 5313 sanctiﬁcat
2770 5266 2789 5304 :
2810 5262 2868 5306 at
2898 5237 3583 5325 (stillicidiis-5.722753

1880 5305 2095 5377 hamis,—
2120 5305 2413 5377 sacriﬁcat.

1881 5372 3582 5499 miti’i§s_'t.::-.e%::.t::.°.3&.sanguine:sese:

2015 5485 2030 5540 ἶ
2041 5453 2635 5540 ἓξᾷθιᾴἱεςὶρᾳιοηῐηι
2659 5462 2846 5540 salute
2871 5453 3575 5540 oblationem'suaniﬁ't‘c:

1880 5508 2597 5608 Βθβζεξξξιῆξοέξξδεὶρίιιοτᾳηι
2647 5535 2894 5608 salutem
2944 5508 3573 5608 oblati‘o'r'i.e.::::’

1880 5581 2270 5723 sa
2311 5581 2740 5676 sanctiﬁcanie";
