3910 6254
254 215 379 269 1271

1672 232 1976 290 ORICENIS

3453 225 3600 280 ΙΞΤΞ.

319 338 404 391 15.
445 338 600 392 Nunc
622 341 754 392 'vero
787 307 1006 394 ulterius
1053 345 1220 399 locum
1259 365 1360 401 non
1397 350 1583 405 habens
1609 355 1661 406 in
1693 355 1772 407 liis
1800 361 1844 413 Α
1875 365 2071 408 tantum
2099 365 2269 409 autem
2300 372 2424 429 erga
2453 373 2509 412 se
2547 360 2974 412 Romanorum
3015 350 3244 406 nutrit
3286 348 3595 414 affectum,
3644 419 3650 423 ι

257 429 562 494 regionibus,
593 431 900 482 desiderium
942 440 1109 486 autem
1147 437 1334 489 habens
1370 441 1537 493 venire
1579 443 1646 494 ad
1687 461 1772 498 vos

250 517 438 583 fumea:
461 520 631 570 multis
653 521 1049 584 praecedentibus
1070 527 1238 589 annis,
1254 544 1367 579 cum
1392 530 1446 582 in
1469 530 1772 599 Hispaniam

249 609 569 674 proﬁciscar,
612 625 755 675 spero
794 612 928 677 quod
961 617 1380 682 prtrtcrgrediens
1413 622 1607 675 videam
1650 642 1734 677 vos
1756 666 1769 690 ,

251 707 298 749 et
329 715 359 748 a
380 699 512 748 vobis
555 699 780 749 deducar
820 700 964 762 illuc,
994 719 1108 754 cum
1139 707 1303 771 primo
1319 724 1382 760 ea:
1401 719 1544 775 parte
1581 712 1772 779 fruitus

249 785 396 850 [uero
420 785 554 836 vobis
583 786 644 836 ⁸⁷.
681 784 904 842 Videtur
930 789 1041 841 haec
1072 792 1120 842 in
1151 793 1348 848 Achaia
1369 799 1569 858 positus
1597 802 1772 856 dicere

249 872 384 936 apud
413 871 751 936 Corintlmm,
781 875 920 927 sicut
948 885 999 928 et
1026 877 1076 928 in
1109 880 1290 944 primis
1319 882 1564 950 Epistolas
1603 890 1769 955 parti-

247 961 342 1012 bus
386 960 494 1026 jam
542 977 638 1029 pro
687 964 888 1018 viribus
932 967 1408 1028 demonstravimus
1454 977 1610 1044 (6i):
1654 994 1770 1046 qua:

245 1050 428 1118 utique
458 1054 656 1106 Achaia
691 1055 860 1109 vicina
903 1067 955 1111 et
994 1061 1270 1117 coluerens
1316 1076 1396 1118 est
1425 1068 1764 1124 Macedonia}.

244 1140 300 1194 In
327 1145 517 1210 quibus
544 1144 676 1198 locis
707 1150 937 1216 degens,
966 1166 1085 1203 cum
1131 1154 1332 1222 singula
1383 1172 1604 1225 quaeque
1648 1177 1770 1227 per-

239 1244 479 1300 agrasset
503 1235 842 1307 Evangelium
871 1243 1165 1307 praedicans
1193 1247 1244 1298 in
1274 1247 1354 1300 his
1381 1249 1630 1303 duntaxat
1655 1253 1769 1305 lini-

241 1324 339 1375 lms
381 1325 430 1376 in
477 1327 668 1392 quibus
709 1328 953 1384 Christus
988 1342 1108 1386 ante
1145 1350 1246 1387 non
1291 1337 1463 1389 fuerat
1508 1341 1766 1406 praedica-

242 1423 326 1465 tus
356 1414 490 1482 (62),
515 1427 568 1468 et
604 1420 872 1485 agnitione
905 1421 996 1474 Dei
1047 1424 1299 1489 replesset
1341 1427 1608 1489 universa,
1644 1430 1769 1482 dicit

242 1503 458 1557 ulterius
501 1519 558 1558 se
605 1506 776 1560 locum
824 1525 923 1562 non
977 1511 1171 1566 habere
1218 1515 1267 1566 in
1309 1515 1393 1568 his
1440 1518 1760 1584 regionibus,

241 1594 340 1646 hoc
368 1604 469 1658 est,
493 1595 664 1648 locum
705 1599 908 1652 nullum
945 1603 1107 1671 678
1130 1605 1228 1656 sibi
1260 1619 1536 1671 superesse
1567 1608 1764 1662 Christi

1872 454 1925 496 et
1953 446 2360 500 remorationem
2389 463 2543 501 suam
2578 449 2635 500 in
2667 448 2947 515 ipsorum
2987 441 3287 496 arbitrio
3318 439 3597 502 collocat,

1870 543 1926 586 ut
1958 534 2098 586 dicat
2123 548 2179 588 se
2218 535 2285 588 ab
2315 537 2445 602 ipsis
2475 536 2885 590 deducendmn
2937 535 3013 587 ad
3059 531 3464 600 Hispaniam
3499 569 3514 591 ,
3544 540 3599 581 et

1873 633 1995 676 tunc
2026 624 2390 677 deducendum
2417 665 2432 690 ,
2461 640 2588 678 cum
2623 627 2772 694 ipsis
2797 626 2970 693 prius
3007 625 3078 675 in
3137 634 3378 673 amore
3427 620 3594 672 Sﬂlis‘

1872 713 2055 764 fecerit
2097 729 2111 764 :
2158 713 2212 764 in
2259 728 2363 780 quo
2423 716 2614 780 utique
2669 716 2717 768 si
2777 714 3260 783 propensiores
3348 710 3599 762 exstite-

1872 803 2012 865 rint,
2059 803 2373 856 demorandi
2418 805 2626 858 diutius
2674 818 2894 859 causas
2944 803 3073 872 ipsi
3134 800 3455 868 Apostolo
3492 799 3600 852 da-

1867 891 2018 943 bunt.

1938 981 2024 1033 M.
2058 979 2212 1033 Nunc
2233 998 2353 1034 vero
2381 983 2704 1050 proﬁciscar
2735 984 2796 1035 in
2821 981 3202 1035 Jerusalem
3253 980 3602 1032 ministrare

1869 1070 2081 1122 sanctis.
2111 1067 2323 1122 Placuit
2358 1073 2498 1123 enim
2531 1071 2887 1124 Macedonia:
2916 1082 2970 1124 et
2998 1070 3292 1123 Achaia?
3325 1069 3455 1136 (68)
3491 1071 3603 1121 co!—

1868 1159 2109 1212 lationem
2148 1162 2387 1226 aliquam
2425 1161 2606 1228 facere
2636 1164 2694 1213 in
2743 1177 3035 1228 pauperes
3084 1171 3468 1211 sanctorum
3505 1162 3603 1228 qui

1867 1257 1988 1296 sunt
2024 1249 2077 1296 in
2124 1246 2444 1298 Jerusalem.
2490 1247 2849 1317 Complacuit
2901 1249 3078 1298 enim
3111 1287 3131 1309 ,
3191 1256 3259 1298 et
3309 1248 3602 1301 debitores

1866 1343 1982 1384 sunt
2026 1349 2204 1385 eorum
2252 1335 2366 1406 (69)
2415 1351 2429 1387 :
2473 1338 2742 1401 quoniam
2785 1338 2836 1386 si
2873 1335 3342 1402 spiritualium
3403 1352 3600 1389 eorum

1865 1424 2141 1489 participes
2169 1427 2325 1490 [astte
2353 1434 2480 1476 sunt
2504 1435 2722 1492 'gentes,
2756 1425 2969 1476 debent
3015 1433 3086 1476 et
3124 1428 3206 1475 in
3253 1424 3601 1476 carnalibus

1867 1514 2165 1564 ministrare
2200 1515 2294 1564 eis.
2327 1512 2441 1564 Hoc
2478 1530 2606 1580 ergo
2646 1531 2770 1566 cum
2807 1523 3389 1577 consummavero,
3424 1525 3476 1565 et
3514 1531 3603 1566 as-

1865 1604 2135 1670 signavero
2177 1604 2250 1655 eis
2287 1604 2526 1669 fructum
2563 1605 2711 1656 hunc
2738 1644 2756 1667 ,
2798 1607 3201 1672 proﬁciscar
3254 1622 3370 1674 per
3403 1623 3502 1658 vos
3543 1608 3600 1658 in

238 1685 628 1750 praedicationis
654 1703 897 1752 vacuum,
929 1702 981 1744 et
1012 1703 1218 1760 tempus
1260 1693 1368 1760 jam
1401 1697 1586 1751 adesse
1622 1701 1763 1752 desi-
1793 1668 1835 1720 Β
1863 1691 2197 1758 Hispaniam
2244 1691 2370 1746 δι’ίο
2413 1694 2556 1745 enim
2593 1699 2870 1761 quoniam
2912 1697 3193 1747 υεηίεηε
3232 1697 3318 1746 (τά
3353 1711 3490 1760 υοεν
3540 1712 3600 1748 ιη

239 1779 366 1834 gnat
408 1785 514 1837 quo
546 1774 864 1828 desiderium
902 1793 1052 1831 suum
1088 1783 1296 1836 videndi
1337 1799 1428 1838 eos
1458 1787 1546 1852 qui
1582 1787 1762 1842 Rouue

239 1867 362 1910 sunt
389 1859 574 1913 debeat
600 1863 887 1930 adimplere
922 1884 934 1918 :
969 1870 1106 1934 quod
1140 1883 1453 1941 conceptum
1485 1891 1552 1929 ex
1587 1878 1762 1930 multis

237 1946 390 1999 anuis
418 1950 652 2015 gerebat,
690 1953 908 2006 dilatum
957 1963 1133 2009 autem
1177 1960 1428 2016 fueratet
1455 1965 1760 2019 dissimula-

239 2042 372 2101 tum,
403 2039 572 2093 donec
598 2056 807 2096 omnem
840 2046 1012 2100 locum
1038 2049 1089 2102 in
1115 2066 1218 2118 quo
1238 2051 1482 2107 Christus
1511 2070 1614 2107 non
1649 2058 1761 2110 l'ue-

240 2137 321 2180 rat
353 2131 668 2195 praedicatus
694 2173 709 2197 ,
741 2136 1008 2202 agnitione
1053 2140 1325 2207 Evangelii
1369 2142 1484 2209 ejus
1510 2147 1756 2212 repleret.

237 2215 390 2281 Quod
420 2230 594 2274 autem
629 2224 798 2287 dixit,
834 2224 962 2278 Cum
999 2229 1053 2280 in
1095 2229 1398 2294 Hispaniam
1435 2235 1756 2301 proﬁciscar,

232 2321 381 2369 spero
412 2311 548 2375 quod
577 2315 993 2380 prwtergrediens
1025 2317 1222 2369 videant
1255 2335 1362 2385 vos,
1391 2336 1491 2374 non
1521 2323 1589 2375 ita
1618 2327 1759 2377 acci-

236 2398 482 2462 piendum
531 2409 610 2453 est
658 2404 808 2467 quasi
843 2413 946 2456 tam
991 2420 1156 2472 parvo
1194 2423 1374 2462 amore
1411 2410 1602 2466 Paulus
1632 2430 1755 2482 erga

231 2485 500 2541 Romanos
532 2497 817 2555 teneretur,
855 2502 911 2544 ut
939 2508 1030 2548 eos
1056 2496 1108 2546 in
1145 2500 1369 2549 transitu
1397 2506 1756 2556 tantummodo

229 2585 284 2626 et
323 2575 573 2630 aliorsum
609 2592 832 2645 pergens
864 2580 1129 2646 iudicaret
1157 2585 1422 2644 visendos.
1457 2589 1585 2641 Vide
1615 2593 1752 2644 enim

231 2664 282 2715 in
331 2666 777 2735 subsequentibus
816 2674 941 2739 quid
985 2674 1242 2741 adjungit.
1273 2676 1399 2730 Cum
1450 2683 1633 2748 primo,
1671 2685 1752 2736 iu-

233 2753 368 2818 quil,
399 2771 461 2807 ea:
492 2769 637 2819 parte
661 2759 855 2824 fruitus
892 2762 1038 2826 [uero
1072 2766 1227 2818 vobis.
1263 2767 1317 2818 In
1359 2784 1460 2833 quo
1493 2773 1670 2836 utique
1700 2775 1752 2826 in

235 2841 467 2906 ipsorum
509 2848 718 2900 videtur
756 2865 950 2915 ponere
997 2865 1290 2920 potestate,
1323 2863 1532 2925 quando
1571 2864 1637 2915 ab
1677 2865 1753 2918 eis

234 2936 336 2989 iter
365 2938 690 3005 propositum
730 2941 918 2994 debeat
964 2946 1234 3000 relaxari:
1262 2959 1316 3001 et
1361 2965 1454 3016 per
1489 2954 1587 3005 hoc
1621 2969 1750 3020 quo-
1778 2973 1817 3027 ο

232 3027 350 3079 dam
383 3030 538 3080 modo
577 3045 808 3084 amorem
839 3033 1065 3098 ipsormu
1103 3052 1226 3106 erga
1259 3055 1315 3092 se
1353 3043 1538 3095 invitat
1563 3054 1616 3098 et
1649 3063 1746 3097 nu-

231 3118 322 3169 trit
347 3155 361 3178 ,
387 3127 447 3169 ut
471 3119 514 3169 si
551 3120 652 3185 ipsi
694 3121 1064 3177 insatiabiliter
1095 3141 1217 3194 erga
1245 3128 1490 3183 aﬂ'ectum
1534 3143 1748 3187 tenean-

228 3212 318 3256 tur
359 3205 594 3274 Aposloli
623 3249 636 3271 ,
686 3211 853 3263 sciant
894 3213 1004 3280 (65)
1052 3215 1212 3267 etiam
1250 3218 1418 3284 ipsum
1463 3222 1511 3272 id
1554 3224 1748 3278 habere

225 3296 475 3361 propositi
527 3311 626 3347 non
667 3298 812 3362 prius
857 3299 924 3351 ab
956 3302 1033 3354 eis
1077 3303 1384 3370 discedere,
1428 3323 1598 3376 neque
1642 3312 1746 3363 alio

226 3384 486 3450 proﬁcisci
512 3386 645 3456 (64),
681 3402 838 3454 quam
867 3391 1144 3446 charitatis
1168 3396 1398 3461 ipsorum
1435 3399 1604 3462 gratia
1629 3417 1746 3466 per-

226 3472 457 3528 fruatur.
489 3475 657 3540 Quam
691 3486 866 3531 tamen
902 3481 1214 3536 charitatem
1255 3493 1448 3537 tantam
1474 3492 1746 3554 praesentit

225 3561 456 3614 futuram
479 3603 493 3625 ,
530 3566 612 3616 cui
656 3581 752 3620 nec
785 3569 948 3633 possit
984 3583 1048 3622 ex
1093 3573 1296 3641 integro
1340 3575 1623 3641 satisﬁeri,
1652 3580 1743 3632 sed

220 3667 286 3705 ea:
312 3661 476 3718 parte,
513 3655 702 3720 inquit.
737 3656 1027 3712 Praunonet
1058 3660 1168 3728 (65)
1198 3665 1338 3715 enim
1371 3666 1506 3730 quod
1549 3667 1599 3718 itt
1625 3683 1742 3719 om-

221 3740 378 3794 nibus
405 3744 796 3811 evangclizandi
828 3750 1116 3802 necessitas
1139 3751 1464 3816 praeferenda
1497 3755 1582 3806 sit.
1604 3755 1744 3810 Bene

222 3839 397 3888 autem
437 3833 518 3886 his
547 3847 680 3900 quos
716 3835 946 3888 noadutn
995 3840 1287 3893 secundum
1334 3857 1546 3896 carnem
1594 3846 1743 3899 vide-

232 3930 335 3983 rat,
361 3930 415 3974 et
441 3921 506 3973 ad
534 3937 666 3989 quos
696 3927 924 3979 nondum
960 3929 1012 3979 in
1041 3944 1264 3997 corpore
1292 3933 1581 3986 advenerat
1605 3935 1739 4000 (66),

219 4011 553 4076 praesentiam
591 4013 672 4065 sui
700 4025 754 4068 et
785 4018 1192 4071 remorationem
1225 4022 1544 4077 moderatius
1589 4025 1742 4090 polli-

219 4102 408 4154 cetur.
441 4101 850 4159 Desiderabilius
891 4109 1028 4161 enim
1074 4112 1390 4178 suscipimus
1434 4113 1570 4166 bona
1625 4130 1740 4181 qua:

216 4186 324 4238 cito
362 4189 642 4243 metuimus
691 4191 979 4248 auferenda
1021 4212 1036 4246 :
1083 4200 1319 4251 securius
1351 4215 1474 4252 vero
1512 4201 1738 4269 negligi-

217 4288 334 4326 mus
359 4278 494 4343 quod
522 4289 817 4338 retenturos
844 4285 954 4354 (67)
981 4301 1073 4343 nos
1104 4287 1300 4339 diutius
1332 4289 1614 4341 credimus.

429 4519 559 4592 dee
575 4521 788 4592 Prefat.
818 4526 868 4577 in
903 4528 1035 4580 hanc
1062 4527 1227 4592 Epist.

284 4581 392 4665 (ϐξ)
433 4588 530 4665 Μεέ
573 4590 766 4659 Regius
812 4610 954 4665 num.
1000 4581 1171 4658 4659,
1202 4581 1253 4648 in
1300 4599 1483 4665 quibus
1535 4603 1729 4656 Christi

216 4659 333 4703 ante
362 4671 461 4709 non
496 4657 673 4720 fuerat
705 4664 1026 4724 praedicatio.
1055 4657 1164 4718 Sed
1202 4657 1375 4720 cancri
1405 4685 1532 4724 mss.
1563 4672 1730 4724 Raba-

217 4735 314 4778 n_us
341 4733 395 4773 et
422 4726 546 4777 editi
581 4738 637 4779 ut
668 4728 717 4781 in
745 4735 909 4782 textu.

283 4788 393 4856 (65)
422 4793 746 4870 Ms._Regius
775 4815 920 4870 num.
947 4800 1101 4861 1659,
1129 4813 1181 4854 ut
1212 4804 1314 4856 sint
1339 4805 1433 4870 ipsi
1460 4807 1730 4859 insatiabi-

215 4852 300 4904 les
325 4852 446 4934 erga
474 4852 720 4934 _a/)"ectiim
754 4868 1002 4933 Apostoli,
1029 4852 1194 4922 sciant
1269 4852 1370 4924 etc:
1393 4852 1512 4926 'Sed
1553 4879 1726 4929 caeteri

215 4935 365 4994 Ittss.,
394 4929 658 4990 Rabanus,
688 4945 742 4986 et
764 4929 886 4987 editi
917 4929 1047 4988 utin
1079 4929 1243 4994 texui.

283 4991 528 5080 (64)“l‘t_an
552 5001 674 5050 editi
717 5013 770 5054 et
811 5005 1045 5080 plerique
1067 4991 1346 5080 _mss.vMs.
1382 5025 1506 5063 vero
1536 5011 1730 5080 Regius

217 5070 357 5110 nutu.
397 5065 529 5118 1659
551 5106 565 5130 ,
603 5085 760 5135 neque
791 5065 921 5123 alias
961 5065 1266 5138 (Rabanus,
1293 5093 1451 5145 neque
1476 5084 1541 5130 ad
1575 5065 1726 5149 alios)

217 5126 481 5188 proﬁcisci.

213 5133 481 5185 proﬁcisci.

285 5197 388 5282 (66)
430 5203 517 5278 sic
544 5205 692 5283 editi,
711 5218 771 5283 [et
799 5207 1066 5283 Rabanus.
1095 5211 1217 5266 Mss.
1248 5228 1373 5267 vero
1401 5219 1563 5270 nostri
1594 5217 1681 5270 alii
1709 5261 1723 5283 ,

217 5251 535 5342 Promisi-nit;
565 5251 966 5342 alii,'l’roponit.

421 5329 575 5407 Editi,
607 5329 667 5388 in
699 5329 848 5393 carne
883 5347 1176 5401 advenerat.

424 5399 556 5486 Etli‘li
577 5412 858 5486 ..θείω-ξω
885 5395 1442 5485 υειίδὲῖἷιίριὶοεηιὶυε
1473 5425 1612 5486 quod
1647 5441 1727 5476 re-

480 5471 727 5554 ctczMss.
743 5477 880 5554 duo,
905 5469 1267 5554 retentatur'os:
1299 5504 1392 5554 pro
1416 5469 1720 5546 reienturos.

716 5525 726 5528 -
766 5525 1241 5540 ,η,-,--,.--.....νν
1317 5525 1718 5546 ..νηηη-ιυυο.

217 5525 278 5575 Εἰ
310 5532 459 5613 paulo
488 5548 601 5600 post
633 5544 776 5604 editi,
805 5559 857 5596 ut
890 5552 1221 5606 niorationem
1249 5525 1460 5608 idum...
1490 5558 1718 5613 collucet.

1862 1782 2186 1833 abundantia
2213 1783 2592 1834 benedictionis
2635 1783 2848 1835 Christi
2873 1786 3137 1837 veniant
3173 1787 3260 1839 ³³.
3296 1789 3596 1852 Quoniam

1859 1868 2119 1935 placuerit
2147 1869 2472 1923 Macedonia:
2497 1880 2553 1923 et
2577 1873 2815 1926 Achaia:
2840 1872 3288 1929 collationem
3325 1878 3594 1945 aliquam

1861 1956 2036 2011 facere
2069 1959 2120 2010 in
2151 1973 2414 2026 pauperes
2459 1970 2790 2014 sanctorum
2843 1964 2958 2030 qui
3021 1975 3201 2018 sunt
3239 1967 3304 2019 in
3350 1966 3599 2023 Jerusa-

1859 2047 2004 2110 lem,
2047 2062 2330 2114 possumus
2362 2058 2416 2102 et
2459 2050 2528 2102 de
2575 2052 2831 2103 secunda
2887 2052 3207 2120 Epistola
3258 2057 3340 2108 ad
3381 2057 3596 2110 Corin-

1862 2139 2000 2190 thios
2025 2138 2234 2205 plenius
2264 2139 2494 2202 discere,
2526 2141 2580 2192 in
2609 2155 2719 2207 qua
2753 2142 2873 2195 hoc
2901 2145 3111 2197 modo
3153 2148 3392 2200 scribit
3425 2150 3548 2218 (70)
3573 2169 3591 2203 :

1862 2225 2053 2279 Notam
2088 2239 2261 2281 autem
2292 2229 2432 2294 facio
2462 2231 2632 2293 vobis,
2667 2232 2916 2297 fratres,
2951 2237 3265 2302 gratiam
3312 2239 3426 2292 Dei
3467 2259 3593 2310 qua:

1856 2321 1979 2368 data
2006 2328 2078 2370 est
2105 2319 2232 2370 mihi
2263 2320 2317 2370 in
2355 2319 2609 2372 Ecclesiis
2639 2321 3026 2379 Macedonia:
3049 2369 3066 2390 ,
3109 2332 3276 2394 quia
3314 2333 3379 2383 in
3409 2335 3590 2387 niulta

1856 2409 2156 2474 probatione
2184 2410 2549 2463 tribulationis
2571 2416 2943 2468 abundantia
2981 2422 3230 2485 gaudii
3263 2440 3500 2487 eorum,
3534 2437 3586 2477 et

1855 2497 2111 2562 profunda
2138 2509 2417 2564 paupertas
2443 2517 2626 2554 eorum
2650 2505 2982 2559 abundauit
3023 2509 3117 2560 ad
3160 2514 3428 2568 divitias
3452 2520 3587 2570 sim-

1853 2585 2100 2651 plicitatis
2121 2602 2300 2638 eorum
2337 2593 2631 2658 :quoniam
2662 2598 3002 2650 secundum
3047 2602 3359 2656 virtutem
3399 2609 3583 2672 (testi-

1855 2674 2082 2726 ntonium
2118 2678 2360 2742 perhibeo
2386 2681 2482 2748 eis)
2521 2691 2571 2733 et
2604 2699 2776 2750 supra
2822 2688 3132 2744 virtutem
3183 2711 3308 2748 sua
3338 2711 3580 2764 sponte,

1853 2763 2028 2815 multis
2050 2766 2288 2830 precibus
2321 2768 2435 2836 (Ἡ)
2465 2770 2817 2825 obsecrantes
2855 2792 2968 2830 nos
2997 2786 3305 2846 gratiam
3343 2763 3400 2839 et
3436 2763 3584 2842 corn;

1853 2856 2140 2908 munionem
2163 2874 2283 2924 qua:
2320 2860 2380 2925 ﬁt
2417 2861 2473 2912 in
2503 2872 2727 2916 sanctos
2761 2867 2840 2928 ’⁸,
2876 2878 2943 2921 et
2983 2873 3284 2942 reliqua.
3324 2878 3406 2933 Et
3433 2883 3580 2936 sicut

1853 2944 1903 2994 in
1936 2946 2020 2998 his
2047 2949 2408 3003 testimonium
2440 2953 2624 3006 reddit
2648 2954 3152 3028 Macedonibus,
3203 2969 3294 3020 ita
3336 2987 3574 3025 rursum

1851 3035 2169 3088 cohortatur
2197 3048 2253 3090 et
2276 3038 2627 3105 Corinthios,
2657 3044 2864 3100 dicens
2903 3069 2918 3102 :
2963 3052 3111 3106 Sed
3145 3060 3319 3112 sicut
3369 3063 3434 3114 in
3467 3081 3581 3117 om-

1852 3126 1998 3176 nibus
2028 3127 2314 3181 abundalis
2347 3133 2472 3199 ﬁde,
2499 3146 2548 3187 et
2581 3140 2768 3203 verba,
2807 3152 2862 3192 et
2895 3146 3215 3213 scientia,
3262 3164 3323 3205 et
3375 3168 3577 3209 nostra

1847 3219 1900 3268 in
1947 3235 2031 3270 vos
2069 3221 2327 3277 charitate
2354 3264 2368 3283 .
2405 3229 2480 3280 ita
2507 3241 2557 3282 et
2589 3234 2646 3285 in
2686 3239 2794 3287 hac
2844 3242 3066 3306 gratia
3121 3247 3465 3304 abundctis
3502 3253 3574 3318 ³⁸,

1845 3317 1900 3360 et
1939 3309 2164 3376 reliqua.
2203 3312 2309 3366 Sed
2355 3326 2412 3368 et
2462 3319 2514 3370 in
2571 3322 2700 3376 aliis
2757 3326 3154 3388 collaudans
3212 3309 3575 3397 Corinthios

3025 3709 3208 3749 stunc
3253 3713 3464 3757 autem
3517 3718 3573 3760 ει

1844 3752 1981 3816 [acto
2009 3756 2240 3821 perﬁcito
2270 3759 2335 3812 δι.
2367 3761 2472 3814 Sed
2509 3775 2564 3817 et
2613 3767 2666 3819 itt
2701 3771 2965 3841 reliquis
3013 3781 3104 3835 de
3170 3752 3570 3849 hac

1842 3850 2145 3896 sanctorum
2193 3846 2305 3916 (72)
2349 3855 2746 3910 communione
2794 3873 3264 3943 prosequitur,
3305 3892 3374 3935 et

1843 3933 2113 4002 aliquanta
2161 3941 2311 3992 addit
2347 3959 2360 3994 :
2393 3943 2467 3995 De
2504 3947 2812 4006 ministerio
2856 3933 3078 4017 autein
3123 3933 3335 4039 quod
3368 3933 3571 4034 sitr'i'ri

1839 4037 2082 4092 sanctos,
2125 4033 2455 4098 superﬂuum
2508 4048 2584 4088 est
2635 4043 2785 4096 vobis
2837 4053 3146 4114 scribere.

1840 4127 2126 4182 promptam
2153 4121 2473 4174 voluntatem
2504 4136 2738 4182 vestram

1840 4205 1976 4257 vobis
2013 4207 2409 4275 Macedonibus,
2447 4219 2574 4282 quia

3198 4062 3354 4120 Scio
3407 4075 3569 4125 enim

2765 4173 2782 4197 ,
2831 4153 2943 4202 pro
2982 4161 3118 4212 qua
3160 4159 3467 4221 gratulor
3496 4167 3568 4217 de.

2615 4221 2831 4279 Achaia
2863 4247 3101 4295 parata
3141 4255 3240 4298 est
3273 4250 3356 4300 ab
3401 4269 3562 4307 anno

2863 4286 2873 4295 .
3035 4286 3099 4290 νη
3141 4286 3240 4298 -.η
3273 4286 3352 4300 ..υ
3401 4286 3560 4307 "mw

1648 4291 1735 4341 ln-
1769 4286 2054 4363 Dpriorc,
2106 4309 2154 4350 et
2212 4315 2381 4356 vestra
2435 4309 2719 4364 wmulatio
2766 4330 3118 4382 provocavit
3189 4340 3432 4396 multos
3482 4345 3560 4396 Is.

288 4385 334 4414 ’τ
354 4383 507 4440 Rom.
536 4405 622 4455 xv,
649 4391 844 4460 25,24.
919 4395 963 4426 ³⁸
983 4395 1134 4448 Rom.
1171 4414 1256 4463 xv,
1295 4398 1384 4462 25,
1406 4415 1486 4468 sq.
1563 4402 1606 4432 ”
1636 4401 1828 4461 llCor.
1860 4423 1920 4469 ll,
1945 4424 2028 4477 sq.
2107 4412 2152 4442 ³ο
2189 4413 2321 4468 ibid.
2352 4419 2404 4470 7.

2477 4420 2521 4450 st
2553 4422 2689 4477 ibid.
2728 4427 2821 4483 10.
2886 4432 2938 4464 ³⁸
2973 4437 3025 4490 ll
3061 4441 3227 4502 Cor.
3269 4466 3364 4518 ix,
3394 4459 3458 4522 1.
3494 4461 3556 4515 2ο

1837 4539 1989 4596 Male.

1834 4613 2018 4730 eu(68)
2041 4615 2206 4684 Edili,
2229 4621 2594 4680 Probaueruul
2619 4631 2759 4682 enim
2785 4633 3152 4702 Macedonia
3181 4665 3246 4707 et
3278 4661 3549 4732 Achaia,

1908 4749 2022 4836 (69)
2078 4753 2206 4812 Haec
2234 4767 2407 4820 verba
2433 4809 2448 4831 ,
2483 4766 2818 4836 Complacuit
2862 4780 3011 4833 enim

1910 4796 2022 4819 \"'I
2078 4796 2206 4812 --υιιυ
2243 4796 2407 4820 vrum
2433 4809 2448 4831 ,
2483 4796 2816 4836 uumptttcuu
2862 4796 3011 4833 enim
3047 4824 3066 4848 ,
3119 4800 3184 4842 ει
3231 4796 3549 4860 debila“.8

1835 4829 1952 4887 ’ΨΜ
1986 4836 2193 4887 eorum.
2235 4845 2371 4887 etc..
2401 4853 2572 4887 usnue
2603 4841 2693 4887 ad.
2718 4857 3004 4887 nassum.”
3041 4867 3097 4887 ,η
3140 4865 3220 4887 Α.-
3270 4882 3291 4887 -.
3315 4885 3330 4887 _
3353 4886 3365 4887 γ
3495 4883 3502 4887 ,

1873 4841 2193 4928 immuta;
2217 4845 2371 4928 (etc...
2401 4853 2572 4928 usque
2603 4841 2693 4928 ad.
2718 4857 3004 4928 pessmus
3037 4841 3097 4906 ἐι
3136 4841 3547 4928 sisic-2.2215;

1840 4884 1883 4932 ις
1930 4887 1938 4895 ·
2183 4884 2191 4887 '
2245 4884 2371 4919 {"7
2405 4884 2571 4922 "‘Z‘V'"
2604 4884 2693 4904 ’ν’-ν
2719 4884 3003 4922 νννντυσηιο
3037 4884 3091 4906 τι
3136 4884 3220 4912 ue
3264 4884 3518 4926 secunm

1840 4890 2550 4996 “afﬂati:Corinthios,
2585 4919 2714 4974 etc.,
2749 4912 3172 4986 tlesndcrantur
3205 4932 3273 4985 in
3328 4944 3518 4996 cuius

1835 4954 2714 5037 Stltll-‘lle‘slituudl'u'l;';;';‘;;S:-v-,
2751 4954 3170 4986 “vv-“Pluilull'
3205 4954 3273 4985 Ill
3328 4954 3540 5010 CUIUS.

1909 5020 2046 5135 £3.92.
2077 5031 2174 5116 sic
2221 5059 2424 5135 ("luges
2456 5071 2584 5109 mss.
2616 5050 3007 5135 clulinlianus.
3048 5061 3277 5125 Edilio
3321 5091 3534 5135 autent

1837 5087 1879 5136 ν
1919 5087 1928 5091 η
2009 5087 2017 5096 ¹
2112 5087 2173 5116 ,Ἰ
2225 5087 2424 5108 vum“
2457 5087 2584 5109 In“,
2616 5087 2669 5103 υ.
2715 5087 2995 5130 ξ...ναμε-ο.
3049 5087 3277 5125 ιιυιιιο
3321 5091 3532 5135 autem

2196 5130 2305 5183 qua
2339 5121 2451 5180 Ιιωε
2483 5127 2554 5181 ίυξ
2583 5122 2782 5176 scribit.
2811 5125 3008 5181 Caneri
3065 5135 3263 5207 editi,
3312 5146 3383 5199 in
3414 5169 3532 5218 qua

2007 5186 2194 5239 crtbit,

1837 5231 2054 5348 Β
2072 5231 2613 5348 Ιὲεὲζῗιεῗῑωςνῑψιθ,
2635 5271 2884 5348 [tabanus
2905 5276 2956 5319 et
2988 5272 3164 5326 editi.
3214 5278 3343 5334 Ms.
3377 5301 3533 5344 vero

2322 5315 2333 5318 -
2535 5315 2594 5324 ..ν
2635 5315 2882 5326 ...ψη-μη
2911 5315 2955 5319 ν-
2991 5315 3164 5326 πη-..
3214 5315 3343 5334 ms.

1889 5315 2252 5418 figminum.
2295 5315 2464 5409 “5'59,
2509 5315 2555 5395 in
2584 5315 2738 5410 supra
2761 5341 2997 5394 virtutem
3035 5357 3220 5418 suane
3263 5315 3529 5418 spontis?

1834 5404 2478 5495 a;;.::.“:':.t:‘;..my<us
2508 5404 2758 5484 ρτεείωιε,
2949 5414 3097 5475 quod
3429 5429 3529 5479 νί-

2024 5467 2040 5540 ξ
2072 5464 2176 5540 sed
2213 5472 2358 5531 nihil
2393 5464 2633 5540 “unus;

2027 5511 2032 5512 ν
2214 5511 2358 5531 --ιιιιι
2395 5511 2633 5540 ιιιιιιιιιιυ.
2946 5511 2952 5513 “

1910 5511 2038 5589 (ἹΞ)
2067 5527 2432 5609 Sanctorum.
2470 5557 2688 5613 Deestin
2709 5551 2857 5608 libris
2882 5557 3042 5623 antea,
3063 5551 3289 5629 editis.
