3910 6230
213 230 349 286 1275

1142 229 1492 286 COMMENT.
1522 228 1592 284 IN
1622 227 1832 283 EPIST.
1870 227 1960 282 AD
1995 227 2158 284 ROM.
2186 229 2315 286 LIB.
2345 229 2416 284 X.

3231 229 3366 283 αρτι
3404 292 3435 303 η

211 345 360 409 Quod
390 351 565 396 autem
598 349 716 410 post
757 342 1083 408 hujnsrnodi.‘
1104 346 1426 400 Macedonia
1451 357 1505 402 et
1532 346 1742 402 Achaiae
1767 343 1816 401 Δ
1843 345 2152 416 appellavit;
2207 347 2438 416 reliquos
2476 358 2603 400 vero
2645 343 2733 414 qui
2783 342 2836 398 in
2864 344 3004 398 omni
3038 350 3179 397 terra
3215 356 3365 409 sunt,

214 432 573 485 ministerium
618 431 767 499 (75),
796 435 937 500 quod
969 435 1026 487 lit
1062 436 1113 488 in
1160 447 1373 490 sanctos
1414 437 1501 505 qui
1540 444 1662 490 sunt
1691 437 1745 495 in,

210 518 507 573 Jerusalem
534 560 550 582 ,
597 523 966 589 proposuisset
1007 524 1285 591 Apostolus
1317 524 1478 576 etiam
1522 523 1740 576 Romam

209 608 408 674 videre,
426 608 698 663 indicatur
723 611 773 663 in
802 613 1021 666 Actibus
1050 612 1408 681 apostolorum
1426 614 1527 666 hoc
1554 614 1741 666 modo:

210 697 339 752 Cum
370 709 547 752 autem
582 703 780 767 expleta
815 712 981 755 essent
1012 703 1152 767 hare,
1184 704 1351 770 posuit
1388 702 1586 755 Paulus
1634 704 1741 773 (74)

209 790 260 839 in
284 786 492 871 Spiritu
513 801 715 856 sancto,
744 801 800 843 ut
825 807 938 844 cum
964 792 1365 858 perambulasset
1386 791 1741 845 Macedoniam

207 888 253 931 et
298 881 588 945 Achaiam,
620 880 1028 948 proﬁcisceretur
1071 880 1479 950 Jerosolymam,
1518 883 1691 934 dicens
1723 897 1741 932 :

210 966 345 1029 Quia
375 978 647 1037 postquam
693 969 837 1032 fuero
867 970 938 1023 ibi
962 1011 978 1036 ,
1018 987 1219 1022 necesse
1238 980 1310 1023 est
1347 987 1427 1023 me
1452 982 1500 1023 et
1531 969 1744 1023 Romam

207 1056 379 1108 uidere
410 1056 478 1109 ⁸⁵.
510 1058 588 1110 Ex
627 1058 710 1111 bis
747 1066 923 1111 autem
956 1059 1202 1112 omnibus
1237 1059 1415 1113 verbis
1456 1060 1741 1128 colligitur,

208 1147 328 1212 quia
364 1160 473 1200 non
504 1148 672 1201 solum
702 1149 870 1217 prima
898 1150 963 1203 ad
994 1149 1322 1212 Corinthios,
1356 1152 1448 1205 sed
1474 1161 1527 1204 et
1555 1166 1744 1204 secun-

207 1234 271 1287 da
300 1243 431 1287 ante
460 1237 653 1302 scripta
686 1245 767 1289 est
789 1277 805 1300 ,
845 1252 1001 1304 quam
1032 1237 1142 1290 haec
1183 1239 1247 1290 ad
1294 1238 1557 1293 Romanos
1587 1256 1742 1309 quam

208 1326 472 1379 habemus
523 1329 576 1380 in
624 1329 905 1392 manibus;
952 1329 1220 1398 simulque
1267 1331 1395 1385 illud
1431 1335 1739 1397 advertitur,

207 1419 348 1484 quod
400 1429 601 1485 quanto
650 1420 908 1488 posterior
960 1418 1154 1473 Paulus
1204 1422 1255 1475 in
1301 1437 1621 1491 unaquaque
1662 1426 1745 1479 in-
1786 1454 1797 1461 ν

206 1507 425 1560 venitur
454 1509 716 1576 Epistola,
761 1519 909 1565 tanto
951 1523 1004 1566 et
1045 1513 1334 1582 perfectior
1368 1524 1467 1568 :ut
1493 1531 1650 1569 verus
1677 1517 1746 1570 sit

206 1595 294 1650 ille
324 1597 446 1665 ejus
491 1614 666 1652 sermo
714 1615 868 1667 quem
897 1602 1053 1665 dixit,
1100 1606 1222 1671 quia
1270 1607 1534 1672 praeterita
1564 1607 1737 1658 oblivi-

206 1703 378 1750 scens,
416 1689 485 1740 ad
534 1690 711 1753 futura
752 1707 832 1743 me
851 1694 1066 1745 extendo
1088 1731 1104 1756 ,
1134 1695 1201 1745 ad
1222 1696 1501 1763 perfectum
1536 1712 1744 1765 sequens

204 1776 438 1844 palmam
475 1795 711 1845 superna:
753 1784 1033 1837 vocationis
1062 1784 1125 1837 ³⁵.
1171 1785 1319 1851 Quod
1361 1798 1535 1841 autem
1581 1790 1742 1855 dicit,

205 1865 420 1921 Placuit
460 1867 780 1924 Macedonia:
817 1882 863 1923 et
907 1873 1116 1926 Achaiae
1152 1875 1268 1943 (75)
1300 1878 1623 1932 collationem
1655 1881 1747 1933 ali-

206 1954 557 2029 679-qttam
586 1957 754 2026 facere
782 1960 835 2012 in
859 1976 1104 2028 pauperes
1143 1975 1460 2032 sanctorum,
1489 1969 1747 2022 subtiliter

207 2058 261 2105 et
284 2048 594 2103 verecunde
622 2049 746 2100 dum
796 2047 1101 2105 Corinthios
1138 2051 1334 2116 laudat,
1373 2056 1611 2109 hortatur
1638 2057 1747 2111 Ro-

205 2153 418 2193 manos.
454 2136 691 2189 Facilius
713 2137 854 2190 enim
878 2136 1081 2191 devota:
1106 2152 1312 2196 mentes
1333 2143 1396 2195 ad
1422 2145 1749 2198 benefacien-

205 2228 331 2281 dum
357 2226 646 2292 exemplis,
675 2240 831 2301 quam
861 2228 1200 2284 sermonibus
1230 2231 1535 2293 invitantur.
1567 2233 1668 2288 Sed
1697 2244 1749 2288 et

205 2317 256 2369 in
298 2331 367 2369 eo
416 2318 557 2384 quod
582 2317 770 2369 addit:
805 2314 1012 2369 Placuit
1046 2320 1199 2381 enim,
1251 2331 1298 2372 et
1349 2323 1594 2375 debitores
1633 2334 1751 2376 sunt

204 2419 411 2464 eorum,
437 2403 567 2468 quid
605 2404 748 2455 aliud
780 2407 978 2458 sentire
1007 2408 1119 2458 vult
1154 2407 1438 2470 Romanos,
1475 2411 1573 2463 nisi
1617 2423 1675 2464 ut
1706 2414 1748 2466 si

206 2493 398 2544 Achivi
427 2492 540 2562 (76)
567 2505 623 2546 et
648 2493 961 2549 Macedones
991 2497 1260 2551 debitores
1286 2510 1408 2551 sunt
1436 2503 1753 2568 pauperibus

208 2591 526 2635 sanctorum
558 2581 647 2647 qui
701 2592 823 2634 sunt
859 2582 910 2634 in
958 2582 1270 2649 Jerusalem,
1320 2588 1501 2639 eadem
1550 2591 1753 2642 ratione

207 2685 310 2736 qua
335 2683 500 2721 unam
531 2669 904 2737 eamdemque,
927 2685 1084 2738 quam
1115 2671 1209 2733 illi,
1239 2672 1391 2726 ﬁdem
1419 2676 1528 2742 (77)
1553 2677 1751 2732 Christi

202 2759 369 2812 etiam
400 2757 629 2811 Romani
663 2767 862 2823 tenent,
898 2759 1178 2813 advertant
1219 2770 1270 2813 et
1307 2764 1622 2829 semetipsos
1668 2768 1756 2821 his

204 2850 410 2904 eisdem
432 2850 611 2904 factos
642 2864 758 2902 esse
780 2850 1049 2903 debitores
1072 2850 1095 2902 t
1132 2849 1312 2918 Neque
1335 2853 1474 2905 enim
1515 2855 1611 2907 soli
1643 2856 1750 2908 Ma-

1841 444 2022 503 gentes
2046 435 2259 497 dixerit,
2289 437 2376 504 qui
2406 435 2771 489 habitantibus
2791 432 3082 487 Jerusalem
3110 442 3360 500 tanquam

1841 522 1968 577 solis
1996 523 2358 590 spiritualibus
2372 525 2676 577 ministrare
2700 523 2751 574 in
2777 521 3077 575 carnalibus
3097 520 3321 573 debeant
3343 533 3362 573 :

1841 632 1961 671 cum
1988 617 2168 684 utique
2198 615 2352 669 liceat
2381 625 2430 669 et
2457 625 2608 669 extra
2636 614 2926 669 Jerusalem
2954 614 3258 681 spirituales
3282 615 3364 667 in-

1842 706 2031 768 veniri,
2057 720 2188 775 quos
2223 720 2326 757 non
2358 705 2527 768 locus,
2564 705 2653 758 sed
2702 704 3035 758 conversatio
3078 713 3283 766 sancta,
3311 711 3366 756 et

1844 795 1961 849 ﬁdei
1995 809 2056 850 ac
2086 795 2321 848 scientiae
2368 794 2621 862 perfectio
2659 793 2848 848 fecerit
2880 794 3198 861 Spirituales,
3228 796 3367 849 sicut

1842 896 1895 940 et
1920 887 2033 953 ipse
2076 884 2270 938 Paulus
2323 884 2562 937 scribens
2611 883 2739 936 dicit
2767 883 2876 952 (80)
2907 902 2920 936 :
2951 882 3186 948 Fratres,
3228 893 3276 936 et
3319 884 3367 937 si

1840 986 2221 1044 prwoccupatus
2271 975 2427 1042 fuerit
2458 975 2572 1042 quis
2616 975 2671 1025 in
2722 974 2892 1043 aliqua
2932 974 3139 1039 delicto,
3164 991 3252 1027 vos
3281 973 3368 1042 qui

1841 1065 2102 1133 spiritales
2124 1063 2512 1123 estis,instruite
2532 1061 2825 1127 hujusmodi
2848 1064 2898 1114 in
2922 1064 3107 1129 spiritu
3129 1077 3370 1116 mansue-

1843 1154 2037 1207 tudinis
2082 1153 2147 1207 ³⁶.
2201 1150 2335 1217 Quid
2373 1165 2501 1219 ergo
2527 1160 2612 1204 est
2645 1152 2785 1219 quod
2834 1151 2887 1203 in
2923 1152 3005 1204 his
3038 1153 3236 1204 sentire
3274 1166 3370 1206 nos

1843 1241 2125 1297 convenit?
2150 1241 2297 1307 Quod
2342 1242 2514 1295 omnis
2543 1242 2630 1309 qui
2672 1240 2931 1307 spiritalis
2959 1250 3061 1302 est,
3088 1242 3137 1293 id
3168 1251 3249 1294 est
3279 1243 3368 1308 qui

1843 1332 2027 1400 spiritu
2066 1334 2173 1386 Deo
2222 1333 2404 1395 servit,
2440 1342 2496 1385 et
2545 1332 2635 1398 qui
2682 1346 2785 1385 non
2816 1334 3102 1386 secundum
3154 1347 3369 1385 carnem

1842 1425 2008 1488 vivit,
2044 1423 2134 1475 sed
2173 1422 2460 1475 secundum
2511 1421 2786 1489 spiritum,
2839 1421 2939 1475 iste
2968 1421 3018 1473 in
3056 1419 3369 1485 Jerusalem,

1844 1513 1943 1566 hoc
1969 1519 2069 1575 est,
2112 1512 2162 1564 in
2206 1511 2321 1564 loco
2353 1512 2499 1579 pacis
2545 1511 2771 1573 habitat,
2810 1520 2864 1564 et
2909 1512 2962 1564 in
2993 1513 3136 1578 pacis
3173 1512 3373 1564 visione

1844 1603 2087 1657 consistit
2111 1621 2124 1655 :
2153 1610 2205 1655 et
2224 1603 2325 1655 iste
2354 1610 2433 1654 est
2460 1616 2660 1670 panper
2688 1610 3018 1664 sanctorum,
3047 1616 3109 1654 ex
3142 1601 3244 1654 illis
3270 1603 3374 1654 sci-

1846 1691 1969 1744 licet
2000 1690 2171 1744 beatis
2202 1693 2518 1759 pauperibus
2546 1692 2612 1743 ad
2635 1705 2769 1759 quos
2797 1689 2991 1742 dicitur
3020 1707 3033 1741 :
3072 1688 3221 1741 Beati
3246 1705 3376 1756 pau-

1842 1796 1984 1847 peres
2004 1781 2462 1847 spiritu,quoniam
2484 1780 2712 1847 ipsorum
2731 1789 2803 1832 est
2817 1794 3027 1846 regnum
3049 1778 3292 1830 calorum
3307 1777 3372 1830 ³⁸.

1843 1869 1920 1922 Ita
1969 1880 2050 1922 est
2089 1884 2215 1939 ergo
2248 1869 2399 1923 beata
2444 1880 2725 1937 paupertas
2755 1884 2871 1935 qua:
2905 1869 3068 1921 dicit:
3102 1866 3303 1917 Aurum
3328 1875 3375 1919 et

1845 1972 2113 2029 argentum
2133 1977 2233 2012 non
2254 1960 2447 2022 habeo;
2470 1962 2556 2011 sed
2581 1961 2714 2025 quod
2734 1959 2911 2020 habeo,
2930 1958 3023 2009 hoc
3043 1957 3134 2007 tibi
3154 1957 3219 2007 do
3241 1955 3374 2023 (81).

1853 2049 1914 2101 1η
1944 2049 2148 2100 nomine
2168 2047 2293 2099 Jesu
2321 2046 2514 2099 Christi
2542 2043 2809 2097 Nazareni
2838 2060 2989 2111 surge
3011 2055 3056 2096 et
3081 2043 3288 2095 ambula
3305 2043 3372 2095 "'.

1847 2137 1949 2190 Iste
1973 2136 2090 2189 talis
2116 2149 2312 2202 pauper
2343 2137 2395 2186 in
2421 2134 2711 2187 Jerusalem
2743 2147 2953 2199 semper
2984 2133 3207 2194 habitat,
3240 2132 3377 2184 divi-

1850 2227 1948 2279 tias
1981 2225 2254 2290 possidens
2285 2224 2608 2290 spirituales.
2636 2224 2835 2275 Aurum
2863 2222 2975 2289 ejus
3004 2220 3266 2287 sapientia
3296 2228 3379 2272 est

1850 2314 1983 2383 (89.),
2023 2324 2294 2381 argentum
2343 2325 2516 2365 sermo
2562 2311 2801 2364 scientia:
2845 2327 2858 2360 :
2909 2310 3217 2362 indumenta
3266 2308 3379 2373 ejus

1850 2404 2091 2457 Christus
2110 2410 2211 2464 est,
2238 2402 2396 2466 dapes
2418 2401 2531 2467 ejus
2557 2408 2610 2453 et
2631 2399 2835 2451 deliciae
2862 2413 3042 2451 mensa
3071 2408 3150 2451 est
3172 2399 3391 2463 sapien--

1852 2494 1955 2554 tiae,
1980 2499 2033 2543 et
2067 2492 2218 2544 cibus
2254 2489 2472 2541 allluens
2512 2490 2563 2540 in
2596 2488 2758 2541 verbo
2793 2487 2882 2540 Dei
2927 2504 2939 2539 :
2974 2487 3151 2538 vinum
3189 2484 3381 2538 laetitia:

1854 2582 2004 2643 bibit,
2033 2579 2174 2648 quod
2200 2579 2253 2632 in
2274 2587 2482 2631 cratere
2500 2592 2596 2630 suo
2620 2577 2836 2647 miscuit
2857 2576 3126 2644 Sapientia
3150 2574 3215 2638 ⁸⁸,
3238 2583 3291 2628 et
3316 2576 3383 2629 de

1855 2669 2217 2735 intelligentiae
2245 2667 2359 2733 eius
2390 2666 2619 2719 victimis
2645 2668 2753 2719 edit
2777 2665 2885 2737 (85)
2917 2667 3066 2719 cibos
3091 2663 3304 2726 solidos,
3326 2673 3382 2718 et

1859 2762 2086 2814 Verbum
2121 2774 2334 2813 carnem
2368 2758 2586 2812 factum.
2627 2758 2742 2811 lstte
2787 2765 2912 2810 sunt
2946 2754 3214 2824 spiritales
3248 2755 3385 2808 divi-

1860 2852 1944 2904 tia?
1971 2850 2102 2919 (84),
2136 2848 2325 2916 quibus
2359 2857 2542 2915 gentes
2570 2847 2620 2898 in
2647 2859 2808 2898 carne
2833 2843 3002 2896 adhuc
3025 2842 3207 2909 positae
3231 2856 3381 2894 eom-

201 2941 440 2993 cedones
488 2949 542 2992 et
581 2938 766 2991 Achivi
821 2939 874 2989 in
927 2938 1250 3005 spiritalibus
1303 2942 1587 3009 participes
1631 2955 1751 2997 sunt
1779 2955 1821 3013 ο
1863 2940 2132 2993 municare
2155 2939 2425 2992 festinant.
2463 2937 2684 2989 Videtur
2707 2949 2836 3003 ergo
2860 2933 2987 2986 mihi
3022 2933 3104 2985 his
3134 2947 3267 3001 quos
3287 2946 3385 2984 no-

199 3029 331 3083 facti
366 3030 575 3082 sanctis
605 3028 693 3095 qui
723 3036 849 3080 sunt
879 3027 929 3078 in
958 3025 1271 3092 Jerusalem,
1306 3040 1363 3080 ut
1388 3040 1439 3082 et
1474 3031 1524 3082 in
1557 3047 1750 3084 carna-

202 3118 345 3172 libus
395 3119 478 3172 eis
525 3118 750 3170 debeant
796 3117 1135 3179 ministrare;
1181 3120 1273 3170 sed
1321 3128 1374 3170 et
1416 3117 1753 3182 Romani;et

200 3207 323 3261 ideo
362 3207 483 3273 pari
531 3205 834 3259 conditione
881 3204 1150 3259 debitores
1204 3216 1372 3260 sunt:
1404 3211 1495 3261 sed
1545 3210 1609 3261 de
1648 3208 1752 3262 illis

202 3305 416 3348 tantum
459 3294 791 3361 pronuntiat,
819 3301 877 3344 ut
904 3303 957 3345 et
984 3293 1068 3346 isti
1099 3308 1157 3347 se
1184 3296 1425 3349 noverint
1447 3298 1603 3350 simili
1631 3312 1753 3351 sen-

203 3386 396 3438 tentias
424 3381 704 3448 subiacere
735 3381 869 3451 (78).
901 3381 1022 3437 Ητεο
1051 3384 1260 3451 quidem
1289 3387 1576 3439 secundum
1607 3402 1749 3441 com-

198 3488 427 3528 munem
460 3472 651 3523 litteraa
703 3470 842 3523 dicta
877 3473 984 3524 sint
1018 3474 1371 3527 intellectum.
1404 3475 1596 3528 Verum
1636 3491 1746 3528 ma-

200 3560 575 3630 gniﬁcentiam
623 3559 835 3613 solitam
879 3562 1211 3628 requiramus
1254 3564 1306 3615 in
1344 3563 1537 3617 litteris
1574 3563 1744 3619 Pauli.

198 3652 320 3706 Non
354 3650 503 3705 enim
535 3658 661 3716 puto
688 3651 914 3717 quodita
941 3652 1188 3716 senserit,
1214 3662 1271 3704 ut
1308 3653 1445 3705 intra
1473 3653 1635 3707 solam
1658 3652 1747 3707 Je-

200 3742 468 3803 rusalem,
510 3753 667 3790 unam
702 3739 957 3792 duntaxat
992 3740 1282 3793 Palaestina!
1311 3743 1517 3805 urbem,
1553 3757 1748 3810 paupe-

199 3846 291 3884 res
316 3838 633 3884 sanctorum
664 3830 984 3883 concluserit
1013 3831 1145 3899 (79),
1173 3846 1306 3899 quos
1343 3843 1396 3884 et
1444 3833 1747 3900 spirituales

1853 3033 2017 3083 minat
2047 3038 2248 3098 gentes,
2289 3027 2708 3092 imperfectiores
2742 3039 2984 3092 quasque
3007 3022 3212 3076 animas
3246 3023 3385 3075 indi-

1851 3136 1998 3182 care,
2034 3134 2149 3186 qua?
2182 3117 2533 3186 perfectormn
2569 3113 2873 3182 magisterio
2904 3113 3174 3179 indigeant
3201 3129 3215 3164 :
3254 3120 3308 3164 et
3336 3112 3381 3164 si

1851 3209 1988 3261 forte
2024 3206 2195 3275 dignae
2227 3206 2421 3258 habitae
2457 3206 2655 3257 fuerint
2698 3211 2754 3253 ut
2803 3202 3085 3268 participes
3130 3200 3207 3252 eis
3253 3198 3386 3252 fiant

1853 3298 1962 3367 (85)
1998 3299 2049 3351 in
2080 3297 2345 3350 intellectu
2377 3307 2429 3349 et
2458 3295 2681 3349 scientia
2708 3294 2950 3362 spiritali,
2990 3293 3115 3360 ipsa:
3158 3292 3385 3346 debeant

1855 3388 1907 3441 in
1944 3388 2245 3441 carnalibus
2277 3386 2583 3454 ministrare
2616 3384 2693 3437 eis
2723 3405 2735 3437 :
2761 3384 2862 3436 hoc
2885 3391 2987 3446 est,
3010 3397 3129 3435 cum
3162 3382 3387 3448 spiritus

1853 3492 2032 3531 eorum
2064 3475 2225 3528 imbui
2264 3475 2491 3542 cmperit
2525 3475 2588 3525 ad
2631 3472 2904 3526 scientiam
2938 3471 3216 3525 celsiorem
3248 3469 3384 3541 (86),

1851 3569 2007 3620 debet
2054 3565 2216 3617 etiam
2264 3580 2391 3617 caro
2432 3564 2771 3617 continentia:
2820 3571 2874 3615 et
2923 3562 3185 3614 castitatis
3234 3561 3384 3614 frena

1850 3655 2145 3723 suscipiens
2165 3653 2492 3721 spiritalibus
2507 3653 2743 3705 ministra
2754 3665 2807 3705 re
2824 3654 3106 3720 praeceptis
3125 3668 3139 3715 ;
3161 3666 3225 3704 ne
3242 3650 3383 3704 forte

1854 3744 1897 3795 si
1924 3745 2096 3794 adhuc
2126 3741 2178 3793 in
2207 3740 2513 3793 carnalibus
2543 3739 2805 3803 lasciviat,
2831 3753 3088 3792 sessorem
3113 3753 3263 3791 suum
3290 3737 3384 3790 Dei

1852 3830 2080 3885 Verbum
2118 3830 2327 3881 incauta
2373 3836 2427 3881 et
2471 3825 2727 3880 eﬂrcnata
2764 3827 2995 3894 dejiciat.
3043 3826 3149 3881 Sed
3187 3837 3239 3879 et
3269 3827 3381 3893 ipsa

255 3943 302 3974 ³⁸
328 3941 437 3994 Act
475 3954 586 4002 xu,
615 3937 702 3991 2i.
778 3937 821 3970 ³⁸
840 3938 1031 4006 Philip.
1064 3940 1247 4002 "1,13.
1282 3941 1402 3994 14..
1444 3942 1487 4027 ’δ’
1521 3940 1695 3997 Galat.
1721 3957 1749 3993 v

1859 3981 1873 3994 .
1950 3940 1994 3972 ³⁸
2019 3938 2229 4002 Matth.,
2254 3953 2306 4002 ν,
2335 3937 2389 3989 5.
2464 3937 2505 3967 ³⁷
2528 3937 2645 3989 Act.
2666 3950 2746 3999 ιιι,
2770 3936 2821 3990 6.
2897 3937 2940 3967 ⁸⁸
2963 3936 3119 3989 Prov.
3150 3951 3223 3998 ix,
3245 3935 3300 3999 2,
3331 3936 3385 3989 ὅ.

275 4075 396 4146 (75)
446 4069 589 4125 Editi
619 4109 635 4134 ,
674 4079 788 4138 post
829 4073 986 4141 hujus
1026 4083 1073 4127 et
1115 4074 1323 4129 Achaia:
1374 4078 1711 4131 ministerium
1737 4122 1752 4147 ,
1786 4093 1830 4145 ι)
1860 4077 2247 4147 ωεβηόιξοὺυε.

200 4154 310 4198 etc.

280 4213 397 4283 (74)
430 4208 597 4283 Editi,
635 4206 765 4261 Cum
795 4217 966 4261 autem
999 4212 1198 4278 expleta
1225 4223 1353 4267 esset
1380 4215 1488 4268 ha’c
1511 4254 1527 4279 ,
1561 4230 1751 4283 propo-

202 4279 312 4334 suit
363 4279 593 4340 Paulus,
623 4287 729 4329 etc.

286 4351 404 4423 (ῖό)
438 4345 519 4423 Et
542 4344 773 4423 Achaiae.
802 4343 926 4398 Haec
955 4346 1057 4399 duo
1093 4350 1252 4423 verba
1283 4351 1667 4423 desiderantur
1704 4354 1756 4405 in

204 4412 398 4482 editis,
425 4426 481 4468 et
508 4416 560 4466 in
587 4412 854 4482 plerisque
888 4429 1039 4478 mss.;
1072 4418 1165 4470 sed
1197 4419 1548 4472 restituuntur
1568 4435 1632 4472 ex
1654 4437 1756 4474 ms.

208 4479 393 4555 Regio
422 4479 619 4555 ηιξ-ωλι
632 4479 733 4533 659
758 4492 812 4533 et
838 4481 1074 4535 Rabano.

296 4552 412 4621 (76)
466 4552 562 4621 Sic
613 4564 817 4621 omnes
849 4564 974 4621 mss.
1004 4619 1011 4621 Α
1041 4553 1229 4621 nostri.
1278 4553 1415 4609 Editi
1468 4568 1618 4618 vero,
1664 4558 1763 4610 nisi

210 4618 423 4675 Achaii.
458 4619 732 4678 Rabanus,
766 4618 864 4670 nisi
893 4628 944 4668 ut
970 4619 1013 4669 si
1034 4620 1269 4683 Achaici,
1300 4634 1404 4675 etc.

286 4691 400 4761 (77)
429 4691 504 4740 Ita
534 4687 808 4761 legendum
845 4686 1083 4761 videtur._
1102 4687 1205 4761 Sed
1237 4706 1338 4761 ius.
1368 4691 1551 4761 codex
1576 4688 1765 4745 Vallis-

214 4752 420 4818 SIarae,
444 4768 500 4809 et
519 4769 655 4807 lllllls
681 4752 874 4828 llegius
897 4769 1040 4806 num.
1064 4755 1422 4828 16i0,‘eadem
1451 4760 1650 4828 ratione
1665 4777 1766 4828 qua

213 4838 649 4891 unamquamque
674 4822 752 4871 illi
777 4822 1105 4891 ﬁtlem,ielc.,
1138 4833 1194 4876 ut
1223 4825 1274 4875 in
1307 4836 1473 4878 textu.
1495 4825 1656 4882 Editi.
1677 4822 1768 4879 ἐα-

212 4898 333 4945 item
369 4890 575 4945 ratione
603 4906 717 4960 qua,
746 4905 901 4940 unam
929 4890 1103 4955 ﬁdem,
1129 4902 1230 4944 etc.
1257 4893 1353 4946 Ms.
1388 4895 1582 4960 Regius
1617 4909 1763 4949 num.

212 4964 379 5019 16M.
412 4962 597 5011 eadem
619 4958 815 5028 ratione
843 4972 942 5025 qua
970 4973 1125 5008 unam
1155 4976 1306 5025 quam
1332 4958 1506 5028 ﬁdem,
1535 4970 1637 5012 etc.
1667 4964 1770 5014 [ιη-

213 5030 395 5082 Ιηιιιιιε
433 5028 617 5085 habet,
651 5026 827 5075 eadem
852 5028 1049 5076 ratione
1073 5028 1233 5097 etiam,
1258 5026 1598 5097 Romani,~qui
1618 5030 1770 5095 [idem

214 5098 425 5150 Christi
461 5102 655 5151 tenent,
685 5096 952 5143 advertant
980 5103 1023 5142 et
1060 5096 1375 5161 semetipsos,
1403 5096 1638 5151 etc.'Ms,
1672 5097 1771 5150 Rc-

218 5166 367 5232 gius,
396 5160 741 5232 πωπω-1659,
774 5161 1175 5232 eademﬁratione
1198 5160 1301 5229 qua
1333 5180 1491 5216 unam
1515 5165 1770 5219 eamdem-

220 5224 326 5298 ἧκε
350 5235 511 5299 ﬁdem
540 5228 730 5281 Christi
760 5244 914 5295 quam
939 5224 1151 5280 Romani
1177 5224 1404 5295 teneant,
1433 5232 1700 5285 advertant
1725 5246 1772 5287 et

223 5301 554 5363 semetipsos,
583 5306 684 5346 etc.

308 5361 423 5435 (78)
448 5364 611 5425 Editi,
647 5362 734 5435 ubi
767 5361 879 5435 (a|.,
908 5361 1003 5435 uti)
1032 5372 1077 5412 et
1102 5364 1187 5416 isti
1216 5383 1271 5420 se
1294 5378 1488 5419 norunt
1526 5372 1774 5423 sententia

230 5431 546 5502 ευῦἰαέετεί
597 5432 795 5482 υιιιίεδυ
830 5431 1150 5502 8iﬂ¢{{5._quze
1181 5448 1281 5487 vox
1325 5439 1475 5489 deest
1525 5440 1680 5489 etiam
1720 5441 1775 5490 in

235 5497 514 5587 plerisque
538 5513 663 5574 mss.
689 5507 740 5550 et
770 5499 902 5581 apud
928 5497 1199 5569 llabanum
1220 5518 1243 5583 ;⁸
1268 5506 1357 5557 sed
1389 5505 1685 5560 restituitur
1705 5522 1775 5560 ex

1926 4145 2034 4215 (79)
2065 4145 2154 4197 Sic
2185 4152 2326 4196 recte
2352 4157 2452 4215 ms.
2488 4142 2652 4215 codex
2684 4140 3056 4215 Degiiisunum.
3091 4139 3243 4195 1659.
3273 4138 3385 4193 (ἷξε-

1860 4207 1958 4269 teri
1989 4207 2112 4267 vero
2145 4227 2272 4264 is.
2304 4210 2559 4276 collegerit
2588 4225 2604 4260 :
2634 4210 2782 4270 editi,
2809 4207 3040 4261 collocet.

1927 4281 2034 4350 (80)
2084 4280 2178 4332 Ms.
2226 4279 2433 4350 Regius
2463 4293 2607 4350 num.
2649 4278 2802 4339 1659,
2850 4277 3389 4350 scribensﬂorinthiis

1859 4345 2099 4403 dicitﬁEt
2122 4348 2274 4427 paulo
2296 4356 2432 4414 post,
2466 4345 2529 4399 Id
2558 4361 2678 4413 ergo
2704 4357 2793 4398 est-
2813 4346 2948 4413 quod
2985 4348 3038 4397 in
3081 4347 3160 4400 Itis
3196 4349 3388 4402 sentire

1861 4436 1951 4472 nos
1986 4427 2238 4471 convenit.

1931 4487 2038 4552 (81)
2066 4484 2228 4546 Editi,
2256 4483 2350 4534 hoc
2373 4482 2505 4536 dabo
2532 4482 2644 4535 tibi.

1931 4492 2007 4552 (8|
2066 4492 2228 4546 Editi,
2256 4492 2350 4534 hoc
2373 4492 2505 4536 dabo
2532 4492 2644 4535 tibi.

1860 4557 1893 4619 ι’
1932 4492 2040 4623 (82)
2069 4553 2222 4611 inditi,
2266 4555 2460 4623 Anium
2490 4552 2624 4623 enim
2664 4550 2782 4619 (ms.
2811 4564 2978 4611 unus,
3001 4567 3185 4623 aurum
3207 4552 3273 4621 ei)
3303 4570 3389 4604 sa-

1861 4618 2067 4691 pientia:
2093 4630 2309 4691 estnetc.
2346 4618 2541 4691 Deinde
2583 4618 2766 4691 omnes
2811 4632 2938 4691 mss.
2978 4618 3389 4691 e_t_editi,_dapes

1864 4686 1974 4759 ejus
1995 4700 2040 4742 et
2065 4688 2258 4741 divitia:
2285 4702 2304 4739 :
2333 4688 2425 4741 sed
2457 4697 2630 4739 tamen
2661 4687 2937 4754 legendum
2961 4686 3169 4738 videtur
3190 4689 3391 4740 delicia:

1902 4774 1961 4810 ro
1988 4759 2195 4809 divitiis.

1866 4772 1961 4826 pro
1988 4772 2195 4809 dtt‘tltw.

1930 4827 2038 4896 (85)
2088 4825 2246 4890 Editi,
2275 4832 2321 4874 et
2363 4822 2426 4874 de
2463 4822 2809 4890 intelligentiis
2851 4819 2961 4886 ejus
3006 4820 3220 4872 victimis
3260 4821 3391 4885 edit,

1867 4904 1971 4949 etc.

1941 4963 2049 5033 (84)
2095 4960 2172 5014 Ita
2220 4959 2353 5033 editi
2390 4967 2444 5010 et
2466 4972 2583 5033 .ms.
2611 4956 2806 5033 Regius
2832 4968 2980 5033 num,
3016 4952 3168 5033 l659.
3198 4953 3393 5033 Caneri

1867 5020 1996 5085 vei-0
2020 5020 2173 5093 iussu
2205 5028 2423 5080 delicia».
2465 5026 2660 5078 Deinde
2685 5020 2831 5083 editi,
2889 5020 3098 5093 Videtur
3125 5037 3243 5093 ergo
3266 5023 3396 5074 mihi

1871 5101 2016 5155 hic...
2053 5089 2281 5150 indicare
2301 5095 2701 5159 imperfectiones
2727 5104 2952 5161 quasque
2978 5089 3179 5161 animus
3200 5091 3255 5139 in
3283 5105 3399 5161 car-

1874 5153 2115 5234 nea—quan
2145 5174 2267 5234 etc._
2298 5153 2472 5234 Editio
2521 5161 2716 5234 \le_neta
2739 5153 2970 5234 'outittit
3011 5153 3274 5234 (indicare.
3311 5157 3403 5234 Sie

1875 5225 2033 5290 etiam
2066 5225 2191 5286 mss.
2222 5231 2477 5297 plerique,
2505 5228 2603 5281 nisi
2630 5227 2766 5297 quod
2796 5226 3027 5297 habeant
3058 5236 3304 5297 csse_pro
3328 5225 3415 5279 ins

1876 5288 2073 5364 dicere,
2102 5310 2152 5354 et
2179 5288 2427 5363 indigent,
2458 5288 2553 5362 pro
2598 5288 2881 5360 indigeant.
2924 5288 3027 5342 Sed
3067 5289 3267 5342 rectius
3303 5305 3415 5361 uis,

1878 5374 2073 5436 [leuius
2104 5386 2248 5420 nunt.
2281 5364 2414 5417 1659
2448 5377 2504 5436 ut
2532 5366 2579 5414 in
2607 5374 2784 5436 nostro
2806 5370 2978 5436 textu.

1953 5428 2058 5507 (85)
2085 5437 2245 5507 Editi,
2271 5445 2339 5507 ut_
2361 5435 2637 5507 participes
2655 5431 2765 5507 eius
2791 5428 2943 5504 ﬁant,
2969 5434 3073 5507 etc.
3116 5506 3119 5507 ν
3142 5489 3173 5507 Α.
3211 5491 3223 5500 _

1953 5489 2059 5575 (86)
2091 5505 2189 5562 bis.
2214 5489 2411 5572 Regius
2443 5489 2586 5553 num.
2618 5489 2832 5562 46:59,}:
2862 5492 3073 5547 scientia
3099 5489 3345 5562 celsiore,
