3910 6292
349 326 483 382 1279

1754 294 2062 381 onicENts

3576 284 3707 341 i388

347 449 490 490 erant
515 435 791 488 consimilis
820 436 1052 501 artiﬁcii,
1082 440 1268 488 mansit
1290 439 1431 506 apud
1462 452 1567 503 eos,
1590 449 1636 491 et
1684 454 1869 504 opera-
1899 445 1943 498 Α
1971 436 2213 488 laborare
2244 447 2342 502 pro
2366 428 2639 484 Ecclesiis
2671 424 2810 481 Dei.
2866 418 3053 474 Nam
3132 417 3204 466 et
3251 406 3546 506 laborant
3585 417 3713 505 cum

350 526 534 577 bantur
567 522 739 595 simul.
776 522 932 574 Erant
950 526 1079 576 enim
1094 525 1318 591 artiﬁces
1341 527 1785 579 tabernaculorum
1803 528 1870 591 ⁵⁸,

349 612 446 664 hoc
472 620 570 674 est,
601 618 826 663 sutores.
861 610 970 665 Nec
999 613 1187 664 mirmn
1234 613 1277 664 si
1328 612 1557 667 Priscum
1599 616 1789 669 Paulus
1821 617 1871 667 in

349 698 583 765 Epistola
615 699 821 763 scribit,
848 715 964 766 quae
1005 700 1055 751 in
1104 701 1323 754 Actibus
1373 701 1613 756 Priscilla
1677 704 1873 769 scripta

349 798 451 852 est,
486 789 696 841 caneris
722 789 1185 841 concordantibus.
1235 789 1413 843 Potest
1455 803 1628 844 autem
1670 794 1782 843 ﬁeri
1820 804 1876 845 ut

349 881 471 946 quia
515 878 588 947 (9)
620 879 707 931 illo
738 886 996 944 tempore,
1045 879 1212 946 pulsis
1260 895 1323 932 ex
1370 881 1498 933 urbe
1540 879 1733 933 Iudaeis
1780 894 1875 948 per

349 977 664 1034 praeceptum
698 967 942 1028 Caesaris,
993 965 1304 1020 Corinthum
1357 979 1639 1032 venerant,
1692 983 1874 1021 rursus

346 1061 504 1114 edicti
531 1067 773 1113 cessante
801 1061 1023 1121 saevitia,
1057 1058 1278 1110 Romam
1324 1061 1548 1126 regressi
1582 1060 1689 1128 (10)
1734 1059 1875 1112 salu-

350 1156 527 1201 tcntur
557 1162 585 1199 a
614 1146 794 1199 Paulo.
830 1146 971 1211 Quos
1007 1145 1438 1214 tamen'apparet
1468 1144 1766 1200 Iudaeorum
1798 1150 1876 1200 in-

350 1239 500 1293 sidiis
520 1237 681 1292 Paulo
710 1239 1041 1307 periclitante
1068 1239 1376 1307 semetipsos
1405 1238 1682 1305 obiecisse,
1703 1248 1759 1291 ut
1790 1238 1881 1291 ille

351 1329 486 1382 liber
512 1329 823 1381 abscederet
850 1345 864 1379 :
896 1327 993 1380 hoc
1017 1336 1190 1380 autem
1222 1338 1274 1380 et
1295 1327 1451 1380 Iason
1474 1328 1687 1395 quidam
1720 1326 1877 1380 fecis-

349 1432 408 1469 se
442 1418 495 1470 in
534 1416 750 1468 Actibus
773 1416 1128 1482 apostolorum
1158 1414 1381 1469 refertur
1410 1416 1454 1447 ⁸⁸
1486 1430 1500 1468 :
1532 1427 1584 1470 et
1618 1418 1749 1469 hanc
1784 1429 1879 1467 eo-

349 1520 465 1558 rum
503 1504 710 1556 laudem
741 1505 1026 1570 Apostolus
1054 1519 1158 1556 non
1183 1504 1325 1567 silet,
1349 1505 1435 1556 sed
1473 1506 1718 1558 omnibus
1762 1520 1879 1557 eam

353 1595 609 1649 Ecclesiis
640 1594 1001 1646 admirandam
1035 1593 1215 1655 tradit,
1245 1600 1297 1645 et
1321 1593 1436 1645 ideo
1466 1593 1594 1645 dicit
1633 1610 1645 1644 :
1682 1592 1878 1656 Quibus

350 1703 450 1739 non
482 1687 621 1737 salus
644 1700 732 1751 ego
761 1687 958 1752 gratias
995 1698 1114 1751 ago,
1136 1684 1222 1736 sed
1273 1692 1318 1735 et
1350 1685 1600 1735 universa:
1635 1683 1879 1737 Ecclesia?

1973 526 2165 577 docent
2200 493 2650 574 adulescentulas
2702 512 2962 569 sobrias
3030 517 3219 567 esse,
3255 497 3517 564 diligere
3547 493 3714 555 vim.

1974 614 2110 665 ﬁlios
2137 611 2401 671 enutrirc,
2452 608 2698 677 pudicas
2745 617 2917 665 esse,
2967 604 3249 655 castas,
3283 589 3534 685 domum
3581 582 3717 685 bene

1971 712 2234 771 regentes,
2279 701 2568 769 benignas,
2602 696 2881 750 subditas
2933 688 3113 743 viris
3176 683 3317 738 suis
3358 679 3436 743 “,
3478 678 3717 745 hospitio

1973 793 2230 859 recipere,
2261 799 2582 841 sanctorum
2616 786 2797 855 pedes
2856 781 3104 834 lavare
3141 773 3225 838 ⁶¹,
3261 779 3331 824 et
3356 777 3576 824 eastern
3597 782 3717 859 om-

1974 880 2056 932 nia
2101 896 2219 947 qua:
2253 880 2320 933 de
2352 876 2548 932 oﬁiciis
2582 874 2908 928 mulierum
2946 868 3219 936 scripta
3259 861 3633 922 referuntur,
3666 858 3719 911 in

1972 974 2114 1024 omni
2144 985 2338 1039 gerere
2363 970 2621 1023 castitate
2652 964 2799 1036 (15).

2041 1058 2131 1113 21.
2177 1056 2421 1110 Salutate
2478 1054 2878 1107 Andronicum
2937 1056 3002 1103 et
3080 1042 3390 1105 Iuniam,
3461 1048 3719 1106 cognatas

1973 1160 2114 1196 meos
2148 1153 2194 1196 et
2220 1143 2559 1211 concaptivos
2590 1157 2768 1203 meos,
2803 1138 2913 1209 qui
2942 1143 3103 1190 sunt
3142 1129 3390 1185 nobiles
3416 1132 3477 1182 in
3506 1138 3721 1196 aposto-

1974 1233 2060 1298 lis,
2082 1234 2171 1301 qui
2204 1243 2251 1285 et
2276 1243 2399 1287 ante
2428 1248 2511 1285 me
2537 1231 2773 1300 fuerunt
2812 1230 2875 1281 in
2909 1225 3194 1280 Christo
3232 1222 3314 1274 “.
3355 1219 3564 1273 Potest
3595 1220 3717 1284 qui-

1976 1324 2092 1376 dem
2123 1323 2237 1376 ﬁcri
2268 1332 2326 1374 ut
2359 1330 2416 1374 et
2451 1321 2772 1375 secundum
2814 1330 3103 1371 carnem
3166 1311 3277 1365 isti
3326 1308 3570 1379 cognati
3606 1307 3719 1364 fue-

1975 1410 2281 1476 riutPauli,
2312 1421 2367 1466 et
2397 1420 2523 1464 ante
2555 1413 2739 1481 ipsum
2776 1405 3229 1470 crediderint,
3256 1411 3324 1456 et
3364 1401 3599 1454 nobiles
3621 1400 3718 1452 ha-

1977 1502 2070 1555 biti
2106 1502 2214 1556 sint
2252 1502 2304 1554 in
2344 1500 2607 1570 apostolis
2643 1500 2921 1561 Christi;
2987 1495 3078 1549 de
3154 1492 3398 1561 quibus
3460 1489 3717 1561 possibile

1978 1601 2136 1645 estet
2176 1590 2303 1643 illud
2338 1590 2592 1659 intelligi,
2621 1589 2779 1657 quod
2818 1584 3148 1641 fortassis
3192 1599 3276 1636 ex
3325 1581 3449 1635 illis
3504 1589 3718 1646 septua-

1978 1684 2121 1749 ginta
2152 1682 2364 1736 duobus
2392 1682 2486 1747 qui
2536 1688 2594 1733 et
2661 1678 2772 1747 ipsi
2839 1674 3140 1745 apostoli
3207 1670 3517 1725 nominati
3572 1680 3711 1735 sunt,

347 1778 589 1843 gentium.
631 1774 778 1828 Unde
810 1784 1030 1841 apparet
1070 1785 1163 1824 eos
1188 1769 1453 1825 ofﬁciosos
1497 1782 1549 1826 et
1588 1772 1876 1840 hospitales
1907 1754 1948 1807 Β
1979 1773 2195 1836 fuerint,
2221 1780 2275 1824 et
2302 1771 2424 1839 ideo
2454 1768 2670 1823 nobiles
2717 1782 2823 1821 eos
2865 1767 2927 1819 in
2972 1762 3310 1833 apostolis
3346 1762 3533 1823 dicat,
3581 1770 3635 1813 et
3663 1763 3713 1817 in

347 1864 614 1916 exstitisse
641 1879 762 1931 erga
797 1877 982 1916 omnes
1010 1861 1203 1917 fratres
1233 1863 1431 1922 ﬁdeles,
1461 1877 1561 1916 non
1595 1862 1763 1916 solum
1788 1862 1877 1931 qui

348 1968 412 2005 ex
441 1951 653 2016 Iudaeis,
690 1955 780 2006 sed
807 1954 968 2006 etiam
1000 1954 1088 2021 qui
1119 1967 1184 2006 ex
1225 1954 1467 2021 gentibus
1510 1952 1876 2005 credidissent.

349 2041 535 2110 Magna
568 2042 708 2095 enim
738 2042 905 2109 gratia
936 2041 988 2093 in
1034 2042 1407 2109 hospitalitatis
1449 2041 1625 2096 ofﬁcio
1659 2057 1762 2094 non
1795 2056 1881 2094 so-

350 2132 455 2183 lum
493 2132 629 2199 apud
666 2130 848 2193 Deum,
878 2131 970 2182 sed
1018 2138 1073 2183 et
1127 2130 1264 2197 apud
1314 2131 1554 2183 homines
1591 2129 1877 2184 invenitur.

348 2220 477 2284 Quae
513 2230 684 2271 tamen
718 2233 800 2271 res
835 2220 1081 2287 quoniam
1114 2233 1216 2271 non
1253 2220 1420 2272 solum
1457 2220 1506 2274 in
1539 2219 1806 2273 voluntate
1829 2231 1882 2274 et

353 2310 621 2375 prOposito
647 2308 809 2377 682
840 2308 1193 2373 dominorum,
1223 2307 1312 2360 sed
1345 2320 1398 2362 et
1430 2319 1581 2378 grato
1635 2325 1698 2364 ac
1741 2310 1878 2365 ﬁdeli

348 2399 585 2453 coostitit
607 2398 716 2468 (11)
748 2397 1038 2450 miniSterio
1104 2395 1444 2463 famulorum,
1472 2399 1669 2452 idcirco
1696 2414 1881 2453 omnes

351 2490 441 2556 qui
472 2489 820 2542 ministerium
853 2488 990 2541 istud
1024 2503 1144 2541 cum
1197 2489 1323 2555 ipsis
1350 2486 1578 2540 ﬁdeliter
1626 2488 1882 2557 adimple-

346 2576 496 2641 bant,
527 2577 857 2628 domesticam
885 2590 1058 2628 eorum
1087 2577 1375 2629 nominavit
1405 2574 1713 2628 Ecclesiam.

420 2666 507 2718 19.
551 2665 787 2718 Salutate
824 2664 1139 2732 Ephenetum
1184 2665 1423 2716 dilectum
1451 2681 1641 2727 meum,
1686 2666 1773 2734 qui
1808 2674 1883 2718 est

349 2753 559 2806 initium
588 2754 725 2804 Asia:
769 2754 825 2804 in
860 2751 1059 2805 Christo
1104 2753 1169 2804 ".
1203 2752 1298 2805 Hic
1327 2753 1626 2821 Epheuetus
1679 2755 1884 2807 videtur

354 2845 483 2897 mihi
515 2844 748 2896 omnium
780 2844 980 2911 primus
1011 2860 1074 2897 ex
1126 2843 1251 2896 Asia
1281 2844 1605 2909 credidisse;
1655 2846 1794 2898 unde
1832 2854 1885 2898 et

352 2936 562 2990 initium
594 2950 714 2987 eum
744 2935 989 2989 Ecclesia:
1018 2935 1316 3004 appellavit,
1354 2936 1458 2996 vel,
1504 2945 1563 2988 ut
1608 2936 1657 2988 in
1698 2935 1882 2990 Graeco

357 3027 635 3091 habeatur,
683 3027 941 3094 primitias
990 3028 1126 3080 Asia:
1174 3044 1193 3079 :
1264 3026 1360 3078 nisi
1417 3025 1613 3093 aliquid
1667 3026 1885 3094 profun-

358 3118 476 3171 dius
497 3116 606 3186 (12)
645 3132 824 3170 sermo
856 3117 953 3169 iste
986 3116 1266 3184 signiﬁcet,
1296 3126 1353 3169 ut
1390 3117 1745 3184 intelligamus
1791 3134 1884 3169 au-

356 3207 501 3275 gelos
526 3206 639 3270 Dei,
682 3208 768 3274 qui
808 3207 1055 3260 Ecclesiis
1101 3217 1353 3275 przesunt,
1402 3205 1593 3259 olferre
1650 3207 1884 3275 singulos

358 3314 593 3367 quosque
622 3301 878 3368 primitias
904 3301 1009 3354 Deo
1045 3315 1110 3353 ex
1138 3301 1218 3353 his
1241 3300 1330 3368 qui
1354 3301 1608 3362 credunt;
1640 3300 1886 3367 primitiae

358 3394 535 3441 autem
567 3387 701 3452 apud
730 3386 1161 3453 illosjudicentur
1187 3401 1288 3440 non
1322 3386 1375 3439 in
1407 3386 1488 3439 his
1528 3386 1616 3453 qui
1650 3396 1887 3453 tempore

356 3476 513 3546 printi
536 3485 679 3540 sunt,
703 3477 791 3529 sed
813 3476 900 3543 qui
939 3476 1218 3529 virtutibus
1245 3485 1297 3528 et
1328 3476 1531 3528 meritis
1558 3476 1882 3543 praacellunt.

359 3564 594 3630 Quorqu
627 3564 799 3617 sciens
844 3579 937 3630 pcr
965 3563 1216 3631 Spiritum
1254 3561 1449 3616 Paulus
1468 3563 1778 3617 electionem
1805 3578 1888 3617 er-

360 3669 425 3717 ga
451 3651 800 3721 preuetum,
827 3663 876 3706 et
905 3655 1039 3720 quod
1081 3652 1190 3722 (l5)
1235 3654 1402 3720 ipsum
1452 3669 1518 3706 ex
1562 3655 1704 3707 omni
1754 3654 1885 3708 ﬁde-

359 3743 486 3795 lium
513 3756 752 3809 numero,
784 3742 872 3810 qui
914 3754 1065 3796 erant
1114 3744 1165 3795 in
1201 3744 1346 3805 Asia,
1385 3742 1575 3796 electio
1629 3743 1890 3797 invenerit

360 3831 687 3899 angelorum,
714 3831 992 3898 appellavit
1016 3848 1134 3885 eum
1160 3833 1415 3894 primitias
1440 3832 1593 3885 Asiw.
1625 3831 1727 3884 Sed
1759 3842 1811 3885 et
1836 3832 1887 3885 in

361 3921 461 3974 alia
492 3921 723 3987 Epistola
749 3922 791 3953 ³⁸
825 3922 952 3975 dicit
980 3922 1045 3975 de
1067 3920 1401 3989 quibusdam,
1425 3921 1562 3986 Quia
1587 3922 1689 3974 sint
1718 3923 1891 3990 primi-

360 4012 451 4065 tias
472 4011 682 4063 Achaia:
708 4030 726 4076 ;
752 4017 989 4064 eamdem
1015 4011 1128 4063 sine
1151 4009 1311 4064 dubio
1355 4011 1676 4063 sacramenti
1728 4011 1891 4063 ratio-

362 4113 480 4151 nem
513 4100 669 4150 etiam
697 4098 749 4151 in
777 4099 879 4152 illis
905 4098 1191 4167 aspiciens.

429 4189 517 4243 ΞΟ.
550 4188 782 4243 Salutate
820 4189 1063 4253 Mariam,
1112 4207 1226 4260 qua:
1265 4191 1478 4242 multant
1532 4189 1783 4241 laboravit
1833 4188 1888 4240 in

1979 1861 2061 1914 bis
2102 1844 2371 1928 apostolis‘
2407 1858 2501 1926 qui
2568 1866 2704 1910 ante
2741 1870 2880 1909 eum
2920 1853 3249 1907 fuerunt.
3294 1849 3425 1905 Sed
3484 1858 3543 1905 et
3593 1850 3713 1906 illud

1979 1965 2064 2004 me
2093 1950 2447 2016 movetquod
2477 1949 2591 2012 ait;
2641 1946 3049 2013 concaptivos
3114 1960 3323 1998 meos.
3384 1940 3531 2009 Quae
3573 1945 3708 1998 enim

1979 2039 2265 2094 eratPauli
2293 2038 2612 2103 captivitas,
2648 2037 2704 2088 in
2742 2051 2865 2103 qua
2898 2034 3039 2089 sibi
3076 2035 3288 2088 etiam
3330 2032 3709 2087 Andronicum

1979 2142 2029 2182 et
2055 2129 2267 2184 Iuniam
2298 2127 2658 2195 concaptivos
2689 2139 2823 2178 esse
2859 2134 3179 2189 testatur,
3211 2123 3352 2193 (17)
3380 2122 3408 2177 ?
3441 2124 3551 2177 nisi
3584 2125 3709 2177 forte

1981 2219 2328 2287 profundiore
2361 2217 2627 2287 mysterio
2655 2217 2728 2268 ad
2777 2214 2961 2269 illam
3016 2215 3461 2284 respiciamus
3490 2214 3708 2284 captivi-

1983 2319 2162 2371 tatem,
2197 2321 2358 2375 quam
2381 2307 2636 2367 Christus
2664 2306 2831 2358 venit
2882 2306 3279 2370 absolvere,
3328 2306 3408 2359 de
3448 2319 3559 2373 qua
3590 2307 3708 2359 seri-

1978 2404 2126 2463 ptnm
2147 2402 2229 2447 est
2245 2394 2310 2455 ⁸⁸,
2325 2395 2516 2447 venire
2537 2402 2594 2446 et
2621 2394 2760 2446 dare
2785 2408 2934 2447 eum
2966 2396 3273 2464 captivis
3296 2395 3705 2457 remissionem,

1980 2484 2137 2537 caecis
2176 2486 2376 2536 visum.
2405 2483 2460 2535 lu
2493 2498 2602 2552 qua
2640 2483 3019 2552 captivitate
3054 2486 3372 2539 videntur
3417 2502 3532 2539 uua
3556 2496 3708 2553 atque

1980 2575 2167 2627 eadem
2194 2574 2404 2627 ratione
2461 2575 2554 2626 isti
2579 2588 2730 2640 esse,
2773 2591 2898 2643 qua
2946 2586 3024 2629 et
3095 2576 3344 2630 Paulus
3377 2587 3528 2630 erat.
3553 2576 3707 2632 Verbi

1980 2665 2117 2716 enim
2141 2664 2313 2732 gratia
2341 2662 2387 2716 si
2414 2663 2668 2718 dicamus
2697 2682 2712 2718 :
2745 2663 2903 2719 Cuni
2956 2668 3290 2736 captivus
3330 2677 3495 2723 esset
3549 2682 3703 2737 papu-

1983 2755 2062 2807 lus
2083 2753 2246 2807 Israel
2271 2756 2414 2823 apud
2443 2755 2709 2825 Assyrios
2739 2757 2833 2809 vel
2871 2756 3325 2828 Babylonios,
3353 2772 3563 2813 omnes
3585 2758 3699 2827 qui-

1981 2846 2100 2898 dem
2133 2845 2460 2899 videbantur
2497 2861 2623 2901 esse
2660 2848 2934 2915 captivi;
2976 2852 3107 2904 sed
3150 2850 3280 2903 alia
3335 2850 3491 2906 ratio
3529 2851 3700 2905 inca:-

1986 2937 2114 2990 teris
2138 2936 2471 3003 captivitatis
2505 2937 2646 3008 (l8),
2681 2937 2797 2990 alia
2838 2939 2901 2991 in
2974 2939 3286 3003 Daniele,
3359 2951 3422 2997 et
3477 2942 3700 3006 Auania,

1986 3037 2143 3094 atque
2170 3027 2361 3080 Azaria
2390 3028 2475 3081 vel
2496 3028 2716 3082 Misael.
2748 3029 2841 3083 llli
2878 3033 3071 3085 enim
3109 3034 3353 3101 captivi
3383 3044 3547 3089 erant
3605 3049 3695 3102 pro

1988 3117 2221 3184 peccatis
2251 3117 2401 3182 suis;
2434 3118 2526 3171 isti
2582 3132 2721 3171 vero
2786 3135 2907 3188 pro
2957 3124 3423 3179 consolatione
3475 3125 3703 3192 captivo.

1990 3222 2104 3260 rum
2143 3216 2298 3258 erant
2338 3207 2507 3260 etiam
2564 3208 2671 3275 ipsi
2706 3210 2998 3277 captivi:
3072 3221 3147 3267 et
3211 3217 3359 3268 ideo
3419 3215 3467 3267 si
3512 3215 3701 3268 diceret

1993 3295 2178 3350 Daniel
2212 3295 2278 3348 de
2309 3296 2491 3362 aliquo
2519 3311 2633 3349 uno
2669 3311 2743 3350 ex
2788 3298 2983 3366 plebe
3019 3319 3037 3354 :
3060 3302 3493 3372 Concaptivus
3540 3319 3700 3368 meus,

1992 3402 2099 3441 non
2131 3387 2202 3439 ita
2233 3387 2628 3440 convenienter
2662 3386 2774 3441 dici
2829 3390 3231 3459 videbatur,
3293 3402 3362 3447 ut
3407 3395 3458 3447 si
3508 3394 3700 3447 diceret

1992 3478 2057 3530 de
2081 3476 2310 3539 Anauia,
2344 3485 2401 3528 et
2430 3476 2661 3542 Azaria,
2698 3486 2759 3531 et
2803 3478 3068 3547 Misael,
3103 3489 3463 3555 concaptivi
3496 3486 3619 3540 mei.
3651 3484 3699 3536 In

1993 3565 2109 3619 iStis
2133 3565 2275 3617 enim
2313 3579 2419 3616 una
2454 3566 2809 3633 captivitatis
2862 3583 2967 3624 est
3028 3576 3232 3642 ratio,
3286 3592 3426 3645 quae
3481 3577 3631 3647 longe
3673 3592 3698 3625 a

1992 3653 2183 3722 reliqui
2209 3651 2392 3720 populi
2430 3653 2655 3707 ratione
2679 3655 2930 3711 diversa
2990 3671 3098 3715 est
3140 3664 3304 3736 (19).
3343 3664 3431 3719 lta
3489 3682 3617 3733 ergo
3653 3674 3701 3717 et

1994 3743 2190 3796 Paulus
2230 3742 2334 3795 tale
2372 3742 2585 3811 aliquid
2621 3744 2693 3797 de
2740 3760 2807 3800 se
2855 3758 2925 3802 et
2969 3751 3387 3823 Andronico,
3432 3771 3501 3809 ac
3533 3754 3696 3816 Iunia,

1994 3833 2284 3886 secundum
2309 3834 2639 3887 occultioris
2671 3845 3065 3897 sacramenti
3114 3847 3380 3901 intuens
3416 3849 3695 3907 rationem,

1994 3925 2320 3991 concaptivos
2347 3938 2441 3977 eos
2478 3925 2584 3979 sibi
2622 3928 2678 3979 in
2716 3931 2828 3984 hoc
2881 3940 3143 3992 mundo
3190 3942 3493 4005 nominat,
3521 3951 3577 3994 et
3614 3955 3698 3992 no-

1994 4012 2117 4064 biles
2145 4013 2199 4064 in
2230 4012 2504 4081 apostolis.

2060 4101 2132 4154 22
2193 4101 2441 4156 Salutate
2461 4103 2811 4174 Ampliatum
2877 4110 3195 4172 dilectum
3221 4137 3420 4174 meum
3445 4122 3503 4173 in
3530 4118 3695 4171 Domi»

1994 4205 2059 4241 no
2088 4188 2155 4241 “.
2189 4189 2328 4244 Huic
2358 4194 2620 4260 quamvis
2649 4196 2793 4248 nihil
2840 4206 3188 4273 egregium
3225 4224 3356 4278 pne
3404 4210 3620 4264 exteris
3647 4208 3693 4259 iu

360 4284 497 4332 vobis
524 4281 567 4311 ”
603 4282 733 4349 (14).
763 4282 921 4334 Docet
944 4291 996 4334 et
1030 4283 1080 4334 in
1114 4281 1214 4335 hoc
1248 4282 1441 4335 debere
1462 4281 1620 4333 etiam
1661 4279 1885 4333 l'eiuiuas
1918 4270 1962 4324 1)
1992 4277 2146 4332 laude
2176 4280 2423 4334 videatur
2452 4278 2766 4349 ascribere,
2818 4270 3039 4346 tamen
3094 4270 3241 4353 hoc'
3281 4299 3416 4367 ipso
3454 4299 3599 4368 quod
3625 4296 3695 4350 di-

425 4439 470 4471 ⁸⁵
497 4440 611 4491 Art.
634 4455 786 4504 xvnt,
825 4441 940 4493 1-5.
1014 4441 1059 4472 ⁸⁸
1082 4442 1199 4494 Act.
1228 4444 1372 4507 ixvu,
1413 4439 1447 4492 5
1497 4455 1578 4506 sq.

359 4522 421 4569 tt,
448 4509 500 4563 4.
568 4509 607 4539 ⁵³
634 4509 651 4560 l
682 4508 817 4562 'l‘im.
854 4524 903 4575 ν,
944 4508 1029 4561 10.
1105 4510 1148 4540 ⁵⁸
1166 4509 1321 4562 Rom.
1360 4524 1468 4572 xw,
1499 4508 1551 4561 7.

434 4683 510 4755 (9)
540 4685 812 4751 Rabanus,
841 4696 896 4738 ut
917 4687 1023 4753 qui,
1046 4684 1205 4739 male.

437 4753 544 4823 (Ιυ)
569 4755 730 4823 Editi,
758 4754 972 4807 Romam
1005 4755 1238 4823 ingressi,
1273 4753 1425 4823 male.

435 4822 478 4893 (1
499 4819 544 4893 1)
572 4822 664 4875 Ms.
698 4824 892 4891 Regius
926 4819 1265 4893 numiil639,
1287 4821 1539 4893 consistit.
1564 4819 1734 4893 Paulo
1775 4830 1895 4887 post

367 4890 905 4957 editi,adimpleucrit,
927 4901 999 4955 et,
1032 4892 1458 4950 adimpleverunt.
1486 4890 1684 4944 Deinde
1720 4905 1895 4943 eorum

370 4962 670 5015 restimitur
698 4975 761 5011 ex
796 4975 894 5013 ms.
928 4960 1095 5024 Regio
1125 4974 1271 5012 num.
1318 4959 1472 5013 1639.

442 5030 549 5099 (1⁸2)
585 5027 679 5099 Ms.
710 5028 907 5099 Regius
943 5044 1089 5081 num.
1122 5027 1284 5088 1659,
1317 5028 1416 5099 nisi
1439 5030 1500 5099 psi
1542 5027 1739 5099 aliquid
1778 5042 1893 5099 pro-

373 5096 607 5165 fundius.
631 5096 829 5150 Deinde
857 5112 1043 5150 omnes
1071 5111 1199 5149 is.
1230 5107 1283 5149 et
1324 5097 1471 5159 editi,
1515 5112 1680 5150 sermo
1703 5096 1798 5148 iste
1826 5096 1898 5147 si-

372 5164 616 5243 gni/ica};
642 5164 732 5244 sed
755 5167 950 5218 rectius
979 5164 1243 5244 Rabantts,
1273 5164 1541 5233 signiﬁcet.
1588 5165 1902 5243 PauloOpost

372 5233 841 5298 edttt,1udtcentur
872 5234 991 5300 (ms.
1047 5231 1245 5300 Regius
1292 5249 1437 5285 num.
1471 5232 1624 5298 1659,
1652 5234 1901 5300 judican-

370 5247 841 5298 euut,1uaicemur
872 5247 991 5300 (ms.
1047 5247 1245 5300 ncguus
1292 5249 1437 5285 num.
1471 5247 1624 5298 πυόν,
1652 5247 1831 5301 Juatca

374 5300 478 5366 tur)
504 5317 601 5352 non
623 5303 675 5351 lii
713 5302 800 5367 qui
838 5311 1065 5367 (corpore
1090 5303 1241 5367 primi
1263 5310 1405 5355 sunt.

441 5367 550 5434 (15)
577 5369 667 5421 Sic
691 5384 875 5424 omnes
919 5385 1048 5423 mss.
1080 5380 1134 5421 et
1180 5368 1329 5422 editi.
1377 5368 1630 5424 Rabanus
1665 5383 1811 5432 vero,
1843 5383 1901 5421 eo

373 5436 721 5573 quiiléiegditi
755 5514 936 5573 etgms.
966 5504 1160 5573 Regius
1188 5521 1333 5557 num.
1367 5506 1521 5571 1659,
1552 5509 1604 5561 in
1634 5507 1797 5559 nobis.

452 5566 657 5640 (_15)lta
690 5586 788 5623 tus.
812 5571 1009 5640 Regius
1040 5566 1186 5626 ﬁunt.
1219 5573 1373 5626 1639.
1400 5566 1516 5627 Sed
1544 5577 1719 5629 ca'teri
1754 5588 1899 5635 utss.,

380 5631 631 5701 [lulianus
660 5648 712 5690 et
730 5631 961 5715 cditifin
984 5644 1119 5694 omni
1138 5657 1320 5710 genere
1346 5645 1621 5709 castitatis,

1653 4440 1695 4470 ⁸⁷
1724 4439 1874 4489 Rom.
1926 4452 2036 4490 xw.
2095 4433 2147 4489 5.
2223 4434 2268 4465 ⁸⁸
2299 4436 2314 4487 l
2347 4434 2476 4489 Cor.
2506 4452 2629 4503 xvr,
2662 4439 2760 4494 15.

1626 4508 1669 4538 ⁸³
1700 4507 1828 4563 Luc.
1863 4522 1936 4571 tv,
1970 4506 2055 4560 19.
2130 4504 2177 4533 ⁸⁵
2207 4503 2368 4557 Rom.
2393 4520 2507 4569 xvi,
2530 4506 2587 4558 8.

2844 4442 2902 4474 "
2954 4447 3150 4505 Rem.
3193 4469 3322 4521 XVI,
3356 4454 3418 4508 6.
3516 4455 3562 4485 ‘°
3589 4453 3689 4506 'l'it.

2070 4682 2717 4770 (i§)7§icﬂmss._lieg_ius
2744 4706 2919 4770 n‘um.
2951 4697 3146 4770 1639.
3193 4703 3282 4760 Ita
3338 4710 3521 4761 etiam
3572 4710 3691 4763 editi

1998 4750 2271 4835 plerique,
2303 4756 2395 4821 qui
2427 4750 2641 4835 habent
2682 4759 2742 4811 in
2770 4750 2920 4835 line,
2964 4750 3553 4831 in'c'niiiifi'és'i.

2000 4831 2181 4913 εεξιεξςι
2203 4836 2463 4913 ,ιξξεε-,ῌει
2496 4831 2589 4913 qui
2631 4838 2768 4882 ante
2797 4833 3040 4913 ruerunt
3070 4843 3136 4894 in
3166 4842 3454 4913 Christo,
3483 4831 3690 4902 omissis

2000 4901 2157 4974 nte-et
2189 4890 2342 4974 Iesu,
2372 4890 2697 4974 quae'voces
2732 4890 3692 4974 omittuntur'evti-a'mua’

2003 4967 2059 5009 et
2095 4960 2148 5009 in
2180 4960 2423 5016 editione
2457 4961 2700 5021 Veneta.

2207 5029 2388 5115 ἓζῖῖὲίς
2406 5045 2686 5115 εοςξιᾳεοε,
2706 5046 2762 5093 et
2793 5052 3169 5115 concaplivos
3191 5069 3327 5108 esse
3352 5060 3629 5112 testatur!

2071 5096 2121 5196 (
2287 5098 2399 5196 ti‘,‘
2692 5125 2748 5196 ﬂ:
2776 5129 2810 5181 g
2817 5130 2878 5165 ra
2976 5096 3403 5196 faciebamus;
3410 5096 3687 5196 3553's)»:

2288 5175 2686 5263 esset-populiis
2720 5175 2912 5236 Is'rael
2951 5175 3440 5263 apndAAssyrios1
3454 5175 3556 5250 Et“

2006 5233 2735 5328 ξ’ἕίίίῗῗὲἱιφῖιηεὶίιέιίάεγη
2776 5265 2946 5328 erant
2981 5233 3534 5328 ἔαριίῖίῗέἐιῖὶᾶἵ
3562 5233 3683 5318 τέιῖο

2004 5315 2083 5399 ξξη
2347 5315 2599 5399 ξζξῌιίυμν
2629 5326 2754 5373 etc.
2786 5323 2905 5399 Sed
2939 5315 3104 5392 mss...
3140 5315 3687 5399 ﬂabanusJet'edi.

2006 5370 2084 5487 thiio
2117 5370 2323 5429 Veneta
2349 5370 2493 5434 hunc
2525 5370 2723 5440 locum
2742 5370 3489 5460 restitit-initiu-

2061 5456 2109 5487 3.
2151 5450 2340 5487 lamnn
2374 5449 2572 5487 nomine
2606 5469 2755 5487 nn...
2830 5466 2979 5487 ιιηηι
3052 5484 3061 5487 -
3098 5472 3137 5487 η
3187 5475 3198 5487 ι
3404 5477 3416 5487 .
3482 5478 3493 5487 .
3590 5485 3599 5487 _
3666 5481 3679 5487 -

2010 5449 2344 5537 ξ’ξέλέῇίξξοιξ
2368 5449 2575 5537 begins
2606 5469 2796 5537 nutu.
2830 5449 3073 5527 tuas—Ei
3098 5449 3685 5537 Καὶὶὶιιὶἰὲἱὶιῖῡέἶιῖἰῖἰ

2011 5511 2021 5515 -
2177 5514 2186 5521 .
2225 5519 2235 5526 ,
2458 5511 2516 5533 ν,
2836 5511 2978 5525 --νυ
3014 5511 3070 5527 υ.
3402 5511 3545 5530 ...ιη

2009 5521 2064 5558 ’³³
2086 5511 2212 5618 (eiii:
2224 5523 2416 5618 ‘33:?
2444 5523 2570 5618 ‘1‘}.‘1
2589 5532 2751 5618 Ἦέίο
2778 5535 2847 5590 ίη
2882 5546 3109 5618 “ﬁeri:
3145 5546 3399 5618 εαριίαίεν
3436 5555 3547 5601 ειε-

2002 5577 2206 5707 ωςιθ)
2248 5585 2423 5657 Em,
2454 5609 2570 5675 ,μω
2608 5577 3685 5686 tos;'2::;::.;:.i:"';:;:.;::sm
