3910 6220
219 292 349 347 1281

1149 293 1495 350 couucur.
1533 291 1597 345 lN
1633 284 1848 345 EPIST.
1878 248 1973 344 Ἀι)
2014 290 2177 346 nou.
2209 289 2337 343 LIB.
2381 286 2448 343 x.

3237 289 3374 345 1282

218 404 387 460 lectus
409 415 495 461 est
523 405 693 476 Pauli,
726 404 999 463 laudabilis
1022 416 1076 460 et
1095 408 1413 464 salutatione
1438 409 1628 478 dignus
1669 409 1747 464 el-
1773 409 1819 463 Α
1912 403 1999 456 29-
2034 399 2268 455 Salutate
2293 398 2564 454 Persidam
2589 396 2969 465 charissimam,
3007 382 3121 468 qua:
3153 401 3373 452 multum

216 493 419 550 ﬁcitur.

282 585 376 642 2'5.
418 587 661 644 Salutate
697 590 962 644 Urbanum
1005 592 1292 660 adjutorem
1342 604 1508 642 meum
1550 586 1660 659 (20)
1699 590 1778 641 in-

217 671 450 737 Clrristo,
472 685 520 727 et
547 672 777 746 Stacbyu
826 679 1064 730 dilectum
1095 694 1259 731 meum
1290 678 1354 730 ⁸⁸.
1409 678 1640 747 Stachyn
1695 677 1749 730 in

216 761 539 816 salutatione
582 767 871 835 conjungit,
929 768 1020 819 sed
1070 767 1339 822 Urbanum
1397 767 1449 820 in
1510 766 1752 820 laudibus

216 851 476 920 praetulit.
504 853 655 908 Illum
683 857 821 910 enim
847 857 1137 923 adjutorem
1161 857 1211 909 in
1242 855 1484 918 Christo;
1518 855 1750 925 Stachyn

213 956 341 995 vero
365 942 620 998 dilectum
673 949 1037 1001 tantummodo
1096 948 1219 1009 sibi,
1264 948 1400 999 sicut
1430 947 1748 1015 Ampliatum

213 1033 538 1087 nominavit.
569 1035 796 1102 Adjutor
824 1045 999 1090 autem
1022 1036 1253 1105 Apostoli
1294 1036 1347 1089 in
1378 1036 1611 1098 Christo,
1648 1051 1747 1094 non

213 1119 356 1172 aliud
388 1121 703 1190 intelligitur
746 1140 902 1191 quam
946 1126 1216 1193 apostolici
1260 1127 1434 1193 operis
1462 1125 1746 1193 particeps.

276 1210 370 1263 23.
412 1210 648 1265 Salutate
696 1212 916 1280 Apellem
991 1214 1204 1283 probum
1227 1216 1279 1267 in
1311 1213 1512 1267 Christo
1547 1214 1590 1246 ⁶⁶
1615 1215 1744 1285 (21).

209 1298 349 1354 Puto
376 1305 524 1354 hunc
548 1302 789 1369 Apellem
814 1319 908 1371 per
944 1305 1134 1359 multas
1180 1305 1548 1359 tribulationes
1571 1314 1746 1359 trans-

210 1389 317 1442 isse
378 1392 650 1458 patienter
674 1402 727 1446 et
754 1391 962 1447 fortiter
1002 1405 1346 1457 sustentatas,
1384 1404 1440 1450 et
1471 1397 1585 1449 ideo
1621 1412 1746 1465 pro-

210 1479 450 1532 nuntiari
488 1482 556 1534 ab
598 1481 853 1549 Apostolo
901 1484 1147 1550 probum,
1188 1486 1475 1539 secundum
1514 1501 1575 1539 ea
1631 1501 1747 1553 qua:

209 1569 324 1636 ipse
352 1570 406 1622 in
434 1571 554 1624 aliis
579 1570 729 1637 dixit,
777 1573 897 1638 quia
932 1574 1199 1626 tribulatio
1237 1575 1537 1641 patientiam
1566 1591 1748 1644 opera-

208 1671 313 1725 tur,
381 1663 641 1729 patientia
711 1678 826 1714 uero
888 1664 1260 1728 probationem,
1326 1667 1560 1732 probatio
1632 1682 1745 1718 vero

1851 491 2100 543 laboravit
2126 491 2179 542 in
2213 489 2430 541 Domino
2464 489 2531 541 ⁷³.
2566 488 2789 543 Videtur
2828 489 2943 542 huic
2974 488 3142 556 magis
3170 488 3373 543 laudari

1849 594 2006 647 quam
2032 578 2325 646 Tryphaena
2356 588 2410 631 et.
2453 578 2746 646 Tryphosa,
2784 577 3036 645 quoniam
3066 577 3275 644 quidem
3313 580 3375 631 il-

1850 668 1926 722 las
1956 668 2218 722 laborasse
2237 667 2365 721 dicit
2395 668 2444 719 in
2476 668 2719 732 Domino,
2745 669 2878 721 hanc
2903 676 3076 720 autem
3098 667 3376 721 laborasse

1851 756 2066 810 multmn
2098 756 2147 808 in
2184 755 2423 816 Domino,
2444 758 2526 809 cui
2557 756 2760 809 addidit
2792 763 2844 808 et
2868 757 3245 810 charissimam.

1916 842 2004 896 50.
2031 842 2262 896 Salutate
2294 841 2479 907 Rufum
2504 843 2713 895 electum
2739 844 2793 896 in
2818 843 3054 904 Domino,
3084 854 3128 895 et
3154 850 3370 895 matrem

1847 932 1959 999 ejus
1988 941 2034 984 et
2071 946 2235 984 meam
2271 932 2335 985 ⁷⁵.
2387 932 2496 984 Non
2538 942 2665 998 puto
2712 932 2761 984 in
2814 933 2927 984 istis
2965 933 3371 985 salutationibus

1850 1020 2079 1074 inaniter
2108 1019 2220 1075 ﬁeri
2258 1035 2351 1087 per
2379 1020 2611 1087 singulos
2635 1035 2872 1088 quosque
2893 1021 3062 1073 laudis
3089 1031 3141 1073 et
3168 1021 3371 1073 saluta-

1851 1108 2007 1163 tionis
2035 1107 2402 1162 differentiam.
2438 1110 2534 1174 Qui
2575 1111 2713 1162 enim
2743 1113 2843 1165 scit
2878 1116 2999 1179 quia
3030 1111 3271 1165 Christus
3298 1112 3375 1164 lo-

1847 1201 2025 1268 quitur
2054 1201 2104 1251 in
2130 1199 2287 1252 Paulo
2312 1200 2377 1264 7‘,
2412 1210 2587 1252 ccrtus
2609 1210 2690 1252 est
2723 1202 2859 1268 quod
2890 1217 2985 1268 pro
3018 1203 3206 1256 merito
3236 1203 3378 1258 alius

1848 1288 2058 1354 quidem
2091 1289 2283 1355 probus
2327 1289 2520 1342 dicitur
2567 1288 2633 1341 ab
2672 1303 2769 1353 eo,
2824 1290 2958 1344 alius
3004 1293 3372 1358 charissimus,

1846 1377 1979 1429 alius
2005 1377 2248 1431 laborans
2277 1379 2326 1430 in
2364 1378 2606 1443 Domino,
2632 1378 2766 1433 alius
2799 1380 3018 1432 multum
3047 1382 3293 1435 lanorans
3317 1384 3373 1437 in

1848 1466 2071 1518 Domino
2100 1465 2232 1535 (25),
2280 1467 2412 1519 alius
2452 1466 2667 1530 electus,
2717 1467 2858 1521 sicut
2881 1479 2932 1522 et
2962 1470 3047 1523 hic
3079 1470 3268 1535 Rufus,
3301 1471 3371 1526 de

1845 1568 1949 1621 quo
1977 1570 2116 1608 nunc
2139 1556 2289 1609 nobis
2322 1570 2496 1609 sermo
2545 1566 2653 1619 est,
2685 1558 2883 1611 electus
2911 1559 2961 1610 in
2990 1560 3211 1613 Domino
3238 1561 3377 1614 salu-

1851 1653 2007 1697 tatur.
2051 1644 2220 1698 Credo
2249 1646 2386 1713 quod
2418 1646 2577 1700 sciret
2608 1648 2806 1701 Paulus
2849 1663 2967 1701 esse
2995 1664 3113 1701 eum
3158 1650 3222 1702 de
3270 1665 3371 1702 uu-

206 1767 351 1816 δίκη,
376 1728 444 1801 ἀγ,
488 1750 776 1805 Videndum
797 1767 924 1805 sane
952 1760 1033 1804 est
1054 1767 1120 1805 ne
1149 1753 1281 1806 forte
1303 1728 1412 1820 ibse
1440 1755 1505 1805 si,
1544 1754 1626 1807 hic
1656 1755 1744 1822 qui
1778 1728 1818 1781 Β
1850 1747 1992 1786 mero
2014 1747 2118 1786 non
2152 1734 2432 1787 multorum
2460 1737 2547 1803 qui
2577 1737 2749 1788 vocati
2781 1747 2924 1798 sunt,
2960 1738 3050 1790 sed
3084 1752 3371 1804 paucorum

208 1840 258 1890 in
284 1840 516 1893 Actibus
536 1841 889 1906 apostolorum
907 1841 949 1871 ⁸⁸
968 1841 1151 1907 Apollo
1172 1842 1494 1904 nominatur,
1518 1842 1747 1896 Alexan-

204 1928 422 1991 drinus,
454 1929 506 1980 in
541 1928 833 1996 Scripturis
856 1931 1110 1984 eruditus.

274 1996 370 2049 25.
410 1996 648 2050 Salutate
675 2015 760 2050 eos
795 1999 881 2064 qui
910 2009 1027 2051 sunt
1063 2014 1125 2050 ea:
1170 1998 1453 2051 Aristobuli
1496 2001 1647 2054 domo
1678 2001 1742 2052 ‘9.

203 2084 477 2151 Quoniam
520 2085 653 2138 nihil
680 2085 847 2138 Otiose
884 2087 934 2138 in
979 2086 1169 2139 litteris
1203 2089 1436 2154 Apostoli
1486 2089 1567 2140 vel
1601 2089 1746 2140 addi-

203 2185 292 2230 tur
330 2177 416 2229 vel
444 2176 721 2240 minuitur,
760 2176 890 2229 istos
913 2176 997 2242 qui
1035 2177 1197 2246 683
1226 2188 1348 2230 sunt
1369 2178 1449 2230 vel
1473 2179 1535 2230 de
1569 2180 1742 2242 domo,

201 2266 286 2318 vel
311 2265 381 2318 de
400 2264 599 2318 familia
617 2263 935 2325 Aristobuli,
964 2280 1064 2317 non
1089 2266 1283 2318 frustra
1315 2282 1484 2333 neque
1507 2268 1743 2331 dilectos,

200 2370 381 2423 neque
407 2354 603 2423 probos
622 2392 638 2417 ,
669 2368 836 2421 neque
860 2354 1131 2423 adjutores
1158 2355 1208 2408 in
1237 2354 1448 2409 Christo
1472 2357 1704 2410 nominat
1728 2375 1742 2410 :

199 2448 294 2499 sed
335 2445 479 2499 forte
513 2444 641 2512 quia’
675 2443 804 2496 nihil
833 2444 934 2498 tale
962 2444 1225 2517 habebant
1253 2445 1304 2497 in
1335 2446 1555 2509 meritis,
1589 2447 1746 2501 idcir-

198 2548 262 2587 co
290 2549 392 2587 cos
424 2532 539 2586 solo
566 2531 719 2584 titulo
748 2531 1082 2585 salutationis
1104 2532 1403 2587 honoravit.

267 2621 363 2676 26.
410 2620 647 2675 Salutate
682 2618 1022 2672 Herodiouem
1055 2631 1328 2688 cognatum
1375 2638 1543 2675 meum
1571 2624 1636 2677 ⁷⁸.
1678 2625 1745 2679 Ει

196 2712 310 2776 hic,
358 2710 615 2764 similiter
662 2718 719 2761 ut
763 2709 1097 2762 Andronicus
1130 2719 1182 2763 et
1228 2709 1432 2773 lunias,
1481 2726 1742 2782 cognatus

196 2798 354 2852 Pauli
405 2798 642 2851 dicitur:
680 2796 771 2851 sed
807 2811 975 2864 neque
1007 2798 1350 2864 concaptivus
1389 2810 1445 2854 ut
1494 2803 1589 2866 illi,
1642 2820 1732 2858 ne-

194 2902 306 2956 que
352 2885 550 2941 nobilis
586 2885 637 2937 in
687 2884 955 2952 apostolis,
1001 2884 1052 2937 in
1094 2885 1174 2937 his
1221 2885 1310 2953 qui
1349 2897 1472 2940 ante
1519 2888 1741 2944 Paulum

195 2980 429 3033 fuerunt
458 2980 511 3032 in
539 2978 768 3041 Christo,
810 2977 1132 3030 nominatur.
1175 2977 1319 3031 Unde
1347 2980 1737 3048 intelligendum

193 3080 283 3125 est
312 3073 484 3124 etiam
515 3068 565 3119 in
589 3067 671 3120 his
712 3067 850 3136 quod
889 3075 1139 3135 cognatos
1167 3082 1290 3120 suos
1344 3041 1539 3123 Paulus
1563 3074 1740 3140 appel-
1766 3041 1807 3096 Ο

191 3160 291 3222 lat,
323 3172 454 3213 esse
490 3156 705 3209 multam
749 3155 1091 3210 diﬂ'erentiam
1112 3197 1126 3220 ,
1177 3158 1464 3212 secundum
1494 3163 1655 3228 illam,
1686 3178 1744 3220 ut

189 3266 297 3321 ego
333 3248 598 3312 arbitror,
635 3247 911 3309 rationem,
947 3263 1107 3317 quam
1136 3252 1381 3319 superius
1405 3255 1611 3323 aperire
1640 3266 1745 3310 ten-

194 3353 244 3395 ta
256 3344 469 3394 vimus.

263 3434 361 3486 2'7.
400 3430 639 3485 Salutate
665 3444 749 3481 eos
786 3429 872 3495 qui
903 3439 1019 3483 sunt
1059 3446 1122 3483 ea:
1158 3431 1394 3487 Narcissi
1431 3435 1605 3498 domo,
1651 3439 1739 3507 qui

189 3532 321 3576 sunt
360 3522 423 3574 in
464 3519 679 3570 Domino
709 3518 774 3570 τι.
802 3518 1063 3572 Videntur
1102 3521 1312 3588 quidem
1366 3524 1540 3591 plures
1580 3526 1742 3580 fuisse

191 3627 261 3665 ex
313 3611 483 3664 domo
524 3608 603 3659 vel
645 3608 839 3662 familia
879 3607 1128 3673 Narcissi,
1179 3613 1269 3665 sed
1314 3629 1415 3666 non
1457 3630 1642 3669 omnes
1687 3617 1741 3669 in

195 3702 442 3755 Domino
472 3699 635 3750 fuisse
666 3713 679 3747 :
727 3707 781 3751 et
803 3699 920 3751 ideo
949 3699 1151 3754 addidit
1178 3715 1268 3756 eos
1298 3704 1596 3759 salutandos
1625 3719 1741 3760 esse

188 3793 288 3857 qui
315 3797 444 3841 sunt
470 3788 522 3838 in
549 3784 785 3839 Domino.

269 3881 369 3934 28.
400 3876 637 3930 Salutate
663 3876 1006 3943 Tripha’nam,
1047 3887 1093 3929 et
1129 3876 1463 3945 Tryphosam,
1502 3895 1618 3947 qua:
1661 3880 1741 3931 la-

190 3976 395 4025 borant
446 3968 504 4019 in
552 3965 768 4018 Domino
794 3967 859 4019 τ’.
891 3966 1093 4021 Bonum
1138 3967 1202 4019 de
1245 3966 1328 4019 bis
1372 3968 1462 4019 dat
1505 3968 1743 4020 testimo—

187 4061 379 4119 nium,
408 4070 635 4125 quarum
679 4053 906 4107 laborem
940 4069 1041 4106 non
1082 4052 1237 4120 hujus
1272 4056 1447 4107 mundi
1480 4055 1612 4124 (22),
1646 4073 1742 4109 nc-

189 4163 311 4217 que
341 4144 643 4200 communis
674 4147 816 4206 vitae,
853 4143 944 4197 sed
987 4144 1039 4196 in
1079 4144 1298 4197 Domino
1330 4159 1448 4198 esse
1491 4154 1740 4199 testatur.

188 4237 359 4292 Multi
412 4233 555 4288 enim
603 4232 880 4295 laborant,
929 4235 1020 4287 sed
1070 4249 1172 4287 non
1227 4234 1457 4287 omnium
1509 4234 1739 4289 laborem

189 4333 429 4381 constat
458 4335 576 4377 esse
603 4321 655 4374 in
684 4320 923 4373 Domino.

273 4440 325 4471 ..ι
361 4434 713 4502 Rom,m,9.
756 4433 1062 4502 «tutuo.
1102 4435 1525 4500 "Rom.v,5,4.
1595 4438 1744 4495 “Act

1842 4455 1953 4502 vm,
1981 4439 2070 4491 24.
2114 4439 2155 4469 ⁸³
2182 4436 2335 4491 Rom.
2369 4454 2476 4500 xvr,
2501 4438 2584 4492 ll.

1845 1821 1934 1890 qui
1967 1823 2118 1876 electi
2165 1832 2289 1876 sunt
2312 1823 2358 1854 ⁷⁸
2400 1840 2414 1875 :
2459 1825 2609 1893 cujus
2656 1835 2709 1880 et
2747 1835 2915 1879 mater
2952 1836 3153 1880 tantum
3199 1828 3373 1880 meriti

1845 1910 2049 1974 habuit,
2090 1920 2147 1964 ut
2188 1927 2304 1966 eam
2339 1911 2529 1966 Paulus
2555 1928 2704 1966 suam
2744 1915 3095 1969 nominaverit
3128 1925 3372 1979 matrem,

1845 2019 1963 2058 cum
2010 2020 2113 2072 quo
2151 2007 2308 2059 etiam
2360 2008 2494 2075 ipse,
2539 2010 2677 2063 sicut
2723 2009 2877 2063 Jesus
2915 2026 3034 2063 cum
3078 2010 3277 2064 Joanne
3305 2008 3373 2073 ",

1842 2111 2002 2148 unum
2038 2097 2263 2163 partitur
2289 2100 2470 2151 matris
2499 2098 2740 2151 allectum
2771 2098 2899 2167 (24).

1910 2186 1997 2239 51.
2028 2185 2266 2239 Salutate
2300 2190 2658 2255 Asyncretum,
2698 2187 3063 2257 Plrlegontam,
3106 2187 3373 2254 Hermem,

1844 2272 2147 2336 Patrobam,
2180 2272 2447 2338 Hennam,
2475 2284 2522 2327 et
2545 2277 2588 2328 si
2612 2279 2699 2345 qui
2723 2288 2840 2329 sunt
2869 2294 2982 2329 cum
3002 2279 3072 2330 eis
3097 2277 3282 2345 fratres
3302 2275 3370 2329 ⁷⁸.

1844 2361 1917 2416 De
1949 2364 2061 2416 iStis
2087 2364 2307 2432 simplex
2337 2374 2419 2418 est
2447 2366 2720 2430 salutatio,
2770 2382 2867 2420 nec
2899 2367 3095 2435 aliquid
3128 2368 3207 2420 eis
3243 2367 3373 2418 insi-

1843 2467 1942 2521 gne
1990 2453 2159 2506 laudis
2203 2455 2532 2522 adjungitur.
2572 2456 2706 2508 Puto
2752 2465 2923 2509 tamen
2965 2459 3105 2526 quod
3148 2456 3373 2511 Hermas

1845 2542 1944 2595 iste
1968 2547 2039 2595 sit
2064 2545 2294 2612 scriptor
2344 2545 2502 2598 libelli
2541 2546 2677 2599 illius
2705 2547 2793 2615 qui
2825 2546 3016 2599 Pastor
3055 2546 3373 2615 appellatur,

1842 2646 1958 2699 quae
1981 2633 2241 2700 scriptura
2277 2633 2429 2687 valde
2461 2634 2586 2686 mihi
2625 2635 2769 2687 utilis
2798 2638 3038 2699 videtur,
3085 2647 3138 2690 et
3167 2647 3222 2689 ut
3248 2648 3375 2705 puto

1842 2721 2092 2775 divinitus
2137 2722 2412 2792 inspirata.
2458 2723 2606 2788 Quod
2647 2738 2773 2778 vero
2806 2724 2935 2778 nihil
2964 2726 3009 2778 ei
3057 2726 3228 2781 laudis
3259 2726 3374 2797 (25)

1842 2812 2112 2877 ascripsit,
2144 2812 2252 2878 illa,
2278 2812 2488 2881 opinor,
2512 2821 2594 2866 est
2621 2827 2803 2875 causa,
2835 2815 2956 2881 quia
2987 2815 3211 2879 videtur,
3236 2818 3373 2869 sicut

1842 2900 2102 2967 scriptura
2144 2902 2230 2953 illa
2262 2901 2513 2964 declarat,
2551 2911 2666 2968 post
2698 2903 2859 2955 multa
2892 2912 3108 2971 peccata
3146 2906 3211 2958 ad
3253 2918 3371 2972 pm-

1842 2986 2114 3039 nitentiam
2148 2989 2313 3042 fuisse
2344 3004 2633 3042 conversus
2666 3006 2679 3041 :
2708 2998 2761 3042 et
2806 2991 2923 3042 ideo
2965 3005 3135 3059 neque
3180 3006 3375 3059 oppro-

1842 3076 2011 3128 brium
2051 3078 2098 3130 ei
2143 3078 2355 3145 aliquod
2385 3080 2594 3147 scripsit
2625 3096 2638 3130 :
2676 3080 2938 3132 didicerat
2986 3080 3125 3132 enim
3160 3096 3188 3132 a
3230 3080 3375 3135 Scri-

1842 3172 1993 3228 ptura
2048 3180 2150 3218 non
2194 3166 2558 3233 improperare
2618 3165 2817 3218 homini
2863 3165 3190 3218 convertenti
3237 3180 3294 3219 se
3343 3183 3372 3219 a

1841 3259 2058 3319 peccato
2082 3251 2128 3282 "
2154 3269 2167 3303 :
2199 3266 2372 3320 neque
2397 3253 2567 3306 laudis
2598 3254 2796 3321 aliquid
2821 3254 3021 3315 tribuit,
3052 3256 3173 3321 quia
3201 3255 3374 3308 adhuc

1842 3340 2044 3408 positus
2086 3350 2205 3394 erat
2259 3344 2357 3395 sub
2404 3341 2594 3410 angelo
2642 3343 2964 3409 preuitentiae
3009 3342 3142 3414 (26),
3194 3360 3221 3395 a
3267 3359 3376 3411 quo

1845 3438 2075 3496 tempore
2104 3443 2402 3498 Opportuno
2430 3432 2643 3486 Christo
2679 3447 2887 3484 rursum
2922 3433 3135 3486 deberet
3165 3432 3365 3487 offerri.

1840 3517 2155 3588 lntelligitur
2177 3532 2350 3573 autem
2387 3522 2525 3587 quod
2564 3522 2722 3575 simul
2766 3523 3122 3576 habitaverint
3152 3524 3204 3576 hi
3237 3540 3372 3592 quo-

1841 3622 1955 3660 rum
1989 3609 2234 3663 salutatio
2264 3611 2460 3664 sociata
2486 3620 2587 3664 est.

1907 3697 1999 3752 52.
2030 3696 2263 3750 Salutate
2292 3696 2625 3768 Pliilologum
2671 3709 2717 3751 et
2764 3698 3000 3764 Iuliam,
3046 3700 3273 3754 Nereum
3317 3711 3371 3757 et

1839 3803 2063 3840 sororem
2093 3787 2223 3854 ejus,
2259 3798 2305 3839 et
2338 3785 2715 3855 Olympiadem,
2752 3798 2800 3840 et
2845 3805 3015 3841 omnes
3050 3801 3255 3845 sanctos
3278 3793 3382 3858 qui

1840 3895 1954 3930 cum
1983 3879 2056 3930 eis
2089 3888 2206 3929 sunt
2237 3877 2301 3932 ⁸ο.
2333 3876 2515 3932 Potest
2554 3879 2673 3932 ﬁeri
2709 3887 2766 3932 ut
2810 3879 3114 3947 Philologus
3143 3892 3194 3934 et
3223 3881 3363 3937 Julia

1841 3964 2089 4033 conjuges
2118 3964 2340 4029 fuerint;
2374 3968 2548 4020 caeteri
2589 3968 2862 4021 domestici
2900 3983 3104 4031 eorum,
3143 3972 3209 4023 ad
3234 3987 3371 4040 quos

1841 4054 2059 4122 simplex
2088 4055 2338 4107 salutatio
2376 4056 2642 4123 dirigitur.

1908 4145 1994 4197 35.
2041 4143 2276 4197 Salutate
2309 4146 2518 4198 invicem
2557 4147 2610 4197 in
2641 4144 2813 4198 osculo
2856 4157 3034 4199 sancto
3063 4148 3128 4195 ⁸⁸.
3164 4148 3235 4200 Ex
3270 4151 3371 4203 hoc

1841 4249 2106 4297 sermone,
2141 4234 2363 4301 aliisque
2405 4235 2670 4288 nonnullis
2720 4237 3001 4301 similibus,
3049 4252 3161 4291 mos
3193 4238 3372 4292 Eccle-

1771 4343 1816 4401 ι)
1842 4324 1938 4377 siis
1967 4323 2195 4376 traditus
2219 4332 2301 4376 est
2326 4332 2382 4376 ut
2412 4333 2530 4392 post
2559 4325 2827 4379 orationes
2861 4328 3041 4381 osculo
3062 4342 3119 4381 se
3146 4329 3368 4383 invicem

2657 4441 2704 4472 ⁷⁰
2740 4440 2865 4494 ibid.
2893 4456 2998 4501 xvt.
3025 4442 3109 4496 11.
3182 4442 3223 4473 ⁷¹
3244 4442 3369 4495 ibid.

187 4510 243 4541 ἰ
278 4509 417 4560 ibid.
454 4504 553 4573 te.
592 4501 661 4573 ﬁ"
695 4491 823 4573 ibid:
892 4501 938 4573 'f
980 4503 1129 4573 ibid._
1159 4503 1243 4557 is.
1313 4491 1583 4561 "'u'Cor.
1625 4491 1737 4571 xiii,

1855 4491 2149 4560 ἿᾶἑΜειιιιι.
2185 4522 2314 4566 xxu,
2392 4491 2477 4560 11.
2549 4508 2594 4539 ⁷⁷
2618 4491 2779 4562 Ιοειιι.
2808 4491 2922 4573 {ix}
2951 4491 3157 4566 ’ἓξὲξ-’⁷⁸
3213 4491 3370 4565 nbit;

186 4591 321 4638 xvs,
353 4575 442 4627 14.
516 4572 560 4604 τ’
588 4570 876 4633 Eccli.vm,
907 4569 960 4623 6.
1032 4570 1077 4601 ’θ
1098 4570 1252 4623 Rom.
1290 4587 1397 4635 xvi,
1432 4573 1520 4626 l5.
1587 4574 1638 4606 “
1665 4569 1790 4630 ibid.
1825 4577 1910 4629 16.

273 4669 393 4737 (20)
419 4666 579 4737 Editi,
610 4664 896 4737 adjutorem
920 4674 1178 4737 nostrum,
1202 4665 1394 4737 Deinde
1426 4680 1551 4737 mss.
1582 4667 1738 4734 pleri-

188 4731 336 4806 que,
373 4735 627 4806 Rabanus
651 4731 883 4806 etediti.
912 4731 977 4784 Et
1003 4734 1135 4806 istos
1163 4734 1215 4784 in
1254 4731 1596 4806 salutatione
1619 4753 1741 4790 cou-

175 4800 413 4873 jungit;
465 4804 558 4857 sed
608 4801 803 4855 rectius
846 4815 945 4855 ms.
999 4800 1194 4870 Regius
1223 4816 1364 4853 num.
1397 4801 1531 4854 1659
1589 4814 1647 4857 ιιι
1686 4806 1737 4857 in

192 4886 401 4929 nostro
432 4879 600 4923 textu.

266 4941 388 5013 (21)
419 4940 517 4992 Ms.
561 4951 716 4999 unus,
742 4938 796 5013 in
827 4935 1069 5013 D_omino.
1099 4935 1261 5013 Paulo
1285 4944 1401 5003 post
1426 4936 1575 5013 editi,
1621 4954 1738 4990 sus-

187 5003 471 5065 tentatum
506 5020 527 5059 :
575 5021 700 5058 mss.
744 5005 1000 5072 plerique,
1054 5011 1402 5068 sustentatus;
1462 5003 1735 5068 Rabanus,

186 5078 538 5133 sustinuisse.
588 5073 785 5126 Deinde
829 5072 985 5124 iidem
1043 5072 1257 5140 habent,
1306 5076 1739 5140 pronuntiatum;

183 5147 300 5203 sed
334 5147 533 5198 reetitts
559 5156 659 5193 ms.
700 5140 889 5207 Regius
916 5154 1058 5191 num.
1084 5139 1224 5207 1659
1254 5147 1309 5190 ιιι
1334 5141 1385 5191 in
1422 5150 1585 5193 textu.

272 5212 393 5277 (-22)
427 5209 635 5277 Mundi.
668 5205 936 5277 Otni‘t‘titur
960 5207 1010 5259 in
1042 5205 1188 5277 libris
1214 5218 1366 5277 antea
1389 5209 1561 5277 editis.

272 5273 394 5349 (23)
422 5279 500 5349 In
525 5275 766 5349 Domino.
789 5273 1209 5349 Praetermittitur
1242 5276 1294 5349 i_n
1327 5275 1505 5349 editis.
1526 5276 1738 5349 _l_leit_tde

185 5340 386 5403 itdém'
416 5344 571 5403 editi,
609 5341 858 5394 Rabanus
898 5348 949 5394 et
979 5356 1105 5393 mss.
1139 5340 1396 5408 plerique,
1424 5342 1490 5395 Et
1517 5344 1597 5395 hic
1632 5345 1741 5398 Ru-

180 5421 319 5479 fus,
365 5411 738 5483 etc.,_omisso
760 5410 908 5474 sicut,
958 5408 1094 5475 quod
1135 5410 1378 5463 restituit
1413 5426 1510 5465 ms.
1545 5412 1739 5483 Regius

233 5502 269 5535 ιι
281 5499 359 5534 m.
394 5479 555 5534 1659.

183 5504 591 5619 ῃηὶἕλίἓῗίἷίί,
633 5544 824 5619 ριξςὶξει·
856 5542 1056 5619 haberet
1095 5545 1278 5619 matris
1321 5546 1582 5619 aﬂeetum.
1626 5546 1734 5619 Sed

181 5608 399 5673 onitrcs
432 5626 564 5666 mss.
595 5619 648 5662 et
674 5608 913 5664 Rabanus
939 5620 991 5663 ut
1020 5611 1068 5663 iu
1102 5618 1276 5673 textu,
1310 5608 1410 5669 nisi
1443 5617 1581 5677 quod
1618 5618 1734 5679 qui-

1845 4671 1964 4721 dam
1994 4670 2184 4725 vitiose
2209 4672 2437 4724 habeant
2461 4671 2656 4738 patitur
2678 4685 2774 4738 pro
2811 4670 3065 4738 partitur,-
3092 4670 3283 4738 deinde
3316 4669 3369 4721 in

1841 4739 1954 4790 haec
1987 4740 2141 4807 verba
2165 4780 2179 4802 ,
2215 4738 2447 4807 Salutate
2461 4736 2821 4807 'Asyucrétum,
2846 4736 3202 4804 Pltlegontam,
3237 4737 3372 4789 Her-

1838 4821 1988 4869 mem,
2014 4803 2317 4869 Patrobam,
2347 4803 2614 4869 Hermann,
2664 4819 2766 4857 non
2798 4803 3122 4857 concordant
3151 4807 3286 4857 inter
3311 4821 3371 4859 se

1839 4888 1965 4927 mss.
2014 4876 2202 4938 nostri,
2238 4875 2489 4927 Rabanus
2527 4885 2580 4925 et
2604 4873 2749 4924 editi.
2798 4872 2898 4923 Alii
2948 4873 3143 4939 habent
3178 4873 3372 4939 Assyn-

1836 4948 2064 5004 cretum;
2091 4936 2925 5009 alii’Phlegoniam,iPhlegonam,
2948 4949 3005 5009 et
3042 4936 3323 5009 Phlegonia
3346 4956 3366 5001 ;

1838 5009 1925 5063 alii
1961 5009 2205 5074 Heruteu,
2229 5004 2536 5071 Patrobunt,
2565 5007 2813 5074 llermau.
2855 5004 2962 5060 Sed
2991 5008 3156 5059 secuti
3174 5004 3371 5060 sumus

1842 5093 1939 5132 ms.
1972 5073 2197 5132 Regium
2222 5092 2369 5129 num.
2408 5075 2539 5129 1659
2576 5084 2630 5127 et
2654 5073 2951 5125 Babanum.

1909 5147 2019 5212 (25)
2050 5141 2209 5206 Editi,
2242 5145 2391 5212 Quod
2424 5159 2538 5196 vero
2571 5141 2698 5193 nihil
2723 5143 2795 5191 eis
2822 5141 3016 5212 laudis,
3039 5150 3148 5194 etc.
3177 5141 3373 5212 Deinde

1841 5208 1972 5268 mss.
2004 5208 2264 5282 plerique,
2287 5211 2584 5282 illaoginor
2605 5224 2667 5261 ea:
2688 5224 2862 5259 causa.
2896 5209 2994 5282 bis.
3024 5224 3178 5282 unus,
3201 5208 3293 5259 illa
3316 5218 3370 5261 ut

1841 5277 2023 5347 Opinor
2063 5277 2240 5333 causa.
2292 5279 2394 5332 Sed
2443 5278 2693 5330 Rabanus
2738 5286 2791 5328 et
2843 5278 2970 5329 editi
3002 5285 3061 5328 ut
3104 5277 3155 5327 in
3188 5288 3373 5329 nostro

1844 5359 2022 5488 terga.)
2053 5414 2140 5468 sic
2167 5429 2266 5488 ms.
2297 5413 2491 5488 Regius
2520 5424 2664 5488 num,
2693 5409 2902 5488 1639.3.
2921 5410 3368 5488 editiLRabanus,
3412 5423 3427 5429 ρ

1842 5478 2053 5546 vitiose,
2079 5487 2241 5549 posita
2261 5478 2482 5534 eratﬁsub
2507 5480 2688 5547 angelo
2703 5479 3027 5549 prauitentia.
3059 5478 3248 5549 Crateri
3276 5493 3367 5535 ve—

1832 5568 1892 5607 ro
1928 5545 2293 5618 mss.,'positus
2315 5559 2424 5603 erat
2446 5549 2535 5601 sub
2563 5545 2745 5614 angelo
2767 5546 2820 5597 iu
2840 5545 3158 5612 pauitantia.
