3910 6264
373 282 509 338 1235
597 343 600 347 ,

371 394 663 464 suscipiant
686 390 894 441 fratres.
930 381 1041 436 Hoc
1071 386 1247 433 autem
1276 375 1511 430 osculum
1537 381 1777 428 sanctum
1805 386 1897 436 ap-

370 462 533 557 pellat
558 477 859 548 Apostolus.
888 473 1005 537 Quo
1043 469 1260 522 nomine
1294 466 1422 519 illud
1460 465 1612 517 docet
1655 462 1764 533 (~27)
1793 462 1902 530 pri-

374 552 478 634 tuo,
519 579 576 623 ut
612 576 759 620 casta
807 562 911 615 sint
941 557 1123 612 oscula
1151 570 1268 622 qua:
1309 556 1363 607 in
1407 553 1645 607 ecclesiis
1676 552 1898 613 dantur;

370 672 481 716 tum
507 656 696 710 deinde
726 659 780 703 ut
806 648 1050 703 simulata
1085 660 1189 698 non
1221 644 1347 707 sint,
1395 642 1531 695 sicut
1562 640 1778 693 luerunt
1808 635 1901 690 Ju-

371 751 470 810 dte,
504 744 591 812 qui
621 739 860 795 osculum
893 735 1049 789 labiis
1074 735 1250 795 dabat,
1279 740 1330 785 et
1364 729 1715 797 proditionem
1741 725 1904 779 corde

371 834 654 892 tractabat.
688 827 938 889 Osculum
967 838 1092 877 vero
1126 821 1295 875 ﬁdelis
1319 820 1426 889 (‘18)
1458 818 1650 886 primo,
1680 824 1737 868 ut
1764 813 1903 867 (lixi-

371 941 508 985 mus,
540 931 744 975 castum
777 917 872 979 sit;
919 922 1027 966 tum
1056 910 1247 964 deinde
1278 923 1460 977 pacem
1490 907 1542 960 in
1574 919 1630 958 se
1657 902 1908 971 simplici-

370 1025 641 1080 tatemque
669 1010 862 1063 habeat
890 1006 943 1057 in
973 1001 1241 1057 charitate
1273 1014 1376 1052 non
1403 998 1546 1050 ﬁcta.

439 1106 527 1158 54.
569 1102 810 1157 Salutant
847 1113 931 1151 vos
953 1109 1127 1149 omnes
1152 1088 1399 1142 Ecclesia:
1422 1086 1617 1141 Christi
1645 1086 1712 1137 3’.
1754 1082 1905 1137 Nun-

371 1197 496 1266 quid
531 1209 632 1247 non
665 1193 716 1245 in
746 1205 850 1244 una
883 1185 1124 1241 Ecclesia
1162 1181 1367 1252 positus
1413 1177 1605 1233 Paulus
1636 1177 1749 1230 haec
1779 1175 1908 1228 scri-

370 1265 448 1341 bit
477 1284 622 1355 (29)?
650 1282 716 1335 Et
740 1278 1005 1365 quomodo
1028 1289 1207 1365 verum
1233 1280 1315 1326 est
1340 1270 1477 1337 quod
1494 1270 1728 1323 omnium
1750 1265 1904 1321 simul

371 1351 724 1428 Ecclesiarum
751 1367 949 1421 salutes
980 1351 1236 1417 Romana:
1261 1361 1439 1414 mittat
1478 1353 1761 1411 Ecclesiae?
1801 1351 1904 1407 Sed

370 1483 469 1537 pro
496 1481 560 1520 eo
604 1463 899 1532 intelligere
928 1459 1180 1513 debemus
1208 1454 1288 1509 vel
1330 1452 1471 1521 quod
1517 1464 1655 1504 unus
1688 1447 1906 1515 spiritus

373 1534 490 1612 erat
519 1557 570 1608 in
600 1553 766 1607 Paulo
800 1561 961 1617 atque
987 1545 1235 1602 omnibus
1268 1542 1527 1598 Ecclesiis
1573 1538 1793 1601 Christi,
1827 1534 1907 1589 vel

372 1648 603 1703 salutare
629 1644 772 1696 dicat
807 1655 899 1708 per
932 1638 1109 1698 ﬁdem,
1136 1644 1190 1688 et
1215 1649 1309 1703 per
1333 1633 1576 1701 spiritum
1602 1628 1771 1696 jungi.

1804 244 2117 307 ORIGENIS

2221 316 2239 336 .

1926 373 1969 427 Α
2000 365 2182 417 ttebras
2214 361 2413 424 lucem;
2449 357 2607 411 dulce
2647 362 2964 409 amarunt,
3008 348 3071 397 et
3140 347 3461 391 cenarum
3498 327 3674 381 dulce
3704 326 3789 391 “,-

3647 210 3784 266 128%

2003 467 2057 509 et
2086 458 2136 508 in
2162 455 2245 508 bis
2292 453 2550 506 seducunt
2578 444 2761 501 corda
2799 433 3295 517 innocentium.
3357 425 3443 480 Et
3474 423 3619 475 ideo
3659 420 3789 473 dili-

2001 557 2185 615 genter
2210 551 2424 613 oportet
2455 539 2764 595 intendere
2818 514 2952 601 quo
2994 530 3384 596 prospectu
3425 515 3670 615 .doeeat
3701 510 3792 566 ille

2003 603 2091 705 qui
2124 603 2315 697 docet;
2362 643 2547 686 utrum
2579 620 2833 697 gratiam
2887 629 2955 673 et
2985 618 3338 671 honorem
3385 605 3470 659 ab
3498 603 3790 658 auditori-

2003 727 2105 779 bus
2136 739 2403 794 quacreus,
2456 737 2525 774 an
2564 716 2907 773 mercedem
2954 725 2993 763 a
3034 705 3350 759 Domino
3390 713 3512 765 pro
3574 696 3792 749 instru-

2004 813 2183 868 ctione
2225 821 2280 867 et
2329 809 2580 881 profectu
2629 804 3014 862 discentium
3073 805 3410 862 sperans.
3470 786 3792 841 Subtiliter

2004 918 2134 958 sane
2178 902 2379 955 Paulus
2435 901 2812 953 iudiscretam
2865 899 2935 945 et
2982 885 3273 943 facilem
3364 878 3787 932 Romanorum

2004 993 2366 1048 obedientiam
2399 999 2580 1049 notat,
2618 996 2879 1052 eamque
2918 977 3182 1033 asserit
3220 972 3483 1039 ubiqu’e
3525 983 3646 1022 non
3678 965 3791 1019 lau—

2005 1085 2204 1146 datam,
2258 1082 2353 1136 sed
2410 1077 2839 1148 pervulgatam.
2907 1070 3045 1124 Sed
3106 1080 3199 1121 ne
3250 1078 3375 1117 eos
3433 1074 3709 1124 rursum,
3737 1057 3783 1112 si

2004 1190 2103 1243 pro
2129 1174 2231 1228 hoc
2264 1172 2507 1238 apertius
2560 1166 2913 1235 castigaret,
2974 1155 3472 1214 inobedientes
3508 1149 3784 1211 efﬁceret,

2006 1238 2152 1318 addit
2187 1279 2199 1314 :
2233 1259 2302 1313 In
2327 1258 2469 1312 vobis
2500 1272 2628 1326 ergo
2672 1253 2933 1324 gaudeo.
2990 1246 3142 1302 Sed
3190 1245 3387 1299 dices
3430 1258 3448 1293 :
3486 1238 3789 1305 Quomodo

2006 1354 2282 1421 vulgarem
2331 1350 2385 1402 in
2417 1348 2501 1402 eis
2549 1354 2709 1401 notat
2761 1337 3267 1399 obedientiam,
3318 1346 3474 1388 cum
3529 1331 3692 1385 dicat
3729 1345 3786 1385 se

2007 1444 2240 1514 gaudere
2266 1442 2317 1494 in
2352 1438 2476 1493 eis?
2511 1438 2704 1490 Primo
2749 1433 3013 1503 quidem
3072 1428 3277 1484 aliud
3328 1434 3436 1480 est
3470 1434 3683 1476 notare
3707 1420 3789 1474 vi—

2007 1541 2174 1600 tium;
2206 1534 2351 1588 aliud
2388 1533 2665 1587 homines.
2717 1528 2936 1582 Potest
2984 1524 3192 1578 enim
3248 1519 3402 1575 ﬁeri
3441 1526 3510 1572 ut
3545 1516 3787 1588 gaudeat

2007 1626 2264 1683 inhisin
2306 1623 2505 1691 quibus
2558 1619 2733 1673 multa
2788 1617 2914 1669 alia
2985 1613 3186 1667 bona
3254 1610 3782 1680 deprehenderat;

441 1733 604 1807 684
626 1733 718 1787 ⁸55.
760 1730 902 1797 Rogo
944 1739 1114 1780 autem
1156 1740 1261 1786 vos,
1300 1722 1510 1790 fratres,
1547 1730 1600 1772 ut
1634 1716 1906 1771 observetis
1940 1690 1983 1749 Β
2010 1718 2197 1770 vitium
2228 1690 2412 1767 autem
2444 1710 2593 1781 quod
2624 1709 2678 1765 ei
2708 1708 3153 1777 displicuerat
3193 1711 3422 1766 notet,
3454 1716 3533 1757 ne
3563 1708 3787 1770 putetur

374 1846 459 1883 eos
492 1828 578 1895 qui
605 1823 945 1877 dissensiones
970 1831 1015 1871 et
1042 1814 1354 1885 o/fendicula
1390 1820 1579 1882 praeter
1613 1808 1906 1861 doctrinam

375 1933 527 1988 quam
547 1931 632 1968 vos
660 1912 915 1965 didicistis
940 1909 1161 1976 faciunt,
1189 1915 1235 1958 et
1267 1903 1519 1956 declinata
1549 1903 1611 1955 ab
1641 1898 1766 1952 illis.
1802 1895 1911 1948 Hu-

330 1987 337 2011 ³
368 1987 599 2079 jusmodi
625 2004 758 2057 enim
790 2000 992 2053 Christo
1039 1997 1257 2049 Domino
1291 2002 1464 2046 nostro
1507 1989 1615 2061 ('50)
1658 2004 1759 2041 non
1803 2001 1911 2039 ser-

375 2095 539 2157 viunt,
571 2091 660 2144 sed
690 2106 783 2143 suo
816 2087 1022 2141 ventri:
1049 2094 1095 2137 et
1122 2100 1213 2151 per
1254 2081 1427 2134 dulces
1453 2093 1708 2132 sermones
1737 2083 1787 2129 et
1828 2076 1911 2128 be-

375 2183 687 2237 nedictiones
710 2182 955 2234 seducunt
982 2176 1139 2228 corda
1168 2173 1538 2225 innocentium.
1575 2167 1753 2221 Vestra
1775 2167 1912 2219 enim

377 2273 663 2327 obedientia
690 2272 873 2338 ubique
900 2265 1198 2334 pervulgata
1231 2270 1324 2314 est.
1371 2258 1435 2311 In
1464 2259 1600 2311 vobis
1632 2271 1752 2325 ergo
1783 2269 1914 2322 gau-

379 2366 474 2418 deo
504 2363 684 2431 ⁸³(51).
716 2360 838 2413 lltec
865 2368 917 2411 et
950 2357 1014 2409 ad
1051 2369 1141 2409 eos
1164 2354 1251 2422 qui
1286 2349 1540 2404 Ecclesiis
1580 2353 1832 2416 praesunt,
1861 2352 1916 2397 et

381 2456 445 2509 ad
490 2468 674 2507 omnes
709 2449 987 2503 credentes
1041 2460 1137 2513 per
1190 2442 1444 2509 Spiritum
1485 2448 1726 2491 sanctum
1777 2435 1914 2488 scri-

379 2546 507 2600 bere
531 2542 829 2598 credendus
873 2546 954 2591 est
986 2534 1200 2597 Paulus,
1239 2540 1297 2584 ut
1328 2528 1633 2600 diligentius
1673 2524 1916 2580 conside-

381 2643 520 2696 rent,
549 2642 602 2686 et
624 2629 947 2700 perspiciant
977 2626 1066 2692 qui
1097 2624 1208 2676 sint
1231 2621 1318 2687 qui
1348 2618 1712 2671 dissensiones
1741 2625 1797 2666 et
1827 2613 1916 2668 of-

382 2723 645 2777 fendicula
677 2721 728 2773 in
780 2716 1034 2771 Ecclesiis
1085 2719 1360 2782 generant,
1414 2717 1468 2760 et
1501 2706 1657 2758 alieni
1705 2704 1810 2756 sint
1850 2701 1917 2755 ab

384 2813 471 2867 illa
503 2810 834 2865 beatitudine
861 2820 1018 2874 quam
1057 2803 1314 2856 Dominus
1348 2798 1655 2867 repromisit
1683 2797 1866 2849 dicens
1898 2810 1911 2846 :

384 2901 531 2955 Beati
553 2898 776 2965 paciﬁci,
798 2893 1040 2963 quoniam
1061 2891 1159 2959 ipsi
1180 2889 1275 2957 filii
1295 2887 1386 2939 Dei
1409 2884 1724 2940 vocabuntur
1737 2879 1914 2952 “(32).

2008 1806 2057 1861 ei
2077 1806 2240 1860 etiam
2270 1804 2446 1873 ipsum
2472 1816 2598 1856 cum
2632 1799 2874 1855 caeteris
2909 1795 3314 1865 placuisse.
3350 1793 3572 1848 Potest
3606 1802 3779 1846 autem

2007 1908 2063 1954 et
2088 1912 2184 1967 pro
2208 1911 2273 1951 eo
2299 1895 2505 1949 dixisse
2532 1892 2849 1962 Apostolus
2890 1892 3222 1961 gaudere
3263 1902 3344 1945 se
3382 1890 3448 1941 in
3485 1887 3601 1951 eis,
3636 1888 3773 1957 quod

2010 1990 2098 2059 qui
2129 1987 2447 2042 inobedieus
2472 1994 2582 2048 est,
2613 1998 2806 2052 neque
2837 1983 2921 2036 ad
2966 1982 3279 2045 malum,
3332 1995 3548 2049 neque
3579 1980 3650 2033 ad
3682 1980 3774 2032 bo-

2012 2089 2137 2126 num
2174 2072 2311 2127 trahi
2349 2081 2577 2141 potest:
2611 2071 2713 2139 qui
2760 2084 2917 2124 vero
2986 2071 3350 2125 obedieus
3399 2078 3524 2134 est,
3570 2068 3622 2123 si
3660 2069 3774 2137 qni-

2012 2163 2131 2216 dem
2165 2163 2231 2214 ad
2262 2162 2474 2233 inutilia
2500 2163 2787 2225 trahatur,
2832 2161 3224 2228 imperitia:
3262 2161 3463 2229 culpa
3501 2162 3602 2215 sit.
3627 2159 3773 2230 Igno-

2013 2262 2097 2306 rat
2135 2254 2282 2306 enim
2313 2252 2531 2306 inutilia
2580 2267 2711 2306 esse
2742 2268 2814 2305 ea
2872 2253 3150 2320 quibus
3207 2253 3650 2306 obedientiam
3694 2251 3768 2306 sui

2012 2347 2257 2414 pra-bet:
2290 2359 2413 2398 cum
2436 2358 2571 2397 vero
2603 2343 2884 2397 didicerit
2911 2358 3081 2413 quae
3124 2354 3303 2398 sunt
3342 2344 3548 2407 utilia.
3577 2343 3770 2397 habens

2013 2446 2255 2504 paratum
2284 2437 2613 2491 obedientiae
2643 2438 2903 2501 bonum,
2950 2440 3315 2494 continuo
3383 2438 3509 2493 iter
3531 2452 3633 2507 per
3660 2453 3769 2493 eam

2014 2525 2227 2578 virtutis
2284 2526 2553 2579 ascendit.
2614 2525 2846 2581 Gaudet
2890 2541 3066 2597 ergo
3121 2528 3387 2584 Paulus
3441 2545 3622 2599 super
3654 2530 3771 2581 obe-

2016 2614 2246 2677 dientes,
2280 2624 2468 2668 certus
2499 2617 2648 2684 quod
2683 2631 2818 2670 cum
2858 2617 3202 2673 docuerit
3236 2635 3358 2674 eos
3391 2635 3517 2673 non
3568 2619 3769 2691 vulgari

2015 2704 2343 2766 obedientia,
2398 2719 2566 2772 quam
2628 2706 2882 2761 incaute
2936 2711 3290 2766 erunibus
3344 2715 3641 2782 praebent,
3698 2713 3768 2766 uti

2017 2794 2236 2859 debere,
2263 2795 2357 2848 sed
2388 2794 2475 2848 illa
2509 2795 2626 2850 sola
2655 2812 2773 2865 qua
2799 2798 3074 2855 obedire
3125 2815 3394 2871 Oportet
3454 2804 3577 2858 Deo
3613 2807 3769 2874 magis

2015 2899 2173 2954 quam
2194 2884 2497 2939 hominibus
2526 2886 2599 2950 ⁸⁸,
2636 2886 2874 2944 relictis
2939 2897 3242 2948 caeteris
3308 2895 3421 2950 illa
3459 2896 3584 2951 sola
3625 2906 3767 2949 utes-

387 2990 495 3043 lloc
539 2988 703 3050 enim,
748 2981 942 3049 inquit,
983 2990 1042 3032 ut
1085 2976 1288 3046 paciﬁci
1319 2974 1456 3036 sitis,
1499 2986 1527 3024 a
1566 2970 1790 3025 Domino
1822 2983 1915 3038 per

2189 2975 2267 3044 5).
2292 2975 2429 3029 Nam
2457 2984 2516 3030 et
2536 2990 2741 3033 revera
2778 2993 2909 3033 non
2958 2993 3077 3036 est
3117 3000 3362 3052 parva:
3392 2988 3764 3047 discretionis.

387 3072 725 3142 Evangelium
757 3067 1051 3130 didicistis;
1098 3062 1463 3116 dissensiones
1505 3073 1635 3112 vero
1679 3070 1915 3110 commo-

383 3180 510 3220 vere
538 3162 619 3216 vel
643 3159 911 3223 scandala,
957 3163 1152 3224 praeter
1185 3152 1487 3206 doctrinam
1524 3157 1789 3216 estquam
1824 3159 1919 3200 vos

386 3254 679 3317 didicistis;
732 3259 787 3305 et
831 3249 948 3302 ideo
972 3246 1180 3300 alienus
1221 3259 1250 3297 a
1279 3241 1428 3296 vobis
1452 3241 1543 3304 sit,
1578 3254 1677 3293 nec
1702 3237 1919 3291 omnino

386 3344 681 3413 recipiatur
722 3341 861 3392 inter
903 3351 996 3391 vos
1023 3336 1112 3402 qui
1143 3334 1433 3388 certamina
1467 3338 1785 3391 commovet,
1828 3326 1919 3394 qui

386 3434 517 3489 serit
536 3430 731 3500 jurgia,
766 3428 855 3496 qui
883 3427 1002 3480 lites
1025 3424 1258 3484 excitat,
1285 3432 1339 3475 et
1363 3421 1536 3474 studia
1566 3415 1921 3471 contentionis

387 3531 624 3577 exercet.
660 3519 758 3586 Qui
795 3519 934 3571 enim
983 3516 1112 3568 tales
1151 3522 1295 3576 sunt,
1344 3510 1546 3564 Christo
1574 3507 1793 3560 Domino
1829 3521 1923 3557 no-

389 3626 518 3679 stro,
545 3612 633 3681 qui
664 3618 747 3665 est
773 3623 874 3677 pax
900 3615 1102 3669 nostra,
1131 3620 1232 3657 non
1270 3602 1520 3663 serviunt,
1554 3600 1641 3651 sed
1679 3612 1773 3649 suo
1798 3612 1922 3648 ven-

390 3707 482 3760 tri.
514 3702 616 3757 Sed
658 3708 714 3754 et
753 3698 877 3767 quid
908 3709 1082 3749 causa:
1110 3694 1183 3746 sit
1225 3706 1327 3759 qua
1374 3689 1550 3756 jurgia
1593 3686 1644 3737 in
1674 3683 1923 3737 Ecclesiis

391 3799 737 3856 suscitantur,
763 3801 817 3847 et
843 3792 985 3854 lites,
1012 3786 1172 3842 divini
1198 3784 1431 3854 Spiritus
1457 3782 1711 3834 instinctu
1733 3778 1922 3845 aperit.

395 3869 622 3950 Ventris,
655 3883 846 3950 inquit,
874 3879 1039 3949 gratia
1063 3893 1078 3941 ;
1101 3877 1206 3930 hoc
1238 3882 1340 3936 est,
1368 3879 1603 3940 quaestus
1634 3877 1695 3939 et
1716 3865 1917 3932 cupidi-

391 3979 538 4032 tatis.
575 3976 702 4029 Iude
727 3982 808 4027 est
841 3971 978 4024 unde
1008 3965 1243 4021 nonnulli
1271 3965 1605 4017 circumeunt
1632 3960 1817 4012 domos
1841 3956 1923 4009 lo-

391 4076 614 4137 quentes
639 4065 704 4117 ad
736 4061 964 4132 gratiam
1009 4072 1129 4111 cum
1168 4053 1313 4108 omni
1352 4044 1657 4104 adulatione
1684 4056 1736 4100 et
1767 4048 1925 4099 dece-

391 4133 591 4222 ptione,
628 4168 730 4206 non
784 4158 842 4202 ut
870 4149 921 4201 in
956 4147 1117 4199 verbo
1162 4142 1253 4196 Dei
1299 4140 1560 4193 aediﬁcent
1600 4136 1805 4188 animas
1860 4133 1924 4186 ad

2017 3064 2108 3117 sed
2150 3064 2450 3133 probabilis
2497 3074 2555 3120 et
2600 3068 3155 3129 exercitatissimi
3208 3075 3477 3146 judicii,
3515 3082 3661 3136 scire
3685 3080 3765 3134 cui

2018 3156 2206 3218 verbo,
2231 3156 2388 3209 cuive
2416 3156 2569 3223 operi
2612 3156 3055 3217 obediendum
3130 3168 3255 3234 sit,
3298 3180 3368 3224 et
3401 3172 3506 3227 cui
3536 3172 3766 3227 reniten-

2018 3245 2166 3298 dum.
2194 3245 2437 3314 Denique
2465 3248 2584 3315 ipse
2635 3247 2938 3306 Dominus
2978 3255 3057 3310 in
3117 3258 3492 3333 Evangelio
3519 3265 3657 3320 dicit
3682 3264 3764 3318 "z

2017 3334 2282 3434 Attendite
2318 3336 2469 3434 uobis
2513 3336 2581 3388 ab
2617 3336 2705 3391 his
2750 3341 2857 3407 qui
2909 3346 3203 3401 veniunt
3261 3352 3349 3404 ad
3389 3368 3493 3407 vos
3539 3354 3599 3407 in
3622 3354 3768 3407 aesti-

2018 3423 2214 3520 utentis.
2248 3423 2445 3520 ouium,
2488 3425 2642 3478 intus
2669 3436 2873 3482 autem
2935 3446 3109 3488 sunt
3181 3439 3326 3509 lupi
3385 3458 3642 3507 rapaces.
3707 3444 3765 3497 Ει

2020 3507 2142 3600 ideo
2167 3508 2395 3577 vigilans
2422 3524 2623 3600 sensus
2648 3522 2708 3567 et
2733 3514 2985 3571 intenta
3030 3539 3242 3581 mens
3260 3507 3634 3600 requiritur,
3657 3546 3766 3596 qua!

2019 3599 2254 3692 probare
2286 3599 2504 3692 noverit
2528 3601 2620 3655 vel
2652 3604 2784 3659 ovis
2812 3605 2877 3659 in

2020 3689 2107 3743 vel
2148 3688 2257 3784 lupi
2312 3689 2586 3784 latentem;
2629 3663 3093 3762 rapacitaiemr.

2022 3778 2251 3880 proximi
2278 3779 2673 3880 periculo-('54)
2717 3786 2873 3841 ﬁant
2916 3792 2985 3846 hi
3040 3799 3169 3865 qui
3224 3807 3520 3861 exerceri
3558 3778 3765 3863 in-divi-

2021 3869 2107 3923 nis
2155 3869 2353 3971 litteris
2392 3872 2718 3971 negligunt,
2773 3890 2855 3971 ex
2909 3885 3177 3951 quibus
3236 3894 3398 3950 solis
3456 3898 3762 3968 huiusmodi

2024 3961 2440 4060 exatniina-tionis
2489 3968 2866 4060 agnoscenda
2913 3973 3264 4037 discretio
3310 3997 3439 4043 est.
3500 3961 3763 4046 Continuo

2023 4061 2150 4147 ergo
2178 4048 2231 4147 in
2264 4048 2421 4147 brevi
2452 4052 2700 4147 speciem
2734 4062 3099 4126 propositae
3129 4070 3574 4132 distinctionis
3595 4087 3764 4131 osten-

2024 4137 2125 4198 di"
2159 4144 2213 4189 θῑ
2243 4137 2378 4189 die“
2405 4151 2421 4189 ε
2450 4137 2738 4203 Ουοηῑελιη
2774 4149 3054 4212 quidem
3098 4155 3330 4219 facilis
3362 4178 3427 4220 et
3466 4167 3758 4224 indiscreta

394 4245 664 4303 virtutem,
705 4238 797 4293 sed
831 4245 888 4289 ut
920 4232 1230 4287 adulatoriis
1271 4226 1622 4293 dulcibusque
1664 4223 1926 4276 sermoni-
2026 4233 2110 4278 est
2134 4235 2315 4279 vestra
2358 4228 2705 4297 obedientia,
2759 4239 3052 4309 accipite
3115 4253 3286 4309 quid
3334 4223 3609 4309 servans
3645 4260 3730 4309 qui

394 4256 664 4303 Vlrtutem,
705 4256 797 4293 seu
831 4256 888 4289 Ul-
920 4256 1230 4287 ωιιιιῑιιυϊιιδ
1271 4256 1622 4293 υυιυιυυδιιιιῠ
1664 4256 1926 4276 διιιιιυιιι-
2026 4256 2110 4278 υδι
2142 4256 2315 4279 νςοηα
2358 4256 2705 4297 "uculcuuu.
2759 4256 3052 4309 acelpite
3219 4256 3286 4308 ,Δ
3718 4260 3730 4270 .

391 4333 496 4386 bus
538 4340 868 4396 permanere,
904 4322 987 4375 vel
1017 4321 1179 4374 etiam
1231 4316 1491 4386 prolicere
1519 4327 1612 4365 eas
1641 4312 1925 4364 hortentur
1955 4325 2000 4378 D
2024 4327 2217 4366 cavere
2249 4313 2515 4370 debeatis.
3115 4264 3237 4319 qm
3334 4272 3608 4326 servare:
3645 4260 3763 4329 ⁸1⁸³⁸⁸]

395 4421 448 4474 ἰη
478 4419 642 4479 vitiis,
688 4416 963 4469 laudantes
991 4419 1043 4462 et
1079 4411 1210 4462 bona
1258 4405 1499 4458 dicentes
1545 4416 1608 4455 ea
1653 4415 1771 4469 qua:
1801 4414 1921 4453 cor-

395 4513 632 4582 reptione
657 4509 812 4575 digna
837 4512 993 4564 sunt;
1025 4506 1265 4567 ponentes
1291 4494 1451 4547 lucem
1485 4492 1737 4557 tenebras,
1771 4501 1817 4544 et
1847 4503 1924 4544 te-

462 4629 508 4661 "
553 4627 707 4679 Rom.
737 4635 847 4682 1m,
872 4618 959 4673 16.
1008 4615 1053 4646 ⁸³
1083 4614 1234 4667 Rom.
1264 4627 1373 4670 xw.
1409 4610 1593 4664 17-19.
1666 4608 1710 4641 ⁸⁵
1743 4608 1910 4663 Matth

2186 4609 2227 4643 "
2251 4610 2355 4665 lsa.
2383 4626 2439 4678 v,
2460 4613 2560 4669 20.

394 4698 440 4730 ⁸⁸
476 4700 632 4752 Rom.
664 4707 770 4755 xvi,
810 4687 896 4743 l9.

465 4835 576 4923 (Ξῖ)
607 4833 879 4923 Datianus,
902 4823 1154 4923 dific-bis
1172 4820 1383 4923 ARegius
1414 4832 1560 4871 num.
1594 4815 1749 4881 1659,
1777 4818 1932 4871 doce-

398 4890 502 4961 tur‘.
532 4890 719 4959 Caneri
747 4890 874 4952 mss.
911 4907 966 4950 et
991 4893 1142 4957 editi,
1170 4890 1338 4942 docet.

468 4952 863 5044 (itﬁfS—ic‘mss.
907 4963 1049 5020 Editi
1090 4952 1220 5014 vero
1260 4968 1315 5011 et
1355 4954 1639 5020 Rabauus,
1684 4952 1934 5007 Osculum

399 5040 512 5099 vero
540 5040 710 5108 fidele,
727 5046 830 5091 etc.

465 5088 811 5180 (Izélﬁl'ta'tns.
838 5099 1209 5180 Regi-usuum.
1253 5094 1388 5180 lﬁ§9
1421 5104 1475 5148 et
1501 5094 1787 5180 Babauus;
1814 5088 1931 5144 Cae-

401 5159 654 5232 teri‘v'ero
679 5188 807 5227 mss.
842 5182 895 5225 et
919 5159 1070 5231 Editi,
1096 5165 1347 5233 Nunquid
1372 5180 1471 5233 non
1495 5165 1550 5233 in
1576 5178 1679 5215 una
1708 5159 1817 5233 teda
1844 5175 1931 5233 po:

400 5226 658 5297 situs-erait
684 5226 871 5313 (editi,
898 5247 1003 5313 stat
1024 5226 1246 5313 positus}
1288 5231 1483 5313 Paulus
1494 5231 1628 5313 “haec
1657 5226 1930 5310 scribens?

405 5313 598 5366 Deinde
624 5299 754 5364 mss.
783 5299 1000 5377 quidam
1024 5299 1083 5377 et
1111 5299 1261 5366 editi,
1293 5303 1446 5377 mittit
1479 5299 1750 5377 Ἐσεζςεραξ.

472 5381 577 5447 (50)
600 5365 847 5430 Rabantis
869 5376 1086 5440 omittit,
1108 5381 1305 5426 nostro.
1332 5369 1526 5423 Deinde
1547 5367 1695 5427 editi,
1716 5367 1769 5418 in
1789 5365 1929 5418 omni

407 5445 516 5497 loco
544 5445 803 5513 divulgata
825 5454 921 5499 est.

477 5501 844 5590 (Stilnvvobis
871 5528 989 5580 ergo
1018 5512 1237 5581 gaudeo.
1280 5507 1403 5563 “asc
1434 5507 1622 5562 desunt
1670 5505 1721 5560 in
1750 5501 1929 5567 editis,

409 5587 461 5630 et
486 5587 828 5632 restituuntur
860 5596 924 5634 ει
951 5597 1079 5636 ωδε.

2063 4401 2203 4505 .56..
2240 4400 2396 4505 Volo,
2435 4406 2647 4505 inquit,
2685 4428 2786 4466 vos
2830 4420 3162 4488 sapientes
3217 4450 3359 4490 esse
3416 4441 3480 4493 ίη
3530 4441 3686 4505 bona.
3719 4452 3763 4495 ε,

2030 4491 2290 4560 simplices
2334 4494 2392 4547 in
2429 4496 2579 4550 malo
2617 4497 2690 4554 ⁸⁸.
2743 4482 2971 4565 Simile
3006 4527 3120 4572 est
3155 4482 3762 4602 ιιᾷξζῖιιίᾞῑξιῖῖιῖιοδ

2643 4617 2697 4651 ⁸⁸
2729 4620 2873 4681 Aet.
2906 4644 2975 4695 ν,
3001 4632 3123 4691 29.
3218 4643 3278 4677 ε’
3322 4646 3541 4703 Matth.
3569 4650 3757 4713 "1,15-

2028 4821 3423 4951 ali’fl.§°.I“§aaii?€32.?“.'§';.3“ffieri
3454 4876 3599 4951 γει-ε
3618 4878 3738 4951 es:

2186 4903 2373 5017 323.3:
2389 4901 2781 5017 fiam:
2793 4909 3437 5017 .991129922.
3456 4901 3758 5017 (el-iiii;

2394 4979 2408 4992 .
2588 4963 2621 4982 ο-
2766 4978 2781 4992 .
2826 4963 2849 4965 ν
2873 4963 2900 4994 ,ν
2920 4963 2984 4969 η-
3050 4963 3066 4971 -
3084 4963 3182 4989 ην.
3202 4963 3415 4984 Vua-ou
3482 4963 3739 4988 ιιᾱυειιιυδ

2028 4963 2367 5089 etiam
2373 4965 2953 5104 actaacta.
2960 4996 3302 5104 31°23
3315 4963 3573 5104 cities:

2029 5062 3145 5183 uagaretafiiii15:33?
3172 5062 3347 5135 ίνδίξ
3382 5088 3565 5141 ειιηω
3588 5082 3755 5127 mm

2101 5164 2213 5219 l35l
2256 5167 2352 5219 Ste
2384 5187 2489 5219 ms-
2529 5174 2764 5219 Ωοσῑηο
2806 5207 2945 5219 ....._.
3015 5134 3397 5219 ιοέιὲηξιυεδ
3435 5214 3450 5219 -
3582 5212 3619 5219 __
3666 5214 3679 5219 -

2031 5164 2496 5310 au‘saf’iiasiwq‘l‘ii
2529 5156 3754 5310 ¹ῗιῗ⁸¹ὲ¹ᾶρ¹¹ῗι¹ξ¹ιςρξείδεξὲἶ³ἐξῖξε,ἓξὲξ

2728 5274 2805 5339 ne
2858 5263 3105 5333 habeat,
3160 5275 3305 5339 ipsa

2030 5300 2173 5357 Ειιίιί
2200 5321 2339 5363 vero
2359 5300 2417 5366 ἐι
2447 5300 2618 5372 mss:
2850 5300 3107 5388 :l'cu'c‘l'?‘
3160 5300 3305 5339 τρια
3362 5300 3493 5336 sata
3522 5300 3749 5357 ιιωηῃτ.

2029 5371 2214 5427 sola...
2243 5388 2301 5430 ut
2328 5380 2534 5440 relictis
2565 5348 2976 5442 materiaque;
3005 5351 3493 5442 ..Ὕδαάθδίη
3523 5370 3637 5423 pm
3658 5352 3753 5440 ἔω
