3910 6216
526 280 663 334 1287

1914 277 2229 331 0“lele

3582 274 3681 332 1288

527 396 780 467 perferat,
808 402 859 447 et
888 394 956 445 ita
998 393 1204 446 demum
1237 391 1384 460 pacis
1409 405 1566 461 quam
1611 395 1910 456 temeravit,
1938 394 2052 447 dul-
2079 403 2127 457 Α
2156 391 2426 444 mothcum
2471 387 2782 457 adjutorem
2836 399 3007 440 suum
3056 384 3229 449 dicit,
3266 395 3321 438 et
3359 400 3529 441 omnes
3563 394 3683 447 simul

528 488 763 541 cedinem
813 483 864 536 in
909 483 1297 551 oppugnatione
1347 481 1549 549 positus
1598 483 1928 536 recordetur.
1975 483 2052 536 Ex

526 586 748 642 utroque
787 574 945 642 igitur
988 573 1308 625 aedificemur
1348 571 1639 640 Scriptura:
1672 573 1863 626 divinae
1911 573 2049 637 loco,

522 680 626 735 quo
669 665 749 718 vel
802 664 1061 718 suscitare
1102 662 1212 732 (46)
1254 665 1388 717 Deus
1430 664 1686 717 Satanam
1717 665 1911 718 dicitur
1956 680 2049 716 ne-

522 755 859 823 gligentibus,
892 754 972 807 vel
1013 763 1290 807 conterere
1320 770 1382 807 ac
1413 754 1635 810 subdere
1683 755 1961 821 studiosis,
1996 765 2053 808 ut

521 844 638 896 illos
672 843 735 895 ad
771 858 965 910 agones
1009 843 1259 906 concitet,
1296 849 1411 896 istis
1455 846 1519 899 de
1552 854 1824 912 prostrato
1868 845 2054 896 adver-

520 931 662 985 sario
707 930 935 997 palmam
972 931 1207 983 victoriae
1244 932 1472 995 tribuat,
1507 941 1561 985 et
1594 932 1803 986 virtutis
1838 934 2053 998 prmmia

519 1018 798 1087 largiatur.
846 1020 1137 1073 Possumus
1193 1026 1366 1073 autem
1418 1018 1526 1087 (47)
1569 1032 1622 1072 et
1668 1036 1760 1088 per
1816 1021 2053 1088 singulos

519 1123 755 1176 quosque
792 1123 1011 1178 agones,
1051 1110 1093 1163 si
1129 1109 1362 1177 legitime
1391 1121 1678 1173 certemus,
1712 1111 1887 1164 dicere
1927 1111 2052 1179 quia

522 1201 658 1252 Deus
694 1210 934 1253 conteret
979 1201 1233 1252 Satanam
1283 1204 1380 1255 sub
1421 1203 1576 1268 pedes
1614 1212 1828 1254 nostros
1857 1201 2053 1253 veloci-

520 1298 623 1342 ter.
651 1288 807 1342 Verbi
836 1304 1019 1351 causa,
1061 1291 1103 1341 si
1135 1290 1253 1355 quis
1297 1304 1517 1357 agonem
1557 1291 1850 1358 susceperit
1892 1292 2053 1343 casti-

521 1382 665 1443 tatis,
708 1382 751 1433 si
796 1394 961 1447 usque
1012 1380 1079 1431 ad
1119 1380 1273 1431 linem
1330 1381 1663 1434 immaculata
1713 1381 1877 1451 686
1923 1397 2052 1435 con-

520 1471 740 1524 scientia
770 1469 1088 1537 perdurarit,
1117 1469 1222 1521 dici
1251 1470 1313 1522 de
1336 1484 1399 1523 eo
1427 1478 1599 1537 potest
1623 1470 1747 1537 quia
1782 1472 1916 1523 Deus
1941 1469 2050 1539 (48)

518 1561 767 1614 contrivit
804 1560 1054 1611 Satanam
1097 1559 1196 1611 sub
1232 1559 1390 1625 pedes
1428 1559 1563 1625 ejus,
1601 1559 1649 1610 id
1694 1570 1775 1613 est
1807 1560 2052 1627 spiritum

519 1652 608 1718 qui
638 1658 753 1702 erat
787 1632 1090 1702 contrarius
1119 1650 1383 1702 castitati.
1414 1648 1671 1703 Similiter
1706 1660 1760 1703 et
1797 1651 1885 1719 qui
1931 1667 2056 1720 ago-

2158 484 2408 546 cognatos
2441 491 2586 532 suos.
2617 478 2688 531 Et
2732 477 2968 546 quidem
3007 474 3080 528 de
3118 472 3402 529 Timotheo
3438 477 3683 546 plenissime

2160 568 2388 623 refertur
2456 569 2508 622 in
2576 570 2811 623 Actibus
2898 567 3335 636 apostolorum'
3381 571 3507 635 quod
3560 574 3683 629 fuerit

2158 659 2407 712 Derbaeus
2458 658 2627 721 civis,
2681 658 2832 711 ﬁlius
2908 656 3161 710 mulieris
3219 654 3388 711 viduae
3428 658 3598 726 fidelis,
3632 678 3679 718 ex

2159 756 2306 815 patre
2353 747 2582 816 gentili:
2616 747 2684 800 de
2743 761 2858 815 quo
2908 755 2968 799 et
3009 747 3130 815 ipse
3175 746 3367 799 Paulus
3411 749 3548 811 dicit,
3591 757 3681 818 quia

2160 848 2441 905 propterea
2501 838 2778 905 rogaverit
2832 834 2953 906 (51)
2994 851 3125 889 eum
3163 852 3463 904 permanere
3504 840 3680 908 Ephesi,

2159 937 2216 980 ut
2258 929 2538 982 denuntiet
2585 929 2925 996 quibusdam
2988 942 3059 980 ne
3098 928 3256 983 aliter
3297 931 3526 997 doceant,
3555 948 3681 1003 neque

2161 1017 2440 1070 attendant
2485 1016 2686 1070 fabulis
2730 1026 2786 1070 et
2847 1016 3198 1085 genealogiis
3238 1016 3506 1072 inﬁnitis“.
3534 1017 3618 1073 Sed
3645 1033 3683 1075 et

2158 1106 2378 1159 Lucium
2419 1108 2639 1173 quidam
2697 1106 2883 1174 ipsum
2947 1106 3067 1175 (52)
3132 1108 3408 1174 perhibent
3457 1124 3557 1162 esse
3606 1108 3679 1161 Ln.

2158 1212 2276 1250 cam
2341 1198 2430 1265 qui
2488 1198 2849 1266 Evangeliurn
2926 1197 3193 1263 scripsit,
3253 1212 3347 1265 pro
3382 1201 3577 1267 eoquod
3613 1215 3679 1254 so—

2159 1286 2302 1339 leant
2347 1286 2567 1340 nomina
2623 1287 2909 1339 interdum
2969 1287 3272 1340 secundum
3306 1289 3511 1354 patriam
3557 1291 3677 1343 decli-

2158 1377 2466 1439 nationem,
2524 1378 2804 1429 interdnm
2878 1375 3055 1428 etiam
3121 1377 3406 1429 secundum
3460 1378 3675 1445 Grrecatn,

2158 1466 2568 1535 Romanamque
2610 1467 2877 1535 proferri.
2923 1467 3097 1523 Jason
3133 1484 3262 1521 vero
3299 1469 3381 1522 ille
3407 1480 3480 1522 est
3516 1472 3568 1523 de
3600 1487 3674 1539 quo

2157 1561 2319 1612 etiam
2376 1559 2431 1612 in
2500 1559 2730 1612 Actibus
2790 1561 3181 1626 apostolorum
3221 1560 3241 1589 ⁷
3301 1560 3537 1612 scribitur
3572 1564 3671 1629 quod

2158 1646 2599 1700 Thessalonicam
2637 1662 2739 1714 pro
2780 1645 2962 1699 Paulo
2995 1658 3051 1699 et
3094 1647 3205 1700 Sila
3250 1649 3535 1702 seditionem
3566 1665 3669 1703 com-

519 1755 640 1793 nem
674 1739 790 1791 ﬁdei
824 1740 1066 1805 suscipit,
1107 1740 1149 1792 si
1187 1749 1334 1794 stans
1363 1750 1486 1794 ante
1531 1756 1684 1810 reges
1713 1753 1764 1795 et
1804 1745 2054 1811 praasides
2086 1743 2127 1795 Β
2156 1738 2489 1789 moventibus
2519 1737 2715 1800 turbis,
2742 1739 3116 1803 semetipsum
3158 1738 3382 1801 dederit,
3405 1747 3456 1790 ut
3483 1740 3669 1805 apostolis

519 1846 635 1882 cum
666 1830 852 1882 liducia
882 1829 1195 1882 confiteatur
1231 1829 1507 1884 Dominum
1539 1829 1717 1884 Jesum
1760 1830 2052 1897 Christum,

518 1928 572 1972 et
607 1933 770 1985 usque
811 1919 874 1970 ad
907 1918 1064 1970 linem
1097 1918 1147 1969 in
1181 1918 1516 1973 confessione
1547 1931 1883 1987 permaneat,
1918 1922 2055 1975 Deus

520 2006 772 2060 contrivit
815 2004 1062 2058 Satanam
1097 2006 1195 2059 sub
1225 2008 1385 2072 pedes
1417 2007 1550 2074 ejus.
1601 2019 1719 2061 cum
1770 2023 1863 2076 per
1898 2009 2054 2061 fidem

517 2106 849 2150 constantem
877 2095 986 2165 (49)
1037 2096 1364 2149 infidelitatis
1409 2098 1651 2163 spiritum
1702 2099 1845 2151 vicit.
1882 2098 1972 2153 Sic
2003 2109 2055 2153 et

517 2188 607 2255 qui
662 2187 1000 2240 concordiam
1054 2196 1459 2254 perseveranter
1506 2187 1662 2251 colit,
1709 2189 2055 2243 dissensionis

518 2278 808 2331 daemonem
855 2278 954 2330 sub
986 2277 1206 2343 pedibus
1246 2278 1512 2331 conterit:
1549 2280 1637 2347 qui
1694 2281 2055 2334 mansuetudi-

518 2381 639 2420 nem
672 2376 868 2430 scrvat,
903 2366 1191 2421 iracundia:
1225 2364 1480 2419 Satanam
1526 2368 1794 2433 patientia:
1821 2370 2057 2437 vestigiis

518 2458 707 2513 calcat.
757 2457 863 2512 Hoc
906 2468 987 2511 est
1020 2457 1269 2511 nimirum
1317 2459 1457 2526 quod
1499 2459 1752 2513 Dominus
1793 2459 1847 2513 in
1884 2461 2058 2514 Evan-

520 2545 666 2618 gelio'
694 2548 921 2600 dicit":
961 2547 1097 2602 Ecce
1138 2548 1255 2601 dedi
1302 2549 1444 2601 vobis
1478 2557 1779 2615 potestatem
1814 2550 2056 2604 calcandi

520 2653 673 2704 super
708 2647 962 2703 serpentes
986 2647 1032 2690 et
1065 2640 1377 2706 scorpiones,
1405 2647 1452 2690 et
1483 2654 1636 2705 super
1664 2655 1861 2693 onmem
1899 2643 2058 2694 virtu-

521 2739 618 2780 tem
651 2743 722 2778 1111
731 2743 868 2781 111161.

589 2815 676 2870 58.
718 2813 899 2868 Gratia
931 2816 1136 2869 Domini
1166 2818 1330 2870 nostri
1351 2816 1384 2869 Ι
1392 2834 1475 2870 esu
1500 2817 1691 2871 Christi
1724 2818 1980 2872 vobiscum
2014 2819 2054 2871 ¹.

519 2904 703 2961 Gratia
757 2905 887 2969 Dei,
931 2916 984 2961 et
1018 2907 1187 2976 gratia
1234 2906 1442 2962 Domini
1492 2909 1656 2961 nostri
1703 2905 1826 2961 Jesu
1858 2908 2056 2962 Christi

520 3008 621 3046 ulla
655 3004 811 3062 atque
842 2995 1025 3048 eadem
1056 2995 1224 3064 gratia
1260 2996 1569 3063 accipienda
1602 3005 1704 3050 est.
1741 2996 1890 3052 Sicut
1921 3001 2055 3052 enim

526 3082 681 3135 Pater
716 3098 846 3150 quos
874 3084 983 3135 vult
1024 3083 1268 3151 viviﬁcat,
1294 3094 1342 3137 et
1373 3083 1544 3138 Filius
1573 3103 1703 3156 quos
1741 3087 1846 3140 vult
1890 3087 2055 3154 viviﬁ-

521 3181 640 3235 cat;
667 3185 715 3225 et
758 3173 887 3224 sicut
932 3169 1094 3225 Pater
1121 3173 1269 3225 habet
1303 3189 1356 3225 tn
1387 3190 1439 3226 se
1469 3174 1647 3241 vitam,
1672 3186 1720 3230 et
1767 3175 1908 3229 Filio
1945 3177 2051 3248 (50)

519 3259 662 3310 dedit
709 3260 895 3310 habere
939 3260 994 3310 in
1032 3260 1299 3326 semetipso
1348 3260 1572 3323 vitam’,
1622 3260 1693 3312 ita
1732 3271 1785 3314 et
1828 3263 2052 3330 gratiam

520 3361 681 3415 quam
705 3347 795 3400 dat
824 3347 999 3411 Pater,
1032 3349 1168 3401 hanc
1199 3357 1252 3399 et
1277 3346 1440 3400 Filius
1475 3351 1583 3401 dat.
1613 3348 1896 3403 Sciendum
1929 3364 2056 3404 sane

519 3448 620 3498 est,
642 3438 782 3505 quod
809 3452 967 3490 omne
1004 3439 1142 3504 quod
1184 3437 1379 3490 habent
1408 3439 1645 3491 homines
1673 3454 1701 3490 a
1734 3439 1859 3502 Deo,
1885 3439 2056 3507 gratia

2155 1826 2458 1879 discedendi
2492 1824 2605 1896 (55)
2651 1826 2873 1878 faceret
2925 1824 3260 1880 libertatem.
3310 1826 3554 1894 Sosipater
3573 1842 3668 1895 quo-

2153 1931 2256 1984 que
2292 1917 2382 1984 qui
2413 1916 2498 1969 his
2522 1915 2805 1984 jungitur,
2846 1915 3108 1983 suspicor
3140 1917 3281 1983 quod
3311 1917 3416 1983 ipse
3445 1918 3507 1970 sit
3539 1920 3607 1983 qui
3628 1918 3665 1971 in

2152 2006 2376 2060 Actibus
2435 2006 2819 2074 apostolorum
2865 2006 2891 2038 ⁸
2929 2005 3189 2061 scribitur
3244 2006 3491 2071 Sosipater
3529 2005 3665 2076 Pyrrhi

2154 2095 2448 2149 Bcraensis.
2476 2095 2582 2149 Sed
2610 2096 2709 2163 qui
2745 2096 2912 2149 Pauli
2944 2096 3187 2149 Litteras
3208 2098 3455 2150 curiosius
3480 2107 3660 2164 tanquam

2155 2186 2370 2240 Christo
2405 2187 2458 2239 in
2495 2201 2563 2239 eo
2612 2187 2882 2255 loquente
2928 2190 3264 2253 considerat,
3296 2189 3558 2242 movebitur
3585 2189 3662 2243 sine

2155 2274 2316 2327 dubio
2344 2275 2620 2342 quomodo
2653 2275 2867 2330 Paulus
2914 2278 3010 2345 qui
3059 2292 3120 2330 se
3168 2277 3375 2331 Tharso
3407 2277 3571 2331 Cilicia:
3595 2294 3659 2329 na-

2156 2372 2265 2416 tum
2300 2364 2575 2431 professus
2604 2376 2695 2419 est
2721 2367 2744 2397 ⁹
2775 2364 3075 2420 Hebraeum
3107 2384 3173 2422 ex
3208 2368 3452 2433 Hebraeis,
3478 2382 3587 2422 nunc
3606 2369 3659 2420 νει

2156 2452 2420 2507 Timothei
2459 2452 2761 2514 Derbensis
2795 2459 2939 2512 civis
2976 2474 3043 2512 ex
3084 2468 3237 2526 patre
3270 2460 3440 2527 gentili
3473 2469 3660 2527 cognatus

2158 2546 2234 2595 vel
2267 2544 2713 2613 consanguineus
2759 2560 2889 2600 esse
2930 2547 3170 2613 dicatur,
3212 2549 3289 2600 Vel
3318 2545 3505 2602 Iasonis
3543 2548 3657 2601 Thes-

2156 2632 2525 2696 salonicensis,
2554 2634 2641 2688 vel
2683 2636 2999 2704 Sosipatris
3033 2638 3226 2709 Pyrrhi
3261 2640 3526 2694 Beroensis.
3551 2639 3654 2703 Quod

2155 2725 2201 2775 si
2230 2738 2327 2792 pro
2352 2738 2419 2777 eo
2460 2723 2665 2792 aliquis
2696 2726 2855 2780 dicat
2884 2729 3018 2797 quia
3065 2731 3228 2784 etiam
3262 2730 3359 2797 ipsi
3396 2730 3584 2797 qualibet
3611 2742 3656 2779 ex

2158 2826 2309 2880 parte
2335 2828 2404 2866 ex
2438 2816 2883 2871 circumcisione
2930 2820 3226 2874 veniebant
3253 2838 3267 2874 :
3299 2836 3397 2874 non
3422 2835 3527 2888 ergo
3548 2834 3655 2885 opor-

2160 2904 2256 2956 tuit
2285 2903 2350 2957 de
2384 2905 2468 2959 his
2496 2907 2826 2973 specialiter
2855 2910 3067 2974 dicere,
3093 2912 3187 2965 sed
3217 2922 3271 2965 et
3297 2913 3357 2965 de
3378 2910 3576 2964 omnibus
3595 2908 3654 2977 qui

2158 3007 2219 3045 ex
2244 2991 2442 3049 Judazis
2473 3005 2657 3062 erant,
2687 3002 2840 3067 quod
2894 3011 3085 3055 essent
3126 3003 3333 3070 cognati
3376 3002 3529 3054 Paulo.
3553 3000 3653 3052 Nunc

2162 3098 2284 3135 vero
2305 3099 2427 3136 cum
2458 3087 2681 3140 caeteris
2708 3104 3070 3159 nequaquam
3101 3092 3205 3150 hoc
3236 3105 3415 3146 nomen
3440 3089 3653 3158 indulgeat,

2159 3173 2242 3225 his
2274 3187 2401 3225 vero
2427 3185 2482 3227 et
2515 3175 2643 3229 aliis
2675 3180 2963 3234 nonnullis
2996 3183 3258 3245 ascribat,
3281 3195 3462 3236 certum
3487 3191 3553 3236 est
3569 3197 3652 3232 eum

2158 3261 2313 3314 aliam
2358 3265 2656 3332 quamdam
2708 3271 3103 3337 cognationem
3149 3274 3428 3336 nominare,
3455 3287 3550 3340 qua:
3582 3269 3652 3323 sibi

2158 3365 2281 3403 cum
2311 3351 2623 3419 Timotheo,
2650 3366 2708 3409 et
2741 3357 2893 3412 Luca
2921 3360 3063 3429 (54),
3088 3362 3308 3429 aliisque
3336 3365 3494 3429 paucis
3519 3363 3651 3413 horum

2158 3441 2428 3495 similibus
2469 3448 2792 3502 communis
2846 3449 3156 3505 habeatur:
3189 3467 3341 3520 quam
3371 3451 3650 3519 cognationem

522 3535 602 3578 est
623 3526 666 3581 ³.
694 3522 831 3578 Nihil
863 3527 1002 3578 enim
1028 3540 1095 3578 ex
1123 3525 1298 3577 debito
1330 3525 1543 3581 habent.
1580 3524 1709 3591 Quis
1741 3530 1876 3580 enim
1918 3532 2060 3598 prior

521 3611 662 3663 dedit
710 3612 811 3676 illi,
851 3621 900 3665 et
948 3613 1258 3665 retribuctur
1287 3613 1374 3667 ei?
1405 3614 1585 3668 Gratia
1618 3631 1746 3683 ergo
1789 3626 1870 3670 est
1907 3620 2055 3686 quid-

521 3701 647 3770 quid
683 3702 841 3756 habet
874 3704 917 3756 is
943 3704 1031 3771 qui
1077 3719 1182 3756 non
1219 3704 1334 3770 fuit,
1362 3713 1415 3758 et
1454 3706 1856 3775 est,‘accipiens
1898 3710 1964 3762 ab
1996 3726 2060 3764 eo

523 3790 612 3857 qui
644 3804 855 3857 semper
881 3790 998 3855 fuit.
1022 3802 1073 3844 et
1104 3801 1205 3855 est,
1231 3801 1283 3845 et
1313 3794 1417 3846 erit
1446 3802 1498 3848 in
1528 3805 1810 3850 aeternum.

2165 3530 2248 3583 vel
2283 3535 2830 3603 consanguinitatem
2880 3557 2951 3595 ex
2994 3542 3085 3595 illa
3116 3543 3233 3595 sine
3277 3543 3421 3595 dubio
3448 3542 3553 3594 sciat
3582 3538 3648 3589 sibi

2164 3636 2284 3674 cum
2318 3623 2403 3677 his
2436 3628 2777 3692 paternitate
2807 3631 3166 3697 descendere,
3189 3635 3252 3687 de
3279 3648 3373 3703 qua
3402 3633 3444 3685 in
3469 3631 3549 3683 aiio
3572 3629 3656 3680 loco

2165 3714 2292 3769 dicit
2326 3733 2340 3768 :
2381 3716 2498 3771 Hac
2542 3722 2695 3774 enim
2744 3740 2918 3778 causa
2963 3744 3123 3781 curvo
3169 3744 3327 3796 genua
3366 3742 3463 3779 mea
3502 3723 3554 3775 ad
3580 3719 3647 3771 Ριο

2166 3813 2296 3858 trem
2323 3805 2434 3874 (55)
2463 3808 2690 3864 Domini
2737 3818 2910 3869 nostri
2940 3815 3072 3871 Iesu
3101 3815 3308 3882 Christi,
3338 3830 3395 3868 ea:
3422 3829 3504 3882 quo
3535 3810 3648 3863 omnis

593 3878 680 3933 59.
717 3878 922 3932 Saiutat
966 3894 1051 3934 vos
1096 3880 1391 3936 Timotheus
1433 3883 1645 3952 odjutor
1677 3901 1839 3953 meus,
1870 3896 1917 3939 et
1961 3886 2063 3939 Lu-
2166 3897 2458 3961 paternitas
2490 3898 2546 3951 in
2580 3902 2716 3956 εωιο
2762 3915 2812 3957 ει
2855 3906 2915 3959 in
2957 3916 3102 3960 terra
3136 3878 3411 3960 nominatur
3431 3878 3484 3955 1⁸.
3520 3899 3648 3954 Scietis

523 3970 659 4030 cius,
697 3977 745 4022 et
773 3968 959 4032 lason,
1003 3980 1051 4023 et
1095 3970 1365 4040 Sosipater
1405 3976 1610 4042 cognati
1641 3976 1739 4029 mei
1762 3976 1804 4030 ⁵.
1841 3975 2065 4031 Videtur
2160 3984 2324 4052 igitur
2352 4001 2473 4040 esse
2515 3989 2765 4059 aliquam
2804 3999 3191 4063 paternitatem
3231 3998 3281 4050 in
3322 3994 3443 4051 coelo
3472 3993 3576 4047 sicut
3593 3995 3647 4040 est

524 4060 652 4154 mihi
701 4061 765 4114 de
807 4062 925 4115 istis
972 4076 1105 4129 quos
1136 4066 1489 4131 sequestravit
1529 4066 1596 4118 ab
1637 4068 1780 4119 omni
1823 4069 2063 4137 catalogo
2156 4084 2213 4126 et
2245 4073 2297 4126 in
2339 4084 2508 4140 terra,
2540 4091 2763 4135 certum
2801 4060 2889 4139 est
2930 4087 3075 4154 quod
3119 4088 3248 4142 istos
3278 4087 3361 4154 qui
3399 4084 3484 4139 sibi
3510 4091 3649 4146 nequa-

524 4148 888 4213 salutantium,
917 4150 1035 4219 plus
1069 4151 1268 4220 aliquid
1313 4154 1564 4209 sensisse.
1608 4153 1850 4225 Denique
1887 4168 1940 4212 et
1969 4160 2062 4212 Ti-
2158 4177 2316 4231 quam
2362 4168 2669 4223 secundum
2717 4148 3106 4241 cognationem
3142 4148 3456 4246 paternitatis
3487 4182 3646 4225 terrent

592 4277 637 4364 ζ’
660 4276 891 4364 _L'Ltgc._x_,
925 4279 1040 4364 19._
1087 4280 1105 4310 ⁸
1141 4278 1298 4364 Rom.
1344 4297 1463 4364 xvi,
1490 4282 1579 4364 29.
1653 4285 1674 4314 ²
1709 4282 1936 4364 {oan.v,
1971 4289 2055 4364 21,

2230 4362 2235 4364 Α
2266 4293 2288 4324 ³
2326 4294 2484 4349 Rom.
2513 4300 2709 4364 31,55.

599 4345 621 4375 ⁶
659 4346 674 4397 1
704 4346 840 4398 'l‘im.
865 4362 900 4410 ι,
929 4348 985 4410 5,
1014 4348 1066 4401 4.
1141 4350 1161 4380 ⁷
1202 4352 1321 4404 Act.
1349 4362 1488 4415 xvtt,
1519 4350 1553 4403 5
1573 4366 1655 4419 sq.
1706 4352 1750 4401 ,⁸
1786 4345 2055 4421 Αει.ἰιι,ι1

2159 4360 2179 4390 ⁹
2208 4345 2337 4415 Αειξ
2358 4345 2497 4431 sttit,
2513 4345 2589 4420 ἕξ

619 4459 706 4528 46)
744 4459 902 4523 Editi,
926 4461 1063 4529 quod
1089 4464 1357 4516 suscitare.

617 4529 707 4595 47)
747 4529 949 4581 Αυεεηι.
995 4531 1268 4605 omittitur
1307 4533 1568 4605 inleditis,
1613 4537 1704 4604 qui
1739 4546 1923 4605 postea
1967 4540 2066 4593 ha-

526 4598 616 4668 bet
643 4612 761 4668 cmn
803 4612 932 4652 mss.
962 4599 1276 4668 quibusdam
1296 4600 1462 4653 videre
1484 4618 1580 4668 pro
1608 4598 1792 4659 dicere.
1827 4607 1930 4662 Sed
1961 4625 2060 4663 ms.

531 4664 727 4732 Regius
751 4679 894 4716 num.
920 4665 1055 4719 1659
1076 4676 1130 4719 et
1180 4665 1431 4722 Rabanus
1463 4664 1658 4726 rectius
1705 4684 1763 4726 ut
1801 4676 1852 4729 in
1891 4686 2061 4730 textu.

558 4732 706 4813 Ξ(ιίὶς)
750 4733 1232 4813 Deus.‘0mittit_ur
1271 4737 1326 4813 in
1361 4739 1632 4813 plerisque
1667 4758 1794 4813 mss.
1818 4753 1886 4799 sit
1926 4748 2063 4813 apud

526 4805 824 4926 mgnum,
851 4805 942 4858 sed
967 4814 1144 4859 exstat
1167 4806 1222 4859 in
1246 4807 1406 4861 editis
1432 4818 1487 4861 et
1520 4805 1571 4862 in
1598 4825 1699 4865 ms.
1720 4809 1885 4881 Regio
1913 4805 2062 4868 num.

597 4942 707 5013 (49)
744 4944 819 4997 Ita
842 4943 991 4997 editi.
1014 4941 1265 4998 Rabanus
1291 4959 1418 4998 vero
1443 4953 1497 4998 et
1528 4961 1657 5001 mss.
1683 4949 1848 5003 nostri
1874 4964 2062 5006 omnes

527 5013 781 5065 omittunt
808 5027 899 5075 per
925 5013 1079 5077 ﬁdem
1111 5022 1445 5066 constantem.
1478 5015 1675 5069 Deinde
1710 5032 1837 5071 mss.
1872 5019 1981 5071 duo
2009 5028 2063 5073 et

528 5078 675 5151 editi,
717 5080 820 5133 Sed
859 5088 907 5133 et
938 5082 1045 5151 qui,
1081 5089 1185 5133 etc.
1214 5081 1401 5135 Caeteri
1441 5098 1571 5137 mss.
1615 5094 1669 5138 et
1701 5088 1850 5151 editi,
1884 5085 1970 5140 Sic
2012 5098 2061 5141 et

2788 4303 2813 4335 ⁸
2851 4304 3014 4360 Rom.
3041 4322 3155 4370 rm,
3181 4307 3266 4360 21.
3338 4307 3359 4338 ⁸
3385 4308 3488 4360 Act.
3510 4301 3645 4363 xrt,'l.

2672 4371 2718 4402 ¹⁰
2749 4371 2955 4441 Ephes.
2981 4392 3066 4442 ιιι,
3095 4377 3181 4443 14,
3211 4376 3294 4432 15.

2097 4457 2141 4510 D
2170 4471 2484 4557 ⁵⁸9ηέφὲςῆ
2518 4496 2687 4548 ῖηδδον
2716 4482 2985 4557 “abantis
3014 4501 3068 4544 et
3097 4492 3223 4544 editi
3258 4501 3310 4544 ut
3341 4491 3387 4542 in
3419 4498 3551 4541 textu.

2237 4542 2483 4625 (.55)“Sic
2503 4564 2655 4625 _t_nss.
2673 4542 2743 4608 ἐι
2784 4542 3083 4615 Ηίιιιίιιιιιὲζ.
3110 4542 3244 4615 Editi
3266 4542 3466 4621 autem,
3491 4566 3533 4608 ut
3553 4555 3645 4618 iit-’0'

2167 4615 2299 4680 stola
2328 4616 2561 4680 dicendi,
2590 4632 2705 4675 etc.

2238 4679 2464 4763 (59.1”
2495 4702 2601 4763 "‘5:
2630 4688 2844 4763 Regius
2877 4712 3027 4750 num.
3064 4698 3209 4753 1659.
3233 4696 3405 4752 Cameri
3431 4709 3530 4748 vero
3556 4706 3642 4763 mss.

2167 4753 2396 4836 fw“:
2423 4768 2542 4836 qf‘af
2566 4757 2658 4810 isti
2684 4753 2994 4831 S'osipatro,
3025 4765 3278 4821 Timotheo
3308 4766 3457 4836 (editi,
3480 4779 3567 4815 cum
3588 4758 3642 4809 Tt-

2167 4817 2475 4893 mot_(t_eo)__et
2509 4822 2680 4893 Luca,
2707 4817 2819 4886 etc:

2239 4885 2357 4972 (55)_
2391 4889 2483 4942 Sic
2520 4885 2823 4972 remeans.
2874 4900 3077 4972 Regius
3124 4920 3265 4958 num.
3316 4901 3435 4956 i639
3462 4892 3640 4972 Arestittll'

2170 4955 2521 5035 ΙΨεισιοευιη
2552 4965 2626 5017 ab
2658 4967 2746 5020 his
2780 4955 2988 5035 verbis:
3013 4955 3078 5027 ea:
3123 4955 3340 5027 iure».
3365 4970 3494 5023 dubio
3519 4955 3638 5035 aut,

2164 5024 2287 5111 {"952
2315 5035 2444 5111 ciC-1
2486 5044 2681 5111 usque
2712 5037 2803 5111 ad,
2829 5024 3339 5111 ciuitatum;
3379 5050 3471 5092 etc.
3506 5026 3637 5086 Ca'trri

2170 5106 2299 5179 vero
2332 5110 2464 5179 mss.
2497 5105 2683 5179 nostri
2718 5108 2924 5161 trahent
2955 5105 3327 5172 tantummodo,
3348 5114 3639 5179 ᾳιιαιιιηιοφῗαῗ

607 5147 619 5157 ⁸
949 5147 960 5151 ν
1835 5147 1845 5151 ’
2197 5161 2206 5170 -
2430 5147 2443 5175 ι
2502 5147 2683 5155 κέν-η-
2718 5147 2924 5161 vuum--
2955 5147 3308 5164 ιιι-..ιπηιιιιυυυ
3380 5147 3477 5161 .-.μ
3505 5147 3594 5177 --δ’

529 5158 852 5248 quihﬁiciu...
904 5217 1007 5248 .1..-
1040 5216 1187 5248 nm.”
1256 5220 1328 5248 ..--
1359 5231 1400 5248 -.
1442 5219 1606 5248 mu..-
1711 5232 1754 5248 -.
1788 5226 1913 5248 -ε-...
1962 5223 2035 5248 n-
2167 5170 2362 5248 ‘4'???”
2392 5181 2505 5245 εΙιιξ
2541 5171 3187 5248 υειητξοηξᾳηριιὶηἰιαιεηι
3218 5149 3327 5248 ejus,
3348 5147 3420 5230 ves
3455 5174 3526 5225 illa
3556 5177 3637 5248 suis

601 5214 712 5308 (50)
747 5216 1213 5318 glss.'dgq;Re‘g.ii,
1244 5220 1401 5318 zic'et
1434 5219 1674 5318 Figus...
1705 5232 1754 5278 et
1783 5226 1913 5278 sicut
1928 5223 2063 5318 ἔξίῖ
2167 5228 2332 5318 dubio.
2378 5214 3321 5318 iaet'ai3th"Z.’£Iiiiii§";3'§"'o3:.'
3349 5214 3638 5318 elisisse

535 5284 1231 5387 iclr;:iz:iit'ip,;ftg.n
1376 5288 1704 5387 .Regius
1749 5309 1896 5347 num.
1927 5294 2062 5350 1659
2169 5284 2426 5357 omnibus
2444 5284 3635 5387 ςιῑίίθέίιίἐῖιίῆζ’ἒὶἴῆίζ”ιιέαἴῗὲὂαῖιὶιῖἓόιᾶὶῖτιι

536 5356 588 5398 et
610 5352 736 5404 editi
766 5355 959 5407 rectius
989 5365 1046 5405 ut
1078 5359 1127 5407 in
1165 5369 1343 5411 nostro
1376 5367 1543 5411 textu.

2167 5373 2687 5452 consanguinitatem
2742 5384 2978 5452 arbitror
3000 5373 3108 5441 esse
3136 5402 3196 5439 ex
3237 5373 3461 5452 bapvtismg
3490 5384 3634 5452 ροιζταῖ

2166 5444 2324 5524 ctam.
2357 5439 2676 5524 salutonvos
2717 5464 2812 5517 ego
2853 5439 3070 5524 Tertius
3100 5457 3186 5524 qui
3225 5439 3391 5517 εείίρδί
3420 5439 3633 5524 Emito“!

2166 5504 2773 5590 iLr‘t‘D‘omino...‘Salututi
2792 5536 2882 5573 vos
2906 5504 3075 5576 Caius
3304 5504 3425 5590 thefts
3453 5504 3632 5590 iam???

2168 5570 2439 5657 {Iertes-iw.
2474 5578 2583 5632 llic
2624 5598 2701 5636 est
2733 5570 2901 5641 Caius
3304 5570 3457 5639 dicit:
3479 5573 3631 5634 Galli“

2168 5653 2264 5705 “90
2302 5643 2412 5698 Deo
2449 5664 2590 5715 men,
2618 5662 2754 5717 εις..
2788 5663 3006 5716 caneris
3037 5643 3397 5730 pra-tenuissis.

608 5413 713 5492 (51)
754 5421 840 5472 Sic
878 5437 974 5475 ms.
999 5421 1196 5489 Regius
1225 5442 1373 5479 num.
1400 5426 1535 5480 1659
1571 5438 1623 5483 et
1650 5428 1922 5485 Rabanus.
1949 5431 2062 5486 Cae-

540 5489 788 5561 ter'iuv‘ero
815 5503 940 5541 mss.
966 5501 1023 5561 et
1046 5493 1192 5556 editi,
1225 5505 1511 5561 rogaverat.

609 5547 717 5625 (52)
759 5552 952 5625 Ipsum.
999 5547 1336 5613 Desideratu'r
1387 5563 1437 5614 in
1485 5565 1660 5620 editis.
1709 5568 1907 5621 Deinde
1958 5586 2057 5622 nis.

539 5610 737 5684 Regius
765 5610 908 5673 tium.
933 5610 1087 5692 1659,
1106 5610 1199 5693 pro
1222 5610 1440 5696 ieiuni
1463 5610 1928 5700 εόῑὲὶιίτιοῦὖὶὲῐιξ,
