3910 6272
379 245 501 304 1289

1283 241 1630 303 COMMENT.
1667 245 1733 300 IN
1770 243 1986 301 EPIST.
2019 244 2109 298 AD
2144 243 2306 300 ROM.
2345 244 2470 299 LIB.
2512 245 2577 298 x.

3371 251 3392 302 1
3403 248 3504 303 ἓξὶϐ

367 364 674 433 junguntur,
701 362 848 433 iungi
897 363 994 419 sibi
1029 375 1250 420 noverat
1289 370 1576 423 secundum
1612 367 1880 430 cognatio-
1911 369 1957 426 Α
1986 373 2042 418 et
2081 365 2203 420 ideo
2237 379 2338 420 nec
2387 378 2579 420 nomen
2629 361 2868 433 posuerit
2917 362 3070 432 cujus
3125 362 3373 427 civitatis,
3415 363 3506 417 sed

371 471 485 509 nem
528 456 861 522 paternitatis
904 457 1162 509 ccclesiis.
1205 458 1265 510 Et
1298 459 1418 512 ideo
1466 473 1558 513 eos
1606 467 1878 526 cognatos,

372 555 423 600 et
469 549 806 615 concaptivos
859 559 1045 611 vocat,
1089 559 1140 601 et
1184 549 1486 613 adjutores;
1536 559 1714 616 utpote
1763 563 1880 601 cum

373 636 560 703 quibus
587 651 741 688 unam
781 638 844 689 ad
881 637 1340 704 evangelizandum
1373 637 1740 704 cognationem
1788 651 1883 688 ua-

373 724 544 777 seendi
613 734 759 778 sorte
813 730 1137 793 susceperit,
1179 739 1232 781 et
1279 729 1635 795 captivitatem
1705 724 1880 780 nutudi

373 811 522 877 hujus
564 803 860 879 Babyloiiize
893 800 1347 882 perferendi.iAut
1387 816 1430 868 si
1477 817 1597 884 quis
1630 818 1738 869 hmc
1781 830 1880 868 non

371 901 456 952 tali
501 903 725 970 quadam
765 906 1051 972 tropologia
1097 907 1292 973 patitur
1324 906 1622 972 explanari,
1655 914 1884 972 exponat

371 990 520 1041 nobis
564 993 828 1056 quomodo
867 994 1192 1057 Timotheus,
1218 1007 1270 1048 et
1297 993 1510 1056 Lucius,
1539 1004 1590 1047 et
1618 994 1801 1056 Jason,
1831 1003 1884 1045 et

369 1076 638 1143 Sosipater
662 1079 816 1148 longe
849 1081 1174 1134 diversarum
1205 1097 1307 1134 non
1334 1082 1500 1134 solum
1529 1083 1760 1144 urbium,
1789 1084 1880 1135 sed

366 1175 418 1216 ct
464 1167 855 1231 provinciarum
903 1169 1077 1232 cives,
1126 1168 1285 1220 Paulo
1320 1154 1614 1221 secundum
1670 1182 1880 1221 carnem

365 1256 570 1322 cognati
615 1263 669 1308 et
711 1257 1088 1326 consanguinei
1139 1272 1256 1310 esse
1300 1264 1586 1325 potuerunt
1623 1272 1638 1309 :
1682 1265 1735 1308 et
1779 1271 1880 1309 non

365 1327 531 1395 solum
565 1343 671 1408 isti,
715 1347 806 1400 sed
847 1358 896 1397 et
924 1348 1280 1408 Andronicus,
1307 1357 1359 1398 et
1389 1344 1592 1408 Jnuias,
1619 1354 1673 1397 et
1719 1345 1883 1398 Hero-

364 1433 504 1497 dion,
533 1449 668 1501 quos
710 1450 894 1489 omnes
922 1445 972 1489 et
1013 1437 1174 1506 637
1209 1443 1464 1504 cognatos
1505 1450 1650 1499 suos,
1676 1446 1728 1488 et
1757 1449 1886 1489 con-

362 1522 600 1588 captivos
627 1523 876 1588 appellat.

435 1609 518 1662 40.
555 1609 740 1663 Saluto
765 1627 848 1663 vos
875 1628 964 1678 ego
997 1609 1219 1672 Tertius,
1255 1614 1342 1680 qui
1375 1613 1552 1680 scripsi
1585 1610 1872 1678 Epistolam

1986 455 2354 510 tantummodo
2401 469 2522 510 eum
2575 453 2840 508 arcarium
2901 453 3252 508 nominaverit
3314 452 3504 506 civita-

1985 544 2053 596 tis
2083 539 2214 612 (60).
2267 543 2452 598 Utrum
2498 557 2625 612 ergo
2677 542 2768 597 tali
2819 541 2976 597 modo
3021 542 3231 612 aliquo,
3267 557 3333 596 an
3381 556 3506 596 vero

1981 633 2295 703 simpliciter
2321 634 2488 703 magis
2518 633 2882 702 accipiendum
2919 633 3010 697 sit,
3043 643 3095 686 et
3126 632 3258 686 nihil
3287 633 3504 700 profun-

1981 723 2098 775 dius
2128 723 2178 774 in
2206 721 2352 775 Pauli
2384 722 2600 777 Litteris
2621 722 3018 792 requirendum,
3055 722 3387 776 considerato
3415 724 3506 791 qui

1982 810 2126 880 legis.

2049 900 2136 952 «13.
2179 899 2244 952 Ei
2275 908 2438 951 autem
2468 899 2556 962 qui
2577 907 2752 962 potens
2781 906 2857 952 est
2887 913 2972 951 vos
2993 899 3299 968 conﬁrmare
3326 915 3509 952 secun-

1981 986 2098 1037 dum
2127 986 2462 1053 Evangelium
2482 1003 2666 1047 meum,
2699 995 2747 1039 et
2767 987 3188 1053 praedicationem
3205 987 3338 1040 ‘Jesu
3363 988 3508 1040 Chri-

1979 1078 2066 1142 sti,
2109 1079 2384 1130 secundum
2426 1076 2783 1128 reuelationem
2834 1077 3146 1128 sacramenti
3195 1076 3507 1142 temporibus

1979 1168 2285 1220 swculorum
2317 1169 2370 1219 in
2393 1167 2595 1220 silentio
2611 1167 3131 1234 habiti,manifeslati
3159 1177 3327 1220 autem
3355 1170 3504 1220 modo

1979 1272 2070 1322 per
2131 1255 2426 1321 Scriptura;
2473 1255 2791 1320 propheticus
2849 1255 3125 1307 secundum
3197 1266 3503 1324 prteceptum

1980 1343 2155 1395 teterni
2188 1341 2278 1395 Dei
2303 1343 2370 1393 ad
2397 1341 2736 1392 obedientiam
2772 1339 2893 1405 ﬁdei
2921 1340 2976 1390 in
3002 1353 3177 1391 omnes
3206 1352 3381 1408 gentes
3401 1358 3508 1393 ma-

1983 1431 2227 1498 nifestatt',
2251 1431 2347 1482 soli
2385 1432 2600 1496 sapienti
2634 1429 2738 1481 Deo
2767 1443 2856 1493 per
2887 1426 3066 1480 Jesum
3103 1419 3375 1482 Christum
3403 1431 3507 1484 cla.

1982 1521 2111 1572 ritas
2148 1521 2200 1570 in
2229 1520 2419 1572 sa'cula
2445 1518 2768 1571 strculorum.
2803 1518 2964 1570 Amen
2983 1519 3023 1549 ¹⁷
3049 1518 3176 1586 (61).
3209 1520 3374 1588 Caput
3406 1523 3505 1576 hoc

1980 1608 2236 1671 Marcion,
2262 1624 2287 1658 a
2321 1622 2426 1674 quo
2453 1606 2742 1674 Scriptura:
2766 1606 3082 1676 evangelicae
3109 1617 3266 1676 atque
3291 1619 3506 1676 aposto-

360 1697 413 1750 in
442 1697 748 1752 Domino".
782 1699 1054 1767 Tanquam
1090 1701 1180 1768 qui
1209 1701 1400 1768 dignus
1433 1700 1646 1754 habitus
1667 1699 1736 1753 sit
1758 1699 1882 1766 Epi-
1914 1691 1954 1743 Β
1983 1696 2100 1749 lica
2122 1695 2451 1762 interpolatae
2482 1701 2627 1759 sunt,
2659 1697 2723 1747 de
2755 1695 2854 1747 hac
2882 1692 3112 1761 Epistula
3143 1695 3349 1762 penitus
3377 1700 3503 1751 abs-

359 1785 550 1838 stolam
581 1784 834 1841 Romanis
872 1785 1035 1841 Paulo
1069 1790 1304 1842 dictante
1349 1789 1700 1856 perscribere,
1742 1789 1882 1839 inse—

359 1876 433 1927 rit
461 1874 509 1926 ei
553 1875 714 1927 etiam
753 1889 901 1928 suum
934 1889 1146 1938 nomen,
1174 1893 1278 1930 non
1311 1878 1609 1930 temeritate
1639 1889 1764 1928 usus
1795 1884 1884 1926 aut

351 1958 636 2026 iactantia,
669 1961 759 2014 sed
788 1963 908 2030 quia
938 1964 1140 2017 sciebat
1173 1979 1232 2016 se
1250 1977 1354 2016 non
1380 1965 1553 2018 solum
1577 1961 1883 2031 praestitisse

353 2039 642 2116 scriptoris
665 2047 917 2111 ofﬁcium,
947 2049 1040 2104 sed
1073 2051 1351 2119 scripsisse
1389 2050 1440 2103 in
1473 2049 1695 2103 Domino
1723 2063 1886 2116 :quo-

353 2137 502 2191 niam
528 2139 746 2205 quidem
771 2137 946 2206 justus
987 2141 1167 2192 omnia
1211 2153 1328 2207 quae
1361 2139 1508 2203 facit,
1547 2137 1610 2191 ad
1661 2139 1880 2208 gloriam

352 2226 446 2279 Dei
477 2226 607 2281 facit
627 2228 687 2278 “.
712 2227 777 2280 Et
796 2228 838 2281 si
865 2227 1044 2281 scribit
1061 2243 1206 2297 ergo,
1235 2229 1299 2280 ad
1321 2228 1542 2296 gloriam
1568 2228 1659 2281 Dei
1675 2229 1882 2291 scribit,

349 2325 408 2368 et
439 2316 558 2369 ideo
588 2316 643 2369 in
673 2315 892 2370 Domino
923 2318 1108 2371 scribit
1135 2329 1389 2387 :pr0pter
1415 2320 1551 2387 quod
1573 2319 1880 2386 eStdignum

349 2415 412 2458 ut
435 2403 692 2473 Epistolas
719 2407 802 2458 sui
831 2420 1039 2475 quoque
1065 2407 1294 2460 nominis
1312 2408 1516 2462 inderet
1539 2409 1878 2462 mentionem.

359 2493 452 2547 Vel
495 2503 651 2549 certe
685 2496 931 2562 quoniam
975 2496 1080 2547 vim
1126 2510 1370 2550 sensuum
1433 2496 1576 2550 Pauli
1633 2497 1882 2552 dictantis

349 2588 665 2646 exceperat,
689 2588 742 2632 et
769 2581 1102 2634 intellexerat
1139 2596 1242 2636 non
1273 2583 1524 2649 hominis,
1548 2583 1639 2637 sed
1676 2584 1879 2637 Domini

348 2683 471 2735 quae
504 2669 798 2734 scribebat,
847 2671 1044 2726 idcirco
1079 2687 1198 2726 eum
1237 2675 1289 2725 in
1331 2673 1552 2727 Domino
1601 2675 1882 2744 scripsisse

347 2767 767 2812 commemorat.

419 2848 512 2900 41.
539 2846 751 2900 Salutat
783 2863 868 2902 nos
898 2845 1054 2901 Gaius
1084 2849 1194 2914 (56)
1226 2849 1403 2917 hospes
1440 2867 1604 2915 meus,
1644 2862 1694 2904 et
1727 2853 1880 2906 totius

347 2937 612 2992 Ecclesia!
635 2939 697 2990 “.
731 2938 1044 3008 lntelligitur
1075 2939 1237 2995 Gaius
1281 2941 1366 2995 hic
1406 2956 1524 2995 esse
1561 2943 1624 2996 de
1664 2957 1769 3011 quo
1815 2945 1878 2996 ad

347 3027 667 3081 Corinthios
710 3028 948 3082 scribens
984 3039 1381 3093 commemorat,
1430 3031 1646 3083 dicens:
1674 3032 1880 3086 Gratias

345 3130 450 3181 ago
481 3113 619 3174 Deo,
651 3115 891 3181 quoniam
932 3117 1177 3168 neminem
1215 3126 1435 3170 vestrum
1468 3120 1745 3185 baptizari,
1785 3122 1881 3172 nisi

344 3199 598 3269 Crispum
636 3211 687 3254 et
735 3201 920 3254 Gaium
950 3203 1012 3258 ιδ.
1042 3203 1259 3258 Videtur
1286 3221 1413 3275 ergo
1449 3207 1686 3262 indicare
1717 3210 1780 3262 de
1817 3224 1882 3263 eo

341 3295 491 3361 quod
532 3293 620 3344 vir
657 3291 817 3346 fuerit
857 3294 1151 3361 hospitalis,
1185 3295 1272 3362 qui
1322 3311 1424 3348 non
1458 3298 1626 3350 solum
1666 3297 1879 3351 Paulum

341 3395 408 3436 ac
457 3380 713 3446 singulos
757 3394 990 3448 quosque
1037 3384 1382 3437 adventantes
1427 3384 1735 3438 Corinthum
1771 3387 1880 3456 (57)

339 3471 590 3539 hospitio
619 3470 899 3536 receperit,
939 3471 1027 3524 sed
1060 3471 1307 3526 Ecclesiae
1344 3460 1602 3528 universae
1642 3475 1693 3528 in
1728 3476 1882 3529 domo

335 3573 442 3613 sua
496 3555 935 3610 conventiculum
1000 3558 1111 3625 ipse
1163 3560 1471 3626 praebuerit.
1521 3560 1710 3616 Fertur
1755 3576 1883 3615 sane

338 3646 646 3702 traditione
684 3645 961 3714 majorum,
989 3649 1126 3713 quod
1158 3648 1241 3700 hic
1271 3647 1435 3702 Gaius
1458 3649 1660 3718 primus
1682 3651 1880 3719 episco-

333 3752 441 3806 pus
481 3735 648 3789 luerit
677 3734 1164 3792 Thessalonicensis
1187 3738 1454 3794 Ecclesiae.

404 3823 502 3876 42.
549 3821 764 3875 Salutat
812 3839 896 3876 vos
949 3822 1190 3891 Erastus,
1248 3830 1480 3881 urcarius
1533 3830 1776 3897 civitatis,
1831 3841 1878 3885 et

332 3912 584 3977 Quartus
631 3912 744 3980 (58)
784 3914 944 3978 frater
965 3913 1028 3967 “.
1069 3913 1242 3982 Ipsum
1288 3926 1414 3984 puto
1467 3932 1581 3973 esse
1635 3919 1878 3974 Erastum

330 4015 499 4068 quem
537 4001 677 4054 dicit
699 4000 742 4031 ¹⁶
769 4001 889 4070 quia
921 4005 1445 4069 remansitﬂorintbi,
1463 4008 1658 4076 quique
1677 4009 1882 4062 videtur

328 4091 695 4160 dispensator
717 4092 945 4147 civitatis
969 4097 1172 4149 ostendi
1192 4095 1322 4166 (59).
1349 4095 1450 4150 Sed
1478 4111 1580 4149 non
1601 4107 1726 4164 puto
1742 4098 1879 4166 quod

326 4193 399 4232 ex
443 4181 556 4234 hoc
598 4179 782 4234 officio
823 4196 1140 4253 magnOpere
1186 4185 1380 4241 Paulus
1446 4189 1761 4242 mentionem
1828 4189 1879 4242 in

1979 1785 2132 1845 tulit;
2168 1793 2222 1838 et
2272 1798 2376 1837 non
2431 1783 2596 1836 solum
2633 1784 2753 1844 hoc,
2796 1783 2886 1836 sed
2922 1790 2976 1836 et
3016 1783 3082 1836 ab
3125 1797 3189 1836 eo
3237 1784 3352 1838 loco
3391 1785 3500 1854 (δε)

1971 1873 2067 1926 ubi
2097 1873 2354 1941 scriptum
2389 1881 2489 1934 est,
2522 1887 2668 1924 omne
2698 1881 2867 1924 autem
2894 1872 3030 1939 quod
3053 1888 3151 1925 non
3175 1883 3246 1926 est
3285 1891 3349 1927 ex
3379 1875 3500 1942 ﬁde,

1978 1971 2240 2027 peccatum
2269 1971 2342 2015 est
2366 1960 2430 2024 ιθ,
2464 1975 2628 2030 usque
2655 1963 2718 2013 ad
2746 1961 2901 2014 linem
2931 1971 3117 2015 cuncta
3144 1964 3420 2019 dissecuit.
3443 1965 3499 2020 In

1980 2051 2099 2103 aliis
2144 2064 2271 2103 vero
2317 2049 2726 2117 exemplaribus,
2761 2051 2812 2103 id
2863 2059 2943 2104 est
2990 2051 3044 2104 in
3097 2051 3181 2106 his
3218 2067 3333 2119 quae
3389 2069 3493 2108 non

1981 2147 2102 2193 sunt
2122 2153 2151 2191 a
2180 2139 2443 2191 Marciane
2472 2146 2748 2200 temerata,
2777 2137 2876 2191 hoc
2905 2140 3074 2205 ipsum
3113 2149 3271 2207 caput
3297 2139 3505 2194 diverse

1981 2227 2204 2295 positum
2241 2225 2556 2279 invenimus.
2597 2225 2650 2276 In
2683 2224 2947 2276 nonnullis
3004 2226 3199 2278 etenim
3231 2225 3504 2280 codicibus

1981 2323 2100 2382 post
2122 2329 2242 2368 eum
2270 2314 2442 2367 locum
2471 2328 2625 2381 quem
2656 2327 2810 2380 supra
2842 2313 3093 2375 diximus,
3129 2314 3230 2366 hoc
3255 2323 3358 2379 est,
3389 2331 3504 2369 ons-

1981 2419 2044 2458 ne
2075 2413 2242 2456 autem
2264 2403 2398 2474 quod
2423 2419 2523 2455 non
2550 2414 2620 2455 est
2651 2419 2715 2455 ea:
2755 2403 2876 2468 fide,
2901 2412 3162 2469 peccatum
3196 2414 3294 2468 est,
3325 2408 3500 2460 statim

1979 2490 2254 2544 cohaerens
2280 2490 2526 2552 habetur,
2559 2491 2604 2542 ei
2626 2500 2795 2541 autem
2837 2493 2923 2558 qui
2947 2499 3122 2555 potens
3155 2501 3227 2544 est
3261 2509 3346 2546 vos
3375 2509 3501 2546 ωηο

1977 2579 2207 2645 ﬁrmare.
2259 2579 2364 2634 Alii
2396 2594 2520 2633 vero
2557 2577 2769 2632 codices
2802 2579 2854 2633 in
2895 2579 3002 2633 line
3051 2580 3127 2644 id,
3157 2591 3214 2635 ut
3248 2597 3387 2636 nunc
3421 2593 3505 2638 est
3588 2563 3601 2582 ⁸

1981 2669 2229 2736 positum,
2269 2669 2540 2722 continent
2567 2668 2698 2735 (65).
2731 2669 2834 2723 Sed
2870 2669 2979 2736 jam
3011 2673 3285 2725 veniamus
3313 2672 3377 2725 ad
3404 2687 3499 2726 ca-

1979 2757 2127 2824 pituli
2165 2756 2319 2825 hujus
2343 2757 2787 2824 explanationem.
2817 2757 2954 2811 Duas
2997 2758 3125 2812 mibi
3158 2774 3343 2814 causas
3366 2761 3502 2814 Pan-

1981 2846 2066 2898 lus
2106 2846 2312 2900 videtur
2340 2849 2640 2912 ostendere,
2666 2848 2857 2915 quibus
2890 2849 3206 2903 roborantur
3236 2851 3288 2904 hi
3324 2852 3412 2918 qui
3442 2853 3496 2906 in

1983 2935 2082 2990 [ide
2117 2936 2386 3006 Evangelii
2423 2939 2843 2992 confirmantur:
2872 2956 3028 2993 unam
3057 2955 3160 3007 qua
3194 2941 3271 2995 eis
3313 2941 3502 3010 praedi-

1980 3024 2120 3079 catio
2148 3024 2316 3087 Pauli,
2364 3041 2482 3093 quae
2507 3036 2592 3081 est
2621 3037 2676 3080 et
2702 3028 2898 3084 Christi
2939 3030 3263 3098 praedicatio,
3287 3030 3500 3083 innote-

1979 3114 2081 3166 scit
2107 3113 2246 3183 (04);
2277 3124 2331 3168 et
2359 3115 2514 3168 aliam
2539 3131 2642 3184 qua
2687 3119 2951 3172 revelatur
2995 3120 3072 3172 eis
3111 3129 3496 3173 sacramentum

1979 3205 2116 3272 quod
2167 3204 2400 3258 omnium
2453 3207 2778 3272 temporibus
2817 3212 3131 3262 saeculorum
3182 3210 3231 3262 in
3286 3209 3499 3263 silentio

1981 3295 2214 3346 habitum
2248 3303 2348 3358 est,
2376 3309 2515 3348 nunc
2552 3310 2698 3357 vero,
2740 3297 2841 3350 hoc
2875 3307 2956 3350 est
3002 3299 3053 3348 in
3088 3297 3315 3350 adventu
3348 3297 3502 3350 Chri-

1980 3384 2045 3434 sti
2093 3382 2370 3449 praesentia
2407 3385 2668 3451 corporali
2711 3385 3100 3438 manifestatum
3131 3392 3212 3438 est
3244 3393 3298 3438 et
3347 3399 3501 3452 aper-

1983 3480 2109 3528 lutn,
2139 3479 2192 3523 et.
2219 3479 2472 3538 quantum
2500 3481 2727 3539 spectat,
2756 3489 2857 3526 non
2888 3473 3002 3527 sine
3028 3474 3226 3526 idoneis
3256 3473 3500 3541 testibus,

1979 3560 2068 3611 sed
2113 3559 2407 3628 Scripturis
2443 3561 2766 3635 propheticis
2803 3563 3208 3631 astipulantibus
3259 3563 3498 3616 declara-

1981 3659 2108 3700 tum.
2152 3635 2225 3702 lta
2261 3649 2402 3702 enim
2454 3659 2772 3719 praeceptum
2816 3653 3023 3706 exstitit
3058 3651 3242 3705 aeterni
3286 3652 3400 3717 Dei,
3442 3661 3502 3708 ut

1978 3753 2071 3804 per
2094 3738 2515 3805 praedicationem
2558 3741 2765 3807 quidem
2791 3740 2900 3809 (65)
2926 3741 3188 3810 Evangelii
3227 3751 3409 3809 gentes
3430 3741 3498 3795 ad

1977 3827 2327 3880 obedientiam
2361 3827 2484 3880 fidei
2523 3839 2843 3881 vocarentur
2871 3844 2885 3879 :
2910 3843 2972 3881 ex
3006 3829 3325 3882 revelatione
3369 3843 3500 3884 vero

1978 3915 2293 3967 sacramenti
2333 3916 2510 3984 agnita
2543 3917 2635 3970 Dei
2672 3918 2948 3986 sapientia,
2974 3918 3141 3986 gloria
3187 3930 3242 3971 et
3281 3917 3498 3972 claritas

1977 4006 2074 4057 soli
2112 4005 2333 4073 sapienti
2371 4006 2474 4059 Deo
2505 4008 2815 4062 redderetur
2841 4008 2896 4061 in
2934 4009 3124 4062 saecula
3165 4008 3494 4062 saeculorum.

1981 4095 2084 4148 Sed
2120 4096 2306 4146 iterum
2339 4109 2696 4159 recurramus,
2723 4104 2780 4150 et
2807 4098 3205 4152 consideremus
3235 4097 3498 4166 quomodo

1980 4185 2173 4236 dictum
2212 4195 2291 4236 est
2325 4200 2339 4235 :
2363 4182 2431 4235 Ei
2458 4195 2626 4238 autem
2651 4172 2740 4252 qui
2765 4197 2942 4252 potens
2968 4196 3041 4238 est
3079 4202 3164 4239 vos
3194 4186 3500 4252 conﬁrmare

324 4265 581 4335 Epistola
612 4282 713 4321 sua
749 4269 954 4334 fecerit,
982 4273 1084 4328 nisi
1115 4273 1252 4329 forte
1279 4275 1474 4343 aliquid
1500 4277 1551 4329 in
1573 4291 1637 4331 eo
1654 4276 1877 4344 amplius
1908 4289 1950 4343 ι)
1979 4274 2256 4326 secundum
2284 4271 2618 4340 Evangeliunt
2641 4290 2829 4338 meum,
2855 4283 2904 4328 et
2927 4273 3342 4342 prtedicationem
3372 4271 3500 4326 Jesu

325 4359 598 4421 senserit,
643 4365 703 4410 et
746 4360 1010 4414 arcarium
1049 4376 1190 4428 eum,
1235 4364 1286 4417 id
1336 4373 1420 4418 est
1459 4365 1876 4434 dispensatorem

323 4445 481 4501 illius
498 4445 750 4500 civitatis
770 4446 963 4501 dixerit
984 4449 1133 4516 cujus
1163 4453 1352 4506 artifex
1368 4462 1418 4506 et
1440 4453 1684 4506 conditor
1703 4453 1874 4516 Deus;

1977 4362 2194 4436 Christi,
2225 4365 2506 4414 secundum
2536 4362 2892 4417 reuelationem
2921 4364 3232 4417 sacramenti
3258 4363 3501 4429 tempori-

1976 4454 2067 4504 bus
2103 4451 2408 4504 sa'culorum
2442 4453 2498 4504 in
2536 4453 2738 4505 silentio
2780 4454 2960 4505 habiti.
2991 4451 3104 4506 Non
3135 4451 3261 4505 mihi
3291 4451 3499 4505 videtur

397 4541 441 4572 ¹¹
478 4539 646 4592 Rom.
672 4553 784 4608 XVI,
805 4539 895 4594 22.
971 4543 1012 4574 ¹²
1037 4541 1056 4594 1
1078 4543 1204 4598 Cor.
1237 4559 1290 4604 x,
1319 4544 1380 4596 ’51
1406 4561 1420 4604 ;
1456 4545 1660 4598 Coloss.
1683 4561 1759 4607 ut,
1799 4547 1880 4598 17.

1983 4548 2001 4578 ³
2039 4546 2188 4596 Rom.
2223 4559 2332 4606 xvi,
2355 4544 2444 4597 Q5.
2519 4544 2562 4574 η
2590 4542 2609 4594 l
2639 4544 2762 4598 Cor.
2793 4560 2830 4608 ι,
2865 4544 2948 4599 14.
3025 4546 3066 4584 ¹⁸
3090 4545 3241 4598 Rom.
3275 4557 3386 4607 1m,
3409 4541 3498 4594 25.

325 4607 374 4640 ⁸⁸
402 4607 446 4662 ll
471 4608 620 4661 Tim.
656 4621 732 4670 tv,
761 4607 847 4660 20.
924 4609 964 4640 "'
993 4609 1144 4664 Rom.
1177 4627 1284 4678 xvr,
1314 4612 1498 4664 25-27.
1571 4613 1614 4643 "
1639 4613 1791 4666 Rom.
1823 4628 1933 4678 xiv,
1954 4614 2041 4668 25.

395 4701 518 4776 (56)
541 4698 750 4776 gaius.
783 4698 871 4776 Sic
905 4703 1101 4776 ubique
1136 4719 1266 4776 mss.
1294 4704 1496 4776 nostri,
1541 4704 1794 4760 Rabanus
1821 4715 1876 4760 et
2045 4707 2156 4776 (60)
2215 4710 2467 4764 Civitatis.
2505 4709 2825 4761 ReSIituitur
2868 4721 2934 4759 ex
2970 4720 3100 4776 gms.»
3143 4704 3307 4776 Regio
3351 4725 3498 4764 num.

319 4769 509 4844 editio:
541 4769 989 4844 genetazflaeteri
1016 4769 1172 4844 editi,
1207 4771 1388 4844 Caius.
1446 4841 1455 4844 _
1532 4842 1540 4844 _
1697 4841 1724 4844 _
1861 4842 1872 4844 _
1979 4769 2148 4830 1639f
2182 4779 2376 4831 Deinde
2423 4792 2555 4831 mss.
2586 4777 2798 4844 quidam
2833 4785 2884 4825 et
2923 4773 3045 4844 editi
3091 4769 3285 4824 habent
3309 4778 3498 4844 riden-

393 4838 516 4913 (57)
549 4837 741 4913 Editio
766 4834 1320 4913 Veneta,aduersantes
1339 4839 1660 4913 Corinthum.
1687 4841 1874 4913 Crateri
1977 4848 2099 4898 dum
2125 4861 2220 4913 pro
2253 4834 2628 4909 accipiendum,
2665 4844 2802 4911 quod
2835 4841 3120 4910 praeferunt
3158 4855 3258 4894 ms.
3302 4841 3499 4910 Regius

317 4905 850 4970 editi,'diversantes
903 4905 1158 4959 Corinthi.
1211 4908 1412 4961 Deinde
1454 4909 1611 4962 iidem
1657 4910 1784 4964 editi
1828 4919 1882 4964 et
1981 4905 2292 4966 uumflli'59
2323 4905 2374 4965 et
2398 4905 2666 4964 Rabanns.

317 4991 462 5029 mss.
487 4973 774 5052 plering
796 4973 1027 5052 hospitio
1049 4976 1316 5052 reciperet,
1336 4977 1562 5052 etpaulo
1589 4986 1709 5052 post
1726 4978 1881 5030 omit-
2051 4982 2162 5052 (61)
2190 4981 2254 5032 In
2277 4982 2477 5052 saecula
2510 4978 2835 5052 swculorum.
2863 4976 3043 5027 Amen.
3069 4972 3191 5029 Htec
3221 4977 3377 5052 verba
3401 4978 3495 5030 de-

316 5037 706 5110 tuntprimus.
739 5037 842 5092 Sed
871 5055 972 5095 ms.
992 5037 1185 5109 Regius
1211 5037 1355 5097 num.
1388 5037 1518 5098 {639
1534 5037 1669 5098 ut'in
1696 5055 1878 5100 nostro
1982 5037 2105 5103 sunt
2145 5037 2195 5100 in
2224 5050 2402 5109 editis,
2433 5056 2490 5110 et,
2517 5048 2868 5100 restituuntur
2904 5058 2967 5095 ex
3004 5057 3129 5094 mss.
3163 5045 3459 5098 codicibus.

317 5121 508 5196 territt.
544 5175 594 5196 η
726 5182 777 5196 Α.
830 5173 950 5196 Α...
1020 5175 1034 5196 ι
1102 5176 1114 5189 0
1271 5177 1284 5196 1
1341 5179 1353 5196 ο
1448 5187 1464 5196 Δ
1522 5179 1564 5196 η
1789 5193 1830 5196 μ
1864 5182 1874 5196 Ι
1981 5182 2021 5196 ἢ
2188 5116 2287 5196 Ms.
2315 5116 2508 5196 Regius
2531 5129 2678 5166 num.
2707 5113 2862 5175 1659,
2885 5112 2972 5163 sed
2995 5118 3040 5161 et
3067 5110 3118 5161 in
3141 5127 3198 5162 eo
3223 5112 3359 5176 loco,
3385 5124 3494 5168 etc.

391 5178 511 5252 (58)
542 5175 682 5252 Mss.
721 5182 780 5225 et
825 5173 1222 5252 editinplerique
1271 5177 1468 5232 habent
1490 5179 1876 5252 ΔΜιιινριιη-εθό
1981 5173 2117 5237 Editi
2143 5173 2556 5252 omittuntvloco.
2581 5249 2591 5252 _
2620 5216 2642 5252 τ

314 5242 425 5318 ms‘.
473 5242 695 5314 Regius
729 5256 880 5296 num.
917 5242 1072 5309 1659,
1100 5242 1350 5301 Rabanus
1391 5257 1446 5302 et
1482 5242 1877 5311 Genehtardus,
2051 5251 2157 5318 (65)
2182 5252 2338 5313 Editi,
2359 5253 2411 5302 in
2437 5250 2558 5315 ﬁne,
2561 5249 2629 5318 id
2648 5257 2742 5310 est,
2769 5256 2827 5299 ut
2855 5245 3346 5318 nunc_es_l‘posil_um,
3373 5263 3500 5318 con:

317 5311 606 5386 Quartus.
817 5377 854 5386 ﬁ
933 5380 945 5386 Α
1216 5382 1229 5386 _
1254 5381 1337 5386 ___
1465 5380 1500 5386 _
1547 5381 1558 5386 _
1773 5381 1802 5386 _
1979 5311 2154 5372 tinent.
2194 5311 2390 5371 Deinde
2423 5311 2516 5369 ms.
2554 5317 2751 5386 Regius
2783 5329 2930 5368 num.
2976 5311 3127 5374 1659,
3167 5313 3234 5363 ad
3283 5314 3504 5382 capituli

389 5385 510 5455 (59)
547 5381 647 5435 Sic
675 5390 786 5430 ms.
817 5377 1016 5455 Regius
1037 5395 1180 5455 num.
1209 5381 1345 5455 1659
1382 5391 1437 5455 et
1465 5380 1732 5455 Rabanus.
1764 5381 1878 5455 Cze-
1978 5389 2138 5455 ipsius
2157 5386 2584 5454 explanationem.

318 5447 423 5508 teri
454 5447 597 5521 vero
625 5455 857 5521 niss._et_
870 5447 996 5500 editi
1018 5485 1034 5512 ,
1056 5447 1300 5521 Corintho
1330 5450 1446 5521 (ah,
1476 5449 1732 5521 Corinthi)
1763 5453 1879 5518 qui-
1997 5447 2007 5452 ’
2043 5454 2152 5521 (64)
2179 5447 2338 5515 Editi,
2377 5456 2681 5521 innotescat.

316 5539 419 5594 que
443 5520 728 5578 evidenter
748 5514 1012 5582 designato
1037 5515 1254 5568 civitatis
1285 5518 1444 5572 ollicio
1477 5514 1785 5571 ostenditur.
2048 5514 2160 5592 (65)
2201 5514 2360 5588 Editi,
2387 5531 2440 5575 ut
2459 5516 2830 5592 praedicatione
2858 5515 3083 5587 quidem.
3113 5523 3217 5567 etc.

784 5648 1047 5712 Puncta
1084 5649 1199 5710 Gn.
1242 5649 1409 5711 XIV.
1923 5665 1926 5669 ‘
3108 5638 3170 5697 ιι
