3910 6282
272 227 408 286 1235
1360 227 1427 281 IN
1463 222 1840 281 EPISTOLAM
1875 221 1963 276 AD
1995 220 2326 276 GALATAS.
3286 215 3424 272 1204

268 355 422 412 quam
464 338 827 408 ludiﬁcationis
860 337 1160 392 intentione
1174 349 1420 404 perorata
1475 347 1595 391 sunt
1631 351 1650 388 :
1677 336 1809 389 sicut
1847 335 1902 386 in
1932 333 2160 386 homiliis
2193 332 2296 385 sive
2337 330 2391 383 in
2426 328 2765 384 oratiunculis
2795 327 2904 399 (75)
2941 327 2992 382 in
3023 326 3256 382 Genesim
3287 339 3334 382 et
3366 332 3422 382 in

269 431 508 488 Ezodum
527 432 765 498 fecimus,
790 439 837 483 et
863 429 1119 497 prtecipue
1141 428 1194 482 in
1213 429 1293 482 his
1317 443 1430 498 qua:
1451 429 1505 482 in
1535 427 1724 480 librum
1753 424 1968 478 Leuitici
1995 425 2059 477 ab
2094 423 2184 476 illo
2207 422 2410 492 quidem
2433 419 2542 492 (76)
2573 420 2849 488 perorandi
2874 420 3007 490 stglo
3027 419 3187 486 dicta,
3214 437 3246 474 a
3272 423 3420 476 nobis

267 537 383 575 uero
405 521 720 587 explanandi
750 523 915 590 specie
941 519 1190 574 translata
1217 532 1354 573 sunt.
1381 520 1544 584 Quem
1575 518 1799 570 laborem
1823 513 2142 581 adimplendi
2161 531 2278 582 qua:
2300 515 2510 568 deerant
2539 513 2735 566 idcirco
2760 514 3093 583 suscepimus,
3117 530 3178 567 ne
3198 513 3420 582 pulsatae
3484 535 3487 545 ·

265 612 573 680 ᾳιιωιιὶοηεε
596 623 644 666 et
676 615 892 678 relictae,
920 615 1058 683 quod
1086 615 1138 666 in
1161 611 1480 665 homiliatico
1507 608 1712 662 dicendi
1737 621 1916 674 genere
1944 605 2007 657 ab
2035 603 2123 656 illo
2155 603 2319 672 689
2349 620 2484 668 swpe
2509 604 2622 668 ﬁeri
2647 603 2801 671 solet,
2830 603 3018 656 Latino
3047 604 3228 658 lectori
3259 605 3416 672 fasti—

265 705 411 757 dium
437 715 758 771 generarent.
793 706 929 759 Nam
963 707 1052 759 illa
1081 723 1191 774 quin
1217 710 1268 757 in
1298 703 1476 756 Iesum
1511 699 1680 760 Nave,
1711 709 1755 751 et
1782 699 1838 750 in
1873 695 2125 749 Iudicum
2147 694 2332 746 librum
2368 694 2499 762 (77),
2536 704 2585 748 et
2621 697 2676 747 in
2706 697 3016 747 tricesimum
3047 706 3268 755 sextum,
3293 704 3339 747 et
3360 697 3414 748 in

263 792 574 844 tricesimum
612 796 900 858 septimum,
932 805 978 847 et
1004 795 1316 847 tricesimum
1353 802 1588 846 octavum
1633 789 1887 856 psalmum
1923 785 2243 850 scripsimus,
2281 785 2588 851 simpliciter
2638 796 2691 835 ut
2754 785 3040 837 invenimus
3069 781 3201 854 (78),
3234 792 3282 836 el
3312 799 3416 836 non

261 879 420 930 multo
447 896 564 931 cum
608 880 780 934 labore
815 883 1190 936 transtulimus.
1221 869 1465 945 Quamvis
1491 895 1610 947 ergo
1636 887 1683 930 et
1719 879 1772 929 in
1808 874 2008 927 ctcteris
2040 888 2154 942 qua:
2183 889 2341 940 supra
2374 874 2602 926 diximus
2630 873 2925 926 laboratum
2948 875 3091 927 nobis
3117 875 3181 926 sit
3209 875 3264 927 in
3295 875 3424 940 sup-‘

257 968 458 1034 plendis
489 969 571 1019 his
611 983 726 1035 qua:
773 970 1032 1034 omiserat,
1063 971 1116 1022 in
1159 969 1252 1020 hoc
1293 978 1458 1020 tamen
1490 981 1640 1032 opere
1693 961 1939 1025 Epistolte
1973 962 2041 1013 ad
2075 960 2334 1013 Romanos
2383 976 2475 1024 pro
2503 963 2584 1014 his
2619 964 2790 1015 causis
2832 979 2960 1032 quas
2992 964 3045 1014 in
3091 962 3414 1031 Prtefatione

257 1059 754 1124 comprehendimus,
782 1062 1058 1114 immensus
1085 1063 1226 1113 nobis
1258 1069 1307 1112 et
1343 1055 1716 1112 inextricabilis
1750 1054 1859 1124 (79)
1895 1053 2124 1106 incubuit
2162 1052 2330 1104 labor.
2365 1051 2467 1106 Sed
2500 1052 2769 1105 delectavit
2805 1053 3084 1116 indulsisse
3121 1053 3414 1117 laboribus;

251 1151 298 1200 si
329 1151 480 1200 modo
515 1167 637 1216 non,
667 1161 722 1204 ut
752 1153 804 1204 in
831 1154 947 1206 aliis
975 1155 1168 1220 experti
1198 1167 1401 1213 sumus,
1438 1148 1703 1202 malevola:
1739 1156 1929 1200 mentes
1960 1145 2149 1214 uigiliis
2179 1145 2365 1198 nostris
2392 1146 2728 1199 contumelias
2759 1147 2997 1211 reddant,
3029 1146 3074 1199 si
3101 1163 3202 1200 non
3233 1147 3414 1200 studia

253 1242 730 1304 obtrectationibus,
762 1251 812 1295 et
850 1244 1048 1297 labores
1088 1252 1476 1296 remunerentur
1512 1239 1738 1291 insidiis.
1769 1235 1976 1290 Nouum
2009 1237 2196 1304 quippe
2232 1239 2368 1304 apud
2401 1237 2501 1289 'eos
2548 1235 2714 1305 culpae
2756 1253 2914 1305 genus
2949 1239 3203 1292 subimus.
3251 1239 3412 1290 Aiunt

250 1329 384 1378 enim
438 1329 605 1382 mihi:
632 1329 697 1383 In
744 1333 824 1384 his
863 1348 978 1399 qua:
1017 1333 1218 1394 scribis,
1262 1334 1504 1400 quoniam
1551 1331 1776 1398 plurima
1818 1328 1871 1379 in
1909 1329 1981 1379 eis
2009 1329 2086 1379 tui
2129 1327 2296 1394 operis
2345 1327 2622 1388 habentur,
2651 1329 2719 1378 da
2744 1327 2954 1380 titulum
2982 1329 3204 1381 nominis
3235 1328 3333 1393 tui,
3359 1340 3412 1380 et

250 1416 415 1467 scribe
448 1433 465 1468 :
489 1417 662 1484 Ruﬁni
696 1419 828 1488 (80),
861 1422 995 1474 verbi
1024 1423 1215 1487 gratia,
1260 1422 1312 1473 in
1349 1421 1634 1488 Epistolum
1678 1418 1745 1470 ad
1779 1415 2040 1470 Romanos
2079 1417 2520 1484 Explanationum
2557 1417 2696 1482 libri,
2727 1417 2860 1470 sicut
2889 1427 2936 1470 et
2980 1419 3121 1485 apud
3151 1428 3410 1482 auctores,

247 1506 514 1572 inquiunt,
552 1511 823 1564 suculares
857 1527 957 1563 non
978 1513 1120 1565 illius
1144 1501 1230 1580 qui
1250 1527 1314 1565 ea:
1346 1510 1526 1564 (ἐπεσο
1555 1509 1837 1563 translatus
1867 1517 1962 1573 est,
1990 1510 2080 1561 sed
2105 1509 2246 1561 illius
2280 1511 2367 1577 qui
2407 1509 2671 1562 transtulit
2694 1524 2876 1561 nomen
2906 1509 3089 1562 titulus
3119 1519 3271 1562 tenet.
3297 1508 3411 1564 Hoc

244 1609 421 1650 autem
449 1610 608 1652 totum
637 1602 762 1654 mihi
795 1603 988 1654 donant
1018 1619 1119 1654 non
1148 1618 1325 1655 amore
1372 1603 1493 1665 mei,
1525 1603 1614 1654 sed
1668 1601 1785 1652 odio
1838 1600 2062 1651 auctoris
2089 1598 2217 1668 (81).
2265 1598 2448 1651 Verum
2477 1616 2570 1667 ego
2618 1601 2705 1667 qui
2735 1598 2852 1666 plus
2901 1600 3230 1653 conscientia:
3261 1615 3408 1665 metr,

243 1703 402 1755 quam
450 1691 644 1742 nomini
688 1691 862 1758 defero
903 1692 1056 1744 etiam
1092 1693 1137 1744 si
1173 1692 1361 1744 addere
1406 1691 1580 1760 aliqua
1610 1691 1785 1743 uideor
1817 1698 1861 1741 et
1903 1686 2106 1753 explere
2139 1704 2256 1757 qua:
2301 1689 2508 1755 desunt,
2545 1696 2636 1741 aut
2667 1688 2895 1742 breviare
2926 1705 3041 1759 qua:
3082 1689 3236 1758 longa
3265 1699 3408 1754 sunt,

241 1775 419 1840 furari
445 1786 615 1829 tamen
645 1779 852 1831 titulum
887 1781 1001 1849 ejus
1034 1779 1121 1848 qui
1161 1779 1504 1847 fundamenta
1545 1780 1712 1846 operis
1739 1778 1891 1846 jecit,
1927 1787 1973 1830 et
2018 1779 2348 1829 construendi
2386 1778 2596 1845 wdiﬁcii
2627 1779 2898 1831 materiam
2938 1779 3183 1847 praebuit,
3215 1788 3410 1833 rectum

242 1883 346 1919 non
371 1882 520 1934 puto.
541 1869 620 1924 Sit
641 1887 766 1924 sane
787 1873 840 1924 in
861 1875 1078 1925 arbitrio
1104 1873 1316 1942 legentis
1343 1888 1457 1924 cum
1482 1887 1608 1940 opus
1631 1871 1935 1938 probaverit,
1957 1870 2123 1936 aperis
2146 1870 2381 1923 meritum
2403 1870 2485 1922 cui
2508 1869 2629 1922 uelit
2654 1869 2929 1924 ascribere.
2949 1869 3115 1924 Nobis
3141 1871 3276 1924 enim
3295 1869 3410 1939 (82)

238 1957 568 2022 propositum
602 1968 673 2011 est
710 1975 812 2012 non
846 1961 1084 2024 plausum
1119 1962 1413 2030 legentium,
1444 1962 1530 2013 sed
1565 1960 1790 2028 fructum
1837 1960 2217 2027 proﬁcientium
2256 1974 2502 2028 qurerere.
2535 1958 2658 2012 Post
2679 1959 2774 2012 hoc
2806 1975 2931 2012 sane
2968 1969 3112 2013 vocat
3147 1976 3239 2013 nos
3279 1974 3410 2025 apus

236 2046 380 2112 quod
414 2047 539 2098 olim
567 2049 770 2116 quidem
803 2051 1087 2117 injunctum
1121 2061 1228 2112 est,
1261 2055 1346 2104 sed
1375 2067 1510 2103 nunc
1538 2067 1569 2102 a
1608 2051 1751 2103 beato
1779 2047 2068 2102 Gaudentio
2105 2051 2336 2115 episcopo
2373 2048 2717 2102 uehementius
2761 2059 3087 2115 perurgetur,
3129 2047 3408 2103 Clementis

233 2134 443 2188 scilicet
492 2135 716 2190 Romani
752 2140 976 2208 episcopi
1027 2139 1377 2207 apostolorum
1442 2141 1642 2194 comitis
1669 2156 1730 2191 ac
1761 2141 2068 2192 successoris
2106 2141 2168 2194 de
2198 2140 2558 2210 Recognitione
2587 2141 2704 2193 libri
2735 2151 2788 2192 ut
2827 2143 2879 2193 in
2906 2141 3148 2196 Latinum
3197 2155 3407 2198 uertan-

232 2233 325 2279 tur
354 2227 494 2296 (83).
525 2226 593 2280 In
621 2243 719 2294 quo
758 2244 904 2295 opere
934 2230 1055 2282 bene
1085 2231 1201 2284 novi
1231 2232 1367 2299 quod
1396 2231 1622 2283 laborem
1652 2228 1798 2281 labor
1830 2228 2158 2296 multiplicat,
2182 2231 2226 2282 si
2259 2244 2444 2283 sortem
2488 2232 2734 2298 suscipiat
2757 2230 2889 2301 (84).
2916 2231 3254 2299 Satisfaciam
3278 2250 3406 2286 sane

230 2318 289 2371 in
321 2333 384 2370 eo
415 2320 596 2371 amicis
629 2320 751 2372 meis
780 2335 799 2373 :
828 2320 958 2372 dabo
996 2321 1146 2373 titulo
1179 2338 1362 2374 nomen
1400 2337 1588 2383 meum,
1635 2320 1862 2372 auctoris
1921 2319 2252 2372 nihilominus
2279 2320 2519 2373 uocabulo
2541 2330 2887 2388 permanente.
2915 2319 3056 2372 Nam
3077 2319 3252 2388 Ruﬁni
3281 2320 3404 2374 Cie-

230 2423 382 2460 mens
413 2409 666 2480 scribetur
689 2408 820 2478 (85).
855 2408 1004 2473 Quod
1031 2413 1074 2463 si
1104 2425 1183 2462 me
1221 2409 1473 2462 Dominus
1518 2407 1728 2474 implere
1774 2405 2084 2473 permiserit,
2113 2406 2286 2459 redibo
2311 2422 2495 2458 rursus
2526 2415 2574 2458 et
2603 2407 2671 2458 ad
2703 2418 2793 2457 tua
2832 2406 3110 2471 desideria,
3141 2418 3196 2458 ut
3236 2406 3312 2460 uel
3351 2407 3409 2460 in

247 2498 633 2560 Numerorum,
662 2499 736 2551 uel
763 2501 817 2551 in
846 2498 1230 2552 Deuteronomii
1253 2500 1435 2562 libros,
1470 2497 1575 2550 Deo
1603 2497 1945 2566 permittente,
1970 2496 2146 2563 aliqua
2178 2497 2408 2548 dicamus
2433 2496 2547 2565 (hoc
2593 2497 2728 2549 enim
2759 2493 2928 2547 solum
2971 2495 3114 2548 nobis
3155 2495 3220 2548 de
3244 2493 3411 2562 Epta-

228 2594 425 2645 teucho
454 2590 612 2660 deest)
636 2591 711 2644 vel
737 2591 800 2644 de
827 2591 1034 2660 reliquis
1065 2591 1284 2659 apostoli
1317 2589 1469 2644 Pauli
1495 2587 1745 2658 Epistolis
1770 2605 1884 2658 qute
1905 2604 2196 2658 possumus,
2219 2587 2438 2642 Domino
2468 2587 2737 2657 dirigente,
2758 2587 3008 2640 dictemus
3034 2583 3165 2654 (86).

777 2904 896 2982 (87)
930 2905 1038 2965 EX
1069 2905 1322 2965 LlBBlS
1350 2902 1716 2964 ORIGENIS
1747 2903 1826 2963 1N
1859 2902 2309 2964 EPISTOLAM
2334 2904 2442 2966 AD
2470 2903 2836 2964 GALATAS
3405 2921 3443 2942 κ

1797 3236 1842 3290 Α
1869 3247 2027 3300 neque
2067 3249 2157 3300 per
2193 3232 2469 3286 hominem.
2516 3231 2573 3285 Si
2615 3231 2758 3285 enim
2791 3231 2953 3286 homo
2995 3229 3096 3283 fuit
3122 3227 3312 3299 Jesus,
3355 3242 3410 3290 et

1869 3335 1963 3388 per
2005 3321 2177 3390 ipsum
2219 3330 2522 3390 assumptus
2569 3331 2652 3375 est
2690 3322 2742 3374 in
2791 3320 3141 3391 apostolatum
3183 3322 3406 3393 Paulus,

1867 3410 2051 3478 utique
2081 3425 2175 3478 per
2193 3411 2462 3464 hominem
2485 3410 2656 3464 lactus
2681 3419 2798 3464 erat
2818 3410 3108 3480 apostolus.
3143 3410 3199 3467 Si
3223 3425 3403 3472 autem

679 3221 764 3277 Ea:
803 3223 952 3276 initio
991 3222 1112 3278 libri
1151 3227 1328 3292 primi.

287 3311 470 3382 690
508 3311 585 3366 Ex
624 3327 688 3367 eo
719 3313 858 3382 quod
887 3313 1332 3383 dixitApostolus
1366 3336 1380 3372 :
1417 3316 1617 3372 Paulus
1646 3335 1771 3388 apo-

211 3405 401 3458 stolus
434 3419 536 3456 non
565 3405 627 3456 ab
657 3405 982 3468 hominibus,
1017 3421 1181 3475 neque
1220 3425 1311 3475 per
1349 3410 1604 3464 hominem
1631 3450 1647 3474 ,
1681 3411 1771 3465 sed

210 3512 314 3566 per
377 3493 560 3547 Jesum
609 3493 871 3547 Christum
907 3496 976 3560 ’⁷,
1017 3485 1295 3552 manifeste
1347 3497 1508 3552 datur
1555 3501 1770 3571 intelligi

216 3586 356 3654 quia
391 3598 497 3638 non
526 3591 641 3637 erat
675 3584 832 3638 homo
854 3584 1099 3642 Christus
1125 3585 1298 3655 Jesus,
1335 3589 1427 3643 sed
1449 3598 1566 3643 erat
1590 3590 1769 3646 divina

215 3685 444 3728 natura.
493 3670 605 3726 Non
640 3673 782 3726 enim
824 3675 867 3728 si
900 3676 1059 3731 homo
1105 3686 1278 3741 esset,
1311 3677 1538 3732 dixisset
1574 3677 1770 3734 Paulus

219 3763 338 3817 hoc
374 3762 514 3829 quod
546 3761 620 3814 ait
650 3781 662 3815 :
693 3759 896 3817 Paulus
931 3765 1193 3834 apostolus
1223 3782 1324 3820 non
1351 3769 1416 3821 ab
1456 3768 1769 3834 hominibus,

290 3854 342 3887 ³⁷
371 3852 548 3907 Gulut.
578 3869 617 3916 l,
651 3853 702 3907 1.

293 3945 412 4084 (75)
440 3945 565 3998 Mss.
590 3946 715 4010 duo,
744 3948 820 4000 vel
846 3949 1204 4016 oratiunculis,
1232 3958 1335 4006 etc.
1662 4009 1669 4019 ,

319 4016 412 4084 76)
448 4015 576 4068 Mss.
624 4017 728 4070 duo
767 4018 1020 4072 omittunt
1044 4020 1284 4084 quidem;
1322 4030 1376 4075 et
1409 4019 1606 4076 habent
1635 4035 1665 4076 c

293 4015 412 4085 (76)
448 4015 576 4068 Mss.
624 4017 728 4070 duo
767 4018 1020 4072 omittunt
1044 4015 1284 4089 quidem;
1322 4030 1376 4075 et
1409 4019 1606 4076 habent
1635 4015 1757 4076 cum

209 4083 408 4148 editis,
443 4085 656 4136 dictata.

287 4150 413 4272 ((77)
444 4151 678 4231 Librum.
704 4150 987 4232 .Qtnittitur
1013 4156 1064 4210 in
1103 4157 1351 4214 omnibus
1379 4173 1507 4213 mss.
1538 4158 1756 4222 nostris,

355 4229 530 4272 exstat
555 4236 604 4271 tu
634 4221 806 4272 editis.

209 4220 322 4274 sed
355 4220 530 4274 exstat
554 4221 604 4271 in
634 4220 806 4272 editis.

1864 3515 1958 3568 per
2000 3501 2267 3554 hominem
2323 3511 2438 3555 erat
2481 3501 2782 3568 apostolus,
2832 3516 3102 3570 nunquam
3155 3504 3401 3572 dixisset,

1864 3590 1988 3657 quia
2015 3601 2174 3658 neque
2202 3605 2293 3658 per
2322 3590 2578 3643 hominem
2604 3606 2626 3645 :
2656 3591 2745 3645 sed
2785 3592 3064 3646 manifeste
3090 3606 3305 3661 separat
3335 3596 3402 3651 ab

1865 3681 2094 3734 humana
2127 3689 2316 3734 natura
2343 3679 2522 3734 Jesum
2551 3681 2748 3736 Paulus
2784 3696 2877 3751 per
2903 3682 3020 3736 haec
3056 3684 3238 3740 verba.
3283 3685 3398 3741 Non

1861 3772 2004 3824 enim
2049 3769 2248 3824 sulticit
2269 3769 2320 3824 ei
2359 3771 2562 3825 dixisse
2595 3787 2612 3822 :
2649 3787 2807 3840 neque
2837 3786 2926 3840 per
2957 3771 3260 3838 hominem;
3302 3777 3398 3832 sed

1862 3953 2240 4026 Recognitione.
2264 3954 2696 4026 Recognitionum
2722 3957 2840 4011 libri
2863 3958 3156 4013 etiamnum
3178 3969 3394 4021 exstant

1862 4024 2388 4103 ex_ittterpretati0ue
2413 4024 2618 4091 Ruﬁni;
2645 4027 2738 4081 sed
2757 4027 3009 4082 Clementi
3033 4027 3274 4086 Romano
3298 4033 3392 4087 ab-

1856 4091 2182 4157 iudicantur.

1928 4158 2037 4232 (84)
2057 4158 2166 4232 bis.
2194 4159 2391 4229 Regius
2432 4177 2575 4215 num.
2609 4160 2776 4228 i639,
2804 4163 2940 4232 quod
2987 4163 3212 4217 laborem
3241 4166 3390 4220 labar

1860 4227 2207 4302 multiplicata
2231 4227 2368 4283 sorte
2391 4233 2652 4302 suscipiet.
2691 4233 2797 4285 Sed
2815 4227 2998 4286 caeteri
3027 4248 3154 4287 mss.
3177 4244 3233 4289 et
3258 4237 3388 4290 editi

297 4289 413 4357 (78)
449 4288 585 4341 Editi
611 4325 626 4350 ,
664 4288 964 4355 simpliciter
986 4295 1323 4355 expressimus
1361 4303 1420 4348 ut
1454 4295 1754 4350 invenimus.
1785 4300 1828 4356 Β
1860 4304 1918 4349 ιιι
1943 4297 1993 4346 in
2013 4288 2189 4350 textu.

211 4356 336 4412 Sed
364 4356 702 4426 omnesmss.
730 4357 979 4411 omittunt
1004 4365 1366 4426 expressimus.

313 4426 404 4500 7‘9)
431 4423 567 4500 Etliti
592 4463 607 4486 ,
631 4423 1026 4480 ina’stimabilis.
1051 4423 1247 4500 Deinde
1267 4447 1363 4485 ms.
1388 4432 1581 4500 Regius
1606 4449 1752 4487 num.

207 4493 388 4551 1659.
419 4504 464 4545 et
495 4493 721 4544 laborem
746 4506 1066 4548 remunerent
1095 4497 1320 4552 insidiis.

298 4563 412 4629 (80)
440 4559 531 4630 Sic
573 4573 760 4614 omnes
796 4575 921 4614 mss.
959 4564 1089 4617 Etliti
1127 4579 1271 4630 vero,
1304 4576 1350 4618 et
1383 4569 1545 4620 scribe
1577 4568 1759 4622 Hiero-

207 4632 393 4702 nymi.
432 4629 630 4682 Deinde
659 4642 843 4683 omnes
885 4645 1013 4686 mss.
1045 4629 1270 4696 habent,
1320 4638 1374 4688 in
1408 4634 1642 4702 Epistola
1688 4640 1756 4692 ad

142 4707 156 4716 '
208 4698 513 4758 Romanos,
540 4706 643 4751 etc.

300 4766 411 4834 (8i)
449 4764 545 4835 his.
571 4779 711 4835 imus
747 4764 944 4834 habet,
973 4769 1331 4831 auctoritatis;
1360 4771 1514 4835 alter,
1544 4775 1753 4827 actoris.

297 4832 411 4904 (82)
447 4833 543 4904 bis.
570 4832 763 4900 Regius
788 4832 936 4887 num.
962 4835 1116 4896 1659,
1146 4835 1307 4904 lYobis
1336 4832 1527 4903 autem,
1556 4851 1658 4894 etc.

298 4902 412 4972 (83)
445 4903 534 4955 Sic
590 4911 731 4955 recte
760 4918 888 4973 _ms.
914 4935 915 4938 η
944 4905 1111 4957 codex
1158 4902 1356 4973 Regius
1399 4902 1543 4961 num.
1598 4910 1752 4967 1659.

205 4972 367 5025 Editi
394 4970 546 5029 uero.
572 4970 917 5047 apostolorum
945 4974 1167 5047 comitis,
1204 4970 1430 5047 quorum
1454 4976 1571 5045 (:il.,
1596 4984 1753 5047 quod)

202 5050 275 5108 stt
318 5038 698 5092 successoribus
732 5039 914 5108 darent
948 5038 1279 5108 cognitionem
1314 5043 1431 5095 libri
1462 5038 1502 5096 ἀ
1533 5038 1675 5100 nobis
1702 5038 1755 5101 in

203 5107 478 5178 Latinum
534 5115 826 5178 ⁸υενηιιιιιιι·⁹
863 5107 1053 5178 ACotlex
1106 5123 1205 5161 ms.
1244 5110 1636 5178 iEbroicensis,
1701 5126 1756 5170 et

202 5190 366 5229 unus
415 5173 613 5240 Regius
661 5188 806 5226 nutn.
853 5175 1019 5240 1660,
1056 5177 1401 5241 apostolorum
1458 5173 1656 5235 comitis
1707 5196 1754 5237 et

199 5243 342 5366 Si)!"
389 5242 469 5312 ut)
497 5255 844 5293 successorum
863 5282 878 5306 ,
908 5244 1030 5296 dare
1057 5247 1394 5311 cognitionem
1422 5246 1540 5299 libri
1565 5288 1580 5314 ,
1613 5260 1668 5302 ut
1698 5255 1752 5306 in

263 5313 477 5364 atinum
507 5318 786 5364 uertuntur.
817 5310 913 5364 Ms.
945 5311 1137 5366 Regius
1172 5328 1316 5364 num.
1346 5315 1472 5366 1641
1501 5354 1516 5366 .
1547 5330 1752 5366 anasto-

263 5310 477 5364 atinum
507 5318 786 5384 uertuntur.
817 5310 913 5364 Ms.
945 5310 1137 5384 Regius
1172 5328 1316 5364 num.
1346 5315 1472 5367 l6“
1501 5354 1516 5378 ,
1547 5310 1755 5384 aposto-

199 5381 393 5432 lorum
411 5376 635 5448 _coi_nitis
673 5385 720 5428 et
757 5376 1062 5448 successoris
1099 5382 1224 5431 dare
1262 5376 1595 5448 cognitionem
1629 5386 1753 5440 libri

201 5456 275 5499 stt
315 5449 369 5499 in
399 5444 646 5498 Latinum
692 5456 941 5500 uertatur.
986 5447 1083 5502 Ms.
1115 5448 1276 5501 codex
1309 5444 1651 5506 Vallis-clarae
1698 5463 1754 5506 ut

198 5515 274 5572 in
303 5523 471 5578 textu,
501 5511 599 5565 nisi
623 5514 762 5581 quod
787 5516 981 5572 haheat
1016 5518 1142 5570 dare
1174 5516 1518 5592 intentionem,
1559 5537 1657 5590 pro
1686 5525 1750 5577 de

1928 4363 2037 4438 (85)
2047 4364 2147 4438 _Si_c
2164 4379 2262 4438 nis.
2281 4365 2817 4438 codexVallis-clarte
2837 4377 2890 4422 et
2911 4382 3010 4430 ms,
3028 4369 3223 4438 Regius
3240 4387 3389 4427 num.

1859 4431 2015 4487 1659.
2043 4432 2177 4506 Editi
2206 4448 2361 4506 vero“,
2400 4434 2539 4506 Nam
2569 4435 2882 4506 Hieronymi
2898 4453 2961 4506 ne
2993 4431 3199 4503 putetur
3219 4481 3233 4503 ,
3267 4441 3390 4494 Cle-

1855 4516 1994 4553 mens
2019 4502 2288 4572 scribetur.
2315 4504 2499 4555 Czeteri
2527 4517 2652 4557 vero
2676 4502 2834 4568 tussi,
2857 4502 2999 4558 Nam
3023 4502 3262 4572 putamus
3281 4509 3391 4562 Cle-

1856 4583 2006 4643 mens
2052 4570 2556 4643 scribetur._Dein_i_le
2598 4573 2760 4643 editi,
2815 4583 2870 4626 et.
2924 4570 3050 4643 mss.
3101 4575 3388 4643 plerique:

1857 4635 2006 4707 Quod
2031 4637 2075 4688 si
2103 4639 2210 4690 hwc
2253 4639 2376 4690 mihi
2411 4638 2578 4707 (editi,
2621 4640 2769 4704 Quod
2803 4643 2850 4693 si
2877 4643 2976 4703 me)
3001 4635 3270 4694 Dominus'
3291 4645 3392 4694 im-

1854 4705 1992 4768 plere
2028 4707 2330 4771 permiserit,
2369 4705 2645 4758 retltbiinus
2685 4711 2752 4759 ad
2798 4710 2950 4770 illos,
2997 4718 3042 4760 et
3078 4710 3144 4758 ad
3173 4718 3266 4760 tua
3300 4712 3395 4761 de-

1853 4773 2064 4832 sideria,
2102 4783 2156 4824 ut
2192 4775 2243 4826 in
2285 4773 2650 4836 Numerorum,
2689 4784 2736 4826 et
2782 4777 2854 4837 in,
2900 4788 3003 4826 etc.
3041 4774 3146 4826 Sed
3185 4779 3397 4830 rectius

1853 4855 1954 4892 ins.
1992 4839 2186 4905 Regius
2225 4858 2370 4895 num.
2400 4842 2531 4896 1659
2564 4852 2620 4893 ιιι
2649 4843 2698 4893 iu
2729 4854 2911 4894 u0stro
2938 4851 3104 4894 textu.

1925 4907 2030 4977 (86)
2067 4909 2154 4962 Sic
2201 4925 2300 4962 ins.
2347 4911 2542 4977 Regius
2585 4924 2730 4977 num.
2778 4909 3125 4963 1639.'Etliti
3175 4914 3408 4970 autem,

1853 4975 1947 5028 hoc
1979 4975 2110 5029 enim
2147 4979 2310 5028 solum
2339 4975 2474 5029 vobis
2503 4980 2567 5027 de
2589 4975 2942 5027 Pentateucho
2981 4977 3055 5028 uel
3081 4977 3144 5028 de
3169 4977 3414 5042 reliquis

1855 5046 2070 5109 apostoli
2100 5042 2255 5116 Pauli
2285 5044 2536 5116 Epistolis
2565 5059 2680 5110 qua:
2707 5059 2983 5116 possumus
3019 5043 3242 5116 Domino
3281 5055 3425 5116 νείρ-

1854 5107 2046 5182 tegente
2077 5107 2539 5182 debetitus._(.‘.ieteri
2576 5107 2734 5182 inss.,
2770 5113 2866 5182 hoc
2894 5111 3030 5182 enim
3054 5114 3219 5182 solum
3250 5107 3442 5182 stabis

1851 5169 2285 5245 dé'lleptateuclto
2321 5180 2496 5240 deest,
2528 5177 2602 5230 uel
2629 5180 2691 5229 de
2721 5169 2952 5244 reliquis
2984 5180 3204 5246 apostoli
3237 5169 3451 5246 Ptin“

1853 5238 2097 5314 Epistolis
2132 5262 2245 5313 qua:
2277 5238 2547 5314 possumus
2581 5246 2672 5314 (al.
2692 5284 2708 5311 ,
2745 5238 2861 5313 qua}
2889 5247 2934 5298 si
2960 5238 3262 5314 possumus)
3311 5238 3461 5292 DO-

1852 5318 1992 5368 mino
2019 5316 2267 5382 dirigente
2291 5317 2628 5366 dictabimus.
2709 5379 2724 5382 _
3282 5374 3301 5382 _
3420 5366 3438 5378 ,

1921 5384 2030 5454 (37)
2057 5374 2506 5454 pe'sumptasunt
2544 5381 2663 5454 hinc
2702 5379 3013 5449 fragmenta
3051 5398 3119 5442 ex
3141 5374 3490 5454 Apologia

1851 5448 2130 5522 Paiupliilii
2160 5450 2408 5518 martyris
2433 5461 2526 5517 pro
2562 5448 2808 5518 Origene.
