3910 6284
251 292 387 363 “91
1126 300 1191 355 IN
1225 299 1603 355 EPISTULA!“
1635 300 1655 355 Ι
1692 302 1781 356 AD
1808 301 2033 357 THESS.

1864 300 2507 359 HESSALONICENSES.
3241 300 3378 358 1298

247 414 459 473 homine
480 416 813 470 suscitatura
840 424 1044 469 somno.
1075 413 1195 470 lisse
1215 415 1357 469 enim
1379 416 1502 470 licet
1530 416 1758 470 habeant
1783 424 1829 479 Α
1857 426 2031 471 tamen
2079 427 2280 473 certum
2323 426 2405 473 est
2449 416 2608 471 etiam
2650 425 2775 470 tunc
2821 423 2966 488 gesta
2995 427 3110 470 esse
3136 429 3254 485 qua:
3286 429 3384 486 per

242 505 527 573 spiritalem
555 506 897 567 intellectum,
925 514 1096 559 tamen
1132 513 1378 559 manente
1404 505 1555 571 prius
1584 505 1758 558 histo-
1846 506 2127 573 historiam
2160 505 2480 561 referuntur.
2538 501 2629 560 Sic
2664 518 2791 575 ergo
2835 517 3021 559 sanum
3059 510 3141 558 est
3168 514 3381 558 sensum

243 599 332 650 ria:
359 595 603 659 veritate,
633 595 794 647 etiam
824 594 1076 662 spiritalis
1094 594 1425 673 recipiendus
1443 605 1525 650 est
1549 610 1758 650 sensus.
1854 598 2144 665 Scriptura:
2173 598 2426 666 recipere,
2479 612 2577 652 nec
2624 605 2834 666 oportet
2888 593 3146 649 inclinare
3200 608 3382 650 aurem

242 688 382 741 Licet
410 686 551 738 enim
582 700 751 740 crecos
782 701 993 755 semper
1036 695 1190 740 curet
1225 689 1511 741 secundum
1545 689 1762 756 spirita-
1855 689 1939 742 his
1965 689 2055 757 qui
2089 689 2272 743 dicunt
2301 704 2394 759 per
2432 688 2669 754 Mariam,
2714 697 2768 741 et
2801 700 2904 741 non
2953 700 3021 740 ex
3074 684 3237 738 Maria
3263 699 3383 737 eum

241 776 341 828 lem
373 775 798 843 intelligentiam,
839 790 957 829 cum
987 775 1283 844 ignorantia
1311 784 1602 830 excaecatas
1639 770 1762 830 iﬂu-
1856 785 2074 839 natum;
2126 776 2264 843 quod
2304 760 2588 845 Apostolus
2640 775 2927 844 praesciens
2975 775 3047 828 ita
3095 772 3333 842 praedixit
3366 787 3380 824 :

241 864 408 918 minet
439 873 682 928 mentes;
720 874 892 917 tamen
938 872 992 917 et
1021 864 1372 932 corporaliter
1396 875 1523 918 tunc
1562 879 1761 919 eiscum
1863 862 1988 917 Cum
2035 873 2206 917 autent
2239 868 2367 917 venit
2404 864 2669 932 plenitudo
2717 873 3022 932 temporum,
3073 863 3207 915 misit
3248 859 3387 915 Deus

239 952 468 1006 sanavit.
509 952 573 1004 Et
615 964 851 1007 mortuos
898 967 1110 1021 semper
1136 952 1388 1014 suscitat;
1432 952 1552 1006 fecit
1591 963 1764 1006 tamen
1870 951 2062 1005 Filium
2104 969 2253 1005 suum
2291 953 2484 1018 factum
2524 968 2586 1005 ex
2616 950 2845 1019 mu'liere,
2892 952 3088 1021 factum
3119 951 3213 1004 sub
3249 949 3379 1019 lege,

240 1051 292 1095 et
320 1052 445 1095 tunc
470 1042 830 1109 hujuscemodi
855 1043 1137 1107 mirabilia,
1167 1043 1307 1096 sicut
1332 1043 1490 1095 tiliam
1512 1043 1766 1111 principis
1865 1054 1920 1097 ut
1958 1059 2043 1096 eos
2088 1043 2174 1111 qui
2197 1044 2290 1094 sub
2319 1041 2429 1110 lege
2468 1050 2617 1094 erant
2656 1044 2928 1097 redimeret
2971 1041 3039 1096 “.
3072 1041 3233 1097 Vides
3264 1040 3386 1110 quia

242 1131 548 1200 Syuagogre,
592 1141 647 1188 et
695 1132 859 1186 lilium
913 1134 1080 1186 vidua:
1112 1158 1150 1196 ,-
1188 1140 1241 1187 et
1291 1131 1547 1187 Lazarum
1593 1133 1764 1188 susci-
1866 1146 1972 1187 non
2000 1133 2153 1196 dixit,
2203 1130 2398 1185 factum
2445 1144 2541 1199 per
2579 1131 2877 1195 mulierem,
2933 1131 3045 1199 sed,
3081 1130 3278 1199 factum
3318 1143 3382 1184 es

242 1224 397 1275 tando
423 1222 490 1275 “.
526 1224 589 1276 Et
613 1225 853 1291 quamvis
880 1238 1091 1292 semper
1111 1238 1232 1277 cum
1259 1224 1525 1277 excitatur
1548 1238 1578 1276 a
1603 1224 1765 1279 disci-
1864 1221 2090 1275 muliere.

231 1311 373 1375 polis
406 1322 708 1380 compescat
741 1313 992 1367 Ecclesiae
1036 1314 1293 1375 turbines,
1337 1312 1420 1367 vel
1482 1311 1761 1382 procellas,

254 1445 296 1455 —

628 1580 738 1639 EX
774 1578 1008 1638 LIBRO
1037 1577 1328 1639 TERTIO
1358 1577 1728 1639 ORIGENIS
1760 1577 1836 1637 IN
1859 1576 2309 1639 EPISTOLAM
2335 1577 2440 1637 AD
2459 1573 2832 1637 EPHESIOS
2859 1574 2999 1655 (88).

236 1736 287 1792 In
318 1740 481 1794 illud:
518 1737 621 1806 Qui
645 1752 857 1793 uxorem
876 1755 1023 1793 suam
1060 1738 1252 1808 diligit,
1284 1740 1510 1808 seipsuat
1530 1734 1902 1808 diligit._Nemo
1922 1738 2056 1808 enim
2079 1752 2304 1808 unquam
2320 1751 2469 1790 suam
2502 1749 2707 1788 carnem
2727 1734 2855 1799 odit,
2885 1732 2973 1789 sed
2993 1735 3156 1789 nutrit
3179 1744 3226 1789 et
3259 1734 3391 1804 {oret

1302 1803 1437 1874 eam,
1460 1807 1588 1861 sicut
1619 1803 1663 1860 et
1683 1803 1915 1859 Christus
1932 1804 2214 1858 Ecclesium
2235 1804 2298 1858 “.

301 2111 556 2166 Dicamus
585 2113 726 2178 quod
754 2112 896 2165 illam
925 2127 1137 2165 carnem
1173 2127 1291 2180 qua:
1318 2114 1491 2166 visura
1525 2115 1594 2168 sit
1617 2114 1772 2169 Salu-
1804 2122 1843 2176 Β
1871 2118 2232 2186 corruptivum
2256 2117 2358 2173 hoc
2388 2114 2573 2169 induat
2600 2112 3047 2181 incorruptionem
3084 2113 3151 2181 “,
3191 2121 3245 2166 et
3283 2112 3396 2168 ala-

234 2212 350 2257 tare
391 2202 511 2265 Dei,
546 2203 722 2254 anima
751 2202 932 2271 diligat
970 2213 1023 2254 et
1070 2204 1289 2265 nutriat,
1336 2212 1392 2256 et
1442 2204 1620 2258 foveat
1648 2218 1763 2257 eam
1868 2218 1985 2257 rum
2015 2204 2229 2260 levitate
2259 2217 2592 2270 suspensum,
2624 2201 2675 2255 in
2701 2216 2878 2254 aerem
2904 2200 3116 2256 {acilius
3149 2199 3393 2255 subleve-

234 2291 536 2358 disciplinis
559 2290 828 2353 erudiens,
867 2301 921 2344 et
951 2290 1153 2344 caelesti
1197 2290 1447 2359 saginans
1488 2306 1663 2359 pane,
1712 2300 1768 2349 et
1871 2302 1979 2348 tur.
2032 2293 2329 2351 Faveamus
2371 2292 2531 2359 igitur
2578 2299 2633 2347 et
2672 2290 2771 2344 viri
2817 2302 3009 2345 uxores
3059 2299 3289 2353 nostras,
3339 2296 3395 2342 et

231 2380 440 2439 Christi
474 2380 731 2448 sanguine
755 2380 999 2449 irrigans,
1026 2387 1081 2432 ut
1111 2379 1306 2434 refecta
1327 2389 1381 2434 et
1406 2380 1570 2434 nitida
1602 2382 1768 2449 possit
1869 2380 2062 2435 anima:
2095 2391 2289 2436 nostra
2319 2394 2562 2447 corpora,
2615 2386 2674 2432 ut
2721 2386 2776 2432 et
2820 2391 3012 2433 uxores
3040 2377 3096 2434 in
3123 2377 3266 2431 viros
3288 2413 3306 2442 ,
3339 2384 3398 2430 et

232 2469 405 2523 libero
432 2482 590 2521 cursu
621 2467 787 2522 virum
829 2468 1001 2537 sequi,
1029 2479 1084 2524 et
1126 2470 1269 2525 nullo
1302 2455 1592 2525 debilitatis
1636 2487 1768 2541 pon-
1871 2484 2096 2539 corpora
2144 2472 2457 2540 redigantur
2499 2470 2555 2524 in
2596 2469 2824 2533 animas,
2861 2477 2916 2523 et
2958 2481 3293 2536 nequaquam
3326 2463 3398 2519 sit

234 2557 361 2611 dere
391 2557 733 2625 prmgravari.
782 2557 1007 2611 Pulchre
1053 2560 1212 2612 etiam
1256 2559 1316 2612 in
1364 2559 1764 2614 similitudinem
1868 2572 2090 2613 sexuum
2123 2558 2228 2613 ulla
2254 2557 2542 2612 diversitas
2568 2573 2583 2610 :
2612 2556 2703 2610 sed
2734 2554 2999 2623 quomodo
3023 2555 3161 2622 apud
3181 2550 3400 2620 angelos

233 2643 438 2698 Christi
463 2644 746 2698 nutrientis
769 2655 819 2697 et
858 2645 1087 2699 foventis
1118 2645 1438 2711 Ecclesiam,
1458 2654 1515 2699 et
1542 2646 1766 2703 dicentis
1868 2662 1973 2700 non
2007 2658 2090 2703 est
2116 2648 2197 2702 vir
2227 2658 2282 2703 et
2317 2646 2529 2710 mulier,
2556 2645 2629 2699 ita
2664 2655 2717 2699 et
2748 2658 2866 2709 nos,
2892 2644 2982 2713 qui
3006 2642 3211 2699 similes
3232 2655 3400 2710 ange-

232 2735 297 2785 ad
319 2733 625 2787 Jerusalem
665 2751 680 2788 :
711 2735 920 2799 Quoties
942 2736 1081 2789 volui
1110 2752 1419 2805 congregare
1451 2736 1586 2803 filios
1612 2747 1724 2790 tuos
1747 2776 1764 2800 ,
1867 2738 1932 2793 lis
1959 2737 2125 2791 futuri
2153 2752 2335 2791 sumus
2359 2736 2429 2801 ⁸⁵,
2461 2734 2571 2803 jam
2604 2750 2745 2789 nunc
2769 2734 3089 2801 incipiamus
3112 2744 3235 2787 esse
3259 2727 3401 2799 quod

235 2830 288 2871 ut
331 2820 532 2887 gallina
561 2832 834 2890 congregat
866 2824 1034 2892 pullos
1070 2840 1190 2878 suos
1230 2826 1322 2877 sub
1361 2824 1475 2877 alus
1520 2840 1643 2877 suas
1666 2864 1682 2887 ,
1717 2835 1765 2878 et
1872 2829 2022 2882 nobis
2043 2828 2095 2881 in
2124 2828 2431 2883 coelestibus
2458 2825 2836 2896 repromissum
2865 2836 2967 2880 est.

234 2909 455 2962 noluisti
482 2908 565 2963 “2
598 2912 786 2967 animae
813 2927 1021 2982 quoque
1053 2913 1235 2967 fovent
1280 2926 1502 2980 corpora
1540 2928 1671 2977 sua,
1714 2922 1772 2967 ut

526 3195 638 3255 EX
670 3195 900 3255 ΜΒΒο
936 3194 1227 3257 TERTIO
1255 3195 1629 3259 ORIGENIS
1660 3198 1739 3258 ΙΝ
1769 3197 2217 3262 EPISTOLAM
2245 3201 2353 3261 AD
2391 3200 2926 3264 COLOSSENSES
2958 3201 3108 3283 (89).

295 3485 470 3558 692
524 3485 649 3538 Data
690 3496 771 3541 est
814 3497 988 3541 autem
1022 3488 1106 3542 lex
1138 3488 1299 3558 Moysi
1339 3503 1434 3558 per
1460 3493 1675 3558 angelos
1716 3494 1765 3546 iu
1794 3505 1836 3562 ο
1869 3493 2140 3563 Christus,
2191 3498 2285 3553 sed
2343 3509 2469 3554 ante
2519 3501 2660 3556 hunc
2712 3501 3050 3559 manifestum
3114 3504 3171 3561 ln
3238 3521 3401 3566 carne

229 3593 401 3631 manu
423 3585 477 3629 et
500 3576 695 3630 virtute
722 3577 1026 3634 mediatoris
1048 3579 1244 3634 Christi
1270 3579 1338 3644 “,
1361 3581 1449 3648 qui
1476 3596 1594 3635 cum
1623 3592 1765 3637 esset
1869 3586 2149 3641 adventum
2208 3589 2474 3642 mediator
2523 3591 2737 3658 quidem
2785 3602 2904 3681 ιιι-ει
2944 3592 3259 3663 hominum,
3304 3599 3401 3653 sed

232 3667 288 3720 in
313 3666 578 3736 principio
619 3667 847 3721 Verbqu
894 3668 1026 3733 Dei,
1066 3680 1122 3723 et
1154 3671 1290 3739 apud
1326 3670 1489 3724 Deum
1518 3682 1678 3736 esset,
1712 3683 1767 3728 et
1870 3673 2099 3728 nondum
2124 3684 2237 3729 erat
2273 3676 2453 3730 homo.
2504 3676 2635 3732 Erat
2682 3666 2869 3737 tamen'
2892 3691 2946 3735 et
2987 3691 3112 3738 tunc
3145 3687 3402 3742 mediator

233 3754 382 3809 Deus
409 3762 552 3810 esset
583 3753 808 3809 Verbum
836 3755 903 3821 ",
935 3755 1076 3810 Patri
1111 3757 1163 3810 in
1204 3758 1452 3812 omnibus
1491 3759 1764 3812 ininistra-
1871 3762 1963 3817 Dei
1988 3774 2041 3818 et
2067 3765 2336 3818 hominum
2355 3784 2370 3833 ;
2389 3771 2526 3823 unde
2551 3779 2606 3823 et
2628 3770 2751 3824 data
2780 3769 2863 3824 lex
2892 3785 2987 3840 per
3011 3773 3259 3842 angelos,
3287 3779 3403 3832 sine

233 3845 336 3900 vit.
390 3843 584 3898 Omnia
621 3845 760 3899 enim
792 3861 885 3913 per
937 3848 1103 3916 ipsum
1152 3845 1293 3915 facta
1323 3855 1442 3900 sunt
1471 3847 1534 3911 “,
1588 3849 1638 3902 id
1689 3858 1772 3904 est
1874 3855 2042 3924 ipsius
2072 3855 2378 3913 Mediatoris
2410 3861 2657 3915 manibus
2706 3862 2828 3916 data
2877 3877 2995 3917 esse
3052 3879 3154 3919 non
3186 3866 3400 3936 dicitur,

232 3952 342 3988 non
372 3937 539 3991 solum
566 3944 842 4001 creaturae,
881 3938 975 3990 sed
1008 3945 1064 3990 et
1093 3936 1180 3990 lex
1203 3975 1220 4002 ,
1260 3945 1314 3991 et
1362 3938 1666 4005 prOphetae;
1714 3946 1768 3992 et
1871 3954 1926 3996 ut
1958 3954 2099 3999 esset
2119 3945 2418 4012 (exsatiata,
2440 3958 2488 4002 et
2515 3952 2816 4003 mandalttm
2832 3962 3087 4017 sanctum,
3110 3962 3160 4007 et
3174 3954 3403 4024 justum,

230 4025 354 4092 ipse
377 4033 460 4079 est
482 4026 732 4077 mediator
764 4024 854 4077 Dei
890 4035 939 4079 et
963 4028 1226 4079 hominum
1255 4026 1322 4080 η.
1358 4025 1506 4092 Quod
1535 4025 1766 4082 Verbum
1867 4039 1914 4083 et
1966 4034 2152 4084 bonum
2204 4031 2291 4097 ⁸⁹;
2357 4043 2411 4087 et
2458 4038 2634 4090 omnia
2688 4039 2799 4092 lucc
2851 4039 3316 4097 sanetilicarentur
3370 4057 3404 4099 ι

232 4113 289 4167 in
326 4114 432 4167 line
472 4113 686 4181 quidem
728 4113 1040 4169 saeculorum
1086 4116 1243 4170 homo
1283 4115 1456 4170 factus
1488 4126 1571 4170 est
1609 4115 1763 4171 Jesus
1867 4114 2097 4174 Christo.

250 4260 3365 4301 .__________________________________________

227 4402 349 4463 EX
370 4401 607 4464 ιωΒο
636 4399 929 4462 TERTIO
955 4402 1322 4466 ORIGENIS
1344 4416 1748 4467 EEHI‘HMATI
1760 4419 1895 4466 KnN
1914 4408 1990 4469 ΙΝ
2017 4411 2461 4475 EPISTOLAM
2484 4415 2591 4475 AD
2623 4416 2730 4477 ΤΗ
2741 4418 3402 4487 ESSALONICENSES

1572 4508 1875 4569 PntMAM
1905 4510 2084 4590 (89’).

1085 4650 1162 4705 De
1178 4667 1238 4706 eo
1263 4652 1400 4722 quod
1424 4669 1442 4703 ι
1467 4667 1639 4705 omnes
1654 4651 1859 4721 quidem
1884 4670 1984 4706 non
2004 4656 2313 4714 dormiemus
2330 4665 2435 4725 “,i
2463 4669 2568 4717 etc.

305 4960 444 5028 Quid
472 4969 555 5015 est
591 4974 719 5028 ergo
746 4963 885 5029 quod
922 4962 1163 5016 scribunt
1204 4960 1766 5021 Thessalonicensibus
1798 4979 1841 5033 ι)
1870 4968 1980 5024 Nos
2007 4973 2094 5041 qui
2114 4974 2349 5035 vivimus,
2389 4974 2477 5040 qui
2504 4972 2698 5026 residui
2726 4989 2931 5035 sumus,
2963 4977 3017 5026 in
3040 4978 3275 5029 adventu
3318 4975 3436 5028 Do-

1864 5061 1991 5114 mini
2022 5076 2125 5113 non
2155 5062 2519 5126 prwoeniemus
2563 5075 2648 5114 eos
2690 5063 2779 5130 qui
2826 5065 3148 5117 dormierunt
3168 5062 3271 5114 "2
3343 5062 3450 5124 Qui

320 5053 487 5109 verbo
516 5050 608 5104 Dei
638 5048 854 5115 Paulus,
885 5060 940 5105 et
974 5050 1253 5122 Sylvanus,
1302 5065 1358 5108 et
1404 5055 1757 5113 Timotheus:

302 5191 349 5224 "
379 5190 511 5244 Luc.
548 5203 660 5249 viii,
697 5187 796 5252 55;
827 5187 976 5243 .ioan.
1021 5207 1093 5254 xi,
1129 5190 1219 5245 44.
1288 5192 1331 5222 ⁸¹
1366 5191 1539 5247 Galat.
1579 5211 1652 5259 iv,
1702 5196 1755 5251 4.
1826 5200 1870 5230 δ’
1913 5199 2033 5267 Εριιι

305 5299 321 5319 .
358 5261 450 5312 55.
523 5257 568 5287 ⁸⁵
609 5257 793 5310 Matth.
832 5274 960 5319 xxii,
999 5260 1100 5315 50;
1139 5260 1404 5318 Marem.
1434 5263 1531 5319 25;
1570 5264 1699 5318 Luc.
1739 5282 1831 5319 xx.
1867 5269 1954 5319 55.
2029 5280 2033 5292 ⁴

1864 5202 1870 5230 ¹
1913 5199 2177 5267 Ephes.v,
2216 5198 2304 5261 ‘28,
2344 5197 2433 5253 29.
2506 5198 2554 5229 “
2583 5196 2769 5249 Matth.
2810 5213 2972 5259 χχιιι,
2997 5196 3084 5252 57.
3152 5198 3198 5231 ⁵⁸
3245 5193 3275 5249 Ι
3311 5189 3447 5259 Cet

1867 5269 1954 5319 55.
2029 5267 2074 5297 ⁴⁶
2118 5266 2293 5319 Galat.
2324 5282 2404 5319 ut.
2467 5264 2556 5319 i9.
2631 5266 2673 5296 "
2720 5264 2879 5318 Joan.
2927 5280 2964 5319 ι.
3003 5267 3056 5319 1.
3125 5266 3170 5300 ⁸³
3200 5263 3392 5319 ibid.
3423 5259 3459 5302 2‘

2752 5281 2879 5318 nan.
2927 5280 2964 5328 ι,
3003 5280 3056 5320 ‘t.
3125 5280 3170 5300 "
3200 5280 3392 5321 ibtu-
3430 5290 3479 5302 -ι

225 5276 321 5333 xv,
347 5261 450 5333 §3.
523 5257 568 5287 “
609 5257 793 5333 hiauit:
817 5274 960 5333 ἔχη,
999 5260 1531 5333 50;_'!Iarc_._xti._25;
1570 5257 1699 5333 Luc.
1739 5282 1831 5327 xx,
1867 5257 1969 5321 55.¹
2029 5267 2074 5297 ⁴⁶
2118 5257 2300 5320 ϐιιιειι.
2324 5282 2404 5333 ut,
2467 5264 2556 5321 i9.

224 5329 273 5359 ⁸⁸
307 5330 321 5378 l
347 5328 490 5396 Tim.
525 5337 585 5388 tl,
617 5323 669 5376 5.
740 5324 785 5355 ⁵⁸
813 5325 963 5380 Rom.
991 5342 1084 5392 ιιι,
1110 5326 1194 5380 12.
1267 5327 1310 5360 ⁸¹
1345 5323 1626 5397 [Con-xv,
1653 5332 1740 5388 51.
1812 5323 1857 5368 ⁵⁸
1888 5334 2033 5389 l'l‘b'e

1888 5334 2113 5389 l'l‘b‘ess.
2146 5349 2221 5400 iv,
2255 5334 2340 5386 14.

216 5410 222 5478 Ξ
303 5439 414 5515 (3g)
566 5433 869 5505 Hieronymi
905 5440 1039 5493 libro
1071 5439 1246 5507 primo
1275 5439 1540 5510 Apologia.-
1568 5445 1763 5500 adver-
1861 5461 2016 5515 geue.

223 5504 806 5588 ιυξξξξιίίέξψιιιμμξ,
891 5572 929 5588 η
1410 5504 1470 5588 ,⁷
1646 5579 1729 5588 Α,
1861 5504 2186 5588 f_(89')_Ex
2236 5512 2458 5581 epistola
2491 5505 2811 5580 Hieronymi
2870 5508 2945 5564 ad
2995 5504 3367 5566 Iinerviutn

307 5571 421 5644 (89)
462 5571 539 5622 Ex
592 5569 838 5641 Apologia
890 5572 1149 5643 Pamphili
1198 5577 1454 5647 martyris
1505 5592 1599 5646 pro
1638 5579 1763 5637 Ori-
1834 5569 2239 5645 ,Alexandrum.

3463 5504 3493 5519 ω
3506 5496 3525 5538 ι

3464 5528 3493 5538 ἡ.

3464 5528 3493 5539 Ἰ.
