3910 6286
255 232 388 290 1295
1341 232 1408 285 IN
1444 226 1741 285 EPISTOLl

1856 226 1946 280 AD
1977 224 2308 280 GALATAS.
3267 219 3406 276 1294

251 360 402 417 quam
445 342 807 411 tediﬁcationis
839 341 1140 396 intentione
1154 352 1401 409 perorata
1455 352 1576 395 sunt
1612 355 1631 393 :
1659 340 1790 393 sicut
1829 339 1884 391 in
1913 337 2142 390 homiliis
2175 337 2278 390 sive
2318 335 2374 388 in
2408 333 2748 389 oratiunculis
2778 332 2886 403 (75)
2923 333 2976 386 in
3007 331 3239 388 Genesim
3269 344 3317 387 et
3349 337 3404 386 in

252 436 489 494 Exodum
507 436 745 503 (scimus,
770 443 817 487 et
843 433 1099 502 prwcipue
1121 432 1175 485 in
1195 433 1274 486 his
1298 447 1412 502 qua:
1432 433 1487 486 in
1516 432 1706 484 librum
1734 428 1949 483 Leuitici
1977 430 2041 482 ab
2075 427 2166 481 illo
2189 427 2391 496 quidem
2415 425 2524 497 (76)
2555 425 2832 492 perorandi
2857 425 2989 494 stle
3009 424 3170 490 dicta,
3197 442 3229 479 a
3255 427 3403 480 nobis

250 542 364 581 uero
385 525 700 592 explanandi
730 527 894 593 specie
921 523 1170 578 translata
1197 536 1335 577 sunt.
1362 524 1524 588 Quem
1556 522 1781 574 laborem
1804 518 2124 585 adimplendi
2143 535 2260 587 quae
2282 520 2492 573 deerant
2522 519 2717 571 idcirco
2742 519 3076 588 suscepimus,
3099 535 3161 572 ne
3181 519 3403 588 pulsatae
3467 538 3470 550 ι

250 617 552 686 quwstiones
575 628 625 670 et
657 619 871 681 relicta,
900 618 1037 686 quod
1065 619 1118 669 in
1141 615 1460 668 homiliatico
1488 613 1693 666 dicendi
1718 625 1898 678 genere
1927 610 1989 661 ab
2016 608 2106 662 illo
2137 609 2301 677 689
2331 625 2466 673 stupe
2492 609 2605 674 ﬁeri
2629 609 2784 676 solet,
2813 608 3000 662 Latino
3030 609 3211 662 lectori
3241 610 3399 677 fasti-

249 711 391 762 dium
418 720 737 776 generarent.
773 709 908 763 Nam
943 711 1031 763 illa
1061 727 1171 778 qua:
1197 714 1248 761 in
1279 707 1456 760 Iesum
1492 704 1661 766 Nave,
1692 713 1737 756 et
1763 704 1820 755 in
1855 700 2107 754 Iudicum
2129 699 2314 752 librum
2350 699 2481 767 (77),
2518 709 2567 753 et
2603 701 2658 752 in
2688 701 2998 752 tricesimum
3029 710 3250 760 sextum,
3275 702 3397 754 etin

248 798 554 849 tricesimum
592 800 880 863 septimum,
911 808 957 850 et
984 799 1296 851 tricesimum
1333 806 1568 850 octavum
1614 793 1869 861 psalmum
1905 790 2225 855 scripsimus,
2263 790 2570 856 simpliciter
2621 801 2672 840 ut
2736 790 3022 842 invenimus
3051 787 3184 859 (78),
3216 797 3264 842 et
3295 804 3398 841 non

246 885 401 935 multo
428 901 544 936 cum
587 885 759 939 labore
795 887 1170 940 transtulimus.
1201 873 1446 950 Quamuis
1473 900 1591 953 ergo
1617 891 1664 935 et
1700 883 1754 934 in
1790 879 1990 932 cieteris
2022 893 2136 947 qua:
2166 895 2323 945 supra
2357 879 2584 931 diximus
2612 879 2908 932 laboratum
2931 880 3073 932 nobis
3099 880 3164 932 sit
3192 880 3247 932 in
3278 881 3407 946 sup-'

243 973 439 1039 plendis
470 974 550 1024 his
591 989 706 1039 qua:
752 974 1012 1038 omiserat,
1043 975 1097 1026 in
1139 975 1232 1025 hoc
1273 982 1439 1025 tamen
1471 987 1621 1037 opere
1674 966 1921 1030 Epistolas
1955 967 2023 1018 ad
2056 965 2316 1018 Romanos
2365 981 2458 1028 pro
2485 968 2566 1019 his
2601 969 2772 1020 causis
2815 985 2942 1036 quas
2975 969 3026 1020 in
3075 967 3396 1036 Prwfatione

243 1064 734 1129 comprehendimus,
762 1067 1038 1118 immensus
1065 1067 1206 1117 nobis
1238 1073 1287 1117 et
1323 1060 1698 1116 inextricabilis
1732 1059 1841 1129 (79)
1876 1058 2105 1111 incubuit
2143 1057 2313 1110 labor.
2347 1055 2449 1111 Sed
2483 1057 2751 1110 delectavit
2788 1059 3066 1120 indulsisse
3103 1058 3397 1122 laboribus;

238 1157 282 1206 si
313 1156 461 1206 modo
496 1172 616 1221 non,
647 1165 702 1208 ut
732 1157 784 1209 in
811 1158 927 1210 aliis
955 1159 1149 1225 experti
1179 1172 1382 1218 sumus,
1420 1153 1685 1206 malevola:
1720 1160 1910 1205 mentes
1943 1151 2130 1219 uigiliis
2161 1151 2348 1203 nostris
2374 1151 2710 1204 contumelias
2742 1152 2978 1216 reddant,
3011 1152 3056 1204 si
3083 1167 3184 1204 non
3215 1153 3396 1205 studia

239 1247 709 1309 obtrectationibus,
741 1256 791 1300 et
830 1249 1028 1301 labores
1068 1256 1456 1300 remunerentur
1493 1244 1720 1296 insidiis.
1751 1241 1958 1295 Nouum
1991 1242 2178 1308 quippe
2214 1243 2350 1308 apud
2384 1243 2483 1294 'eos
2530 1240 2696 1310 culpte
2738 1258 2896 1310 genus
2931 1244 3185 1297 subimus.
3234 1244 3395 1296 Aiunt

237 1334 366 1384 enim
419 1335 585 1387 mihi:
613 1334 677 1388 In
724 1337 804 1389 his
843 1354 958 1404 qua:
997 1338 1198 1399 scribis,
1243 1339 1485 1404 quoniam
1532 1335 1758 1403 plurima
1799 1333 1853 1384 in
1890 1334 1963 1384 eis
1992 1334 2068 1384 tui
2111 1332 2278 1399 operis
2327 1332 2603 1393 habentur,
2633 1334 2701 1383 da
2727 1332 2936 1385 titulum
2964 1333 3186 1386 nominis
3217 1333 3316 1398 tui,
3343 1345 3394 1385 et

237 1422 396 1473 scribe
429 1423 643 1490 :Ru/ini
676 1425 808 1494 (80),
841 1427 975 1479 verbi
1004 1428 1196 1492 gratia,
1241 1427 1292 1479 in
1331 1426 1616 1493 Epistolunt
1660 1423 1726 1475 ad
1761 1420 2022 1476 Romanos
2061 1422 2502 1490 Explanationum
2539 1423 2678 1487 libri,
2709 1422 2842 1474 sicut
2871 1432 2918 1474 et
2962 1423 3103 1490 apud
3133 1433 3393 1488 auctores,

235 1512 495 1578 inquiunt,
533 1516 803 1569 sa-culares
837 1533 937 1569 non
958 1518 1100 1570 illius
1125 1505 1211 1586 qui
1231 1533 1294 1570 ea:
1326 1515 1508 1570 Grtcco
1536 1515 1818 1568 translatus
1848 1523 1943 1578 est,
1972 1515 2061 1566 sed
2087 1514 2228 1566 illius
2262 1516 2349 1582 qui
2389 1514 2653 1566 transtulit
2676 1529 2858 1566 nomen
2888 1514 3071 1566 titulus
3102 1524 3254 1568 tenet.
3279 1513 3394 1569 Hoc

233 1615 402 1656 autent
431 1615 588 1658 totum
618 1608 742 1659 mihi
776 1609 969 1660 donant
998 1624 1100 1660 non
1129 1623 1306 1660 amore
1353 1608 1474 1670 ntei,
1506 1608 1596 1660 sed
1649 1607 1766 1658 odio
1819 1606 2044 1657 auctoris
2070 1603 2199 1674 (81).
2246 1603 2430 1657 Verum
2459 1621 2552 1672 ego
2600 1607 2687 1672 qui
2717 1604 2834 1672 plus
2883 1606 3213 1658 conscientia:
3244 1621 3390 1670 metu,

232 1709 383 1761 quam
432 1697 625 1747 nomini
669 1697 842 1763 defero
883 1698 1037 1750 etiam
1072 1698 1118 1749 si
1155 1698 1342 1750 addere
1387 1697 1562 1766 aliqua
1591 1697 1766 1749 uideor
1798 1703 1843 1746 et
1885 1692 2088 1758 explere
2121 1709 2238 1762 qua:
2283 1695 2489 1760 desunt,
2526 1701 2618 1746 aut
2649 1693 2878 1747 breviare
2909 1710 3024 1764 quae
3065 1694 3219 1764 longa
3247 1704 3390 1758 sunt,

231 1781 400 1846 furari
427 1792 596 1835 tamen
626 1784 833 1836 titulum
868 1787 981 1854 ejus
1015 1785 1102 1854 qui
1141 1784 1485 1852 fundamenta
1527 1785 1693 1851 aperis
1721 1784 1872 1852 jecit,
1908 1793 1955 1836 et
2000 1784 2330 1835 construendi
2368 1783 2578 1851 wdiﬁcii
2609 1784 2881 1836 materiam
2920 1785 3166 1852 praebuit,
3197 1793 3393 1838 rectum

231 1889 330 1925 non
353 1887 502 1940 puto.
521 1875 601 1929 Sit
622 1893 746 1930 sane
766 1879 820 1930 in
842 1880 1058 1930 arbitrio
1085 1879 1297 1947 legentis
1323 1894 1438 1929 cum
1463 1893 1590 1944 opus
1612 1876 1918 1944 probaverit,
1939 1875 2104 1941 aperis
2127 1875 2362 1928 meritum
2385 1875 2467 1927 cui
2490 1874 2612 1928 uelit
2636 1875 2912 1929 ascribere.
2932 1875 3097 1929 Nobis
3124 1876 3259 1929 enim
3277 1873 3392 1945 (82)

229 1963 548 2027 prapositum
583 1973 653 2016 est
691 1980 792 2017 non
826 1966 1065 2030 plausum
1099 1967 1394 2035 legentium,
1425 1967 1512 2019 sed
1547 1965 1772 2034 fructum
1818 1966 2199 2032 proﬁcientium
2238 1979 2484 2034 quaerere.
2516 1963 2640 2018 Post
2661 1965 2756 2017 hoc
2789 1981 2914 2018 sane
2950 1974 3094 2018 vocat
3129 1981 3221 2018 nos
3261 1979 3392 2030 opus

227 2052 362 2118 quod
396 2053 519 2104 olim
547 2055 750 2122 quidem
783 2057 1067 2122 injunctum
1101 2066 1209 2118 est,
1241 2061 1327 2110 sed
1357 2072 1490 2109 nunc
1519 2073 1551 2107 a
1589 2056 1732 2108 beato
1761 2053 2049 2121 Gaudentio
2087 2057 2318 2121 episc0po
2355 2054 2699 2107 uehementius
2743 2064 3070 2121 perurgetur,
3112 2053 3390 2108 Clementis

225 2141 424 2194 scilicet
473 2141 695 2196 Romani
731 2146 956 2214 episcopi
1007 2146 1357 2214 apostolorum
1423 2147 1623 2199 comitis
1651 2162 1712 2198 ac
1743 2147 2049 2198 successoris
2088 2147 2150 2200 de
2180 2146 2540 2216 Recognitione
2568 2147 2687 2199 libri
2717 2157 2771 2198 ut
2809 2149 2862 2199 in
2888 2146 3131 2201 Latinum
3179 2160 3389 2204 uertan-

224 2240 311 2285 tur
338 2233 475 2302 (83).
505 2232 572 2286 In
600 2249 698 2302 quo
737 2251 884 2302 opere
913 2236 1035 2289 bene
1066 2237 1181 2290 novi
1211 2238 1348 2306 quod
1377 2237 1605 2290 laborent
1633 2235 1779 2287 labor
1811 2235 2139 2302 multiplicat,
2164 2237 2208 2288 si
2240 2250 2426 2289 sortem
2470 2238 2716 2305 suscipiat
2739 2236 2871 2307 (84).
2899 2236 3237 2305 Satisfaciam
3261 2255 3388 2292 sane

223 2324 278 2377 in
307 2339 367 2376 eo
396 2327 575 2378 amicis
608 2327 730 2380 meis
759 2343 778 2380 :
807 2327 938 2380 dabo
977 2328 1126 2380 titulo
1159 2345 1342 2381 nomen
1381 2344 1569 2390 meum,
1616 2327 1844 2379 auctoris
1902 2325 2233 2378 nihilominus
2261 2327 2501 2379 uocabulo
2523 2337 2868 2394 permanente.
2897 2325 3038 2379 Nam
3060 2325 3235 2394 Ruﬁni
3263 2325 3386 2380 Cle-

223 2429 364 2466 mens
393 2416 646 2468 scribetur
668 2416 798 2486 (85).
834 2415 984 2480 Quod
1010 2421 1053 2470 si
1083 2432 1163 2470 me
1200 2417 1454 2469 Dominus
1498 2413 1710 2481 implere
1755 2412 2065 2480 permiserit,
2093 2413 2268 2466 redibo
2293 2429 2477 2465 rursus
2509 2422 2555 2465 et
2585 2413 2653 2464 ad
2685 2425 2775 2464 tua
2815 2412 3092 2477 desideria,
3123 2424 3178 2464 ut
3219 2412 3295 2466 vel
3333 2413 3392 2466 in

238 2505 612 2569 Numerorum,
641 2507 715 2559 vel
743 2510 798 2559 in
826 2506 1211 2560 Deuteronomii
1234 2507 1416 2569 libros,
1450 2504 1556 2557 Deo
1585 2503 1927 2573 permittente,
1951 2503 2128 2570 aliqua
2159 2503 2391 2555 dicamus
2415 2503 2530 2572 (hoc
2575 2503 2710 2555 enim
2741 2500 2910 2553 solum
2955 2503 3096 2554 nobis
3137 2501 3202 2555 de
3227 2499 3394 2569 Epta-

220 2601 406 2652 teuclto
434 2598 592 2668 deest)
616 2599 690 2653 uel
717 2599 780 2652 de
807 2599 1013 2668 reliquis
1045 2598 1265 2666 apostoli
1298 2597 1450 2651 Pauli
1476 2595 1726 2666 Epistolis
1751 2613 1865 2664 quae
1886 2611 2178 2665 possumus,
2200 2594 2420 2648 Domino
2450 2595 2719 2664 dirigente,
2741 2594 2991 2647 dictemus
3016 2591 3148 2661 (86).

758 2912 876 2990 (87)
911 2913 1019 2972 EX
1050 2912 1302 2973 LIBRIS
1331 2909 1697 2972 ORIGENIS
1729 2910 1808 2970 IN
1841 2910 2290 2972 EPISTOLAM
2316 2911 2424 2973 AD
2453 2911 2818 2972 GALATAS
3385 2927 3426 2948 κ

1779 3243 1824 3297 Α
1851 3255 2009 3306 neque
2049 3256 2138 3308 per
2176 3239 2451 3293 hominem.
2499 3238 2555 3293 Si
2597 3239 2740 3293 enim
2774 3238 2935 3294 homo
2977 3236 3078 3290 fuit
3104 3233 3294 3306 Jesus,
3337 3249 3392 3298 et

1851 3342 1944 3396 per
1987 3328 2159 3397 ipsum
2201 3338 2504 3398 assumptus
2551 3338 2635 3383 est
2672 3329 2725 3382 in
2773 3327 3123 3398 apostolatum
3166 3329 3388 3400 Paulus,

661 3229 745 3284 Ea:
784 3229 933 3284 initio
973 3229 1093 3284 libri
1132 3234 1310 3299 primi.

273 3319 450 3390 690
488 3319 565 3374 Ex
605 3335 669 3376 eo
700 3321 840 3389 quod
868 3321 1313 3390 dixitApostolus
1348 3343 1362 3379 :
1399 3323 1598 3380 Paulus
1627 3343 1752 3395 apo-

203 3412 382 3465 stolus
415 3428 516 3464 non
545 3413 609 3464 ab
637 3413 963 3475 hominibus,
999 3428 1162 3482 neque
1201 3432 1293 3482 per
1331 3418 1585 3471 hominem
1613 3458 1629 3481 ,
1662 3419 1753 3472 sed

203 3519 297 3572 per
357 3500 542 3554 Iesum
590 3501 852 3555 Christum
889 3504 957 3568 ⁸⁷,
997 3493 1277 3560 manifeste
1329 3505 1489 3560 datur
1537 3509 1752 3578 intelligi

209 3593 337 3660 quia
371 3606 478 3645 non
507 3599 622 3644 erat
655 3591 813 3646 homo
836 3593 1081 3649 Christus
1106 3593 1279 3662 Jesus,
1317 3597 1408 3650 sed
1431 3606 1548 3650 erat
1571 3597 1750 3653 divina

208 3692 426 3735 natura.
474 3678 586 3734 Non
621 3680 764 3734 enim
805 3683 848 3735 si
881 3684 1040 3738 homo
1087 3693 1259 3748 esset,
1293 3685 1520 3740 dixisset
1556 3685 1752 3741 Paulus

211 3769 320 3824 hoc
354 3769 496 3837 quod
527 3769 601 3822 ait
631 3789 644 3822 :
674 3767 878 3825 Paulus
913 3772 1174 3841 apostolus
1205 3789 1306 3828 non
1333 3777 1398 3828 ab
1437 3776 1751 3842 hominibus,

276 3861 323 3894 ’⁷
353 3860 530 3915 Galat.
559 3875 598 3923 I,
633 3861 684 3914 1.

305 3952 394 4027 ῖὸ)
421 3952 546 4027 Mss.
571 3955 696 4027 duo,
725 3955 801 4008 vel
828 3956 1186 4027 oratiunculis,
1213 3966 1316 4014 etc.
1644 4017 1652 4027 ν

302 4024 393 4096 16)
430 4023 558 4096 Mss.
605 4025 710 4077 duo
749 4026 1000 4080 omittunt
1025 4028 1266 4096 quidem;
1303 4037 1358 4082 et
1390 4027 1588 4083 habent
1617 4023 1739 4083 cum

204 4089 390 4155 editis,
425 4093 638 4144 dictata.

281 4157 394 4277 (77)
426 4158 658 4238 Librum.
697 4158 968 4238 Qmittitur
995 4164 1046 4218 in
1084 4165 1333 4221 omnibus
1361 4180 1488 4220 mss.
1520 4165 1738 4230 nostris,

281 4245 288 4277 ι
338 4236 511 4277 exstat
536 4243 586 4277 In
615 4228 788 4277 editis.

204 4228 304 4280 sed
338 4228 511 4281 exstat
535 4228 586 4278 in
615 4228 788 4280 editis.

1849 3418 2033 3485 utique
2063 3433 2158 3484 per
2176 3418 2444 3471 hominem
2467 3418 2638 3471 lactus
2664 3426 2780 3471 erat
2800 3417 3091 3487 apostolus.
3125 3417 3182 3473 Si
3205 3433 3386 3478 antem

1845 3523 1941 3576 per
1983 3508 2248 3562 hominem
2306 3518 2420 3562 erat
2464 3508 2764 3575 apostolus,
2815 3523 3084 3577 nunquam
3138 3511 3384 3579 dixisset,

1846 3597 1970 3664 quia
1998 3609 2156 3666 neque
2184 3613 2275 3665 per
2304 3597 2560 3650 hominem
2587 3613 2608 3652 :
2638 3599 2728 3652 sed
2767 3599 3047 3653 manifeste
3072 3613 3287 3668 separat
3317 3603 3385 3658 ab

1847 3689 2077 3742 humana
2110 3697 2298 3740 natura
2325 3685 2504 3741 Jesum
2533 3687 2730 3742 Paulus
2766 3703 2860 3757 per
2886 3689 3002 3744 haec
3039 3691 3220 3746 verba.
3265 3692 3380 3748 Non

1843 3780 1986 3831 enim
2031 3777 2230 3832 sufﬁcit
2251 3777 2302 3831 ei
2342 3777 2544 3832 dixisse
2579 3794 2595 3829 :
2632 3793 2789 3848 neque
2819 3793 2908 3847 per
2940 3778 3242 3844 hominem;
3284 3784 3380 3838 sed

1845 3960 2222 4033 Recognitione.
2247 3961 2679 4033 Recognitionum
2705 3963 2822 4018 libri
2845 3964 3138 4019 etiamnum
3161 3975 3376 4026 exstant

1844 4031 2371 4110 ex_ititerpretati0ne
2394 4031 2600 4098 Ruﬁni;
2627 4035 2720 4087 sed
2739 4033 2992 4088 Clementi
3017 4033 3256 4092 Romano
3281 4038 3375 4092 ab-

1838 4098 2164 4164 iudicantur.

1910 4165 2020 4238 (84)
2040 4165 2149 4238 his.
2177 4165 2373 4234 Regius
2414 4183 2556 4220 num.
2591 4167 2758 4233 1659,
2787 4170 2922 4238 quod
2970 4169 3195 4224 laborem
3224 4172 3373 4226 labor

1842 4233 2189 4308 multiplicata
2213 4233 2349 4289 sorte
2373 4239 2635 4308 suscipiet.
2674 4239 2780 4291 Sed
2797 4233 2982 4293 'casteri
3009 4254 3137 4293 mss.
3160 4250 3216 4295 et
3241 4243 3371 4297 editi

283 4296 395 4364 (78)
431 4295 566 4348 Editi
592 4333 607 4358 ,
645 4296 944 4363 simpliciter
967 4302 1305 4362 expressimus
1343 4310 1401 4356 ut
1435 4303 1736 4357 invenimus.
1767 4307 1810 4363 Β
1842 4312 1901 4356 ut
1925 4303 1975 4354 in
1996 4295 2172 4356 textu.

206 4361 319 4434 Sed
346 4361 545 4434 omnes
561 4377 684 4434 mss.
711 4361 961 4418 omittunt
986 4361 1347 4434 expressimus.

271 4433 386 4514 (19)
413 4431 548 4514 Ett‘iti
574 4471 588 4495 ,
613 4431 1008 4487 ina'stimabilis.
1033 4431 1345 4514 Deinde‘ms.
1370 4439 1563 4508 Regius
1588 4457 1733 4494 num.

203 4500 370 4557 1659,
401 4512 446 4552 et
477 4500 704 4552 laborem
729 4514 1048 4556 remanerent
1077 4505 1302 4560 insidiis.

283 4570 394 4635 (80)
423 4566 513 4638 Sic
555 4581 741 4621 omnes
777 4583 903 4622 mss.
940 4572 1071 4624 Eiliti
1109 4587 1253 4638 vero,
1286 4584 1332 4626 et
1365 4576 1526 4629 scribe
1558 4575 1740 4630 Hiero—

203 4640 374 4710 nymi.
415 4637 610 4690 Deinde
641 4651 825 4691 omnes
866 4653 995 4693 mss.
1027 4637 1252 4704 habent,
1301 4646 1357 4695 in
1389 4643 1623 4710 Epistola
1669 4647 1738 4698 ad

148 4711 159 4720 ‘
205 4703 495 4766 Romanos,
523 4714 624 4759 etc.

285 4773 394 4841 (8|)
431 4772 527 4842 his.
553 4787 692 4842 unus
729 4773 926 4842 habet,
955 4776 1313 4838 auctoritatis;
1342 4778 1495 4841 alter,
1526 4782 1734 4834 actoris.

281 4839 394 4910 (8‘2)
429 4840 525 4892 Ms.
552 4839 745 4907 Regius
770 4839 919 4896 nunt.
943 4843 1098 4904 1659,
1128 4842 1288 4910 Nobis
1318 4839 1509 4909 autem,
1537 4859 1640 4901 etc.

282 4909 394 4980 (83)
427 4911 516 4962 Sic
572 4919 713 4963 recte
743 4926 869 4980 gms.
926 4914 1092 4965 codex
1141 4909 1337 4980 Regius
1381 4931 1525 4968 nutu.
1580 4917 1734 4973 1659.

203 4977 350 5031 Editi
377 4977 528 5037 Vero,
554 4978 898 5054 apostolorum
927 4982 1148 5054 comitis,
1186 4977 1412 5054 quorum
1436 4983 1553 5052 (aL,
1578 4991 1734 5054 quod)

200 5055 263 5115 ut
301 5046 680 5098 successoribus
714 5049 889 5100 darem
930 5049 1261 5115 cognitionem
1296 5050 1413 5102 libri
1445 5046 1484 5102 ἀ
1515 5046 1656 5106 nobis
1683 5046 1736 5107 in

199 5113 460 5184 Latinum
517 5124 808 5184 (vertuntur.
848 5113 1034 5184 (Codex
1087 5131 1187 5168 ms.
1253 5117 1618 5184 Ehroicensis,
1683 5132 1737 5176 et

200 5197 349 5236 unus
398 5181 595 5248 Regius
642 5197 788 5234 num.
836 5183 1001 5247 1640,
1037 5184 1382 5248 apostolorum
1440 5181 1638 5241 comitis
1689 5202 1736 5243 et

198 5249 325 5371 (aL,
371 5251 450 5320 ut)
478 5265 826 5302 successorum
845 5289 860 5313 ,
891 5252 1013 5303 dare
1039 5253 1375 5318 cognitionem
1404 5253 1521 5305 libri
1546 5294 1561 5319 ,
1594 5266 1649 5308 ut
1679 5260 1734 5311 in

251 5319 459 5371 atinum
490 5327 768 5371 uertuntur.
799 5317 896 5371 Ms.
928 5319 1118 5371 Reeius
1154 5335 1297 5370 nunt.
1327 5320 1453 5371 1641
1483 5360 1498 5371 .
1529 5336 1734 5371 anasto-

251 5317 459 5371 atinum
490 5327 768 5390 uertuntur.
799 5317 896 5372 Ms.
928 5317 1118 5390 Regius
1154 5335 1297 5370 num.
1327 5320 1453 5372 1641
1483 5360 1498 5384 ,
1529 5317 1737 5390 aposto-

198 5386 375 5438 lorum
392 5384 618 5454 _eot_nitis
655 5393 702 5436 et
739 5384 1044 5440 successoris
1081 5388 1206 5437 dare
1244 5384 1576 5454 cognitionem
1611 5391 1735 5445 libri

198 5462 262 5504 ut
297 5455 352 5506 in
381 5451 629 5504 Latinum
675 5463 924 5506 vertatur.
969 5454 1065 5508 Ms.
1096 5453 1258 5506 codex
1289 5451 1633 5511 Vallisclaras
1679 5468 1737 5512 ut

197 5519 260 5575 in
286 5530 452 5584 textu,
483 5517 582 5573 nisi
605 5521 744 5588 quod
770 5523 963 5578 habeat
998 5524 1124 5575 dare
1155 5521 1500 5598 intentionem,
1541 5541 1640 5595 pro
1669 5530 1733 5582 de

1910 4370 2129 4445 (Q5)_Si_c
2147 4385 2244 4445 ms.
2263 4371 2800 4445 codexVallise-clarte
2820 4383 2873 4428 et
2894 4389 2992 4437 ms,
3011 4376 3206 4445 Regius
3221 4393 3371 4433 num.

1841 4439 1997 4494 1659.
2025 4439 2160 4512 Editi
2188 4454 2344 4512 vero)
2383 4440 2521 4512 Nam
2552 4441 2865 4512 Hieronymi
2882 4461 2944 4512 ne
2975 4439 3181 4510 puteiur
3201 4487 3216 4509 ,
3249 4447 3372 4500 Cle-

1837 4523 1976 4560 mens
2000 4509 2270 4578 scribetur.
2297 4509 2482 4562 Cteteri
2511 4525 2636 4563 vero
2659 4509 2818 4574 msé.,
2841 4511 2976 4564 Nunt
3005 4523 3244 4578 putamus
3264 4515 3374 4568 {Ile-

1837 4590 1988 4649 mens
2033 4577 2538 4649 scribetur.ADein_de
2581 4580 2743 4649 editi,
2797 4590 2853 4633 et
2907 4595 3032 4649 mss.
3083 4581 3370 4649 plerique:

1839 4641 1988 4713 Quod
2013 4643 2057 4695 si
2085 4645 2192 4696 hinc
2236 4645 2358 4696 mihi
2393 4645 2561 4713 (editi,
2605 4646 2752 4710 Quod
2786 4649 2832 4700 si
2860 4650 2958 4709 me)
2985 4641 3374 4700 Dominus-im-

1835 4711 1973 4774 plere
2010 4713 2313 4777 permiserit,
2351 4711 2628 4764 redibimus
2668 4717 2735 4765 ad
2781 4716 2933 4775 illos,
2980 4724 3025 4766 et
3060 4715 3126 4764 ad
3155 4723 3249 4765 tua
3282 4717 3378 4767 de-

1834 4779 2046 4837 sideria,
2085 4789 2138 4831 ut
2175 4781 2226 4832 in
2268 4780 2633 4842 Numerorum,
2671 4790 2720 4832 et
2765 4783 2836 4842 in,
2883 4794 2985 4832 etc.
3023 4780 3128 4832 Sed
3167 4785 3379 4836 rectius

1748 4881 1750 4884 μ
1835 4861 1937 4899 tus.
1974 4846 2168 4912 Ragius
2207 4864 2352 4900 num.
2383 4848 2514 4902 1639
2547 4857 2602 4899 ut
2631 4849 2680 4899 in
2712 4859 2893 4900 nostro
2921 4857 3086 4899 textu.

1907 4914 2013 4984 (86)
2049 4916 2137 4967 Sic
2184 4931 2283 4969 ms.
2329 4917 2525 4983 Regius
2568 4930 2712 4984 num.
2761 4913 3107 4984 1639.'Editi
3157 4919 3390 4984 autem,

1835 4980 1928 5035 hoc
1961 4980 2093 5036 enim
2130 4985 2293 5034 soluat
2323 4980 2457 5034 vobis
2487 4985 2550 5033 de
2573 4980 2924 5033 Pentateucho
2963 4981 3037 5032 cel
3064 4982 3126 5032 de
3151 4983 3396 5046 reliquis

1836 5052 2052 5116 apostoli
2083 5049 2238 5120 Pauli
2267 5049 2515 5120 Epistolis
2548 5065 2662 5116 qua:
2690 5065 2965 5120 possumus
3001 5048 3222 5120 Domino
3263 5060 3406 5120 ’μείρ-

1835 5112 2029 5186 tegente
2059 5112 2522 5186 debemusiCaateri
2559 5112 2717 5186 ipss;
2753 5118 2848 5186 hoc
2876 5116 3012 5186 enim
3037 5118 3200 5186 solum
3231 5112 3423 5186 gobio

1833 5173 2268 5251 de'lieptateucho
2303 5185 2479 5244 deest,
2511 5181 2586 5235 uel
2613 5185 2674 5234 de
2704 5173 2933 5248 reliquis
2967 5185 3185 5250 apostoli
3217 5173 3432 5251 Ριξξιᾶ

1835 5242 2079 5320 Epistolis
2115 5267 2228 5318 qute
2260 5242 2530 5319 possumus
2564 5251 2690 5319 (aL,
2728 5242 2844 5317 qua}
2871 5251 2916 5301 si
2942 5242 3242 5318 possumus)
3291 5242 3442 5295 DO-

1834 5324 1974 5375 mino
2001 5321 2250 5387 dirigente
2274 5321 2610 5387 dictabimus.
2691 5383 2707 5387 _
3148 5386 3152 5387 ν
3262 5378 3280 5387 ,
3400 5369 3418 5387 ,

1903 5389 2012 5459 (87)
2040 5378 2489 5459 _l)evsumplaAsunt
2528 5386 2646 5459 hinc
2684 5383 2994 5454 fragmenta
3033 5401 3100 5444 ex
3123 5378 3470 5458 Apologia

1833 5452 2113 5528 Paiuphilii
2143 5452 2391 5523 martyris
2416 5467 2508 5522 pro
2545 5452 2790 5523 Origene.
