3910 6282
251 301 378 358 1297

1127 298 1192 351 ΙΝ
1225 297 1602 352 EPISTOLAM
1636 297 1655 352 I
1693 300 1780 352 AD
1809 298 2506 356 THESSALONICENSES.

3242 298 3379 355 I298

245 411 458 468 homine
480 413 766 467 suscitatur
786 427 814 465 a
840 422 1043 466 somno.
1076 411 1195 466 Ilaec
1215 413 1356 466 enim
1380 414 1501 466 licet
1531 414 1758 467 habeant
1784 422 1828 476 Α
1857 423 2031 469 tamen
2079 425 2280 470 certum
2324 424 2405 470 est
2450 414 2608 468 etiam
2651 423 2775 467 tunc
2822 422 2966 485 gesta
2996 425 3110 467 esse
3137 427 3254 482 quae
3287 427 3384 484 per

240 502 527 569 spiritalem
555 503 897 564 intellectum,
926 511 1096 556 tamen
1133 511 1378 556 manente
1405 502 1554 568 prius
1585 502 1756 555 histo-

241 595 330 645 ria:
360 592 602 654 veritate,
633 592 793 644 etiam
824 591 1076 658 spiritalis
1095 591 1425 670 recipiendus
1443 603 1524 646 est
1549 608 1757 646 sensus.

241 684 382 736 Licet
410 683 551 734 enim
582 697 750 737 crecos
782 698 992 752 semper
1037 693 1190 736 curet
1225 687 1510 738 secundum
1546 687 1761 752 spirita-

239 773 340 824 lem
373 772 798 840 intelligentiam,
840 788 956 826 cum
988 772 1283 841 ignorantia
1311 782 1602 827 excaecatus
1639 771 1762 826 illu-

238 862 408 914 minat
439 871 681 924 mentes;
721 871 892 914 tamen
938 871 991 914 et
1021 862 1371 930 corporaliter
1399 873 1522 915 tunc
1563 876 1760 916 ciccum

237 950 467 1002 sanavit.
510 949 572 1001 Et
615 961 851 1004 mortuos
899 965 1110 1018 semper
1136 950 1386 1010 suscitat;
1433 949 1551 1002 fecit
1591 960 1764 1003 tamen

237 1048 290 1091 et
320 1049 444 1092 tunc
470 1039 830 1106 hujuscemodi
856 1039 1136 1103 mirabilia,
1167 1041 1306 1092 sicut
1331 1041 1490 1092 ﬁliam
1512 1041 1766 1108 principis

239 1129 546 1197 Synagogae,
592 1138 646 1184 et
696 1130 859 1183 lilium
913 1131 1079 1183 viduae
1113 1156 1149 1193 ,-
1188 1138 1240 1184 et
1291 1129 1546 1184 Lazarum
1593 1131 1764 1184 susci-

238 1220 396 1271 tando
424 1219 488 1270 ".
527 1221 589 1272 Et
614 1223 853 1287 quamvis
881 1235 1089 1288 semper
1112 1235 1231 1274 cum
1259 1221 1524 1274 excitatur
1549 1235 1577 1273 a
1603 1221 1764 1274 disci-

227 1308 373 1371 pulis
406 1319 708 1376 compescat
741 1311 992 1364 Ecclesia:
1037 1311 1292 1372 turbines,
1337 1310 1419 1363 vel
1482 1308 1760 1379 procellas,

1852 504 2126 557 historiam
2161 503 2480 557 referuntur.
2538 499 2629 557 Sic
2664 516 2791 572 ergo
2836 515 3022 556 sanum
3059 509 3141 555 est
3168 513 3381 556 sensum

1855 596 2143 662 Scriptura:
2174 596 2426 663 recipere,
2480 610 2577 649 nec
2625 603 2834 663 oportet
2889 592 3146 646 inclinare
3200 606 3382 647 aurem

1856 687 1939 739 his
1965 687 2055 754 qui
2090 687 2272 740 dicunt
2302 702 2394 754 per
2431 686 2668 752 Mariam,
2714 695 2768 738 et
2801 698 2904 738 non
2954 698 3019 737 ex
3075 682 3237 735 Maria
3263 697 3383 734 eum

1857 782 2074 836 natum;
2127 774 2264 840 quod
2305 757 2587 842 Apostolus
2641 773 2927 841 praesciens
2977 773 3047 826 ita
3095 770 3380 840 praedixit:

1863 860 1988 914 Cum
2036 871 2206 914 autent
2241 865 2368 914 venit
2405 862 2669 928 plenitudo
2717 870 3022 930 temporum,
3073 861 3207 912 misit
3249 857 3387 912 Deus

1871 949 2061 1001 Filium
2105 967 2254 1001 suum
2291 951 2484 1015 factum
2525 966 2586 1002 ex
2617 948 2844 1016 mu'liere,
2893 950 3088 1018 factum
3119 950 3213 1001 sub
3249 948 3379 1016 lege,

1865 1052 1920 1092 ιιι
1959 1057 2043 1092 eos
2088 1041 2173 1107 qui
2197 1041 2289 1091 sub
2320 1039 2428 1107 lege
2468 1047 2617 1091 erant
2657 1042 2928 1094 redimeret
2971 1039 3038 1092 ⁴¹.
3073 1039 3232 1094 Vides
3265 1038 3386 1107 quia

1867 1143 1972 1182 non
2000 1130 2152 1192 dixit,
2203 1127 2398 1181 factum
2445 1141 2540 1196 per
2580 1128 2877 1192 mulierem,
2934 1129 3044 1195 sed,
3082 1127 3278 1196 factum
3319 1141 3383 1181 ex

1863 1218 2089 1271 muliere.

628 1578 736 1635 EX
774 1576 1007 1635 LIBRO
1038 1575 1326 1636 TERTIO
1357 1575 1727 1636 ORIGENIS
1759 1575 1835 1634 IN
1859 1573 2308 1636 EPISTOLAM
2335 1575 2440 1634 AD
2460 1572 2832 1633 EPHESIOS
2859 1573 2998 1652 (88).

230 1734 283 1789 In
316 1738 480 1791 illud:
518 1735 620 1803 Qui
645 1750 856 1790 uxorem
876 1753 1022 1789 suam
1061 1735 1252 1805 diligit,
1284 1738 1508 1805 seipsum
1530 1732 1902 1805 diligiglVemo
1923 1735 2055 1805 enim
2079 1749 2304 1805 unquam
2321 1749 2468 1787 suam
2503 1747 2706 1785 carnem
2726 1733 2854 1795 odit,
2885 1730 2973 1785 sed
2994 1733 3155 1786 nutrit
3179 1743 3224 1787 et
3259 1732 3390 1802 foret

1302 1801 1436 1871 eam,
1460 1804 1588 1857 sicut
1619 1801 1662 1856 et
1683 1801 1914 1856 Christus
1933 1803 2214 1855 Ecclesiam
2235 1802 2298 1855 δ’.

297 2108 555 2162 Dicamus
585 2111 725 2175 quod
753 2109 896 2162 illam
925 2124 1136 2162 carnem
1173 2125 1290 2177 qua:
1318 2112 1490 2163 visura
1524 2113 1592 2165 sit
1617 2111 1771 2166 Salu-
1804 2121 1843 2173 Β
1871 2116 2230 2183 corruptivum
2255 2115 2356 2170 hoc
2388 2112 2572 2166 induat
2600 2111 3045 2178 incorruptionem
3084 2112 3150 2178 “,
3191 2120 3244 2164 et
3283 2111 3395 2165 ala-

227 2210 348 2254 tare
391 2199 510 2262 Dei,
545 2201 721 2252 anima
751 2199 931 2268 diligat
969 2211 1021 2251 et
1071 2202 1288 2262 nutriat,
1336 2211 1390 2253 et
1442 2202 1618 2256 foveat
1648 2216 1762 2255 eam

227 2289 534 2355 disciplinis
559 2288 827 2350 erudiens,
867 2299 921 2340 et
951 2288 1152 2342 cmlesti
1197 2289 1446 2357 saginans
1487 2303 1662 2356 pane,
1711 2299 1767 2346 et

222 2378 438 2436 Christi
473 2377 730 2444 sanguine
755 2377 998 2446 irrigans,
1025 2385 1080 2429 ut
1111 2377 1304 2431 refecta
1327 2387 1379 2430 et
1405 2377 1569 2431 nitida
1602 2379 1766 2446 possit

224 2467 404 2520 libero
431 2480 588 2518 cursu
621 2465 786 2518 virum
829 2466 1000 2534 sequi,
1029 2476 1083 2521 et
1126 2467 1268 2522 nullo
1301 2453 1590 2522 debilitatis
1635 2485 1767 2538 pon-

224 2555 359 2608 dere
391 2555 731 2622 prwgravari.
782 2554 1006 2608 Pulchre
1053 2557 1210 2609 etiam
1260 2557 1314 2608 in
1364 2556 1763 2611 similitudinem

223 2641 436 2694 Christi
462 2642 746 2694 nutrientis
769 2652 818 2694 et
857 2642 1086 2696 foventis
1119 2642 1436 2707 Ecclesiam,
1459 2652 1514 2696 et
1542 2643 1765 2699 dicentis

222 2732 290 2782 ad
316 2730 624 2784 Jerusalem
665 2748 679 2785 :
710 2733 918 2796 Quoties
942 2733 1080 2786 volui
1109 2749 1417 2802 congregare
1451 2734 1585 2800 ﬁlios
1611 2745 1722 2787 tuos
1747 2774 1762 2797 ,

224 2827 281 2867 ut
329 2817 530 2883 gallina
561 2830 832 2888 congregat
866 2821 1033 2888 pullos
1069 2837 1189 2874 suos
1229 2823 1320 2874 sub
1361 2822 1473 2874 alas
1519 2838 1642 2874 suas
1665 2861 1680 2884 ,
1717 2833 1763 2875 et

222 2906 453 2959 uoluisti
481 2906 564 2959 “2
598 2910 784 2964 auium
812 2925 1020 2979 quoque
1052 2910 1234 2963 fovent
1279 2925 1500 2977 corpora
1539 2926 1669 2974 sua,
1714 2919 1771 2964 nt

1869 2217 1984 2254 rum
2015 2202 2228 2256 levitate
2259 2215 2591 2268 suspensum,
2624 2199 2674 2252 in
2701 2214 2876 2252 aerem
2905 2198 3114 2252 facilius
3149 2197 3392 2252 subleve-

1871 2301 1978 2346 tur.
2031 2291 2328 2348 Foveamus
2371 2290 2530 2357 igitur
2577 2298 2632 2344 et
2671 2289 2770 2341 viri
2817 2301 3008 2342 uxores
3059 2298 3288 2350 nostras,
3339 2294 3394 2340 et

1869 2378 2061 2432 animas
2094 2389 2288 2432 nostra:
2319 2392 2561 2445 corpora,
2615 2385 2673 2429 ut
2720 2384 2776 2429 et
2819 2390 3010 2430 uxores
3040 2375 3094 2430 in
3123 2375 3265 2428 viros
3288 2412 3304 2439 ,
3339 2383 3396 2428 et

1870 2482 2094 2536 corpora
2144 2470 2456 2538 redigantur
2499 2468 2553 2520 in
2595 2467 2823 2530 animas,
2861 2475 2914 2520 et
2957 2479 3292 2534 nequaquam
3326 2462 3397 2516 sit

1868 2570 2088 2610 sexuum
2122 2556 2227 2610 ulla
2255 2555 2540 2609 diversitas
2569 2571 2582 2606 :
2612 2554 2702 2608 sed
2733 2552 2998 2620 quomodo
3022 2553 3159 2620 apud
3181 2548 3407 2618 angelos

1867 2660 1971 2697 non
2007 2655 2089 2700 est
2115 2646 2196 2699 vir
2227 2657 2282 2700 et
2317 2645 2528 2707 mulier,
2555 2644 2628 2696 ita
2663 2653 2716 2696 et
2748 2656 2864 2707 nos,
2891 2643 2980 2710 qui
3005 2640 3210 2696 similes
3233 2653 3399 2707 ange-

1867 2735 1931 2789 lis
1958 2735 2123 2788 luturi
2153 2750 2334 2788 sumus
2359 2734 2428 2798 ‘5,
2461 2732 2570 2800 jam
2604 2748 2743 2786 nunc
2768 2732 3088 2799 incipiamus
3111 2742 3233 2784 esse
3258 2725 3400 2796 quod

1871 2826 2094 2879 nobisin
2125 2826 2430 2880 caelestibus
2457 2823 2836 2893 repromissum
2865 2834 2964 2878 est.

525 3193 636 3252 EX
670 3193 899 3252 LIBRO
935 3193 1226 3253 TERTIO
1253 3193 1627 3256 ORIGENIS
1659 3196 1736 3256 IN
1769 3196 2216 3260 EPISTOLAM
2245 3199 2352 3258 AD
2390 3198 2925 3261 COLOSSENSES
2958 3199 3106 3280 (89).

290 3483 468 3555 692
523 3482 648 3535 Data
689 3493 769 3538 est
814 3495 986 3538 autem
1021 3486 1105 3538 lcx
1137 3486 1298 3556 Moysi
1339 3502 1433 3555 per
1459 3491 1673 3556 angelos
1715 3493 1764 3544 in
1793 3503 1834 3560 ο
1869 3492 2138 3560 Christus,
2191 3496 2284 3550 sed
2342 3507 2468 3552 ante
2518 3499 2659 3554 hunc
2711 3500 3048 3557 manifestum
3113 3502 3169 3558 in
3238 3520 3400 3564 carne

216 3591 399 3629 manu
421 3583 474 3626 et
499 3573 693 3626 virtute
721 3575 1025 3630 mediatoris
1047 3577 1243 3631 Christi
1269 3577 1337 3642 “,
1360 3579 1447 3645 qui
1475 3595 1592 3632 cum
1622 3591 1764 3634 esset
1868 3584 2147 3638 adventum
2207 3587 2472 3640 mediator
2523 3589 2734 3656 quidem
2784 3601 2903 3677 ergit
2943 3590 3216 3647 hominum
3240 3634 3257 3661 ,
3303 3598 3400 3651 sed

217 3665 279 3718 in
309 3664 575 3733 principio
617 3665 846 3718 Verbum
893 3665 1024 3730 Dei,
1066 3678 1120 3720 et
1153 3669 1289 3736 apud
1325 3668 1487 3722 Deum
1518 3681 1676 3734 esset,
1711 3682 1764 3726 et
1869 3671 2097 3726 nondum
2124 3683 2236 3727 erat
2272 3675 2452 3728 homo.
2503 3675 2632 3729 Erat
2681 3664 2867 3732 tamen-
2891 3689 2944 3732 ct
2987 3689 3110 3736 tunc
3145 3686 3400 3739 mediator

220 3752 379 3806 Deus
408 3759 550 3807 esset
581 3751 807 3806 Verbum
835 3753 902 3818 ιτ,
935 3753 1075 3807 Patri
1110 3755 1162 3807 in
1204 3756 1450 3810 omnibus
1491 3757 1762 3810 ministra-
1871 3761 1962 3815 Dei
1987 3772 2039 3815 et
2067 3763 2524 3830 hominum;unde
2549 3777 2604 3821 et
2627 3769 2748 3822 data
2779 3768 2861 3821 lex
2891 3783 2986 3837 per
3011 3772 3257 3840 angelos,
3286 3777 3401 3830 sine

218 3843 334 3897 vit.
389 3841 582 3895 Omnia
619 3843 759 3896 enim
791 3859 883 3910 per
936 3845 1101 3913 ipsum
1151 3843 1292 3912 facta
1322 3853 1440 3897 sunt
1471 3845 1533 3908 “‘,
1587 3847 1636 3899 id
1688 3857 1770 3901 est
1873 3853 2040 3921 ipsius
2071 3853 2376 3910 Mediatoris
2408 3859 2656 3913 manibus
2704 3861 2827 3914 data
2876 3876 2994 3914 esse
3051 3878 3153 3916 non
3186 3865 3398 3933 dicitur,

218 3950 340 3986 non
370 3935 537 3988 solum
564 3943 841 3998 creaturae,
881 3936 974 3988 sed
1007 3944 1062 3988 et
1093 3934 1178 3988 lex
1203 3973 1218 3999 ,
1259 3943 1312 3988 et
1361 3936 1665 4002 prophetae;
1713 3944 1767 3989 et
1869 3951 1925 3994 ut
1957 3952 2098 3996 esset
2119 3943 2200 3997 lex
2217 3957 2416 4008 sancta,
2440 3956 2486 4000 et
2514 3951 2814 4000 mandatum
2831 3961 3086 4014 sanctum,
3109 3961 3158 4004 et
3174 3952 3401 4022 justum,

215 4024 352 4090 ipse
376 4031 458 4076 est
481 4024 731 4074 mediator
763 4021 853 4075 Dei
889 4033 937 4077 et
963 4025 1225 4076 hominum
1254 4024 1320 4077 δ’.
1357 4023 1504 4089 Quod
1534 4023 1764 4080 Verbum
1867 4037 1912 4080 et
1965 4032 2150 4081 bonum
2203 4029 2289 4093 ⁸⁹;
2356 4042 2408 4084 et
2457 4037 2632 4087 omnia
2686 4037 2796 4090 haec
2849 4038 3314 4094 sanctiﬁcarentur

216 4112 281 4164 in
324 4112 431 4164 line
471 4111 684 4178 quidem
727 4111 1038 4166 saeculorum
1084 4114 1241 4167 homo
1281 4113 1454 4167 lactus
1487 4124 1569 4168 est
1608 4113 1761 4168 Jesus
1866 4115 2095 4171 Christo.

237 4258 3364 4298 ...ὴ-,Ἢ

210 4400 347 4460 EX
369 4399 604 4460 LIBRO
634 4397 926 4459 TERTIO
954 4400 1320 4464 ORIGENIS
1343 4415 1892 4464 ΕΞΗΓΗΜΔΤΙΚΩΝ
1913 4407 1988 4466 ΙΝ
2015 4409 2459 4473 EPISTOLAM
2484 4413 2589 4472 AD
2623 4415 3401 4485 THESSALONICENSES

1571 4506 1874 4567 PRIMAM
1904 4508 2082 4588 (89“).

1084 4648 1160 4702 De
1178 4665 1236 4702 eo
1262 4651 1398 4718 quod
1423 4668 1441 4700 ι
1465 4665 1637 4702 omnes
1653 4650 1857 4718 quidem
1883 4668 1981 4704 non
2003 4655 2311 4711 dormiemus
2329 4663 2400 4722 ",
2416 4678 2434 4710 ι
2461 4668 2566 4714 etc.

302 4958 442 5024 Quid
471 4966 553 5011 est
589 4972 716 5026 ergo
745 4961 883 5026 quod
921 4960 1160 5013 scribunt
1203 4958 1764 5018 Thessalonicensibus
1797 4977 1838 5030 ι)
1869 4966 1978 5021 Nos
2005 4971 2092 5039 qui
2113 4972 2346 5032 vivimus,
2387 4973 2474 5038 qui
2502 4970 2696 5024 residui
2725 4987 2930 5032 sumus,
2962 4974 3015 5024 in
3039 4975 3272 5026 adventu
3316 4973 3433 5024 Do-

320 5051 484 5105 rerbo
515 5049 606 5101 Dei
637 5047 852 5112 Paulus,
885 5058 938 5102 et
973 5049 1251 5119 Sylvanus,
1301 5063 1356 5106 et
1403 5052 1755 5110 Timotheus:
1863 5059 1989 5110 mini
2021 5075 2122 5110 non
2154 5061 2517 5124 prieveniemus
2562 5074 2646 5111 eos
2688 5062 2777 5127 qui
2825 5063 3145 5114 dormierunt
3168 5062 3214 5092 "
3239 5060 3268 5112 ?
3341 5061 3448 5120 Q'“

299 5187 658 5265 ‘°__[:uc._yu_i_,
825 5185 974 5240 Joan.
1000 5205 1092 5265 _xi,
1287 5190 1329 5220 “
1365 5189 1537 5265 Galat.
1572 5208 1650 5265 ἰν,
1701 5194 1752 5247 4.

1864 5200 1868 5226 ¹
1912 5197 2175 5264 Ephes.v,
2202 5195 2302 5265 28,
2343 5195 2431 5249 29.
2475 5195 2551 5265 41⁵³
2582 5193 2766 5265 Matth.
2809 5211 2970 5256 xxxii,
2995 5195 3082 5249 3'1.
3129 5196 3196 5265 7“
3244 5192 3284 5265 lg

205 5276 319 5329 xv,
347 5258 448 5329 ῥὸ.
521 5255 565 5285 ⁴⁵
607 5255 790 5329 ἣξθιιξι..
817 5271 958 5329 pm.
997 5258 1529 5329 5(l;_'llart:_.xn._‘:.’.5;
1569 5261 1697 5314 Luc.
1739 5279 1803 5316 xx

1866 5255 1968 5318 '55:
2029 5265 2072 5294 “
2117 5255 2296 5316 Galat.
2323 5279 2402 5329 ιιι,
2466 5262 2554 5317 I9.
2629 5264 2671 5293 "’
2719 5261 2877 5314 Joau.
2925 5255 2963 5325 I,
3003 5265 3053 5324 1.
3123 5264 3168 5296 ⁸⁸
3199 5262 3389 5318 ibid.

205 5329 264 5357 ιθ
306 5325 488 5377 lTim.
523 5336 582 5386 ιι,
615 5321 667 5374 5.
739 5322 784 5352 ⁵⁸
812 5323 962 5376 Rom.
990 5339 1082 5389 vn,
1110 5325 1193 5377 12.
1266 5325 1308 5357 “
1344 5321 1624 5394 lCor.'xv,
1652 5330 1738 5384 5|.

1887 5332 2110 5386 ITliess.
2146 5347 2219 5396 iv,
2254 5331 2338 5383 14.
2387 5321 2400 5329 ⁷
2950 5321 2960 5325 ⁷
3018 5322 3021 5324 ’
3069 5344 3072 5346 ⁷

193 5413 199 5477 ἶ
301 5431 1037 5512 (8§)Hier00ymilibro
1070 5437 1244 5504 primo
1274 5438 1538 5507 Apologia:
1566 5443 1760 5497 adver-
1861 5459 2015 5512 gone.
2110 5510 2141 5512 ξ
2304 5509 2312 5512 _
2410 5510 2418 5512 _
2494 5507 2555 5512 ___
2792 5503 2804 5512 _
2925 5505 2938 5512 _
3204 5508 3212 5512 Α

202 5503 618 5581 ⁸υξὲἱ¹¹⁵33¹¹¹¹¹ξ
706 5567 718 5581 .
792 5570 803 5581 .
891 5570 926 5581 ..
1325 5503 1336 5505 ἡ
1409 5503 1467 5581 ,⁷
1655 5577 1724 5581 _,
1861 5503 1890 5512 ⁷
1933 5511 2063 5581 (89')
2107 5510 2184 5563 Ex
2235 5509 2456 5578 epistola
2490 5503 2808 5576 Hieronymi
2869 5505 2943 5560 ad
2994 5503 3365 5563 linendum

305 5569 419 5641 (89)
461 5569 537 5620 Ex
590 5567 836 5638 Apologia
889 5570 1148 5639 Pamphili
1197 5575 1452 5644 martyris
1503 5590 1596 5643 pro
1636 5577 1761 5634 Ori-
1833 5567 2237 5642 Alexandrum.
