3910 6292
292 358 299 390 ι
353 320 488 376 1299

351 447 476 494 sunt
501 436 590 494 isti
615 434 853 490 viventes
874 429 966 500 qui
999 427 1292 497 loquuntur
1317 423 1484 477 talia?
1511 420 1707 492 Utique
1736 420 1881 474 Pau-

335 529 432 583 lus
455 543 555 581 non
582 525 644 578 ab
669 522 983 582 hominibus,
1013 534 1104 572 nec
1128 533 1218 586 per
1241 517 1471 570 homines
1504 513 1760 580 apostolus
1790 512 1836 544 ’³
1859 527 1875 578 ;

350 626 406 672 et
430 614 773 670 charissitnus
797 609 910 677 ejus
939 607 1077 662 ﬁlius
1110 607 1162 660 in
1193 606 1294 659 lide
1318 602 1661 667 Timotheus;
1691 612 1742 656 et
1763 600 1880 671 Syl-

346 719 518 758 vanus
539 702 628 770 qui
664 700 769 754 illis
801 707 920 754 erat
953 707 1005 750 et
1026 694 1310 750 'all'ectione
1337 701 1389 748 et
1409 691 1695 745 virtutibus
1716 704 1880 757 copu-

347 795 507 848 latus.
543 791 614 846 Et
644 791 746 844 hoc
773 803 877 843 non
909 789 1078 842 solum
1107 787 1210 850 illi,
1247 785 1338 840 sed
1387 785 1688 854 quicunque
1728 778 1876 833 Pauli

347 892 406 936 et
447 879 670 936 scicntia
704 887 756 932 et
784 875 1188 932 conversatione
1223 872 1412 927 similis
1442 879 1543 934 est,
1573 870 1751 924 dicere
1778 880 1877 935 po-

347 978 494 1026 test:
527 967 639 1022 Nos
664 969 751 1037 qui
779 967 996 1020 vivimus
1034 964 1109 1028 l"‘;
1159 975 1381 1029 quorum
1410 975 1592 1027 corpus
1619 966 1876 1010 mortuum

345 1066 420 1128 est
455 1067 662 1126 propter
700 1064 1000 1123 peccatum,
1043 1052 1250 1121 spiritus
1293 1060 1464 1102 autem
1515 1047 1637 1100 vivit
1675 1053 1880 1113 propter

337 1145 602 1212 justitiam
634 1143 711 1204 5';
752 1150 807 1194 et
845 1155 1068 1208 quorum
1101 1136 1416 1192 mortiﬁcata
1468 1144 1590 1189 sunt
1639 1131 1876 1186 membra

345 1249 508 1304 super
531 1243 726 1286 terram
749 1233 816 1293 “,
839 1231 914 1283 ita
947 1239 1003 1281 ut
1032 1241 1363 1296 nequaquam
1387 1224 1727 1292 concupiscat
1752 1235 1878 1276 caro

345 1333 530 1378 contra
553 1311 797 1391 spiritum
829 1320 896 1372 ".
944 1316 999 1372 Si
1041 1318 1182 1373 enim
1217 1316 1394 1370 adhuc
1433 1314 1700 1368 desiderat
1727 1327 1874 1375 caro,

343 1415 505 1480 vivit;
534 1422 589 1468 et
617 1414 739 1480 quia
764 1410 914 1474 vivit,
941 1410 1240 1472 desiderat;
1278 1417 1331 1462 et
1366 1421 1468 1461 non
1498 1413 1622 1460 sunt
1650 1403 1880 1458 mortiﬁ-

345 1512 464 1556 cata
497 1503 730 1556 membra
761 1501 903 1555 illius
934 1513 1096 1568 super
1128 1508 1348 1552 terram.
1393 1497 1542 1562 Quod
1572 1495 1617 1549 si
1655 1493 1877 1548 mortiﬁ-

342 1600 461 1644 cata
483 1600 628 1654 sunt,
648 1603 983 1658 nequaquam
1010 1596 1193 1641 contra
1217 1585 1459 1653 spiritum
1489 1583 1875 1651 concupiscunt

342 1694 461 1747 quae
526 1662 936 1734 martiﬁcatioue
988 1677 1069 1730 sui
1122 1674 1486 1742 hujuscemodi
1545 1673 1870 1727 desiderium

1575 295 1891 355 ORIGENIS
1927 286 2345 350 FRAGMENTA

1908 419 1954 476 Α
1979 414 2067 480 qui
2092 427 2194 466 non
2217 408 2561 463 curvaverunt
2581 413 2726 471 genu
2755 390 2914 450 Baal
3060 382 3131 440 In
3157 377 3415 480 Joannis
3445 389 3658 480 quoque

3525 251 3655 308 ιωο

1977 466 2269 570 ἑνεηεθιίο
2325 466 2679 549 vivorum'et
2729 499 2850 540 non
2908 479 3208 534 vivorum
3267 466 3486 571 duplex.
3533 468 3662 522 ordo

1977 569 2298 648 describitur
2328 604 2343 642 :
2381 583 2568 638 Omnis
2612 578 2706 648 qui
2737 573 2925 629 credit
2973 569 3042 622 in
3089 579 3216 627 me,
3253 569 3493 648 etiamst
3527 572 3659 610 inor-

1981 647 2100 733 tuus
2135 677 2319 744 fuerit,
2357 675 2486 726 vivet
2509 685 2528 733 ;
2551 676 2603 721 et
2626 647 2809 720 omnis
2846 659 2950 731 qui
2987 655 3134 744 vivit
3167 660 3226 705 et
3264 649 3447 744 credit
3478 647 3656 744 iul-tne,

1977 784 2079 822 non
2115 733 2364 819 morietur
2404 760 2464 812 in
2493 767 2760 811 internum
2795 751 2873 802 “.
2934 745 3008 800 Si
3049 742 3235 796 vivos
3269 738 3360 793 ita
3403 733 3656 804 intelligi-

1976 873 2094 913 mus
2125 855 2315 924 utjam
2349 865 2381 905 a
2422 849 2582 903 nobis
2613 845 2835 899 dictum
2886 845 2989 894 est
3012 874 3032 902 ,
3076 830 3467 924 dormientes
3511 825 3678 924 etuin',

1976 947 2189 1003 Christo
2202 916 2458 998 'mortuos
2487 935 2612 990 illos
2635 946 2765 987 esse
2800 926 3172 989 credamus,
3196 919 3310 988 qui
3335 932 3468 972 cum
3495 916 3661 969 velint

1975 1038 2028 1094 in
2073 1036 2290 1092 Christo
2322 1032 2530 1093 vivere,
2571 1035 2766 1080 tamen
2807 1027 3077 1092 peccato
3109 1013 3350 1070 mortui
3391 1017 3544 1065 sunt.
3572 1007 3665 1062 Sin

1974 1135 2152 1182 autem
2192 1120 2436 1189 reliquiae
2465 1125 2521 1172 et
2549 1113 2754 1170 electio
2785 1107 3137 1165 secundum
3171 1100 3440 1174 gratiam
3467 1099 3540 1189 τέ,
3572 1113 3667 1166 ap-

1973 1217 2236 1286 pellantur
2253 1188 2524 1270 viventes;
2544 1204 2640 1276 qui
2667 1218 2781 1258 non
2815 1202 2898 1256 ita
2928 1197 3239 1286 credunt,
3271 1207 3387 1247 nec
3412 1191 3482 1245 de
3504 1188 3670 1286 lsrae:

1975 1277 2124 1358 litica
2155 1300 2435 1356 nobilitate
2459 1292 2719 1367 generati
2735 1297 2902 1354 sunt,
2935 1284 3346 1342 dormientes
3380 1289 3441 1334 et
3470 1277 3665 1332 mortui

1975 1393 2304 1464 appellantur
2331 1391 2386 1444 in
2417 1387 2660 1442 Christo.

2044 1455 2186 1537 Sunt
2214 1479 2306 1549 qui
2340 1479 2487 1532 hunc
2521 1475 2704 1530 locum
2739 1471 2824 1524 ita
2867 1465 3245 1522 edisserant
3275 1477 3293 1514 :
3325 1458 3457 1513 Vivi
3489 1455 3667 1525 appel-

1973 1575 2152 1628 lantur
2178 1571 2268 1639 qui
2294 1578 2580 1634 nunquam
2611 1568 2862 1631 peccato
2905 1555 3153 1612 mortui
3200 1560 3398 1615 sunt;
3435 1551 3531 1619 qui
3568 1563 3663 1601 a-

1973 1674 2079 1718 tem
2106 1664 2497 1731 peccaverunt,
2531 1667 2588 1708 et
2624 1653 2680 1706 in
2711 1666 2784 1706 eo
2825 1649 2999 1718 quod
3041 1651 3498 1716 peccaverunt,
3523 1654 3664 1694 mor-

342 1735 707 1834 perdiderunt.
737 1765 886 1820 Sicut
913 1765 1077 1833 igitur
1105 1735 1326 1830 qui'vita
1356 1775 1574 1815 caruere
1597 1760 1870 1830 praesenti,
1902 1741 1944 1794 Β
1977 1752 2052 1806 ιιιί
2083 1759 2234 1814 sunt,
2278 1757 2333 1803 et
2363 1756 2558 1817 postea
2598 1743 2875 1834 conversi
2929 1741 3013 1794 ad
3057 1735 3500 1834 ptenitentiam
3543 1747 3665 1802 pur-

342 1863 398 1908 et
424 1856 491 1908 ad
523 1855 742 1908 meliora
785 1852 1029 1907 translati
1062 1858 1217 1914 sunt,
1250 1849 1420 1918 magis
1461 1849 1664 1912 vivunt,
1714 1848 1876 1914 depo-

339 1945 444 1998 sito
475 1943 662 1996 mortis
691 1956 910 2009 corpore
931 1949 984 1994 et
1013 1940 1260 1993 vitiorum
1294 1936 1527 1991 omnium
1558 1935 1870 2001 incentivis;

341 2032 419 2084 sic
448 2031 536 2097 qui
579 2029 1040 2083 mortiﬁcationem
1072 2027 1197 2081 Jesu
1241 2026 1293 2079 iu
1337 2038 1560 2092 corpore
1617 2037 1714 2076 suo
1765 2023 1875 2076 cir-

339 2120 648 2174 cumferunt
674 2119 742 2183 '3,
767 2131 1104 2186 nequaquam
1134 2117 1322 2170 vivunt
1343 2114 1496 2184 juxta
1517 2128 1757 2179 carnem,
1783 2113 1872 2167 sed

337 2209 490 2278 juxta
519 2209 802 2278 spiritum;
836 2209 1022 2262 vivunt
1054 2207 1108 2261 in
1140 2221 1204 2262 eo
1233 2205 1322 2273 qui
1349 2205 1455 2258 vita
1496 2213 1598 2268 est,
1644 2213 1697 2259 et
1745 2204 1874 2258 vivit

338 2302 393 2354 in
426 2300 505 2353 eis
559 2297 812 2371 Christus
852 2298 918 2352 de
965 2312 1070 2365 quo
1123 2299 1378 2366 scriptum
1416 2306 1498 2352 est
1531 2318 1542 2352 :
1582 2295 1767 2350 Vivens
1798 2304 1874 2349 est

335 2404 506 2442 sermo
535 2387 652 2451 Dei,
688 2398 733 2440 et
756 2388 932 2456 ρῃῖοαπ
963 2388 1028 2451 ⁸³,
1063 2387 1154 2455 qui
1196 2396 1279 2440 est
1314 2387 1404 2440 Dei
1455 2387 1643 2450 virtus,
1673 2386 1872 2454 Deiqu‘e

335 2475 592 2544 sapientia
637 2475 704 2528 “.
754 2473 953 2529 Vivuut
999 2475 1140 2528 enim
1194 2474 1246 2528 in
1285 2473 1476 2549 quibus
1524 2473 1656 2527 vivit
1703 2472 1872 2526 virtus

335 2564 456 2627 Dei,
480 2561 624 2616 omni
658 2563 890 2616 humana
921 2562 1206 2630 fragilitate
1236 2561 1497 2629 deposita,
1527 2571 1582 2615 et
1604 2560 1657 2614 in
1680 2561 1870 2628 quibus

335 2655 465 2707 vivit
492 2653 754 2721 sapientia
790 2667 906 2721 quas
943 2663 1023 2707 est
1053 2654 1372 2708 abscondita
1405 2655 1457 2707 in
1493 2653 1600 2707 Deo
1627 2653 1693 2717 “,
1721 2663 1774 2706 et
1812 2653 1866 2704 in

335 2742 530 2808 quibus
568 2742 700 2794 vivit
742 2749 796 2795 et
851 2751 1106 2810 operatur
1155 2741 1383 2808 justitia.
1439 2742 1680 2796 Christus
1724 2743 1865 2794 enim

333 2830 509 2886 factus
533 2840 614 2884 est
645 2830 798 2884 nobis
836 2845 940 2884 non
965 2831 1136 2884 solum
1179 2830 1386 2899 iustitia
1427 2846 1492 2885 ex
1526 2832 1663 2898 Deo,
1690 2833 1782 2885 sed
1814 2840 1869 2885 et

333 2922 594 2992 sapientia
619 2923 685 2986 θ’,
715 2931 768 2976 et
793 2936 950 2976 omne
983 2923 1122 2991 quod
1154 2923 1324 2976 virtus
1352 2930 1451 2975 est.
1479 2919 1546 2974 Et
1575 2921 1618 2974 si
1649 2920 1866 2988 qui-dem

332 3014 388 3065 in
435 3014 679 3080 praesenti
728 3012 848 3066 loco
871 3027 930 3067 se
962 3028 990 3066 a
1041 3011 1425 3066 dormientibus
1465 3022 1520 3066 et
1565 3012 1618 3065 in
1651 3010 1865 3066 Christo
1892 3044 1938 3106 ο

330 3104 587 3168 mortuis,
632 3103 722 3171 qui
753 3104 888 3156 hanc
931 3102 1170 3156 scribunt
1202 3100 1490 3170 Epistolam
1532 3109 1862 3169 separarent,

333 3193 611 3248 videbatur
637 3192 897 3263 superﬂua
947 3192 1238 3257 adnotatio,
1287 3201 1342 3248 et
1372 3207 1437 3246 ex
1480 3207 1586 3246 uno
1622 3191 1738 3246 loco
1778 3205 1866 3245 as-

329 3293 599 3352 sumptum
659 3283 1023 3338 testimouium
1095 3297 1203 3336 non
1266 3282 1686 3338 valeret:nunc
1738 3297 1865 3337 vero

327 3373 514 3428 eodem
545 3387 726 3438 sensu,
776 3369 900 3442 quia
941 3381 995 3427 et
1019 3373 1206 3428 eodem
1243 3373 1453 3442 spiritu,
1502 3374 1552 3426 iu
1601 3373 1770 3442 prima
1797 3373 1864 3428 ad

328 3459 633 3517 Corinthios
659 3463 893 3532 loquitur
929 3479 943 3514 :
981 3463 1172 3519 Omnes
1190 3480 1292 3518 non
1321 3465 1659 3524 dormiemus,
1688 3480 1862 3517 omnes

329 3562 500 3604 autem
537 3553 950 3619 immutabtmur,
983 3555 1036 3607 in
1060 3563 1340 3618 momento,
1372 3557 1425 3606 in
1453 3565 1595 3608 motu
1624 3556 1782 3619 oculi,
1807 3557 1862 3607 in

328 3637 604 3691 novissima
644 3639 787 3693 tuba.
821 3639 982 3695 Co‘net
1007 3642 1143 3695 enim
1168 3642 1314 3704 tuba,
1355 3652 1400 3694 et
1445 3643 1634 3694 mortui
1654 3659 1664 3668 π
1688 3658 1861 3695 resur-

327 3737 444 3795 gent
474 3729 783 3799 incorrupti,
810 3739 857 3784 et
886 3747 977 3785 nos
1001 3732 1472 3798 immutabimurf’.
1508 3732 1618 3786 Hoc
1644 3733 1857 3800 quodin

327 3817 571 3882 praesenti
620 3816 735 3872 loco
760 3818 1015 3887 scriptum
1045 3827 1128 3872 est
1153 3835 1169 3874 :
1193 3817 1261 3871 In
1293 3820 1427 3871 tuba
1474 3817 1566 3871 Dei
1591 3821 1858 3873 descendet

324 3903 388 3956 de
415 3903 540 3956 caelo
573 3905 636 3968 “,
660 3921 906 3976 compara
935 3907 1009 3960 illi
1037 3907 1176 3975 quod
1198 3908 1264 3961 ad
1291 3906 1592 3962 Corinthios
1613 3909 1809 3962 dicitur
1841 3925 1856 3963 :

325 3989 390 4044 In
421 3994 696 4047 novissima
724 3996 1043 4049 tuba:canet
1066 3996 1201 4049 enim
1225 3995 1368 4062 tuba,
1399 4005 1534 4060 etc.;
1568 3996 1640 4050 illi
1679 4007 1856 4052 autem

319 4082 461 4149 quod
512 4084 576 4136 ad
629 4083 1132 4138 Thessalonicenses
1187 4084 1422 4153 legitur:
1460 4085 1527 4138 Et
1556 4087 1749 4139 mortui
1800 4087 1856 4140 in

321 4168 532 4222 Christo
566 4180 834 4240 resurgent
868 4172 1023 4237 primi
1061 4169 1128 4236 ⁸⁵,
1167 4172 1268 4226 hoc
1292 4172 1430 4240 quod
1453 4173 1517 4225 ad
1551 4171 1855 4229 Corinthios

318 4261 577 4324 scriptum
605 4271 686 4314 est
718 4278 733 4315 :
760 4259 830 4313 Et
848 4263 1042 4314 mortui
1069 4271 1333 4331 resurgent
1358 4264 1663 4326 incorrupti.
1687 4265 1852 4321 Porro

1975 1853 2102 1912 gant
2135 1840 2354 1908 antiqua
2382 1837 2604 1902 delicta,
2643 1830 2868 1888 mortui
2894 1829 3340 1899 appellantur,
3385 1827 3519 1894 quia
3548 1838 3665 1893 pec-

1973 1941 2271 1994 caverunt;
2305 1931 2359 1984 in
2387 1929 2615 1984 Christo
2651 1936 2850 1979 autem
2890 1922 3173 1987 mortui,
3213 1920 3364 1990 quia
3417 1917 3576 1988 plena
3605 1916 3666 1971 ad

1975 2026 2137 2079 Deum
2177 2031 2361 2076 mente
2394 2017 2653 2074 conversi
2711 2025 2880 2070 sunt.
2936 2012 3156 2070 Porro
3221 2013 3330 2080 qui
3372 2011 3574 2064 vivunt
3615 2016 3664 2062 et

1974 2114 2170 2168 habent
2216 2111 2590 2166 testimonium
2630 2107 2788 2170 ﬁdei,
2857 2114 2925 2161 et
2988 2105 3277 2160 necdum
3339 2107 3666 2171 receperunt

1971 2201 2388 2273 promissionem
2421 2197 2543 2261 Dei,
2566 2198 2663 2266 qui
2703 2205 2764 2250 et
2802 2197 2882 2250 de
2931 2195 3091 2250 aliis
3154 2193 3384 2248 melius
3415 2190 3663 2260 quiddam

1969 2293 2228 2361 cogitant,
2255 2300 2312 2343 ut
2341 2305 2448 2344 non
2475 2291 2690 2357 absque
2719 2288 2816 2342 his
2855 2286 2974 2356 qui
3015 2285 3191 2354 justi
3218 2291 3366 2338 sunt
3406 2294 3665 2336 coronen-

1971 2396 2078 2446 tur,
2106 2384 2157 2438 in
2188 2397 2254 2436 eo
2282 2383 2486 2436 habent
2520 2379 2958 2434 beatitudinem
2999 2377 3186 2444 quod
3217 2374 3505 2429 fruuntur
3535 2371 3665 2426 bono

1969 2473 2335 2535 conscientim,
2383 2480 2440 2524 et
2480 2469 2700 2531 vivunt,
2750 2476 2813 2521 et
2851 2467 3078 2520 relicti
3121 2474 3278 2520 sunt
3326 2465 3389 2517 in
3439 2461 3665 2514 adventu

1974 2562 2184 2618 Domini
2223 2559 2546 2615 Salvatoris.
2583 2557 2693 2612 Sed
2729 2559 2879 2624 quia
2917 2555 3226 2610 clemens
3269 2563 3369 2609 est
3412 2553 3578 2614 Deus,
3617 2557 3666 2604 et

1982 2655 2096 2708 vult
2137 2653 2351 2708 salvare
2388 2650 2555 2705 etiam
2583 2662 2682 2702 eos
2710 2647 2812 2715 qui
2849 2647 3301 2713 dormierunt,
3331 2656 3396 2702 et
3437 2647 3494 2700 in
3517 2641 3666 2699 Chri-

1967 2753 2050 2798 sto
2085 2742 2283 2795 mortui
2319 2746 2472 2802 sunt,
2509 2751 2621 2790 non
2676 2737 3084 2804 prazvenient
3129 2737 3303 2803 illos,
3352 2751 3540 2805 neque
3571 2734 3665 2787 soil

1969 2835 2249 2904 rapientur
2280 2833 2334 2886 in
2365 2831 2642 2893 nubibus;
2679 2829 2811 2892 sed,
2860 2828 3060 2898 juxta
3119 2829 3477 2900 exemplum
3505 2841 3659 2882 evan-

1965 2924 2145 2994 gelica:
2182 2920 2458 2992 parabolae
2487 2921 2559 2984 τί,
2593 2933 2773 2972 unum
2801 2919 3162 2975 denarium
3198 2934 3508 2990 unamque
3532 2931 3665 2972 mer-

1967 3013 2148 3068 cedem
2177 3020 2231 3066 et
2265 3010 2569 3084 undecimae
2599 3009 2758 3064 horae
2805 3012 3134 3079 operarii,
3187 3022 3257 3069 et
3308 3013 3533 3083 primae,
3580 3009 3664 3078 qui

1966 3103 2020 3157 in
2048 3101 2263 3155 vineam
2310 3099 2467 3153 missi
2521 3108 2676 3164 sunt,
2723 3098 2956 3155 salutis
3015 3103 3315 3172 pretium
3379 3101 3665 3172 accipient.

1945 3179 2072 3247 'Nec
2106 3193 2205 3244 hoc
2236 3190 2399 3245 alicui
2449 3188 2710 3244 videatur
2763 3191 3125 3260 iniustum,
3171 3204 3247 3249 ut
3290 3194 3497 3263 dispar
3525 3193 3668 3246 labor

1963 3296 2127 3336 unum
2161 3280 2447 3350 prmmium
2493 3287 2927 3347 consequatur.
2958 3282 3210 3354 Magna
3243 3286 3472 3355 quippe
3501 3282 3668 3338 diver-

1963 3373 2095 3426 sitas
2117 3379 2417 3424 esteorum
2442 3367 2537 3436 qui
2575 3378 2705 3437 post
2737 3370 3011 3426 vulnera
3052 3386 3212 3429 sunt
3246 3377 3471 3441 sanati,
3496 3385 3552 3427 et
3577 3384 3667 3426 eo-

1964 3479 2080 3517 rum
2110 3462 2200 3530 qui
2231 3473 2510 3527 nunquam
2542 3459 2818 3513 viderunt
2857 3464 3106 3518 mortis
3133 3481 3444 3521 errorem.
3490 3463 3568 3518 De
3590 3462 3667 3516 his

1963 3562 2090 3623 puto
2120 3553 2322 3606 dictum
2353 3568 2367 3602 :
2407 3549 2544 3614 Quis
2577 3561 2656 3602 est
2688 3551 2866 3605 homo
2897 3555 3017 3621 qui
3051 3557 3223 3610 vivat
3255 3567 3311 3611 et
3353 3573 3468 3610 non
3506 3555 3667 3608 videat

1961 3654 2178 3695 mortem
2211 3640 2237 3694 7
2272 3640 2493 3693 redimet
2524 3639 2591 3692 tle
2622 3650 2804 3693 morte
2834 3643 3131 3698 animam
3161 3664 3344 3700 suam
3369 3647 3464 3701 7'?
3496 3643 3669 3714 Neque

1960 3727 2124 3788 enim,
2160 3734 2217 3780 ut
2247 3725 2466 3794 quidam
2497 3733 2724 3794 putant,
2758 3729 2925 3795 quis,
2967 3745 3100 3799 pro
3139 3749 3221 3790 eo
3260 3737 3424 3805 quod
3452 3745 3536 3790 εει
3559 3733 3668 3787 λιιι.

1961 3818 2043 3870 lus
2075 3816 2379 3884 accipitur:
2411 3815 2507 3869 sed
2543 3817 2707 3884 quasi
2747 3818 2988 3874 dixerit
3025 3838 3044 3876 :
3075 3825 3245 3890 Quis
3271 3825 3667 3896 putasljuxta

1961 3907 2087 3962 illud
2120 3908 2263 3976 quod
2296 3907 2562 3974 scriptum
2611 3916 2705 3961 est
2734 3925 2750 3961 :
2792 3909 2953 3975 Quis
3006 3918 3297 3983 sapiens,
3333 3928 3390 3972 et
3418 3918 3667 3986 intelliget

1959 3999 2067 4051 haec
2097 3999 2142 4029 ⁷³
2174 3999 2197 4050 ?
2233 4006 2290 4052 et
2331 3998 2386 4051 in
2416 3997 2526 4052 alio
2554 3997 2684 4052 loco
2712 4015 2728 4052 :
2769 3999 3074 4070 Domine,
3133 4011 3280 4078 quis
3319 4010 3590 4064 habitabit
3614 4009 3665 4061 itt

1957 4084 2292 4138 tabernaculo
2341 4095 2434 4138 tuo
2470 4085 2520 4117 ⁷⁸
2553 4087 2577 4138 ?
2619 4097 2677 4140 et
2715 4087 2951 4144 iterum
2986 4111 3004 4146 :
3050 4095 3218 4162 Quis
3259 4101 3522 4171 cognovit
3553 4115 3664 4152 sett-

1956 4190 2071 4228 sum
2099 4173 2310 4226 Domini
2335 4175 2424 4227 ’5?
2451 4173 2683 4229 Residui
2722 4192 2875 4246 ergo
2909 4195 3121 4240 erunt
3166 4189 3248 4244 de
3307 4190 3664 4246 credentibus

1957 4264 2112 4331 pauci
2157 4264 2247 4330 qui
2295 4263 2598 4318 adventum
2634 4267 2877 4324 Domini
2913 4273 3198 4333 videant
3234 4283 3565 4337 secundum
3617 4280 3666 4332 id

318 4350 461 4411 quod
488 4348 771 4442 sequitur”:
807 4350 1003 4402 Deinde
1027 4367 1118 4442 nos
1151 4353 1244 4442 qui
1271 4353 1505 4418 vivimus,
1536 4355 1625 4422 qui
1662 4357 1855 4411 residui
1883 4359 1928 4414 D
1957 4351 2097 4421 quod
2123 4353 2264 4407 Deus
2293 4353 2539 4409 verbum
2574 4355 2798 4412 τέκωσι
2837 4371 2970 4428 εει,
3015 4382 3434 4442 nequaquam
3462 4373 3518 4429 in
3548 4371 3667 4426 Vili-

316 4449 498 4486 sumus
551 4435 624 4498 “,
689 4437 762 4489 illi
816 4439 1238 4505 respondetzEt
1285 4456 1378 4493 nos
1438 4443 1846 4501 immutabimur.

219 4561 222 4568 .
316 4520 556 4584 Quorum
583 4532 866 4592 utrumque
888 4527 966 4579 sic
987 4527 1204 4596 intelligi
1230 4538 1438 4596 pOtest:
1464 4531 1572 4586 Nos
1601 4533 1688 4600 qui
1717 4535 1851 4588 vivi-

318 4626 457 4675 mus,
496 4613 586 4680 qui
623 4615 820 4668 residui
856 4630 1038 4670 sumus
1063 4619 1116 4670 in
1147 4619 1377 4672 adventu
1417 4619 1646 4684 Domini,
1669 4629 1722 4676 et
1753 4636 1851 4677 nos

317 4703 408 4771 qui
435 4703 855 4770 immutabimur,
898 4715 951 4761 ct
991 4722 1095 4760 non
1126 4724 1309 4763 sumus
1339 4725 1405 4762 ex
1445 4711 1529 4765 his
1559 4711 1648 4780 qui
1673 4711 1852 4780 appel-

315 4791 497 4845 lantur
550 4795 768 4858 mortui,
822 4795 916 4850 sed
965 4796 1214 4862 vivimus,
1271 4798 1471 4852 idcirco
1509 4800 1849 4868 praesentiam

314 4883 526 4936 Domini
574 4899 678 4938 non
732 4886 784 4939 in
853 4896 1048 4953 morte,
1098 4888 1192 4943 sed
1227 4889 1279 4942 in
1313 4888 1420 4942 vita
1453 4888 1844 4956 praestolamur,

1957 4451 2068 4496 tate
2101 4443 2309 4507 carnis,
2339 4445 2440 4498 sed
2474 4445 2531 4498 in
2573 4445 2760 4515 gloria
2815 4452 3329 4526 triumphantis.
3377 4464 3454 4518 Et
3491 4463 3668 4519 consi-

1953 4530 2263 4624 derandum
2282 4532 2561 4624 quomodo
2589 4535 2848 4602 primum
2897 4540 3319 4607 dormientes
3345 4552 3668 4624 appellave-

1953 4617 2025 4670 rit
2103 4616 2298 4671 deinde
2324 4617 2378 4671 in
2405 4617 2638 4676 Christo
2662 4633 2974 4696 mortuos,
3018 4649 3196 4703 quos
3229 4616 3515 4699 viventes
3537 4657 3669 4713 pra-

1956 4708 2138 4762 venire
2172 4724 2278 4763 non
2311 4719 2598 4779 poterunt.
2631 4715 2740 4781 Qui
2777 4722 2960 4778 enim
3004 4743 3139 4785 non
3171 4708 3554 4792 custodierit
3569 4736 3668 4791 hoc

1953 4799 2094 4868 quod
2127 4799 2393 4891 scriptum
2424 4812 2547 4858 est:
2577 4805 2664 4861 Ne
2695 4813 2936 4871 dederis
2975 4835 3280 4882 somnum
3314 4831 3503 4884 oculis
3543 4832 3665 4891 tuis,

1955 4904 2115 4990 neque
2152 4889 2416 4990 palpebris
2464 4896 2577 4990 tuis
2613 4898 3169 4990 idormitationem,
3220 4931 3290 4974 ut
3337 4923 3532 4977 salvus
3571 4889 3665 4990 ﬁat

315 4973 438 5040 quia
462 4973 527 5086 dJe
562 4973 851 5030 Israelitico
883 4993 1078 5046 genere
1121 4993 1304 5032 sumus
1328 5017 1343 5042 ,
1387 4977 1547 5047 693
1579 4987 1633 5031 et
1664 4978 1845 5032 electa:
1949 4977 2086 5030 sicut
2119 4994 2306 5047 caprea
2335 4981 2399 5035 de
2433 4985 2698 5057 vinculis,
2729 5001 2784 5046 et
2823 4997 2986 5055 sicut
3036 4973 3177 5063 avis
3231 4973 3310 5067 de
3342 4973 3662 5086 laqueis"',

317 5071 437 5086 ____.
512 5066 717 5086 ,ηιμ
755 5066 986 5086 μηημ
1031 5069 1072 5086 ..
1142 5069 1190 5086 ,Α
1449 5065 1840 5086 “ML-”
1954 5065 2176 5086 ,ωυρμ
2238 5074 2285 5086 ,ι
2354 5085 2358 5086 ,
2417 5070 2430 5086 .

316 5071 442 5117 sunt
474 5063 538 5118 de
565 5066 719 5120 nobis
755 5066 990 5134 reliquiae
1031 5069 1095 5133 "',
1131 5069 1196 5121 de
1222 5067 1418 5136 quibus
1441 5067 1566 5120 olim
1593 5065 1843 5121 Dominus

316 5150 676 5219 loquebatur:
709 5154 972 5225 Dereliqui
1010 5157 1135 5210 mihi
1179 5165 1364 5225 septem
1409 5155 1573 5209 millia
1614 5159 1840 5208 virorum

387 5325 643 5407 'f‘C‘alat.
674 5343 714 5392 ι,
741 5329 842 5407 l.“
865 5329 912 5362 ⁸⁸
939 5329 1178 5407 [Ἰξιιεεε.
1205 5331 1398 5407 ινηῌ.
1452 5333 1537 5407 ξ’-
1558 5331 1711 5407 ἣρω.
1743 5346 1861 5407 vm_,
1892 5333 1931 5386 l1

997 5329 1178 5407 Ιξιιεεε.
1205 5331 1398 5407 ινηῌ.
1452 5333 1537 5407 λδ-
1558 5331 1711 5407 ἣρω.
1743 5346 1861 5407 vm_,
1892 5332 1996 5407 l0._
2028 5337 2097 5407 λθ
2117 5337 2326 5396 Coloss.
2362 5356 2450 5407 ιιι,
2480 5344 2541 5401 5.

321 5392 660 5474 ψθξιιίθιξς..
675 5411 749 5474 11,
778 5397 865 5450 12.
938 5398 983 5430 ⁸⁸
1013 5392 1378 5474 l_§or.__t._'_2_4_.
1449 5400 1494 5474 ff
1519 5401 1553 5474 l_
1577 5401 1702 5455 Cor.
1737 5392 1865 5474 tr,_1

964 5398 983 5428 °
1013 5392 1378 5474 lgor-“11,93!-
1449 5400 1494 5474 ξξ
1519 5401 1553 5474 l_
1577 5401 1702 5455 Cor.
1737 5392 1897 5474 tr,_'l.__
1953 5392 2508 5474 οιξιοοιζίξΞοζἽοῐ

319 5473 393 5551 1v.»
421 5459 508 5551 2.5-
541 5463 991 5551 sititesszva
1019 5466 1118 5551 ‘5'.
1177 5466 1415 5551 "ius.
1452 5467 1494 5500 "
1519 5467 1672 5522 Rom-

974 5466 1118 5551 ,_t5._
1177 5466 1415 5551 «quin
1452 5459 1918 5551 "Rom.xt,'t,§.
1999 5459 2518 5551 {ﬁty’u'égf'x'mt

1043 5549 1154 5603 seq.
1231 5533 1416 5591 "Psal
1459 5553 1496 5591 ι.
1543 5552 1800 5604 txxxvnt,
1844 5538 1931 5595 49.
2008 5541 2056 5574 ’³
2090 5533 2510 5624 05883ιῦςῖοξ

318 5525 472 5602 _x_t.'_5.
500 5583 513 5595 ,
541 5528 586 5569 ’⁸
611 5529 794 5602 Μιιιιιι.
839 5549 928 5602 sx,
971 5525 995 5587 l

317 5593 364 5631 ’θ
384 5591 537 5646 Prov.
563 5609 634 5665 vt,
653 5598 705 5650 4.

1949 5065 2203 5163 dormiet
2231 5074 2287 5122 et
2342 5070 2621 5141 culpabili
2671 5096 2887 5150 sopore
2953 5065 3298 5163 torpescel,
3343 5121 3360 5163 ;

1949 5157 2254 5226 dormierit,
2291 5167 2568 5224 transibit
2602 5174 2659 5226 in
2698 5189 2982 5226 mortem-
3045 5146 3362 5226 inulti

2602 5117 2621 5185 Γ
2671 5117 2887 5150 συμυισ
2953 5117 3296 5163 torpescet
3343 5121 3362 5169 ;
3427 5117 3662 5175 cumque

2602 5189 2659 5228 in
2698 5189 2984 5240 mortem.
3045 5191 3235 5249 Sicut
3269 5198 3439 5252 enim
3479 5212 3662 5255 move-

2633 5353 2680 5434 ξ’
2709 5357 2900 5418 εαιαι-
2941 5379 3002 5434 νο
3044 5368 3152 5423 17.
3247 5370 3308 5407 τι
3333 5376 3380 5431 u
3415 5378 3549 5432 Cor.
3586 5393 3639 5434 tv

2558 5416 2897 5502 ιεοε.
2935 5416 3185 5502 sua.
3279 5416 3656 5502 «Tinga

2531 5488 2656 5573 ⁸ο--
2685 5499 2733 5573 ξ’
2757 5488 2924 5559 Joah-
2953 5488 3046 5571 ιιξ
3072 5488 3185 5573 ἐέζ
3222 5512 3336 5569 26.
3388 5488 3654 5570 ἠ’ἰὶὂῖιῖξ

2609 5568 2667 5602 ⁷⁸⁵
2689 5569 2844 5631 Psal.
2868 5590 2984 5641 XIV,
3010 5568 3064 5632 ἱ.
3151 5568 3426 5646 ίιςηδηι,
3454 5568 3650 5654 πίλα

3045 5661 3062 5692 \
