3910 6222
363 278 499 335 1'50!

1299 277 1366 331 ΙΝ
1393 275 1769 334 EPISTOLAM
1801 276 1820 328 l
1859 275 1945 331 AD
1974 268 2668 330 THESSALOMCENSES.

3360 269 3500 325 1302‘

363 403 456 450 tur
486 396 574 464 qui
601 395 806 464 vigilat,
855 394 935 450 sic
971 396 1060 464 qui
1107 396 1302 450 dormit
1349 397 1490 466 jacet
1536 397 1804 463 immotus,
1828 404 1881 450 et
1907 398 1950 454 Α
1980 394 2336 459 venienti,scd
2359 393 2408 446 ei
2440 391 2528 462 qui
2557 401 2640 445 est
2671 388 2806 458 apud
2835 387 3043 444 Patrem
3070 386 3300 444 Verbum
3330 388 3490 442 Deus.

363 485 552 538 mortis
587 492 760 554 torpet
789 485 1152 540 similitudine.
1180 486 1326 551 Quod
1358 497 1532 541 autem
1557 488 1884 542 dormitatio—

360 591 486 630 nem
537 587 791 645 sequatur
834 593 998 640 mors,
1028 587 1082 632 et
1123 580 1288 646 prima
1327 581 1391 632 ad
1425 580 1726 634 Corinthios
1758 578 1883 646 Epi-

357 663 499 716 stola
530 665 720 717 docere
745 679 840 717 nos
872 665 1085 731 pulerit,
1122 667 1173 718 in
1214 680 1318 733 qua
1361 667 1430 718 ita
1475 669 1727 734 scriptum
1762 673 1882 718 est:

359 749 522 804 Nunc
553 763 721 806 autem
761 753 995 806 Christus
1035 756 1256 808 surrexit
1284 771 1346 807 ea:
1379 757 1616 819 mortuis,
1645 757 1886 824 primitiae

359 844 739 896 dormientium
761 857 780 894 .'
807 846 926 913 quia
945 862 1033 913 per
1055 845 1308 898 hominem
1338 861 1496 909 mors,
1529 857 1576 899 et
1598 861 1688 913 per
1719 847 1886 898 homi-

361 947 483 983 nem
543 939 847 985 resurrectio
893 944 1253 995 mortuorum;
1303 941 1356 986 et
1405 944 1522 1002 post
1575 933 1882 1002 paululum:

360 1021 490 1074 Non
547 1039 720 1076 omnes
764 1024 1096 1086 dormiamus,
1134 1024 1224 1077 sed
1266 1041 1436 1077 omnes
1478 1023 1885 1089 immutabimur,

353 1112 412 1163 in
446 1124 727 1178 momento,
760 1114 814 1166 in
850 1115 954 1166 ictu
990 1113 1146 1177 oculi,
1176 1114 1230 1166 in
1261 1115 1535 1166 novissima
1561 1115 1702 1166 tuba.
1726 1112 1887 1167 Canet

359 1202 506 1252 enim
544 1202 688 1267 tuba,
734 1213 780 1255 et
821 1203 1014 1254 mortui
1042 1212 1306 1270 resurgent
1351 1203 1659 1270 incorrupti,
1704 1210 1752 1255 et
1796 1218 1887 1254 nos

355 1289 756 1340 immutabimur
794 1291 860 1343 ⁷⁷.
895 1289 1024 1343 Cum
1051 1303 1178 1356 ergo
1223 1291 1334 1344 haze
1361 1291 1425 1344 de
1452 1291 1770 1344 dormitione
1809 1290 1889 1344 di-

354 1389 557 1430 cantur
578 1388 632 1431 et
657 1388 846 1440 morte,
876 1390 929 1433 et
954 1380 1083 1433 illud
1110 1380 1409 1448 legamusin
1427 1380 1697 1449 Apostolo,
1722 1379 1888 1447 Surge

353 1468 452 1536 qui
481 1468 696 1529 dormis,
728 1479 776 1520 et
814 1485 1031 1536 exsurge
1058 1470 1121 1522 de
1151 1470 1387 1534 mortuis,
1424 1478 1472 1521 et
1500 1469 1808 1522 illuminabit
1840 1479 1889 1523 te

354 1557 600 1610 Christus
626 1557 689 1620 ⁷⁸,
729 1557 968 1625 juremus
1013 1558 1260 1621 Domino,
1311 1565 1365 1611 et
1399 1568 1578 1612 votum
1628 1557 1888 1614 faciamus

355 1647 474 1701 Deo
505 1646 685 1712 Jacob,
706 1649 1062 1716 unusquisque
1088 1648 1272 1700 dicens
1299 1649 1350 1701 in
1382 1650 1538 1702 corde
1567 1664 1696 1704 suo:
1725 1649 1782 1702 Si
1804 1667 1889 1703 as-

1980 484 2046 536 Et
2082 492 2204 536 tunc
2245 481 2458 550 quidem
2488 481 2892 550 egrediebantur
2919 479 2972 532 in
3003 479 3288 541 desertum,
3315 488 3374 532 ut
3396 494 3496 531 au-

1983 575 2159 628 dirent
2187 573 2443 640 assumpti
2474 569 2704 624 hominis
2736 583 3141 639 praecursorem,
3169 576 3222 620 et
3259 568 3497 622 viderent

1984 662 2301 716 arundinem
2340 670 2498 713 vento
2548 660 2800 728 agitatam
2854 657 2921 719 ⁸⁸,
2953 657 3017 710 de
3047 670 3148 723 qua
3190 655 3340 708 factae
3375 662 3497 708 sunt

1985 750 2144 812 tibiae,
2175 759 2229 802 et
2261 747 2455 801 vocalis
2487 746 2720 800 calamus
2739 743 2829 813 qui
2854 744 2906 796 in
2928 757 3021 797 ore
3051 756 3328 811 puerorum
3359 741 3498 794 dulci

1983 848 2135 893 sonat
2177 838 2554 899 modulamine,
2591 835 2895 890 canentium
2925 831 2975 885 in
3011 832 3200 894 plateis
3229 839 3383 898 atque
3420 830 3500 882 di-

1985 928 2218 982 centium
2255 945 2269 980 :
2315 925 2649 978 Cantauimus
2703 924 2876 987 vobis,
2915 930 2964 975 et
3019 937 3118 973 non
3169 920 3395 973 saltastis
3429 919 3498 970 ”.

1985 1015 2136 1069 Nunc
2187 1024 2364 1068 autem
2408 1014 2460 1067 in
2493 1027 2623 1066 voce
2658 1010 2958 1077 archangeli
3011 1009 3358 1078 praecedentis
3394 1007 3500 1060 Do-

1987 1105 2188 1158 minum
2231 1102 2637 1156 descendentem
2679 1100 2742 1153 de
2786 1098 2958 1160 cretis,
3006 1106 3060 1151 et
3101 1099 3153 1150 in
3202 1096 3501 1150 clarissima

1987 1194 2134 1257 tuba,
2165 1190 2529 1258 unusquisque
2552 1187 2875 1242 credentium
2904 1182 2986 1241 vel
3024 1188 3087 1240 ad
3113 1186 3375 1254 praelium,
3422 1185 3504 1237 vel

1986 1280 2050 1332 ad
2084 1277 2431 1333 sacerdotalia
2479 1275 2771 1328 ministeria
2803 1284 3136 1340 provocatur.
3170 1271 3501 1340 Legimus'in

1988 1367 2334 1421 Numerorum
2361 1365 2497 1418 libro
2525 1365 2569 1395 ⁹⁰
2611 1372 2847 1417 sacratas
2883 1363 2986 1416 Deo
3015 1362 3189 1424 tubas,
3225 1375 3342 1428 quae
3382 1369 3506 1412 ante

1989 1454 2191 1507 hostias
2233 1461 2536 1521 personant.
2584 1450 2675 1505 Sin
2733 1461 2908 1504 autem
2953 1464 3141 1518 magna
3171 1457 3252 1502 est
3277 1462 3378 1500 vox
3407 1463 3504 1499 an-

1985 1542 2107 1612 geli,
2163 1550 2217 1595 et
2270 1541 2428 1605 tubae,
2475 1550 2526 1594 et
2568 1538 2897 1606 archangeli,
2946 1547 3144 1604 quanto
3194 1537 3357 1604 magis
3403 1535 3505 1588 erit

1989 1635 2132 1688 tubae
2163 1633 2251 1684 Dei
2301 1647 2417 1699 quae
2447 1639 2599 1697 parat
2627 1631 2739 1683 vias
2765 1631 2996 1698 primum
3030 1627 3399 1679 dormientium
3452 1631 3506 1675 et

354 1739 582 1790 cendam
633 1753 786 1805 super
827 1749 1046 1790 stratum
1102 1753 1290 1800 meum,
1326 1739 1372 1790 εἱ
1418 1739 1604 1790 dedero
1649 1755 1886 1792 εοιηηωη
1918 1705 1958 1758 Β
1990 1731 2318 1776 mortuorum
2351 1723 2404 1773 in
2442 1719 2673 1782 Christo,
2723 1719 3136 1793 deindeIcorum
3176 1712 3265 1781 qui
3296 1712 3500 1777 vivunt,

355 1826 530 1879 oculis
565 1828 689 1880 meis
722 1836 770 1880 et
808 1829 1063 1896 palpebris
1096 1828 1218 1880 meis
1255 1828 1691 1893 dormitationem,
1730 1830 1888 1882 donec

352 1917 622 1970 inveniam
648 1919 812 1971 locum
839 1917 1058 1971 Domino
1079 1919 1123 1950 τ’
1155 1936 1168 1972 :
1217 1920 1356 1973 haud
1405 1917 1618 1972 dubium
1659 1920 1784 1987 quin
1835 1920 1886 1971 in

353 2009 544 2062 anima
575 2023 668 2061 sua
700 2008 1091 2063 tabernaculum
1125 2010 1232 2064 Deo
1257 2008 1440 2077 Jacob,
1470 2021 1528 2064 ut
1552 2012 1690 2065 Deus
1719 2011 1773 2066 in
1800 2011 1889 2065 illo

351 2107 563 2150 reterna
587 2099 711 2150 sede
737 2097 1056 2162 requiescat.

435 2185 720 2254 Sequitur:
751 2183 886 2247 Quia
919 2187 1023 2252 ipse
1053 2186 1300 2240 Dominus
1332 2188 1384 2240 in
1405 2190 1561 2255 jussu
1593 2188 1658 2252 ⁸ο,
1684 2196 1736 2242 et
1762 2188 1888 2243 reli—

354 2291 497 2343 qua.
541 2276 838 2328 Descendet
859 2276 999 2329 enim
1042 2277 1238 2330 missus
1264 2293 1292 2329 a
1319 2277 1498 2340 Patre,
1536 2293 1640 2332 non
1665 2279 1887 2332 diversi-

356 2375 478 2419 tate
505 2365 736 2429 virtutis,
769 2364 859 2418 sed
883 2365 1277 2431 dispensatione
1317 2364 1548 2431 judicis;
1575 2375 1630 2420 et
1671 2368 1888 2420 descen-

353 2456 453 2508 det
489 2454 555 2506 ad
587 2468 678 2508 eos
699 2454 790 2521 qui
826 2453 1066 2508 deorsum
1113 2463 1240 2507 sunt
1292 2455 1516 2508 Verbum
1561 2455 1678 2518 Dei,
1709 2464 1764 2508 et
1799 2470 1888 2508 sa-

355 2546 590 2614 pientia,
635 2553 688 2597 et
731 2543 948 2606 veritas,
1005 2553 1160 2610 atque
1196 2542 1426 2610 justitia.
1474 2544 1537 2596 Et
1562 2551 1886 2613 ;quanquam

358 2634 568 2688 mortui
607 2635 711 2688 sint
742 2637 806 2685 ad
850 2647 984 2700 quos
1019 2633 1263 2700 dignatur
1294 2633 1639 2697 descendere,
1675 2649 1778 2688 non
1813 2643 1891 2686 ta-

359 2739 489 2776 men
523 2733 646 2776 sunt
685 2723 750 2776 ab
790 2737 852 2775 eo
883 2722 1040 2776 alieni
1088 2740 1104 2776 :
1143 2723 1338 2775 mortui
1371 2725 1510 2776 enim
1541 2732 1797 2776 vocantur
1835 2722 1887 2775 in

356 2813 582 2868 Christo
617 2812 682 2864 ⁸¹.
723 2811 820 2876 Qui
854 2822 1030 2865 autem
1067 2813 1268 2874 vivunt,
1311 2814 1411 2866 hoc
1441 2812 1640 2865 habent
1672 2812 1888 2880 privile-

359 2906 540 2970 gium,
567 2901 704 2968 quod
735 2902 1005 2969 eliguntur
1033 2917 1062 2956 e
1084 2904 1350 2970 pluribus.
1389 2903 1639 2954 Attamen
1687 2910 1891 2954 atrurn-

358 3005 474 3059 que
505 3005 716 3060 agmen,
759 3000 812 3044 et
850 3000 1179 3044 mortuorum
1228 2990 1279 3042 in
1339 2989 1669 3052 Christo,‘et
1711 2989 1892 3042 viven-
1919 3014 1959 3072 ρ

361 3083 527 3143 tium,
562 3082 830 3150 rapientur
870 3081 1069 3148 pariter
1099 3081 1150 3132 in
1193 3079 1420 3132 nubibus
1473 3077 1682 3131 obviam
1733 3076 1889 3132 Chri-

357 3183 451 3225 sto
484 3171 552 3233 8',
580 3179 636 3222 ut
666 3183 769 3221 non
798 3183 916 3220 eum
943 3178 1248 3236 exspectent
1269 3169 1434 3222 donec
1460 3167 1526 3219 ad
1557 3178 1765 3222 terrena
1800 3167 1893 3220 de-

357 3257 611 3320 scendat,
644 3257 734 3310 sed
765 3257 1042 3323 prasentia
1071 3256 1211 3310 illius
1241 3265 1292 3310 et
1319 3255 1663 3308 contubernio
1687 3256 1738 3308 in
1764 3256 1892 3309 sub-

361 3347 598 3402 limibus
653 3344 1016 3412 perfruantur.
1067 3344 1696 3412 Quantaqueclementia
1741 3343 1893 3397 Chri-

355 3438 459 3509 sti,
494 3443 551 3487 ut
588 3447 682 3501 pro
703 3433 872 3486 salute
904 3441 1081 3486 nostra
1113 3448 1214 3485 non
1242 3435 1409 3486 solum
1442 3447 1567 3486 caro
1599 3435 1770 3486 lactus
1802 3435 1904 3495 sit,

358 3531 468 3583 sed
497 3527 561 3578 ad
592 3533 828 3579 mortuos
860 3538 1026 3592 usque
1051 3523 1401 3587 descenderit,
1423 3532 1476 3577 et
1499 3525 1548 3577 in
1581 3526 1690 3592 ipsa
1724 3533 1894 3578 morte

357 3616 568 3672 habeat
605 3614 751 3682 signa
787 3613 1078 3666 viventium
1107 3612 1120 3666 !
1156 3626 1292 3678 aqua
1325 3611 1470 3666 enim
1501 3621 1554 3665 et
1587 3612 1804 3680 sanguis
1828 3612 1893 3664 de

355 3711 538 3760 latere
567 3702 680 3769 ejus
710 3716 924 3770 egressa
959 3707 1081 3754 sunt
1108 3700 1174 3752 ⁸³.
1204 3699 1484 3754 Descendit
1531 3701 1693 3768 igitur
1720 3713 1892 3752 sermo

358 3796 583 3852 divinus
610 3807 737 3846 voce
773 3793 1076 3862 archangeli
1105 3791 1458 3860 praecedente,
1486 3801 1538 3844 et
1568 3795 1894 3857 praeparante

357 3886 471 3941 sibi
516 3885 652 3936 viam
700 3885 751 3936 in
811 3882 897 3937 his
929 3884 1018 3952 qui
1051 3884 1166 3952 ejus
1215 3888 1436 3950 possunt
1483 3879 1623 3932 ferre
1660 3891 1891 3946 praesen-

360 3977 515 4028 tiam.

373 4051 376 4056 ’
437 4063 590 4129 Quod
625 4070 680 4114 ut
709 4077 962 4130 queamus
985 4062 1296 4130 intelligere,
1326 4061 1477 4128 primi
1503 4061 1756 4115 adventus
1783 4077 1894 4130 my-

357 4156 535 4209 steria
567 4166 965 4220 cognoscamus.
999 4152 1264 4222 Scriptum
1315 4162 1398 4208 est
1441 4153 1507 4206 de
1553 4150 1756 4205 Joanne
1805 4153 1894 4219 qui

358 4258 667 4315 praecursor
703 4243 815 4310 ejus
860 4242 976 4308 fuit,
1023 4245 1163 4312 quod
1196 4246 1246 4298 in
1280 4259 1460 4299 eremo
1509 4243 1700 4296 dixerit
1730 4259 1744 4295 :
1784 4241 1893 4310 Ego

357 4349 466 4389 una:
490 4333 762 4384 clamantis
791 4333 843 4382 in
882 4333 1082 4385 deserto
1105 4333 1189 4396 i5";
1223 4344 1277 4386 et
1317 4334 1544 4402 reliqua.
1599 4331 1734 4396 Quid
1784 4330 1892 4384 cla-

358 4426 535 4478 mavit
570 4435 669 4473 vox
702 4420 756 4472 in
787 4421 1034 4473 deserto;
1068 4421 1258 4475 Parale
1287 4425 1422 4476 viam
1464 4422 1692 4485 Domini,
1727 4431 1890 4474 rectas

357 4515 528 4583 facile
555 4511 762 4564 semitas
789 4508 899 4577 ejus
938 4510 1022 4562 li"?
1057 4510 1134 4563 0b
1171 4513 1310 4578 quod
1345 4513 1616 4578 pratulium
1667 4524 1891 4576 quamve

355 4601 664 4658 mercedem
691 4618 705 4653 :
737 4597 915 4652 Omnis
950 4599 1099 4654 uallis
1127 4600 1438 4668 implebitur,
1473 4609 1520 4651 et
1551 4601 1712 4651 omnis
1745 4616 1889 4653 mons

352 4702 407 4746 et
437 4688 584 4742 collis
617 4687 977 4740 humiliabitur
1006 4701 1026 4740 :
1070 4695 1118 4740 et
1151 4698 1298 4741 erunt
1318 4703 1475 4756 prava
1503 4687 1558 4739 in
1587 4688 1802 4751 directa,
1837 4697 1888 4739 et

353 4793 552 4845 aspera
579 4775 740 4846 695
774 4778 826 4827 in
854 4776 960 4828 uias
983 4775 1163 4842 planas
1192 4794 1211 4842 ;
1253 4786 1300 4830 et
1328 4777 1517 4830 uidebit
1557 4779 1721 4829 omnis
1768 4793 1888 4831 caro

354 4868 612 4926 Salutare
642 4865 737 4918 Dei
761 4865 838 4916 “‘i
872 4864 980 4918 Hoc
1001 4875 1176 4918 autem
1205 4867 1344 4931 ideo,
1369 4866 1493 4933 quia
1528 4863 1742 4920 Verbum
1769 4882 1889 4919 caro

355 4963 566 5032 factum
598 4966 693 5018 est,
723 4962 772 5007 et
803 4955 1046 5008 habitavit
1071 4955 1122 5007 in
1154 4955 1296 5008 nobis
1325 4955 1390 5008 ⁸⁷.
1418 4954 1564 5008 Nune
1596 4965 1768 5009 autem
1795 4971 1889 5010 ne-

351 5059 632 5118 quaquam
685 5055 788 5094 vox
844 5041 1112 5108 prophetae
1158 5043 1210 5096 in
1263 5044 1474 5097 deserto
1513 5041 1636 5105 erit,
1665 5043 1759 5096 sed
1785 5057 1885 5098 vox

351 5131 676 5203 archangeli
717 5131 955 5200 parantis
997 5131 1112 5186 vias
1158 5133 1344 5186 nonin
1371 5131 1551 5211 carnis
1591 5130 1888 5190 humilitate

1986 1821 2042 1866 et
2068 1811 2262 1866 residui
2292 1818 2441 1874 sunt,
2473 1818 2526 1861 et
2557 1807 2818 1862 sermonis
2868 1805 2958 1860 Dei
3005 1803 3375 1872 prtestolantur
3408 1803 3504 1852 ad-

1985 1907 2197 1953 ventum
2219 1898 2242 1951 ?
2262 1897 2508 1951 Forsitan
2535 1893 2790 1962 simplicis
2826 1893 2961 1945 tubae
2989 1894 3206 1957 clangor
3234 1888 3504 1940 dormien~

1986 1991 2130 2044 tibus
2160 1995 2213 2042 et
2244 1985 2468 2040 mortuis
2519 1985 2572 2038 in
2620 1982 2830 2037 Christo
2875 1982 3205 2035 necessarius
3234 1989 3352 2044 est;
3399 1993 3503 2032 vox

1986 2089 2165 2132 autem
2195 2073 2495 2141 archangeli
2545 2081 2597 2125 et
2643 2072 2778 2124 tubae
2806 2071 2895 2124 Dei
2931 2071 3012 2123 his
3041 2069 3128 2137 qui
3157 2070 3341 2122 vivunt
3373 2077 3425 2121 et
3450 2067 3503 2120 in

1989 2166 2267 2238 praesentia
2305 2164 2395 2216 Dei
2422 2171 2776 2216 reservantur.

2059 2257 2340 2308 Videamus
2369 2253 2492 2321 quid
2526 2251 2688 2320 possit
2713 2248 2931 2316 intelligi
2971 2257 3025 2300 et
3061 2246 3111 2299 id
3140 2246 3280 2313 quod
3325 2245 3504 2313 sequi-

1991 2357 2076 2400 tur
2101 2364 2114 2399 :
2137 2343 2306 2399 Simul
2337 2359 2452 2396 cum
2473 2341 2572 2394 illis
2597 2341 2855 2408 rapientur
2881 2338 2944 2390 ⁹¹.
2972 2335 3088 2402 Quo
3114 2336 3274 2389 verbo
3298 2335 3508 2389 ostendi

1991 2444 2122 2504 puto
2155 2433 2384 2488 subitura
2436 2432 2500 2483 ad
2536 2431 2756 2483 meliora
2795 2439 3183 2488 transcensum,
3230 2431 3282 2477 et
3307 2423 3506 2477 idcirco

1993 2534 2198 2593 raptum
2228 2539 2285 2575 se
2315 2521 2548 2575 voluisse
2581 2520 2778 2580 dicere,
2809 2525 2866 2568 ut
2893 2513 3141 2568 velocitas
3181 2511 3504 2565 transeuntis

1989 2627 2201 2666 sensum
2234 2609 2518 2678 cogitantis
2545 2605 2849 2661 excederet.
2879 2601 3028 2668 Quod
3074 2608 3130 2654 et
3171 2601 3224 2652 in
3251 2599 3356 2652 alio
3387 2598 3504 2652 loco

1990 2703 2225 2772 ejusdem
2257 2700 2402 2754 verbi
2437 2697 2763 2768 proprietate
2786 2692 3013 2762 signavit
3051 2710 3063 2745 :
3101 2687 3218 2742 Scio
3253 2688 3504 2740 hominem

1989 2793 2042 2842 in
2065 2788 2268 2842 Christo
2295 2796 2411 2839 ante
2443 2801 2602 2838 annos
2628 2781 3029 2850 quatuordecim,
3060 2780 3160 2832 sive
3187 2780 3239 2829 in
3265 2789 3506 2844 _corpore,

1993 2881 2180 2938 nescio,
2221 2875 2322 2927 sive
2355 2884 2500 2926 extra
2527 2887 2732 2939 corpus,
2763 2871 2951 2930 nescio,
2982 2867 3121 2919 Deus
3152 2865 3266 2929 scit,
3307 2872 3509 2930 raptum

1993 2963 2288 3016 istiusmodi
2315 2976 2472 3029 usque
2500 2959 2568 3010 ad
2595 2957 2800 3009 tertium
2831 2955 3030 3007 caelum.
3074 2949 3136 3002 Et
3178 2950 3282 3002 scio
3323 2949 3510 3016 hujus-

1996 3053 2131 3105 modi
2155 3051 2430 3112 hominem,
2470 3048 2572 3100 sive
2607 3046 2659 3097 in
2709 3057 2942 3110 corpore,
2982 3041 3086 3092 sive
3120 3047 3266 3090 extra
3305 3051 3508 3102 corpus,

1995 3144 2180 3204 nescio,
2213 3140 2345 3191 Deus
2383 3138 2500 3200 scit,
2532 3137 2651 3201 quia
2689 3143 2864 3198 raptus
2907 3141 2978 3182 est
3019 3130 3077 3180 in
3115 3127 3430 3204 paradisum,
3460 3133 3508 3176 et

1995 3200 2185 3287 audivit
2207 3232 2354 3284 verba
2393 3200 2677 3294 ineffabilia
2694 3238 2806 3289 qua:
2831 3236 2929 3272 non
2947 3220 3061 3271 licet
3083 3200 3424 3283 hominiloqui
3441 3213 3508 3263 ".

1991 3323 2092 3376 Alii
2132 3321 2270 3376 enim
2302 3317 2659 3386 proﬁcientes,
2689 3320 2759 3373 et,
2794 3319 2851 3362 ut
2877 3311 2946 3361 ita
2979 3308 3167 3367 dicam,
3209 3303 3510 3370 gradientes

1990 3418 2054 3470 ad
2095 3415 2293 3480 majora
2320 3407 2654 3467 crescebant,
2685 3405 2852 3457 donec
2883 3401 3088 3458 tierent,
3115 3397 3268 3464 juxta
3293 3394 3343 3446 id
3369 3392 3510 3460 quod

1991 3507 2245 3572 scriptum
2280 3509 2380 3561 est,
2421 3496 2594 3563 magni
2647 3492 2791 3544 valde
2842 3489 2991 3539 nimis
3032 3487 3075 3516 ³³
3113 3501 3127 3550 ;
3163 3497 3217 3539 et
3251 3485 3510 3551 quosdam

1992 3594 2042 3646 iu
2075 3591 2270 3644 coelum
2313 3593 2613 3650 assumptus
2657 3580 2900 3646 legimus.
2947 3573 3141 3627 Paulus
3191 3583 3366 3624 autem
3415 3582 3511 3622 vas

1991 3678 2264 3735 electionis
2289 3677 2340 3728 in
2365 3659 2576 3726 tertium
2621 3665 2814 3721 coelum
2864 3673 3045 3729 raptus
3072 3661 3327 3721 ascendit,
3359 3666 3412 3710 et
3433 3657 3514 3710 id-

1996 3772 2140 3824 circo
2171 3765 2376 3818 audivit
2403 3763 2563 3816 verba
2598 3755 2904 3812 inell‘abilia.
2935 3752 3206 3818 Quomodo
3251 3758 3428 3802 autem
3456 3748 3511 3802 bl

1994 3859 2083 3928 qui
2124 3856 2398 3923 rapiuntur
2435 3852 2489 3903 in
2533 3849 2773 3909 nubibus,
2812 3847 3088 3911 rapiantur
3123 3839 3320 3892 obviam
3361 3835 3514 3889 Chri-

1997 3958 2075 4001 sto
2097 3946 2164 4010 θδ,
2193 3941 2497 4012 diligentius
2541 3938 3002 4004 contemplandum
3029 3942 3128 3986 est.
3177 3929 3382 3983 Scimus
3407 3941 3510 3978 nu-

1991 4036 2084 4089 bes
2114 4033 2420 4103 prophetas,
2451 4028 2636 4095 quibus
2672 4023 2919 4103 prrecepit
2946 4019 3138 4074 Deus"
3169 4031 3233 4070 ne
3267 4015 3512 4084 pluerent

1995 4102 2150 4194 super
2178 4121 2421 4176 lsraelem
2457 4119 2703 4178 imbrem,
2735 4102 2943 4182 quando
2977 4111 3324 4174 impleverunt
3354 4119 3509 4156 men-

1997 4228 2174 4268 suram
2206 4217 2409 4278 patrum
2441 4222 2654 4257 suornm
2684 4204 2749 4265 ⁸³,
2783 4214 2835 4254 et
2866 4202 2998 4252 laeta
3029 4209 3110 4251 est
3153 4197 3238 4248 lex
3281 4203 3335 4247 et
3383 4208 3508 4261 pro-

1923 4313 1964 4366 D
1999 4304 2176 4372 pheta:
2213 4312 2380 4365 usque
2437 4295 2499 4346 ad
2551 4291 2806 4346 Joannem
2859 4290 3148 4358 Baptistam
3189 4286 3254 4340 ’⁷.
3294 4284 3359 4335 Et
3387 4282 3511 4349 quin

1997 4395 2133 4446 Deus
2174 4389 2350 4457 posuit
2375 4387 2426 4438 in
2450 4382 2682 4437 Ecclesia
2713 4380 2938 4448 primum
2968 4374 3253 4444 apostolos,
3280 4373 3512 4426 secundo

2000 4480 2286 4549 prophetas
2310 4476 2376 4542 ⁸⁸,
2411 4489 2514 4527 non
2561 4471 2731 4526 solum
2767 4467 3052 4537 prophetae,
3088 4465 3180 4518 sed
3203 4471 3258 4517 et
3288 4462 3513 4530 apostoli

1997 4571 2161 4624 nubes
2211 4562 2536 4634 intelligendi
2583 4568 2724 4615 sunt.
2763 4559 2819 4611 Si
2847 4558 2966 4626 quis
3015 4556 3176 4625 igitur
3210 4555 3412 4621 rapitur
3444 4554 3516 4605 ad

1992 4661 2283 4724 Christum,
2313 4654 2552 4710 ascendit
2586 4665 2746 4718 super
2783 4649 2948 4702 nubes
2972 4647 3099 4714 legis
3132 4653 3188 4699 et
3221 4642 3520 4712 Evangelii,

1995 4765 2152 4818 super
2185 4749 2470 4819 praphetas
2498 4754 2550 4799 et
2581 4741 2845 4810 apostolos
2868 4757 2884 4804 ;
2906 4748 2959 4791 et
2987 4735 3274 4803 assumptis
3302 4733 3399 4786 alis
3421 4746 3519 4786 co-

1993 4842 2203 4906 lumbte,
2253 4849 2543 4904 eorumque
2593 4832 2828 4887 doctrina
2891 4829 2961 4882 ad”
3004 4825 3211 4880 excelsa
3252 4823 3506 4886 sublatus,

1993 4935 2247 4999 occurrit,
2301 4944 2402 4982 non
2445 4927 2713 4984 deorsum,
2745 4921 2836 4972 sed
2880 4919 2933 4970 in
2985 4929 3126 4978 aere,
3160 4925 3215 4967 et
3246 4912 3522 4980 spirituali'

1993 5021 2338 5090 intelligentia
2399 5013 2818 5082 Scripturarum.
2885 5007 3181 5062 Occurrens
3231 5011 3404 5056 autem
3454 5002 3506 5055 in

1995 5113 2372 5185 Spiritualibus,
2420 5116 2475 5160 et
2533 5115 2743 5159 terrena
2803 5098 3094 5162 dimittens,
3155 5094 3266 5150 sive
3308 5093 3398 5146 ille
3441 5093 3488 5148 si

467 5295 513 5325 ν’
559 5294 575 5345 l
624 5294 746 5348 Cor.
793 5308 879 5357 xv,
919 5293 1008 5356 20,
1056 5290 1146 5355 2|,
1191 5291 1278 5353 51,
1328 5286 1756 5357 δίε-νενεωλωὲ
1792 5287 1948 5357 ν,14.
2021 5287 2063 5317 ⁷ο
2091 5264 3511 5357 εδειιερξιιι.ᾖξξηῦςηξοΙζτιξιξεελῖιϋβκξιξιήρτ

349 5369 402 5402 ⁸⁸
442 5333 578 5417 ibid:
605 5333 1008 5415 lbiquoai-i,
1048 5333 1162 5424 δι’,
1328 5333 1761 5416 ἐἶ’Μειιιῖτιῖἷξὲ»

2002 5370 2056 5424 γι,
2091 5333 2271 5424 75:17:"
2296 5333 2430 5424 _Luc.
2463 5333 2580 5402 ni,‘
2598 5334 2973 5424 iioangnt‘,“23.
3045 5334 3089 5365 ⁸⁸
3130 5333 3227 5424 [ξεί.
3265 5348 3348 5395 xL,
3370 5334 3422 5395 '5,
3446 5334 3508 5424 ti;

350 5403 689 5493 ιυέᾞῖίέξ
709 5429 761 5482 6.
828 5403 1274 5490 37332....3'fii."
1304 5426 1352 5458 ⁸⁸
1373 5403 1755 5493 Li‘£.'§ii,'a’i.'
1787 5403 2419 5493 “Viduli;si,‘l7_;_l.uc.
2465 5422 2590 5493 γιιῦ
2603 5407 2732 5493 '52.“
2759 5403 2990 5493 ibiut";
3031 5405 3508 5493 nul-xlrxhuti.

351 5472 473 5559 ΐῑ
495 5472 684 5552 τιῖἑεεῖ
711 5472 801 5562 Tv,
837 5472 1036 5552 ιθῖἿι
1055 5472 1235 5549 η’ρὶιὶζ
1261 5510 1355 5558 χιι.
1371 5472 1808 5562 semisses...
1835 5472 1890 5546 xi

1989 5472 2089 5545 l3.
2140 5472 2498 5541 ""l'TlleSJV,
2531 5477 2612 5530 16.
2689 5475 3014 5538 "-lsai.v,6.
3087 5472 3523 5535 "Mutthmxnt,

351 5574 451 5630 δὲ.
529 5569 571 5598 ⁹⁷
601 5561 793 5623 Matth.
858 5564 1040 5631 Xt,13.
1112 5565 1155 5598 ⁸³
1180 5565 1372 5634 Ephes.
1404 5577 1476 5628 tv,
1515 5561 1596 5614 ll.
