3910 6254
281 298 420 354 1503

277 509 335 560 in
377 502 518 558 illius
549 499 881 570 prmsentiam
931 506 1256 559 reservotns,
1301 509 1514 564 semper
1559 509 1678 550 cum
1707 492 1799 548 illo

1511 284 1826 342 ORIGENIS
1861 280 2280 340 FRAGMENTA

277 415 568 480 dormiens,
595 411 706 466 sive
757 410 809 463 in
843 408 1054 465 Christo
1095 416 1352 470 mortuus,
1394 404 1505 460 sive
1537 405 1721 460 vivens
1747 413 1800 458 et
1829 408 1872 466 Α
1900 403 2021 466 erit,
2053 408 2106 455 et
2137 397 2443 468 perfruetur
2477 389 2667 444 Verbo
2727 383 2867 449 Dei,

3467 250 3617 309 1504

2925 388 2994 435 et
3053 368 3408 444 sapientia,
3454 367 3617 420 veri-
3655 397 3668 418 .-

1905 501 2033 556 tate,
2066 501 2229 559 atque
2246 485 2485 556 iustitia.

286 607 3609 681 _____________________________________..

957 797 1065 856 EX
1098 793 1331 855 LIBRO
1361 790 1730 854 ORIGENIS
1759 788 1838 848 IN
1863 783 2318 847 EPISTOLAM
2349 781 2460 840 AD
2486 774 2786 837 TlTUM.

343 967 422 1024 De
439 983 498 1022 eo
512 949 734 1034 capitulo
761 964 813 1016 in
845 979 944 1032 quo
967 962 1092 1013 dicit
1116 957 1422 1028 Apostolus:
1449 975 1468 1008 ι
1493 953 1804 1034 Hceretit‘um
1837 949 2096 1034 hominem
2134 938 2864 1034 postgttnamfoxeptionem
2895 929 3129 993 άευὲιαν
3168 925 3376 978 δείθηε
3407 918 3547 989 συίι

769 1007 813 1045 f"
845 1007 940 1032 ""'
967 1007 1437 1097 ἷξῆέῆςάξέέίξει
1459 1032 1652 1095 peccat,
1679 1020 1852 1090 quiest
1873 1007 2184 1084 asemettpso
2200 1017 2480 1066 damnatus
2512 1007 2646 1078 (90).
2669 1040 2692 1076 ι

1812 1183 1883 1195 ..-

345 1349 547 1404 Nomen
577 1348 816 1409 haeresis,
851 1354 1107 1412 quantum
1157 1356 1255 1408 ego
1283 1337 1678 1406 deprehendere
1707 1347 1802 1402 po-
1832 1335 1875 1388 B
1909 1341 2030 1381 eum
2066 1324 2290 1386 fecerat,
2327 1329 2388 1373 ut
2419 1317 2672 1412 mit—teret

279 1444 373 1506 tui,
406 1443 566 1495 etiam
596 1441 645 1492 in
672 1439 903 1506 Epistola
934 1436 998 1488 ad
1025 1432 1327 1488 Corinthios
1362 1428 1673 1497 designatur
1706 1425 1806 1478 hoc

276 1533 463 1586 modo:
491 1529 843 1596 Oportetenim
862 1527 1077 1602 hwreses
1101 1538 1230 1583 esse,
1255 1519 1520 1587 ulprobati
1547 1513 1806 1583 manifesti

279 1622 404 1690 ﬁant
446 1620 578 1671 inter
605 1633 691 1670 vos
717 1617 755 1668 ί.
787 1616 848 1668 Ει
875 1616 1064 1667 iterum
1097 1612 1164 1662 ad
1193 1609 1429 1668 Galatas,
1465 1607 1606 1658 inter
1647 1614 1804 1670 opera

278 1709 456 1762 carnis
490 1708 703 1762 Incresis
722 1719 932 1772 quoque
963 1717 1152 1755 nomen
1187 1699 1494 1761 ascribitur,
1524 1695 1668 1748 sicut
1692 1692 1803 1744 ait:

281 1797 561 1865 Manifesta
586 1807 756 1849 autem
781 1805 896 1848 sunt
930 1807 1082 1858 opera
1112 1789 1304 1850 carnis,
1339 1802 1452 1864 quae
1490 1793 1607 1838 sunt
1638 1780 1806 1851 forni-

277 1890 432 1952 catio,
461 1886 808 1948 immunditia,
841 1877 1511 1949 impudicitia,idololatria,
1539 1873 1807 1938 veneﬁcia,

179 2021 185 2028 .
277 1977 588 2040 inimicitiw,
651 1975 1019 2036 contentiones,
1083 1971 1452 2028 wmulationes,
1497 1965 1611 2028 ine,
1657 1967 1805 2028 rixae,

279 2067 574 2128 discordiae,
591 2065 827 2127 hwreses.
843 2065 1131 2127 ebrietates,
1147 2061 1565 2122 comessationes,
1579 2067 1624 2109 et
1643 2057 1722 2108 his
1737 2055 1809 2108 si-

281 2156 446 2217 milia,
467 2170 580 2222 qua’
595 2155 816 2218 pra'dico
837 2151 1249 2219 vobis,qttoniam
1269 2149 1356 2217 qui
1383 2146 1508 2200 talia
1525 2154 1707 2215 agunt,
1723 2160 1804 2196 re-

279 2259 431 2311 gnum
480 2241 575 2294 Dei
596 2257 696 2292 non
735 2240 1121 2307 possidebunt’.
1148 2237 1249 2290 Per
1281 2251 1398 2303 quae
1437 2236 1806 2302 cognoscimus

281 2335 549 2398 quoniam,
594 2332 732 2383 sicut
779 2330 829 2381 hi
853 2331 942 2395 qui
975 2326 1434 2386 fornicationibus,
1473 2323 1552 2378 vel
1583 2324 1808 2378 immun-

280 2424 445 2484 ditiis,
466 2433 624 2488 atque
649 2419 1012 2488 impudicitiis,
1030 2427 1082 2470 et
1101 2417 1360 2469 idolorum
1390 2414 1616 2468 cultibus
1633 2430 1812 2467 macu-

282 2516 372 2568 .ati
403 2521 547 2575 sunt,
575 2526 792 2579 regnum
814 2510 900 2562 Dei
933 2524 1035 2561 non
1062 2506 1424 2575 possidebunt,
1467 2507 1534 2558 ita
1554 2515 1607 2559 et
1631 2506 1683 2558 hi
1716 2503 1806 2574 qui

282 2603 334 2656 in
383 2602 625 2656 haeresim
669 2598 1068 2652 declinaverint.
1115 2595 1296 2663 Neque
1333 2596 1474 2647 enim
1516 2593 1804 2662 putandum
1836 2655 1873 2672 Π

283 2701 368 2743 (δι
401 2689 527 2742 tanti
551 2686 787 2756 Apostoli
817 2696 919 2737 tam
956 2682 1250 2736 absolutam
1311 2680 1623 2734 sententiam
1654 2693 1808 2745 posse

281 2780 388 2831 nllo
409 2791 600 2845 genere
625 2774 892 2829 vacillare.
923 2769 1205 2839 Apostolus
1251 2768 1394 2821 enim
1443 2777 1526 2820 est
1572 2766 1809 2820 omnium

280 2867 636 2928 Ecelesiarutn
672 2862 897 2925 Christi,
935 2876 1035 2913 non
1059 2859 1121 2911 ab
1153 2858 1375 2923 homine,
1410 2873 1568 2924 neque
1600 2871 1687 2924 per
1719 2855 1810 2908 Ito-

283 2962 492 3021 minem,
525 2957 614 3010 sed
657 2971 746 3024 per
782 2953 962 3007 Iesum
1000 2950 1280 3015 Christum,
1315 2958 1364 3002 et
1408 2948 1570 3002 Deum
1601 2948 1810 3001 Patrem

283 3050 482 3104 electus
507 3048 549 3100 ³.
589 3046 748 3116 695
793 3045 1078 3112 Propterea
1114 3056 1264 3110 ergo,
1303 3041 1592 3094 secundum
1633 3049 1811 3092 aucto-

284 3143 493 3194 ritatem
517 3137 790 3192 sententiae
829 3135 1011 3202 ipsius,
1035 3142 1248 3200 oportet
1287 3147 1405 3195 nos,
1435 3133 1575 3186 sicut
1607 3131 1809 3197 reliqua

286 3230 423 3286 mala
441 3244 559 3298 quae
587 3226 906 3290 numeravit,
932 3226 1002 3277 ita
1025 3226 1182 3278 etiam
1215 3238 1402 3276 nomen
1427 3223 1644 3276 hazresis
1675 3221 1813 3275 devi-

287 3328 425 3382 tare,
453 3330 620 3385 neque
637 3329 756 3368 cum
785 3314 976 3366 talibus
1003 3311 1258 3366 orationis
1291 3312 1545 3365 societate
1575 3312 1808 3365 misceri.

288 3424 353 3477 Et
386 3433 496 3493 post
533 3423 641 3475 lucc
668 3421 847 3488 paucis
877 3418 1179 3538 tinibétsda‘m
1213 3434 1302 3484 per
1335 3419 1559 3472 medium
1605 3418 1810 3471 insertis

951 3504 981 3538 a
1026 3501 1114 3538 rect
1147 3525 1161 3538 .

951 3501 1161 3554 aajecu.

355 3581 493 3646 Quid
529 3593 657 3633 vero
681 3578 752 3632 sit
791 3577 1073 3631 haereticus
1117 3577 1298 3640 homo,
1349 3589 1446 3645 pro
1474 3575 1677 3629 viribus
1714 3591 1810 3629 no-

291 3673 419 3728 stris
471 3671 760 3725 secundum
802 3668 939 3737 quod
977 3667 1177 3721 sentire
1208 3681 1509 3735 possumus,
1542 3667 1812 3720 describa-

293 3775 430 3815 mus.
468 3757 650 3814 Omnis
683 3757 774 3825 qui
807 3772 865 3811 se
911 3756 1122 3811 Christo
1163 3756 1384 3810 credere
1422 3755 1726 3819 conﬁtetur,
1760 3765 1814 3808 et

293 3861 466 3904 tamen
501 3847 660 3910 alium
706 3849 871 3902 Deum
912 3847 1041 3917 legis
1089 3855 1142 3901 et
1199 3848 1596 3916 prophetarum,
1647 3846 1812 3900 alium

292 3937 697 4008 Evangeliorum
747 3937 913 3990 Deum
943 3936 1090 4002 dicit,
1143 3945 1198 3990 et
1237 3936 1448 3990 Patrem
1484 3937 1689 3990 Domini
1718 3949 1813 3990 n0-

293 4030 390 4082 stri
423 4027 545 4083 Jesu
577 4027 775 4082 Christi
801 4042 903 4079 non
951 4041 1071 4080 eum
1111 4025 1241 4078 dicit
1272 4040 1389 4078 esse
1425 4025 1515 4091 qui
1557 4041 1585 4077 a
1620 4024 1734 4093 lege
1760 4031 1814 4076 et

296 4117 568 4189 prophetis
597 4115 936 4186 praedicatur,
960 4114 1051 4168 sed
1084 4113 1247 4166 alium
1271 4114 1453 4167 nescio
1487 4127 1642 4180 quem
1669 4113 1817 4180 igno-

293 4219 405 4262 tum
432 4207 679 4261 omnibus
708 4214 868 4272 atque
893 4203 1134 4256 omnibus
1164 4203 1479 4267 inauditum,
1515 4201 1814 4269 huiusmodi

291 4295 530 4348 homines
559 4293 840 4347 lia-ireticos
867 4292 1224 4358 designamus,
1251 4289 1538 4357 quamlibet
1565 4289 1725 4342 variis
1753 4305 1816 4343 ac

193 4411 205 4423 -
297 4384 523 4440 diversis
556 4393 606 4436 et
631 4382 884 4436 fabulosis
913 4382 1232 4435 concinnent
1256 4382 1353 4434 ista
1376 4380 1660 4449 ﬁgmentis,
1682 4380 1818 4434 sicut

299 4481 594 4528 sectatores
640 4468 944 4532 Marcionis,
979 4475 1032 4522 et
1056 4466 1346 4534 Valentini,
1375 4477 1426 4520 et
1472 4466 1734 4524 Basilidis.
1761 4477 1815 4521 et

295 4563 351 4617 hi
385 4562 474 4630 qui
505 4575 563 4614 se
584 4559 876 4614 Tetbianos
898 4557 1185 4626 appellant.
1219 4555 1324 4612 Sed
1352 4563 1406 4611 et
1431 4554 1662 4626 Apelles,
1691 4557 1818 4611 licet

299 4665 403 4703 non
442 4648 689 4702 omnibus
739 4646 910 4700 modis
943 4644 1035 4698 Dei
1075 4658 1193 4699 esse
1247 4644 1470 4712 deneget
1523 4644 1690 4714 legem
1734 4647 1816 4699 vel

299 4740 602 4808 prophetas,
659 4745 833 4790 tamen
885 4744 940 4790 et
994 4734 1106 4803 ipse
1157 4733 1442 4789 haereticus
1488 4733 1812 4804 designatur,

242 4890 244 4892 τ
297 4828 548 4896 quoniam
589 4826 870 4880 Dominum
923 4825 1064 4880 hunc
1097 4824 1191 4894 qui
1227 4824 1478 4879 mundum
1513 4825 1700 4890 edidit,
1752 4826 1815 4878 ad

297 4917 519 4984 gloriam
568 4916 787 4971 alterius
838 4916 1057 4984 ingeniti
1107 4927 1161 4969 et
1209 4915 1333 4970 boni
1379 4916 1471 4969 Dei
1524 4931 1643 4970 eum
1689 4929 1817 4969 con-

296 5005 549 5058 struxisse
584 5003 893 5073 pronuntiat
921 5020 936 5056 :
963 5003 1106 5056 illum
1123 5013 1294 5058 autem
1336 5003 1624 5073 ingenitum
1652 5002 1816 5056 Deum

301 5096 350 5146 in
382 5094 835 5149 consummatione
871 5093 1046 5148 εωεωὶ
1087 5094 1294 5147 misisse
1331 5093 1511 5148 Jesum
1545 5091 1815 5147 Christum

299 5183 364 5234 ad
395 5185 816 5237 emendationem
850 5181 1052 5247 mundi,
1092 5190 1328 5250 rogatum
1369 5181 1536 5238 ab-eo
1584 5182 1691 5238 Deo
1726 5187 1815 5252 qui

371 5321 415 5352 ”
451 5320 556 5376 Tit.
593 5337 676 5386 tu,
716 5322 803 5386 10,
833 5324 917 5378 Η.

372 5473 482 5542 (90)
531 5475 606 5529 Ex
649 5479 897 5550 Apologia
943 5480 1201 5550 Pamphili
1248 5479 1497 5549 martyris
1549 5495 1645 5550 pro
1695 5478 1814 5534 Ori-

305 5554 485 5671 selllgli
513 5606 614 5662 Sed
658 5623 703 5667 et
756 5630 838 5669 eos
883 5617 966 5671 aui
1003 5616 1274 5671 hominem.
1323 5616 1575 5674 Errorem
1621 5616 1816 5686 Berylli

988 5321 1050 5375 Ἰ
1072 5321 1193 5377 Cor.
1220 5323 1402 5388 11,19.
1473 5327 1496 5358 ³
1514 5323 1686 5378 Galst.
1709 5340 1764 5390 v,
1794 5325 1973 5379 l9-2l.

2716 1310 2944 1367 Filium
3013 1317 3212 1361 suum
3276 1301 3359 1354 ad
3425 1295 3626 1352 mundi

1909 1417 1990 1472 sui
2032 1413 2444 1468 correctionem.
2507 1408 2576 1460 Et
2634 1405 2685 1458 si
2747 1401 3006 1470 quidem
3072 1395 3181 1450 hic
3243 1389 3624 1447 solummodo

1909 1505 1998 1575 qui
2026 1506 2091 1557 de
2124 1504 2229 1555 Deo
2256 1500 2418 1552 Patre
2450 1497 2618 1550 aliter
2645 1493 2829 1547 sentit
2867 1501 3069 1557 quam
3118 1481 3347 1552 regula
3390 1479 3626 1548 pietatis

1909 1570 2171 1664 exposcit,
2207 1591 2496 1644 haereticus
2539 1587 2846 1640 habendus
2871 1587 3077 1642 esset,
3124 1574 3459 1636 sumcerct
3507 1570 3620 1625 uti-

1909 1705 2013 1758 que
2072 1687 2214 1755 quod
2266 1683 2518 1752 superius
2560 1681 2782 1734 dictum
2844 1685 2973 1728 est.
3041 1671 3174 1726 Sed
3235 1682 3407 1722 nunc
3451 1680 3626 1719 unum

1911 1757 2071 1846 atque
2102 1779 2240 1831 idem
2278 1774 2611 1829 credendum
2643 1779 2732 1824 est
2776 1768 2972 1820 etiam
3009 1767 3094 1819 de
3133 1777 3215 1817 eo
3257 1759 3370 1828 qui
3412 1758 3486 1812 de
3512 1757 3623 1811 Do-

1913 1871 2055 1924 mino
2089 1877 2274 1921 nostro
2304 1865 2432 1919 Jesu
2460 1863 2688 1918 Christo
2719 1859 2853 1913 falsi
2889 1856 3144 1925 aliquid
3185 1850 3486 1911 senserit,
3505 1849 3628 1902 sive

1911 1963 2202 2014 secundum
2233 1973 2327 2010 eos
2355 1957 2449 2024 qui
2483 1955 2680 2009 dicunt
2715 1967 2854 2006 eum
2912 1965 2994 2003 ex
3053 1944 3306 2012 Ioseph
3350 1952 3414 1996 et
3450 1939 3622 1995 Maria

1913 2057 2116 2112 natum,
2151 2049 2292 2102 sicut
2340 2056 2469 2100 sunt
2516 2045 2803 2098 Ebionita:
2856 2049 2926 2096 et
2965 2038 3462 2099 Valentiniani;
3508 2035 3625 2088 sive

1912 2139 2201 2193 secundum
2239 2152 2334 2192 eos
2373 2137 2466 2205 qui
2523 2133 3007 2205 primogenitum
3069 2146 3228 2186 eum
3279 2135 3526 2194 negant,
3573 2135 3626 2180 et

1915 2229 2080 2280 totius
2110 2236 2377 2280 creatura:
2409 2227 2607 2289 Deum,
2660 2233 2721 2278 et
2759 2221 3081 2286 Verbum,
3143 2230 3211 2275 et
3256 2217 3622 2286 Sapientiam

1912 2331 2029 2386 quae
2057 2327 2139 2371 est
2183 2315 2397 2369 initium
2425 2317 2642 2368 viarum
2688 2313 2793 2368 Dei
2841 2324 3217 2381 antequam
3278 2308 3510 2378 aliquid
3541 2309 3627 2360 fte-

1914 2415 2013 2472 ret,
2035 2416 2158 2460 ante
2183 2407 2380 2460 saecula
2407 2405 2724 2468 fundatam,
2759 2415 2962 2473 atque
3004 2413 3169 2456 ante
3209 2414 3434 2456 omnes
3458 2397 3625 2451 colles

1912 2509 2218 2568 generatam
2254 2499 2315 2562 lt;
2357 2498 2451 2551 sed
2503 2497 2794 2550 hominem
2846 2495 3072 2549 solum
3111 2509 3265 2549 eum
3309 2493 3620 2547 dicentes:

1914 2590 1994 2644 vel
2023 2588 2312 2642 secundum
2341 2603 2434 2641 eos
2464 2588 2556 2656 qui
2607 2589 2788 2641 Deum
2820 2588 3102 2655 quidem
3145 2599 3296 2640 eum
3337 2583 3622 2644 fatentur,

1915 2691 2016 2729 non
2052 2687 2228 2729 tamen
2258 2676 2630 2743 assumpsisse
2674 2675 2950 2727 animam
3020 2686 3398 2742 corpusque
3449 2680 3626 2726 terre-

1915 2779 2036 2816 num
2091 2779 2105 2813 :
2156 2765 2248 2830 qui
2294 2763 2394 2815 sub
2428 2763 2616 2830 specie
2645 2762 2818 2831 quasi
2877 2762 3236 2831 amplioris
3274 2761 3484 2832 gloria:
3520 2759 3623 2812 Do-

1914 2852 2058 2906 mino
2087 2851 2216 2906 Iesu
2245 2851 2581 2914 deferendae,
2614 2852 2814 2905 omnia
2843 2866 3000 2920 quae
3037 2852 3127 2906 ab
3157 2867 3242 2906 eo
3275 2861 3446 2921 gesta
3473 2857 3620 2910 sunt,

1914 2944 2025 2996 visa
2058 2944 2169 3012 geri
2216 2942 2388 3011 magis
2438 2955 2607 3010 quam
2657 2956 2797 2995 vere
2841 2951 3036 3010 gesta
3089 2957 3244 2998 esse
3295 2950 3619 2998 testantur:

1915 3032 2113 3100 quique
2142 3026 2240 3086 nec
2273 3031 2340 3086 de
2368 3032 2584 3100 virgine
2615 3040 2818 3084 natum
2860 3034 3204 3100 fatentur,
3247 3033 3357 3087 sed
3399 3032 3621 3102 triginta

1915 3137 2175 3175 annorum
2220 3124 2401 3175 virum
2456 3136 2585 3174 eum
2645 3123 3021 3189 apparuisse
3083 3124 3155 3178 in
3225 3123 3461 3180 Iudaea.
3519 3123 3622 3177 Alii

1915 3227 2042 3265 vero
2078 3226 2143 3264 ex
2174 3211 2387 3277 virgine
2411 3211 2634 3278 quidem
2668 3225 2810 3264 eum
2839 3211 3136 3266 credunt
3172 3228 3320 3268 esse
3354 3212 3624 3283 progeni-

1917 3311 2025 3354 tum
2051 3317 2067 3365 ;
2105 3300 2198 3354 sed
2223 3309 2445 3367 putasse
2470 3313 2532 3352 se
2562 3300 2746 3368 magis
2781 3302 3112 3369 virginem
3149 3306 3498 3375 peperisse,
3516 3318 3624 3358 non

1918 3402 2094 3445 tamen
2132 3405 2258 3445 vere
2297 3390 2580 3458 peperisse
2606 3376 3017 3448 continuant.
3059 3395 3368 3452 Latuisse
3415 3395 3621 3466 quippe

1915 3482 2077 3533 etiam
2108 3480 2375 3549 virginem
2418 3480 2686 3547 putatis-aa
2711 3486 3167 3549 generationis
3202 3497 3488 3541 asserunt
3532 3501 3620 3540 Sa-

1917 3582 2270 3626 cramentum.
2321 3571 2425 3637 Qui
2475 3573 2765 3639 quomodo
2802 3588 2931 3628 non
2988 3577 3081 3632 ab
3125 3577 3416 3633 Ecclesia
3467 3579 3622 3646 longe

1917 3661 2144 3730 ponendi
2193 3671 2341 3724 sunt,
2381 3676 2510 3714 cum
2565 3661 2923 3730 philarchia:
2977 3670 3226 3724 morbo
3283 3669 3620 3740 languentes

1918 3751 2164 3819 dogmata
2195 3751 2515 3815 statuerint,
2565 3751 2782 3819 quibus
2828 3754 2908 3808 ad
2948 3767 3154 3813 suum
3196 3775 3427 3815 nomen
3457 3759 3621 3815 disci-

1918 3841 2069 3909 pulos
2095 3841 2471 3894 declinarent?
2526 3842 2638 3896 Sed
2687 3852 2749 3896 et
2805 3859 2920 3902 eos
2959 3851 3078 3918 qui
3137 3853 3459 3910 hominem
3510 3851 3619 3925 (9i)

1921 3928 2101 3980 dicunt
2135 3927 2424 3981 Dominum
2459 3928 2650 3982 Jesnm
2690 3939 3166 4003 praecognitum
3210 3950 3278 3995 et
3321 3941 3619 4009 ρτωάεςιί-

1923 4028 2126 4083 natum,
2173 4019 2267 4086 qui
2297 4027 2425 4072 ante
2477 4020 2780 4075 adventum
2829 4027 3182 4084 carnalem
3219 4031 3619 4086 substantiali-

1922 4117 2003 4162 ter
2029 4117 2080 4161 et
2107 4109 2328 4177 proprie
2359 4125 2468 4163 non
2501 4112 2813 4178 exstiterit,
2839 4118 2954 4169 sed
2992 4122 3181 4187 quod
3225 4124 3411 4178 homo
3461 4134 3620 4178 natus

1921 4199 2094 4252 Patris
2120 4199 2290 4251 solam
2324 4199 2378 4252 in
2412 4213 2472 4251 se
2501 4201 2767 4254 habuerit
2802 4204 3155 4276 deitatem,
3211 4227 3291 4266 ne
3339 4214 3475 4271 illos
3502 4215 3620 4282 qui-

1921 4289 2040 4342 dem
2067 4289 2186 4341 sine
2233 4290 2476 4355 periculo
2513 4304 2640 4344 esse
2691 4292 3002 4351 Ecclesia:
3047 4317 3332 4360 numero
3365 4305 3616 4359 sociari:

1919 4378 2061 4430 sicut
2100 4385 2155 4429 et
2203 4377 2325 4430 illos
2379 4377 2471 4446 qui
2515 4381 2940 4446 superstitiose
3003 4391 3226 4459 magis
3275 4407 3458 4462 quam
3494 4391 3619 4447 reli-

1920 4467 2088 4534 giose,
2121 4465 2198 4518 uti
2244 4480 2312 4519 ne
2364 4467 2666 4521 videantur
2713 4467 2871 4526 duos
2923 4475 3095 4532 deos
3151 4482 3390 4547 dicere,
3446 4496 3619 4550 neque

1921 4571 2132 4608 rursum
2168 4570 2370 4624 negare
2398 4556 2711 4612 Salvatoris
2729 4559 3068 4632 deitatem,
3103 4585 3301 4626 unam
3333 4572 3618 4628 eamdem-

1922 4661 2026 4711 que
2051 4645 2458 4700 subsistentiam
2483 4646 2678 4702 Patris
2721 4665 2792 4704 ac
2829 4651 2979 4708 Filii
3021 4672 3426 4730 asseverant,
3457 4662 3512 4717 id
3537 4668 3619 4716 est

1919 4737 2024 4788 duo
2044 4736 2256 4803 quidem
2286 4738 2504 4790 nomina
2543 4741 2874 4796 secundum
2911 4746 3368 4808 diversitatem
3400 4767 3612 4809 causa.

1923 4841 2036 4878 rum
2064 4826 2440 4893 recipientem,
2471 4843 2641 4881 unam
2665 4839 2858 4885 tamen
2879 4835 3250 4898 ὑπόστασιν
3278 4845 3613 4908 subsistere,

1922 4916 1970 4966 iul
2000 4928 2106 4979 est,
2153 4933 2318 4969 unam
2376 4933 2677 4986 personam
2721 4924 2971 4982 duobus
3018 4937 3401 4993 nominibus
3433 4935 3615 5003 subjo-

1920 5016 2152 5070 centem,
2179 5009 2269 5075 qui
2313 5007 2510 5062 Latine
2563 5009 3001 5081 Patripassiani
3043 5027 3470 5095 appellantur.
3510 5027 3614 5080 Sed

1921 5097 2038 5192 etsi
2067 5098 2158 5166 qui
2190 5100 2437 5192 suntqui
2474 5100 2762 5171 Spiritum
2808 5123 3104 5170 sanctum
3157 5121 3350 5175 alium
3386 5123 3611 5192 quidem

1923 5189 2102 5241 dicant
2130 5203 2250 5243 esse
2280 5191 2372 5258 qui
2409 5190 2514 5245 fuit
2549 5193 2610 5248 in
2666 5201 3006 5271 prophetis,
3047 5209 3248 5268 alium
3288 5189 3488 5269 auttim
3519 5213 3610 5284 qui

2051 5327 2266 5385 'Galat.
2295 5347 2337 5400 ι,
2369 5333 2423 5387 l.
2501 5343 2526 5368 ⁸
2554 5335 2739 5399 Prov.
2774 5341 3029 5412 “H.952,
3071 5349 3185 5416 ‘23,
3219 5351 3328 5408 26.

1921 5479 2312 5583 intrastis
2350 5491 2612 5583 sereni
2661 5505 2776 5583 ,ιιῑςι
2814 5508 3101 5583 sese“
3156 5510 3483 5583 οτίεοηεε-
3534 5516 3606 5570 οε
