3910 6244
264 327 412 385 1505
1319 313 1385 369 IN
1417 309 1790 367 EPISTOLAM
1825 307 1915 362 AD
1951 298 2405 360 PHILEMONEM.
3265 284 3397 340 15οὺ

268 443 368 495 fuit
397 443 448 495 in
483 440 731 508 apostolis
765 436 964 493 Domini
993 433 1157 489 nostri
1203 429 1326 486 Jesu
1369 429 1588 492 Christi,
1628 442 1788 481 unum
1815 431 1861 486 Α
1889 423 2085 476 bonum
2106 426 2188 472 est
2221 425 2280 471 et
2306 412 2473 484 potuit
2501 417 2556 464 et
2584 405 2782 509 debttit.
2813 403 2964 480 Quod
2993 402 3156 459 etiarn
3187 401 3255 509 de
3284 401 3399 502 ipso

270 542 436 601 alque
483 489 623 585 idem
672 530 916 584 delictum
967 527 1250 594 impietatis
1303 522 1606 583 admittunt,
1649 519 1788 586 quod

1886 508 2093 563 diabolo
2119 504 2449 560 sentiendum
2479 507 2580 563 est,
2609 497 2701 564 qui
2754 497 2804 550 in
2858 500 3142 560 conspectu
3187 489 3396 545 Domini

271 582 368 686 illi:
418 621 530 690 qui,
564 582 818 687 quantum
850 618 901 670 in
931 630 987 669 se
1033 582 1136 677 est,
1169 623 1410 666 naturam
1459 582 1682 663 Deitatis
1707 621 1793 660 se-
1887 595 2261 664 omnipotentis
2301 590 2621 646 describitur
2670 586 2926 690 restitisse
2951 584 2997 646 ',
3023 591 3078 637 et
3104 582 3402 682 deseruisse

269 672 529 773 caritretl
575 672 822 762 scindunt
880 721 1038 758 unum
1105 672 1232 768 legis
1276 710 1328 755 et
1383 697 1789 764 Evangeliorum
1889 696 2082 740 statum
2109 697 2256 736 suum
2278 682 2329 734 in
2351 693 2456 748 quo
2477 678 2653 731 fuerat
2683 672 3194 738 immaculaluszqui
3222 672 3404 736 utique

272 759 463 850 Deum.
498 797 602 850 Sed
632 807 685 850 et
722 796 794 848 illi
827 795 914 862 qui
955 808 1056 846 non
1096 759 1277 845 omnes
1305 759 1566 842 humanas
1589 785 1793 837 animas
1890 776 2150 846 potuisset
2188 772 2239 824 in
2273 770 2373 823 hoc
2406 777 2546 821 statu
2579 767 2629 820 iu
2659 777 2765 832 quo
2805 763 2871 816 ab
2899 761 3046 864 initio
3073 759 3204 858 luit,
3237 770 3406 824 usque

271 887 432 940 unius
470 888 814 956 ejusdemque
838 893 1037 936 natura-
1064 883 1244 934 dicunt
1272 891 1391 933 esse
1416 877 1499 930 vel
1545 876 1794 929 substan-

1890 864 1954 916 ad
1987 863 2140 914 ﬁnem
2193 869 2526 926 perseverare
2566 855 2609 907 si
2655 853 2927 906 voluisset.
2967 849 3309 914 Designatus,
3349 851 3407 895 ut

1955 953 1966 956 λ
1992 953 2001 956 -
2246 949 2257 956 .
2285 949 2294 956 .
2435 955 2438 956 ,
2643 951 2653 956 -
2778 953 2785 956 .
2833 943 2842 952 ι
2948 953 2963 956 -
3028 948 3070 956 Α.
3115 935 3402 956 ΔνΑΑΑ-ἓ-ιίιιη

273 979 380 1038 the,
411 979 506 1030 sed
536 977 771 1030 diversas
803 984 1022 1027 naturas
1052 971 1368 1031 animarum,
1393 968 1532 1020 inter
1556 979 1647 1018 eas
1685 965 1794 1018 hae-

1891 953 2142 1013 arbitror,
2173 949 2326 1001 nobis
2365 955 2468 1008 est,
2503 951 2660 1010 prout
2703 943 2990 1010 potuimus,
3020 948 3075 991 et
3109 937 3405 999 descriptus

2231 1037 2259 1042 --
2488 1033 2498 1042 .
2635 1030 2665 1042 ,.
2860 1037 2870 1042 -
2988 1039 3016 1042 Α
3077 1021 3153 1042 -...I
3195 1020 3244 1042 ε-.
3291 1016 3376 1042 an:

279 1082 426 1120 reses
453 1066 762 1120 numerandi
785 1074 905 1118 sunt
928 1077 1046 1130 qua:
1075 1061 1404 1128 iniquitatem
1437 1059 1486 1111 in
1512 1056 1790 1109 Excelsum

1893 1042 2014 1109 quis
2041 1047 2093 1092 et
2123 1037 2292 1105 qualis
2317 1041 2458 1087 esset
2488 1030 2786 1090 haereticus,
2825 1037 2877 1079 et
2907 1039 3044 1094 quae,
3077 1021 3156 1074 vel
3194 1021 3246 1074 iu
3289 1021 3407 1084 qui-

2052 1126 2063 1130 ‘
2189 1125 2198 1130 ‘
2364 1129 2369 1130 ν
2474 1117 2494 1130 ¹¹
2529 1117 2538 1130 ¹
2782 1129 2785 1130 ν
2836 1114 2846 1125 ⁸
2874 1113 2939 1130 γε-
2968 1125 3037 1130 .-η
3093 1107 3384 1130 Ι...1.ιι...ιίιι-

279 1107 425 1120 ηας..-
454 1107 762 1120 .......ν......,.
785 1107 905 1118 νη..-
931 1107 1043 1130 τ-..
1515 1107 1646 1109 _s_-_
1687 1107 1692 1108 ,

271 1152 588 1218 loquuntur,
620 1161 672 1204 et
700 1149 1004 1217 iujustitiam
1036 1149 1471 1213 iniquitatemque
1500 1143 1612 1209 ejus
1639 1157 1793 1195 accu-

1895 1107 1992 1181 bus
2019 1126 2129 1192 ejus
2169 1125 2435 1190 dogmata,
2473 1117 2720 1182 falsaque
2766 1113 3042 1181 opiniones
3093 1107 3404 1166 habeantur,

273 1249 418 1292 sant.
465 1239 683 1292 Necnon
713 1248 767 1292 et
799 1237 870 1289 illi
902 1235 988 1303 qui
1023 1233 1176 1287 liberi
1225 1233 1430 1285 arbitrii
1481 1240 1791 1298 potestatem

1656 1241 1791 1283 atem
1897 1224 2084 1280 etquae
2109 1211 2178 1265 sit
2207 1205 2575 1262 ecclesiastica:
2608 1205 2954 1254 observantia:
2980 1205 3200 1266 purttas.

271 1344 333 1380 ex
375 1327 659 1380 animabus
686 1324 893 1378 auferre
922 1323 1162 1376 nituntur
1198 1321 1339 1373 velut
1375 1321 1668 1388 perniciosa
1701 1320 1795 1371 do-

1701 1320 1795 1371 do.
2445 1295 2490 1348 Ε
2494 1307 2509 1347 ι
2543 1303 2653 1362 post
2684 1306 2865 1359 pauca.

271 1425 481 1483 gmata,
531 1417 794 1467 communi
849 1415 1094 1466 humana:
1136 1413 1278 1473 vitae,
1313 1419 1365 1462 et
1399 1410 1575 1462 virtuti
1626 1409 1794 1461 conti-

1966 1389 2346 1458 Requisierunt
2394 1399 2524 1439 sane
2553 1382 2762 1450 quidam
2810 1387 2986 1430 utrum
3036 1375 3298 1434 haeresim,
3345 1381 3410 1421 an

273 1507 472 1556 nentize
504 1505 674 1557 labem
703 1504 981 1571 quamdam
1012 1500 1210 1554 inferre
1255 1500 1520 1566 judicandi
1559 1507 1698 1558 sunt,
1728 1509 1794 1550 ne

1898 1480 2128 1535 schisuta
2164 1484 2404 1546 oporteat
2429 1474 2602 1528 vocari
2634 1487 2726 1524 eos
2748 1469 2833 1536 qui
2864 1465 3207 1532 Cataphryga:
3245 1458 3413 1512 nomi-

273 1592 497 1644 humaui
542 1555 795 1660 propositi
846 1607 930 1644 res
981 1599 1192 1658 putetur
1230 1555 1421 1643 h'onum
1455 1588 1578 1656 quid
1607 1588 1687 1640 vel
1717 1586 1796 1640 fa-

1899 1581 2111 1632 nantur,
2139 1570 2482 1622 observantes
2510 1564 2668 1618 falsos
2689 1563 2995 1632 prophetas,
3023 1565 3074 1608 et
3123 1555 3358 1604 dicentes
3395 1565 3409 1601 :

274 1696 419 1742 rere,
454 1682 537 1734 vel
564 1684 851 1745 dicere,vel
886 1681 1104 1745 sentire,
1134 1694 1196 1732 ex
1224 1694 1328 1747 quo
1351 1679 1414 1732 ad
1438 1687 1793 1745 contemptum

1909 1678 1928 1710 ι
1957 1657 2036 1712 Ne
2065 1658 2288 1712 accedas
2327 1658 2394 1709 ad
2428 1671 2534 1718 me,
2558 1654 2808 1718 quoniam
2852 1649 3075 1703 mundus
3123 1658 3236 1698 sum
3265 1659 3278 1695 :
3311 1656 3414 1692 non

267 1784 335 1842 Iac
368 1770 747 1838 negligentiam
774 1772 934 1823 divini
964 1771 1146 1838 judicii
1171 1785 1318 1824 mens
1345 1770 1570 1822 httmana
1603 1768 1800 1820 forma-

1899 1750 2039 1801 enim
2059 1747 2241 1812 accepi
2275 1761 2514 1807 uxorem,
2543 1759 2640 1797 nec
2663 1753 2742 1796 est
2766 1740 3061 1808 sepulcrum
3088 1744 3272 1801 patens
3295 1738 3417 1798 gut-

2326 1834 2337 1842 .
2537 1830 2574 1842 ιι
2851 1827 2887 1842 n
2926 1825 2935 1842 θ
3002 1836 3100 1842 __..__
3136 1820 3316 1842 I,2I..‘....
3341 1818 3387 1842 ..ἶ

273 1857 448 1908 bitur.
486 1856 566 1909 Sit
619 1868 791 1910 autem
837 1858 888 1909 itt
928 1858 1287 1911 ecclesiastico
1326 1856 1510 1908 ordine
1543 1854 1703 1907 etiam
1739 1854 1804 1907 de

1903 1845 1987 1888 tur
2021 1850 2217 1896 meum,
2248 1834 2339 1887 sed
2385 1848 2502 1887 sum
2533 1830 2810 1884 Nazara'us
2848 1825 2963 1889 Dei,
3002 1836 3105 1876 non
3134 1821 3320 1874 bibens
3341 1821 3418 1869 vi-

273 1954 625 2012 peecatorum
663 1945 932 2014 suppliciis
964 1946 1110 2007 ﬁdes.
1135 1956 1188 1998 et
1220 1947 1284 1998 de
1328 1945 1412 1998 his
1445 1944 1533 2012 qui
1586 1944 1800 2009 praemia
1901 1939 2028 1978 Dum
2062 1925 2196 1978 δίειη
2221 1922 2315 1977 mi-
2357 1941 2378 1973 ³

274 2033 435 2086 bona:
457 2035 876 2088 conversationis
908 2046 962 2088 et
989 2036 1108 2087 vitae
1134 2035 1183 2086 in
1212 2047 1372 2101 regno
1415 2033 1620 2086 Domini
1662 2033 1806 2099 justo
2450 2007 2639 2060 Ροδίεα
2682 2016 2870 2058 “um”-

275 2122 397 2190 ejus
453 2121 658 2188 judicio
703 2124 960 2190 recepturi
997 2133 1140 2176 sunt.
1179 2124 1234 2176 Si
1287 2124 1408 2190 quis
1449 2138 1578 2191 ergo
1617 2125 1804 2176 horum
1973 2120 2108 2174 Sunt
2131 2134 2256 2174 vero
2284 2128 2338 2174 et
2366 2118 2467 2170 alia
2503 2117 2741 2184 quaedam
2783 2118 3026 2180 dogmata
3061 2125 3178 2178 qua:
3209 2108 3260 2161 in
3293 2124 3422 2176 apo-

279 2211 494 2279 aliqnid
542 2227 658 2279 qua:
711 2228 869 2280 supra
921 2214 1281 2280 exposuimus,
1350 2224 1674 2267 commutare
1725 2214 1806 2265 vel
1903 2209 2108 2262 stolicis
2141 2206 2514 2260 traditionibus
2554 2219 2655 2255 non
2706 2200 2986 2261 habentur,
3017 2199 3081 2250 de
3113 2197 3306 2264 quibus
3340 2208 3424 2248 re-

279 2305 606 2356 subvertere
639 2313 882 2367 conatur,
915 2304 1057 2356 velut
1087 2319 1372 2370 perversus,
1401 2313 1454 2355 et
1481 2320 1510 2355 a
1543 2305 1808 2366 semetipso
1904 2299 2083 2366 qllil‘es
2115 2297 2158 2350 si
2187 2303 2395 2363 oportet
2423 2308 2514 2347 eos
2547 2291 2636 2359 qui
2662 2288 2932 2358 quodlibet
2957 2290 3021 2341 de
3061 2287 3145 2339 his
3188 2286 3426 2338 δειὶιὶιιῑιι

217 2443 232 2456 κ
274 2393 568 2446 damnatus
597 2394 617 2424 ³
647 2394 932 2447 secundum
982 2394 1295 2447 sententiam
1348 2395 1604 2462 Apostoli,
1651 2395 1808 2448 etiam
1906 2387 1988 2440 vel
2019 2394 2368 2455 pertractant,
2399 2383 2678 2436 Ιιίετειὶροε
2703 2380 2997 2450 putandos;
3029 2386 3086 2429 ut
3113 2374 3424 2444 puta,verbi

277 2499 306 2536 a
338 2484 505 2537 nobis
542 2493 802 2552 praecepto
841 2485 1256 2552 Obsequetttihus
1277 2485 1391 2554 ejus
1425 2486 1672 2538 simitiier
1719 2485 1810 2538 ha.
1907 2489 2062 2527 causa
2111 2471 2363 2534 dixerim,
2396 2469 2442 2523 si
2476 2470 2596 2538 quis
2640 2472 2894 2521 rationem
2949 2465 3191 2518 humanae
3235 2463 3426 2514 anima:

278 2572 501 2624 bendtts
529 2578 632 2622 est.
680 2570 924 2638 Designet
966 2551 1140 2624 autem
1182 2551 1598 2625 ceclesiasticum
1641 2571 1808 2622 virum
1908 2566 2164 2632 inquirat,
2190 2575 2307 2614 cum
2329 2560 2393 2612 de
2421 2573 2480 2611 ea
2510 2574 2678 2625 neque
2701 2556 2836 2625 quod
2866 2570 2932 2608 ex
2960 2553 3176 2607 seminis
3211 2551 3430 2604 traduce

279 2676 406 2714 cum
441 2660 526 2712 his
552 2659 796 2713 onmibus
822 2673 936 2726 quae
969 2675 1124 2728 supra
1155 2659 1518 2728 exposuimus,
1555 2659 1713 2711 etiam
1748 2660 1812 2712 de
1909 2655 2150 2718 ducatur,
2186 2664 2354 2718 neque
2380 2649 2518 2717 quod
2549 2645 2908 2701 houorabilior
2939 2655 2992 2698 et
3021 2641 3290 2710 antiquior
3309 2655 3430 2694 cor-

277 2761 625 2804 mortuorum
680 2727 1070 2803 resurrectione
1117 2727 1265 2811 ﬁdes,
1326 2751 1390 2803 de
1433 2764 1535 2817 qua
1596 2758 1813 2803 sanctus
1911 2757 2091 2811 porum
2118 2753 2373 2806 compage
2399 2739 2486 2802 sit,
2515 2736 2791 2790 tradiderit
2829 2731 3185 2787 ecclesiastica
3225 2727 3426 2796 regula.

279 2837 565 2906 apostolus
585 2835 769 2889 Paulus
791 2836 864 2888 ita
884 2837 1242 2902 pronuntiat“,
1267 2837 1414 2904 quia,
1451 2836 1496 2889 si
1522 2837 1640 2904 quis
1660 2846 1814 2904 negat
1911 2834 2132 2898 Propter
2157 2829 2294 2896 quod
2329 2827 2480 2880 tuttlti
2522 2841 2619 2880 nec
2649 2823 3098 2892 comprehendere
3146 2825 3432 2887 potuerunt

278 2926 738 2982 resurrectionem
795 2936 1126 2978 mortuorum
1151 2964 1166 2988 ,
1220 2939 1556 2994 consequens
1607 2935 1686 2978 est
1758 2933 1816 2976 ut
1911 2919 2135 2988 qualiter
2164 2918 2348 2971 sentiri
2373 2925 2639 2983 oporteret
2669 2914 2732 2966 de
2764 2914 2952 2965 anima:
2986 2911 3189 2964 ratione
3218 2925 3231 2961 :
3258 2910 3348 2962 sed
3378 2915 3432 2961 et

276 3017 489 3072 Christi
512 3016 958 3069 resurrectionem
995 3025 1166 3082 neget.
1188 3015 1816 3086 llabeatur696nihilo—
1844 3070 1879 3086 η
1914 3005 2000 3072 qui
2034 3003 2230 3070 θίίίιυίά
2260 3003 2455 3056 56W"?-
2492 3002 2570 3054 νει
2607 3002 2865 3054 disserere
2897 2999 2994 3051 νῖεῖ
3040 3008 3185 3059 sum.
3225 3010 3252 3048 3
3303 3011 3434 3047 ηοιι·

273 3107 467 3160 minus
512 3105 562 3157 in
614 3104 976 3158 ecclesiastico
1027 3103 1214 3157 ordine
1255 3107 1412 3158 etiam
1465 3070 1814 3158 Hilam“,
1842 3070 1881 3124 ο
1917 3093 2072 3146 nullis
2110 3092 2161 3143 itt
2222 3092 2523 3158 suspicione
2571 3090 2830 3143 haheutttr
2877 3089 3019 3141 velut
3066 3087 3186 3140 novi
3232 3084 3433 3154 aliquid

278 3196 450 3260 ratio,
477 3203 532 3247 et
565 3195 628 3246 de
653 3194 794 3246 omni
830 3192 944 3260 ejus
987 3193 1401 3262 exercitu,quod
1435 3209 1627 3264 agones
1655 3209 1814 3263 quos-
1918 3183 2327 3236 illlroducenles.

275 3286 403 3339 dam
438 3293 498 3338 et
532 3283 818 3337 certamina
852 3283 1131 3337 adversum
1191 3297 1373 3337 omnes
1393 3285 1654 3344 homines,
1682 3298 1817 3351 prte-
2330 3267 2524 3322 Deinde
2551 3277 2662 3336 post
2689 3283 2854 3336 pauca
2901 3268 2972 3319 ait
3002 3282 3021 3320 :

276 3375 448 3443 cipue
492 3382 666 3425 tamen
695 3375 946 3428 adversus
971 3388 1064 3428 eos
1085 3372 1172 3440 qui
1205 3373 1428 3425 credunt
1463 3374 1513 3426 in
1546 3371 1809 3426 Cbrislum
1985 3377 2086 3432 Sed
2111 3385 2165 3430 et
2199 3387 2252 3430 tu
2277 3378 2386 3446 ipse
2409 3377 2546 3444 apud
2578 3375 2910 3443 temetipsum
2947 3373 3231 3428 discutiens
3258 3371 3438 3427 consi-

277 3463 582 3517 Dominum
630 3459 834 3526 Jesum,
886 3472 1127 3526 movent;
1174 3472 1228 3517 et
1274 3465 1412 3531 quod
1447 3462 1814 3516 necessitatem
1917 3471 2042 3518 dera
2081 3465 2124 3518 si
2157 3473 2362 3530 oportet
2394 3463 2627 3530 eumqui
2658 3461 2895 3530 quolibet
2934 3461 3087 3512 modo
3119 3461 3184 3513 de
3209 3459 3292 3510 his
3321 3457 3436 3525 opi-

277 3550 803 3621 quidemimponere
837 3551 1082 3619 peccandi
1107 3565 1202 3619 per
1224 3565 1417 3620 agones
1447 3560 1500 3604 et
1525 3550 1813 3604 certamina
1918 3564 2092 3618 natur,
2127 3555 2212 3607 vel
2265 3552 2595 3616 hatreticum,
2635 3551 2720 3604 vel
2767 3549 3184 3606 ecclesiasticum
3239 3557 3439 3602 temere

279 3657 392 3694 non
423 3638 628 3705 valent,
657 3641 976 3706 persuadere
1004 3649 1177 3693 tamen
1213 3651 1266 3694 et
1299 3641 1540 3706 decipere
1585 3641 1650 3692 al
1689 3639 1814 3693 sub-
1913 3645 2149 3709 deliniri;
2175 3651 2265 3696 aut
2302 3641 2346 3696 si
2379 3657 2482 3694 nou
2529 3651 2609 3695 est
2642 3641 2996 3708 periculosum
3024 3641 3088 3692 de
3107 3652 3438 3707 eopronun-

275 3730 595 3784 versionem
630 3739 849 3796 possunt
881 3743 973 3783 eos
1015 3730 1104 3798 qui
1137 3745 1240 3784 non
1280 3729 1422 3782 omni
1457 3730 1693 3783 custodia
1723 3743 1814 3782 sua
1913 3735 2048 3786 tiare
2070 3735 2316 3802 quoniam
2343 3743 2396 3785 et
2429 3733 2539 3800 ipse
2571 3745 2855 3798 perversus
2885 3732 2956 3789 sit
2984 3735 3031 3782 et
3061 3737 3264 3796 peccet,
3291 3734 3345 3779 et
3367 3725 3440 3780 sit

277 3818 464 3873 corda
495 3819 866 3885 prmmuniunt.
905 3818 1210 3872 Habendum
1245 3829 1326 3872 est
1353 3828 1526 3871 autem
1569 3817 1618 3870 in
1649 3818 1817 3872 eccle-
1914 3837 1943 3873 ει
1971 3823 2252 3888 semetipso
2278 3822 2554 3874 damnatus
2591 3821 2634 3886 ⁸,
2672 3821 2811 3888 quod
2836 3819 2900 3872 de
2927 3817 3185 3870 lttereticis
3224 3815 3438 3880 dicitur,

279 3908 536 3962 siasticis
579 3907 1055 3969 observationibus,
1113 3907 1252 3975 quod
1316 3921 1483 3973 neque
1543 3907 1814 3961 hominum
1917 3911 1960 3965 si
1986 3912 2105 3980 quis
2143 3911 2276 3963 forte
2306 3925 2370 3964 ex
2408 3911 2488 3964 his
2523 3925 2639 3978 quae
2666 3924 2824 3976 supra
2871 3909 3119 3972 diximus,
3151 3905 3442 3975 quamlibet

279 3999 416 4068 quis
448 4012 480 4048 a
515 3996 620 4050 Deo
657 3997 709 4048 in
752 3997 1094 4064 perditionem
1130 3997 1358 4050 traditus
1408 4003 1510 4060 est,
1542 3997 1633 4049 sed
1657 4012 1818 4050 unus-
1919 4002 2236 4070 opinionem,
2277 4000 2403 4052 licet
2449 4015 2636 4052 novam
2684 4007 2738 4054 et
2770 3998 3172 4068 quamplurimis
3208 3996 3442 4066 peregri-

277 4089 529 4157 quisque
606 4085 941 4153 pereuntium
1008 4099 1103 4139 sua
1165 4085 1478 4154 negligentia
1532 4094 1710 4151 pereat
1765 4093 1819 4138 et
1920 4105 2065 4155 nam,
2095 4091 2336 4144 videatur
2369 4089 2640 4144 inducere.

279 4176 474 4246 culpa,
500 4173 591 4243 qui
625 4173 822 4228 habens
848 4173 1054 4229 arbitrii
1082 4173 1408 4237 libertatem,
1448 4173 1642 4242 eligere
1675 4174 1816 4242 quod

313 4302 3425 4329 ————————————-—————-———'—_————""—

597 4443 708 4503 EX
745 4423 1320 4504 COMMENTARIO
1341 4443 1707 4505 ORIGENIS
1733 4445 1813 4505 ιιι
1839 4444 2278 4505 EPlSTOLAM
2309 4445 2413 4505 AD
2442 4443 2974 4507 PHILEMONEM
3010 4447 3153 4526 (92).

360 4754 484 4812 Sed
513 4763 566 4808 et
596 4753 660 4808 de
702 4753 922 4821 singulis
960 4763 1264 4808 sanctorum
1306 4757 1395 4825 qui
1452 4757 1506 4811 in
1550 4736 1823 4826 Scriptura
1854 4762 1898 4816 D
1928 4766 1976 4812 ta
2013 4757 2130 4826 ejus
2162 4773 2284 4812 vera
2319 4774 2438 4813 esse
2488 4760 2804 4826 susceperit.
2837 4758 3008 4812 credit
3054 4767 3107 4810 et
3153 4766 3274 4819 hoc,
3305 4760 3457 4826 quod

275 4856 490 4904 sancta
521 4843 804 4911 conscripti
849 4851 994 4906 sunt,
1023 4859 1267 4914 quosque
1308 4847 1480 4914 justos
1525 4855 1578 4899 et
1626 4847 1820 4902 electos
1923 4849 2088 4902 Adam
2123 4849 2333 4915 quidem
2361 4849 2563 4916 primus
2587 4849 2743 4900 homo
2773 4846 3032 4900 formatus
3062 4855 3170 4908 est;
3207 4847 3452 4901 credite:

278 4940 380 4996 Dei
415 4949 543 4989 esse
573 4933 845 5000 Scriptura
879 4941 1123 4999 testatur,
1151 4937 1303 4989 debet
1332 4951 1450 4990 esse
1480 4936 1608 4991 iides
1633 4938 1699 4991 ah
1738 4939 1819 4991 his
1921 4937 1987 4990 de
2030 4936 2159 4999 Eva,
2195 4936 2334 5004 quod
2383 4951 2538 4988 unam
2587 4949 2615 4988 e
2645 4938 2807 4988 costis
2831 4935 3000 4985 Adam
3053 4947 3265 4986 sumens
3309 4930 3454 4988 Deus

273 5029 377 5098 qui
410 5022 613 5078 salvari
641 5021 878 5088 cupiunt.
908 5019 1020 5074 Non
1055 5025 1195 5076 enim
1233 5035 1558 5098 potestlesse
1587 5030 1818 5093 perfecta
1925 5023 2262 5078 azdilicaverit
2303 5037 2420 5074 eam
2473 5031 2530 5073 ut
2573 5030 2712 5074 esset
2743 5019 2856 5086 ejus
2904 5021 3094 5073 mulier
3128 5034 3142 5068 :
3181 5019 3350 5073 credit
3393 5029 3450 5072 et

274 5121 335 5172 in
374 5116 554 5168 Deum
589 5110 736 5170 lides,
765 5109 865 5162 nisi
900 5111 1024 5177 quis
1063 5113 1250 5165 haheat
1285 5123 1336 5167 et
1368 5091 1505 5167 hanc
1537 5115 1688 5167 [idem
1721 5131 1821 5182 qua
1926 5116 2064 5181 quod
2107 5112 2246 5165 Eoos
2275 5125 2398 5164 vere
2421 5111 2694 5177 speraverit
2740 5110 2978 5161 iueocare
3019 5125 3201 5162 nomen
3244 5109 3457 5163 Domini
3541 5115 3547 5120 ‘

273 5209 351 5261 de
400 5197 620 5253 sanctis
647 5197 784 5262 quod
824 5199 993 5249 sancti
1028 5209 1146 5252 sunt
1185 5202 1437 5254 creditur.
1468 5200 1613 5265 Quod
1643 5210 1821 5254 autem
1925 5203 2020 5255 Dei
2046 5204 2088 5264 θ,
2117 5209 2170 5254 et
2196 5201 2333 5267 quod
2357 5199 2554 5260 Euoch,
2587 5198 2708 5265 quia
2756 5197 2809 5249 iu
2859 5199 3014 5250 annis
3062 5196 3308 5250 ducentis
3333 5197 3456 5266 pla-

277 5293 538 5352 dicimus
565 5285 670 5338 tale
691 5294 792 5338 est.
820 5282 1214 5349 Quicrediderit
1240 5290 1292 5343 in
1317 5289 1502 5354 Deum,
1531 5297 1585 5342 et
1607 5289 1823 5356 dogma-
1926 5291 2092 5346 cucrit
2124 5290 2249 5356 Deo,
2278 5297 2630 5358 posteaquam
2657 5289 3006 5344 Mathusalem
3035 5289 3236 5356 genuit,
3273 5296 3456 5352 trans-

356 5470 530 5529 'Tit.
559 5481 642 5533 tu,
668 5465 752 5521 11.
825 5466 847 5500 ⁸
877 5465 900 5520 l
927 5468 1048 5522 Cor.
1122 5480 1212 5532 xv,
1253 5466 1341 5519 15.
1415 5463 1436 5497 ⁷
1483 5462 1612 5518 Dan.
1643 5478 1702 5528 x,
1757 5463 1854 5533 15;
1894 5507 1900 5522 .

1913 5467 2054 5538 lpoc.
2093 5483 2189 5534 xu,
2229 5468 2287 5534 7;
2319 5466 2440 5523 Jud.
2468 5467 2520 5523 6.
2593 5471 2614 5500 ³
2637 5469 2742 5524 Tit.
2775 5485 2854 5535 III,
2891 5469 2976 5525 ll.
3048 5470 3068 5501 ⁸
3099 5468 3232 5526 Gen.
3264 5465 3457 5534 “.26.

357 5584 485 5658 (99)
517 5581 593 5635 Ex
618 5580 866 5652 Apologia
899 5579 1159 5652 Pamphili
1184 5579 1434 5651 martyris
1453 5593 1547 5651 pro
1571 5578 1817 5649 Origene.
