4172 6182
283 399 3739 430 MM

472 636 2545 816 BENEDICTINORUM
2655 642 3561 806 PATRUM

1426 970 1479 1029 E
1525 963 2204 1027 CONGREGA’I‘IONE
2251 965 2316 1025 S.
2362 962 2619 1025 MAURI

963 1192 1799 1331 EPISTOLA
1898 1191 3045 1330 DEDICATOBIA.

382 1716 840 1787 Illustrissimo
895 1712 1212 1783 Ecclesia
1260 1707 1579 1800 principi
1631 1710 1715 1776 D.
1759 1711 1843 1776 D.
1914 1708 2263 1775 Francisco
2332 1704 2414 1773 de
2458 1708 2745 1794 Harlay,
2800 1708 3299 1799 archiepiscopo
3357 1709 3738 1793 Parisiensi,

281 1817 652 1906 regiorum
707 1813 1007 1882 ordinum
1075 1806 1650 1888 commendatori,
1716 1806 1876 1876 duci
1929 1830 2008 1874 ac
2053 1805 2226 1897 pari
2272 1806 2594 1889 Francia,
2646 1806 2965 1875 Sorbona
3029 1820 3091 1875 et
3136 1811 3467 1879 Navarra
3510 1811 3745 1898 provi-

275 1913 459 1994 εον-ἰ,
495 1926 623 1981 etc.

388 2011 727 2100 Perfectis
754 2032 950 2101 quam
972 2006 1338 2099 potuimus
1368 2004 1891 2086 accuratissime,
1928 2025 2077 2093 qua
2116 2000 2619 2070 inadornanda
2655 2004 2785 2072 hac
2824 2026 3102 2093 operum
3142 2004 3746 2075 Ambrosianorum

281 2108 599 2179 editione
643 2120 1011 2199 exspectare
1056 2106 1249 2174 visus
1309 2126 1402 2180 es,
1458 2101 1898 2170 illustrissime
1945 2100 2259 2199 Ecclesia
2314 2100 2653 2191 Princeps,
2716 2125 2795 2169 ea
2844 2125 2946 2169 res
2984 2102 3079 2170 ad
3109 2125 3505 2193 supremum
3552 2104 3748 2173 decus

280 2209 449 2276 sola
496 2197 817 2286 restabat,
874 2218 946 2272 ut
987 2206 1301 2295 frontem
1342 2199 1563 2292 operis
1607 2198 1960 2289 splendore
1998 2197 2358 2265 clarissimi
2404 2199 2698 2289 alicujus
2736 2201 3027 2267 nominis
3069 2201 3584 2282 illustraremus,
3630 2203 3751 2292 qui

284 2318 532 2374 totum
579 2327 750 2396 opus
805 2304 941 2372 luce
993 2325 1125 2371 sua
1161 2298 1638 2392 perfunderet,
1691 2295 2334 2386 adscisceremusque
2373 2308 2742 2386 patronum
2790 2299 2913 2387 qui
2961 2322 3088 2388 pro
3146 2322 3272 2367 sua
3327 2301 3748 2369 humanitate

285 2404 534 2486 vellet,
585 2426 710 2492 pro
752 2424 871 2469 sua
912 2400 1327 2469 auctoritate
1359 2408 1585 2488 posset
1619 2396 1754 2462 vim
1794 2406 1858 2462 et
1895 2395 2226 2484 impetum
2279 2395 2806 2462 obtrectatorum
2865 2398 3158 2464 amoliri.
3208 2401 3303 2465 Tu
3341 2398 3532 2466 nobis
3570 2399 3746 2466 illico

293 2500 721 2571 occurrebas
756 2501 821 2567 in
848 2522 973 2589 quo
1004 2518 1163 2589 qua
1198 2496 1313 2564 vel
1338 2493 1434 2561 ad
1475 2493 1895 2561 securitatem
1933 2492 2042 2559 vel
2067 2492 2160 2558 ad
2188 2504 2658 2560 ornamentum
2687 2494 2907 2562 valere
2927 2508 3231 2585 possunt,
3276 2496 3451 2563 miro
3483 2497 3749 2586 fulgore

285 2599 637 2669 universa
673 2598 991 2665 emicant:
1022 2608 1087 2664 et
1117 2616 1256 2684 que
1294 2615 1493 2659 nemo
1526 2591 1694 2657 alter
1742 2602 1865 2657 aut
1890 2590 2113 2679 gloria
2150 2590 2421 2672 clarior,
2467 2604 2588 2657 aut
2638 2595 3031 2661 auctoritate
3078 2595 3374 2683 gravior,
3436 2607 3559 2662 aut
3603 2615 3750 2684 qua

285 2697 658 2789 imprimis
689 2696 932 2774 allexit,
967 2691 1408 2761 humanitate
1431 2688 1704 2778 facilior
1732 2688 2163 2789 inveniretur.

389 2785 642 2885 Neque
671 2793 867 2873 enim,
900 2791 1081 2881 quod
1109 2789 1416 2881 proclive
1448 2788 1640 2876 factu
1673 2786 1948 2885 fuerat,
1974 2785 2245 2853 Harlea
2285 2785 2394 2853 hic
2412 2786 2702 2876 familia
2731 2788 3026 2878 dignitas
3065 2811 3146 2856 ex
3186 2787 3429 2855 ultima
3459 2786 3748 2878 antiqui-

288 2907 448 2964 tate
476 2883 872 2982 repetenda,
912 2888 1237 2958 maximis
1278 2890 1575 2974 Europa
1622 2883 2040 2973 principibus
2085 2884 2242 2973 jam
2296 2885 2453 2952 olim
2486 2884 2635 2952 licet
2677 2888 3016 2976 afﬁnitate
3057 2900 3122 2955 et
3173 2888 3749 2976 consanguinitate

291 2992 730 3082 conjuncta,
770 3006 1329 3075 summorumque
1354 2983 1654 3049 virorum
1681 3003 1940 3082 semper
1972 2981 2246 3082 feracis,
2283 3005 2571 3082 quorum
2597 2983 2669 3049 in
2691 2986 3047 3075 practpuis
3079 2985 3386 3052 Ecclesia
3413 2998 3479 3053 et
3504 2984 3750 3075 Reipu-

292 3078 509 3159 blica
538 3086 921 3155 muneribus
944 3087 1162 3153 virtus
1193 3080 1601 3150 mirabiliter
1629 3078 1912 3146 enituit:
1954 3091 2025 3145 tu
2055 3079 2234 3146 enim
2261 3081 2562 3148 omnium
2612 3096 3009 3150 ornamenta
3054 3084 3121 3150 in
3172 3095 3232 3150 te
3281 3084 3665 3173 complexus
3692 3093 3755 3150 et

277 3186 748 3281 pracipuum
770 3184 1051 3273 familia
1090 3195 1227 3251 tua
1250 3179 1478 3281 decus,
1514 3176 1665 3281 aliis
1694 3176 1920 3281 potius
1948 3176 2371 3281 splendorem
2413 3191 2601 3245 tuum
2632 3180 2953 3270 aﬂundis,
2990 3203 3197 3271 quam
3235 3180 3512 3249 aliunde
3538 3181 3751 3271 digni-

290 3271 486 3356 tatis
920 3277 1528 3373 amplitudinisque
1556 3274 1626 3341 in
1656 3285 1717 3341 te
1740 3271 2169 3373 refundatur.

403 3384 465 3451 Α
466 3369 716 3473 pertus
742 3379 847 3446 hic
874 3369 1104 3469 ingens
1136 3377 1637 3473 immensusque
1674 3393 1948 3461 campus
1977 3369 2073 3473 ad
2099 3373 2589 3473 excurrendum
2620 3373 2690 3441 in
2720 3376 2952 3444 laudes
2981 3376 3233 3466 ingenii
3267 3377 3528 3461 excelsi,
3569 3378 3753 3445 subt-

295 3481 450 3562 dis,
466 3468 715 3555 tacris;
759 3468 957 3544 acuti
991 3475 1083 3544 ad
1135 3469 1683 3562 excogitandum,
1739 3468 1995 3536 maturi
2040 3468 2135 3535 ad
2165 3470 2653 3557 Judicandum,
2698 3473 2794 3540 ad
2850 3473 3326 3564 explicandum
3374 3476 3625 3565 facilis,
3669 3474 3762 3543 ad

300 3576 742 3649 memoriam
776 3575 961 3665 firmi
997 3586 1201 3663 atque
1231 3568 1563 3650 diuturni,
1606 3590 1679 3635 eo
1710 3566 1834 3634 tibi
1861 3567 2148 3665 concessi
2173 3566 2515 3647 divinitus,
2553 3582 2631 3635 ut
2647 3593 2791 3659 par
2813 3572 2908 3639 ad
2931 3573 3234 3641 maxima
3253 3595 3528 3663 quaque
3550 3577 3755 3665 fores,

304 3675 583 3769 quibus
641 3696 685 3739 a
732 3663 1025 3763 propitio
1076 3669 1289 3738 Gallis
1328 3665 1624 3769 Numine
1662 3663 2574 3769 destinabart}_.__0_om_moda_
2620 3669 3055 3769 nihilominus
3109 3672 3362 3739 occasio
3415 3663 3760 3762 praetora

306 3761 460 3844 tua
503 3761 899 3839 eruditionis
920 3781 983 3837 et
1017 3768 1338 3837 doctrina
1356 3761 1831 3856 pradicanda,
1877 3763 1991 3830 cui
2009 3762 2186 3830 nihil
2240 3764 2310 3832 in
2339 3764 2617 3832 historia
2661 3765 3169 3852 incompertum,
3220 3770 3291 3836 in
3337 3769 3762 3859 dogmatibus

312 3870 669 3950 arduum,
705 3868 775 3935 in
799 3868 1070 3957 furibus
1107 3887 1351 3957 anceps
1379 3861 1883 3954 ambiguumve,
1927 3859 2284 3930 obscurum
2317 3862 2493 3930 nihil
2517 3862 2587 3930 in
2610 3864 2836 3952 factis,
2873 3888 3207 3954 quamque
3235 3867 3412 3934 nihil
3434 3881 3558 3935 aut
3591 3869 3757 3957 eﬂu-

310 3970 479 4061 giat
519 3978 649 4035 aut
668 3966 897 4055 fallat.
1648 4059 1677 4061 ξ
1794 3967 1804 3977 ’
1880 4058 1894 4061 _
2165 4059 2175 4061 Α
2256 4024 2263 4061 γ.

418 4066 524 4134 At
560 4074 739 4131 certe
774 4085 1000 4130 rerum
1040 4085 1084 4130 a
1122 4075 1183 4130 te
1208 4073 1576 4152 gestarum.
1630 4058 1895 4127 Prasul
1926 4058 2393 4140 illustrissime,
2439 4060 2955 4130 celebratissima
2995 4063 3193 4153 fama
3240 4063 3435 4154 longe
3468 4061 3759 4154 splendi—

319 4163 495 4233 dius
527 4160 800 4231 emicat.
856 4160 1031 4230 Vidit
1052 4160 1210 4228 olim
1242 4172 1304 4227 te
1333 4171 1450 4227 tua
1480 4171 1625 4226 tum
1656 4157 2112 4247 Rothomagus
2138 4158 2295 4247 jam
2325 4158 2479 4226 inde
2510 4182 2550 4226 ιι
2577 4160 2815 4241 primis
2846 4162 3064 4245 annis,
3100 4160 3338 4252 quibus
3361 4163 3589 4251 fauste
3611 4164 3761 4252 for—

331 4270 726 4347 tunateque
755 4280 1016 4325 sacram
1037 4257 1342 4347 prasulis
1371 4269 1434 4324 et
1462 4255 1777 4345 primatis
1805 4255 2015 4322 iniisti
2040 4255 2457 4345 dignitatem,
2485 4270 2738 4348 patruo
2771 4272 2907 4335 tuo,
2960 4260 3102 4326 viro
3134 4272 3196 4327 et
3228 4260 3480 4350 pietate
3516 4273 3580 4327 et
3607 4259 3761 4329 doc-

322 4358 555 4435 trina,
592 4367 662 4422 et
680 4356 1014 4445 pastorali
1048 4355 1277 4423 labore
1305 4353 1878 4422 immortalitatem
1908 4354 2245 4421 memoria
2265 4355 2653 4444 promerito,
2686 4379 3015 4424 successor
3060 4357 3281 4439 datus,
3334 4358 3405 4425 in
3457 4358 3587 4427 tuis
3621 4382 3763 4450 pu-

330 4454 537 4524 blicis
599 4452 1021 4520 concionibus
1076 4452 1492 4543 privatisque
1537 4450 2104 4535 collocutionibus,
2166 4473 2376 4540 quam
2414 4466 2733 4542 prompta
2779 4467 2843 4521 et
2896 4457 3333 4545 extemporali
3378 4469 3518 4524 tam
3580 4457 3769 4547 felici

335 4550 759 4641 eloquentia,
790 4550 1205 4617 sanctissima
1241 4571 1519 4640 quaque
1555 4548 2021 4634 infundentem
2057 4547 2499 4629 auditoribus,
2553 4549 3079 4620 reconditissima
3116 4566 3478 4637 eruentem,
3535 4555 3764 4623 obscu-

334 4650 620 4715 rissima
650 4647 1123 4730 illustrantem,
1164 4647 1665 4715 intricatissima
1694 4670 1829 4715 non
1857 4648 2076 4715 minus
2108 4647 2361 4716 erudite
2399 4671 2608 4738 quam
2656 4648 2949 4718 dilucide
2984 4664 3412 4720 reserantem.
3465 4652 3764 4719 Audive-

323 4756 523 4815 runt
552 4757 611 4811 et
648 4757 707 4812 te
736 4746 840 4812 tui
882 4745 1171 4828 Parisii;
1210 4744 1617 4813 audiverunt
1659 4743 1933 4812 advena
1975 4747 2503 4835 frequentissimi
2554 4748 2713 4815 illuc
2750 4749 3198 4838 confluentes:
3260 4749 3648 4818 audivimus
3707 4761 3769 4815 et

317 4865 469 4916 nos
509 4840 1102 4932 obstupuimusque
1129 4844 1568 4919 vehementer,
1604 4866 1756 4910 cum
1797 4843 1868 4909 in
1905 4842 2300 4911 doctissimis
2335 4866 2483 4933 qua
2527 4844 2801 4935 publice
2842 4847 2971 4914 tuis
3020 4849 3093 4915 in
3136 4847 3386 4916 adibus
3430 4846 3766 4914 habeban-

321 4958 453 5012 tur
487 4939 1090 5037 disceptationibus
1118 4941 1197 5009 de
1224 4942 1543 5022 moribus,
1578 4940 1660 5009 de
1692 4940 1854 5031 fide,
1890 4940 1972 5008 de
1998 4940 2380 5032 disciplina,
2428 4955 2689 5010 tantum
2736 4945 3072 5014 exhiberes
3114 4946 3492 5037 prudentia
3537 4943 3609 5011 in
3654 4942 3768 5012 de-

319 5035 694 5111 clinandis
724 5034 977 5105 duobus
1001 5039 1312 5128 scopulis,
1347 5037 1439 5106 ad
1463 5061 1626 5128 quos
1648 5040 1791 5127 fere
1820 5039 2041 5105 cateri
2066 5061 2291 5106 omnes
2320 5039 2713 5119 alliduntur,
2741 5042 3091 5110 intensiore
3116 5034 3359 5110 scilicet
3383 5044 3761 5124 severitate,

322 5136 454 5207 vel
479 5132 872 5233 remissiore
902 5134 1341 5226 indulgentia,
1374 5158 1736 5225 rerumque
1751 5134 2027 5225 pondus
2065 5149 2129 5204 et
2154 5136 2419 5204 dicendi
2446 5138 2579 5205 vim
2612 5138 2705 5206 sic
2745 5140 3133 5229 eloquentia
3186 5140 3406 5228 lepore
3444 5152 3772 5233 tempera-

314 5256 476 5317 res,
520 5243 605 5299 ut
628 5230 863 5320 pronis
892 5233 1167 5302 auribus
1195 5246 1465 5325 excepta
1492 5234 1736 5302 veritas
1765 5235 2065 5302 omnium
2094 5234 2224 5302 sibi
2252 5236 2640 5304 conciliaret
2668 5259 3025 5314 assensum,
3053 5249 3117 5303 et
3141 5236 3315 5303 nulli
3341 5230 3772 5327 quantumvis

321 5328 754 5404 contumaci
780 5342 900 5397 aut
923 5330 1149 5398 liceret
1175 5345 1293 5400 aut
1325 5332 1555 5400 liberet
1587 5332 1951 5420 refragari.

435 5426 578 5525 His
867 5439 992 5497 tua
1014 5429 1314 5518 fontibus
1334 5451 1541 5497 novus
1572 5440 1638 5497 et
1660 5428 1773 5495 ille
1801 5429 2053 5519 largior
2072 5431 2450 5523 clariorque
2471 5432 2633 5499 lucis
2659 5431 2838 5496 rivus
2861 5429 3134 5515 accedit,
3161 5432 3342 5522 quod
3358 5434 3428 5502 in
3448 5435 3773 5525 augustis-

322 5523 553 5598 simis
585 5521 752 5590 cleri
779 5524 1110 5594 Gallicani
1129 5526 1549 5608 consessibus,
1583 5548 1737 5594 cum
1774 5538 1849 5623 tu
1887 5521 2350 5617 infulatorum‘
2372 5532 2679 5605 Patrum,
2729 5527 3149 5619 aliorumque
3177 5521 3270 5599 ex
3311 5543 3445 5600 toto
3494 5521 3773 5623 imperio

321 5623 766 5719 selectorum
801 5622 1082 5691 comitiis
1109 5645 1190 5691 ex
1216 5625 1519 5692 omnium
1557 5637 1706 5692 voto
1737 5622 1822 5692 de
1858 5647 2042 5693 more
2072 5626 2487 5717 prasideres,
2528 5624 2836 5693 Ecclesia
2872 5637 2936 5694 et
2969 5628 3283 5719 religioni
3327 5643 3512 5698 tanto
3556 5622 3776 5699 studio

292 5715 812 5821 consuluisti;
845 5719 1105 5821 agenda
1131 5734 1275 5792 tam
1315 5722 1606 5821 sapienti
1632 5735 1776 5793 arte
1802 5715 2153 5817 digessisti,
2186 5738 2262 5795 ut
2287 5725 2509 5794 nullus
2544 5744 2681 5791 non
2722 5724 3076 5816 intelligat,
3094 5715 3457 5820 vnusquam
3490 5728 3784 5821 feliciori

329 5837 699 5895 consensu
730 5814 1076 5908 imperium
1110 5844 1258 5891 cum
1287 5814 1674 5905 sacerdotio,
1717 5814 2165 5897 sacerdotium
2219 5846 2371 5895 cum
2409 5823 2691 5919 imperio
2723 5814 3154 5918 conspirasse,
3209 5814 3414 5923 quam
3452 5814 3528 5897 tu
3561 5816 3784 5923 sacer:

185 5973 410 6116 Ibo
707 5961 965 6029 Panos.
1010 5964 1171 6033 XIV.
3420 5969 3450 6039 1

98 6088 213 6154 ’Β
