4122 6186
430 283 502 346 li
1656 279 2036 344 EPISTOLA
2085 281 2645 347 DEDICATORIA.
3753 284 3830 346 12

429 416 599 485 dotii
613 413 946 508 praeside;
977 412 1313 483 Ludovico
1351 416 1595 504 Magno
1628 413 2041 481 moderatore
2072 415 2373 505 imperii:
2419 437 2659 505 nempe
2696 436 2985 505 magnus
3040 415 3357 484 Harlxus
3395 415 3556 485 cleri
3587 438 3830 507 praeses

425 537 660 606 regum
690 514 988 583 maximo
1028 511 1431 595 debebatur;
1462 532 1706 600 magno
1741 510 2020 579 Harlaeo
2068 513 2232 580 cleri
2268 513 2565 604 praesidi,
2618 513 2790 581 absit
2838 512 3033 581 verbo
3073 513 3353 596 invidia,
3410 513 3825 596 Ludovicus;

424 613 623 682 ambo
660 614 1002 682 communi
1026 609 1379 680 sacerdotii
1405 620 1468 676 et
1494 608 1767 699 imperii
1801 632 1952 676 cum
1977 610 2296 699 felicitati
2321 624 2464 679 tum
2492 611 2748 701 gloriae.

518 715 676 781 Haec
702 724 778 780 ut
793 710 1173 804 peculiaria
1212 719 1273 775 et
1308 730 1469 775 rara
1507 706 1601 773 ad
1634 706 1902 775 laudem
1940 721 2114 787 sunt,
2163 709 2257 776 ita
2294 732 2603 794 summa;
2626 732 2838 800 neque
2868 710 3051 777 enim
3080 709 3174 778 ad
3200 708 3471 778 laudem
3500 732 3829 778 commen-

429 809 899 902 dationemque
933 806 1216 877 nominis
1256 804 1551 873 accidere
1590 805 1716 872 ulli
1751 804 2120 896 quidquam
2159 807 2511 895 gloriosius
2533 820 2773 899 potest,
2809 831 3013 898 quam
3043 810 3105 877 si
3129 807 3462 877 Ludovico
3504 809 3649 898 regi
3669 821 3832 900 post

432 911 827 978 memoriam
855 907 1201 976 hominum
1233 904 1717 995 sapientissimo
1735 903 2082 994 probetur.
2127 908 2334 973 Porro
2371 905 2500 973 sibi
2536 906 2929 996 probatum,
2982 920 3047 974 et
3095 906 3365 998 quidem
3405 906 3670 974 abunde
3698 929 3828 997 quo

420 1009 654 1100 potuit
688 1004 1111 1075 luculentiori
1145 1003 1495 1071 clariorive
1542 1002 1908 1070 testimonio
1942 1003 2182 1093 palam
2224 1005 2451 1093 facere
2497 1003 2872 1071 Ludovicus
2923 1005 3060 1094 ipse
3098 1006 3330 1093 largus
3363 1007 3518 1095 fons
3559 1005 3831 1073 luminis

429 1099 552 1187 sol,
595 1128 799 1196 quam
828 1126 979 1171 cum
1008 1101 1101 1169 ad
1126 1099 1476 1191 primariae
1512 1100 1892 1168 Galliarum
1944 1100 2124 1168 urbis
2161 1100 2381 1168 sedem
2435 1125 2468 1168 e
2515 1102 3025 1192 metropolitana
3065 1103 3388 1173 Neustriw
3427 1103 3830 1171 translatum

430 1204 679 1283 voluit;
723 1200 819 1269 ad
842 1201 1156 1268 artiorem
1185 1197 1566 1265 sacratioris
1596 1198 1966 1265 consistorii
1997 1199 2371 1266 societatem
2402 1200 2798 1289 assumpsit;
2843 1199 2937 1267 ad
2965 1201 3583 1292 frequentissimam
3623 1203 3830 1269 comi-

430 1315 606 1370 tatus
643 1311 704 1368 et
743 1298 1057 1388 colloquii
1093 1296 1328 1364 arcani
1386 1295 1923 1363 consuetudinem
1973 1296 2376 1365 advocavit?
2423 1296 2674 1380 Quibus
2724 1297 2795 1364 in
2844 1298 3149 1366 omnibus
3182 1322 3314 1368 non
3360 1311 3499 1367 tam
3536 1299 3831 1390 praemia

425 1399 811 1470 meritorum
851 1419 1057 1486 quam
1087 1395 1328 1463 merita
1355 1394 1501 1484 ipsa
1542 1394 1897 1462 miramur.

514 1499 648 1566 Illa
673 1508 849 1573 sunt,
895 1493 1334 1561 illustrissime
1363 1492 1672 1560 Ecclesia:
1717 1492 2047 1583 Princeps,
2074 1507 2360 1584 propter
2389 1515 2535 1583 qua
2563 1505 2784 1561 nostro
2818 1492 2974 1562 huic
3003 1494 3153 1562 licet
3178 1516 3314 1561 non
3363 1494 3570 1573 tenui,
3608 1506 3831 1563 tamen

427 1621 510 1666 ex
542 1593 918 1664 conditione
943 1603 1170 1660 nostra
1198 1589 1598 1658 subobscuro
1628 1590 1848 1657 labori
1876 1602 1938 1657 te
1967 1603 2273 1670 tutorem,
2321 1592 2454 1658 imo
2478 1604 2766 1681 patrem,
2803 1591 3023 1660 lumen
3075 1604 3139 1660 et
3184 1592 3492 1661 columen
3541 1591 3831 1660 advoca-

428 1715 617 1777 mus;
650 1692 882 1782 conﬁsi
908 1711 1255 1780 magnum,
1288 1689 1348 1756 si
1368 1690 1607 1779 favens
1626 1689 2006 1779 susceperis,
2040 1690 2219 1756 illius
2234 1692 2549 1779 pretium,
2588 1711 3043 1779 magnamque
3070 1690 3629 1759 existimationem
3650 1689 3837 1781 apud

429 1813 652 1887 omnes
673 1791 848 1881 fore,
883 1788 1004 1879 qui
1037 1786 1575 1887 comprobatione
1624 1799 1767 1869 tua,
1812 1788 2039 1876 tuique
2069 1788 2355 1855 nominis
2386 1787 2811 1877 inscriptione
2840 1787 3132 1876 quadam
3171 1789 3349 1856 velut
3380 1791 3537 1879 face
3568 1788 3832 1880 prxvia

429 1882 770 1970 illustrati,
803 1888 1097 1978 infinitos
1122 1882 1613 1977 propemodum
1643 1885 1981 1953 Ambrosii
2010 1886 2184 1953 locos
2204 1885 2506 1976 pristina
2532 1907 2667 1953 sux
2695 1885 3067 1975 integritati
3090 1885 3422 1953 restitutos
3460 1898 3526 1953 et
3559 1907 3833 1977 repara-

431 2002 527 2057 tos
552 1985 1097 2077 gratulabuntur.

516 2090 651 2159 Nec
688 2096 859 2153 certe
888 2080 1255 2151 timendum
1293 2081 1480 2149 nobis
1509 2079 2035 2148 dubitandumve
2056 2082 2197 2171 fuit
2232 2105 2315 2149 ne
2350 2104 2484 2149 non
2524 2081 2686 2149 satis
2714 2081 3099 2150 humaniter
3145 2104 3187 2149 a
3226 2094 3289 2149 te
3325 2083 3622 2151 maximo
3644 2104 3831 2174 prae-

424 2184 564 2253 sule
638 2181 1268 2273 occupatissimoque
1323 2183 1821 2271 exciperemur:
1886 2191 2231 2268 occupato,
2272 2181 2537 2259 scimus,
2604 2179 2725 2246 tibi
2774 2192 3131 2248 occurrunt
3187 2203 3433 2259 omnes,
3498 2193 3570 2248 at
3606 2180 3832 2248 nullus

424 2280 767 2373 impedito,
801 2281 921 2370 qui
947 2278 1039 2347 ad
1073 2279 1282 2346 multo
1305 2278 1511 2368 plura
1532 2278 1914 2368 plenissime
1940 2278 2285 2367 sufﬁcias:
2319 2278 2531 2367 aperit
2577 2277 2878 2366 alioquin
2919 2290 3067 2345 tuas
3117 2279 3298 2366 fores
3337 2291 3399 2346 et
3453 2277 3548 2345 ad
3582 2278 3836 2369 palatii

424 2381 530 2449 tui
564 2380 802 2448 limina
858 2378 1098 2445 invitat
1160 2375 1579 2444 inimitabilis
1613 2376 2034 2467 aﬂabilitatis
2084 2376 2312 2465 gratia
2372 2388 2434 2443 et
2492 2375 2791 2458 comitas,
2853 2398 2988 2464 qua
3040 2376 3395 2465 cujuslibet
3451 2376 3726 2455 ordinis,
3771 2388 3836 2443 et

426 2477 821 2547 conditionis
847 2476 1142 2545 homines
1173 2477 1266 2542 sic
1297 2475 1565 2565 excipis,
1604 2488 1678 2540 ut
1705 2497 1896 2541 nemo
1929 2497 1971 2540 a
2014 2487 2076 2540 te
2114 2473 2421 2540 dimissus
2451 2496 2753 2562 unquam
2776 2475 3012 2559 fuerit,
3073 2475 3209 2540 nisi
3250 2474 3549 2562 quadam
3574 2477 3833 2563 jucun-

426 2576 634 2644 ditate
678 2587 879 2665 atque
903 2573 1140 2640 solatio
1165 2575 1507 2661 perfusus,
1534 2585 1599 2637 et
1626 2571 1736 2637 vel
1758 2571 2156 2638 humillimae
2181 2574 2376 2638 sortis
2419 2570 2796 2637 hominibus
2819 2570 3143 2637 audacem
3181 2568 3539 2636 accedendi
3572 2583 3635 2637 et
3662 2570 3833 2638 obti-

424 2672 630 2742 nendi
655 2671 984 2763 ﬁduciam
1016 2670 1318 2759 inspires.
1368 2673 1508 2736 Tua
1538 2680 1631 2734 est
1667 2668 1787 2734 illa
1846 2668 2206 2756 singularis
2246 2681 2366 2734 aut
2413 2667 2528 2735 dos
2559 2680 2681 2734 aut
2734 2669 2966 2749 virtus,
3010 2679 3130 2734 aut
3183 2666 3414 2734 datum
3469 2667 3831 2736 virtutum-

425 2794 553 2862 que
579 2793 714 2838 non
744 2783 886 2837 tam
914 2790 1077 2849 una,
1112 2788 1320 2856 quam
1351 2766 1544 2853 longe
1570 2764 2042 2831 suavissimum
2083 2765 2386 2832 omnium
2436 2764 2950 2844 condimentum,
2996 2786 3142 2853 qua
3172 2776 3231 2832 ne
3258 2787 3393 2831 non
3413 2764 3616 2855 prius
3672 2788 3829 2833 ocu-

425 2861 505 2936 lis
542 2866 871 2948 exhibeat,
908 2887 1116 2954 quam
1144 2863 1388 2929 animis
1415 2862 1826 2952 praepotenti
1862 2861 2160 2952 quadam
2189 2862 2435 2929 virtute
2462 2862 2702 2930 reddat
2729 2862 3212 2951 imperantem:
3244 2862 3367 2929 illa
3397 2875 3491 2930 est
3515 2885 3663 2952 quae
3712 2886 3830 2931 nos

422 2987 682 3033 securos
720 2986 851 3031 esse
878 2961 1096 3053 jubet,
1140 2961 1480 3050 efﬁcitque
1518 2973 1593 3026 ut
1620 2958 1801 3049 quod
1828 2961 2020 3050 operi
2057 2972 2279 3027 nostro
2317 2959 2513 3027 decus
2566 2972 2631 3027 et
2656 2960 3115 3050 patrocinium
3165 2960 3495 3036 volumus,
3542 2959 3617 3028 id
3664 2984 3708 3027 a
3763 2974 3826 3028 te

429 3073 902 3152 exspectemus,
937 3057 1119 3148 quod
1155 3071 1229 3123 tu
1269 3073 1409 3125 tam
1439 3070 1611 3123 certo
1641 3069 1912 3145 tamque
1948 3057 2352 3147 confidenter
2386 3080 2681 3147 sperare,
2716 3070 2780 3123 et
2813 3070 3037 3124 nostro
3069 3057 3264 3145 quasi
3295 3058 3459 3145 jure
3496 3080 3830 3148 reposcere

425 3159 814 3239 audeamus,
837 3168 1091 3248 praeter
1129 3154 1695 3222 humanissimum
1718 3154 1908 3222 illum
1949 3155 2254 3222 animum
2293 3167 2509 3234 tuum,
2548 3155 2820 3244 faciunt
2847 3154 3117 3245 insuper
3154 3166 3218 3221 et
3241 3176 3508 3221 summa
3536 3156 3828 3224 auctoris

423 3258 741 3348 dignitas,
787 3269 848 3325 et
888 3253 1137 3323 eximia
1192 3252 1562 3321 excellentis
1613 3252 1891 3343 hujusce
1934 3254 2149 3344 aperis
2200 3254 2585 3334 auctoritas,
2650 3265 2714 3321 et
2766 3253 2944 3320 mira
2999 3251 3311 3342 quadam
3360 3253 3827 3344 opportunitas

426 3355 766 3447 temporis.
1019 3369 1023 3373 '

515 3446 903 3523 Ambrosius
934 3463 1031 3520 est
1056 3472 1251 3540 quem
1284 3449 1406 3517 tibi
1439 3447 1813 3517 redivivum
1850 3449 2170 3530 sistimus,
2230 3448 2686 3538 Archiprxsul
2716 3449 3036 3527 maxime,
3082 3446 3267 3537 quod
3308 3448 3372 3514 si
3419 3450 3720 3517 nondum
3749 3473 3830 3518 ea

428 3577 614 3637 cura,
650 3553 729 3620 iis
771 3551 1107 3619 excultum
1166 3548 1436 3638 vigiliis,
1507 3570 1586 3615 ea
1644 3559 1781 3615 tota
1838 3547 2069 3635 forma
2135 3557 2403 3635 totaque
2450 3547 2800 3635 majestate
2836 3545 3259 3636 spectabilem
3308 3568 3443 3635 qua
3489 3548 3832 3638 semetipse

428 3653 589 3720 olim
632 3648 934 3719 exhibuit
999 3646 1502 3729 Valentinianis,
1560 3646 1927 3727 Gratianis,
1984 3649 2037 3712 Τ
2032 3642 2356 3712 heodosiis
2396 3645 2753 3733 Augustis:
2806 3643 3191 3711 Ambrosius
3248 3656 3473 3711 tamen
3519 3657 3613 3712 est
3665 3646 3828 3715 inte-

427 3749 668 3841 gritati
720 3761 782 3816 et
819 3746 1026 3814 nitori
1074 3744 1406 3835 pristinis,
1469 3766 1600 3833 quo
1640 3742 1977 3810 valuimus
2032 3740 2252 3841 studio
2289 3742 2652 3809 restitutus.
2712 3743 2893 3823 Quas
2934 3764 3137 3830 porro
3175 3741 3347 3809 aedes
3392 3743 3829 3833 archiepisco-

415 3838 585 3941 pum
625 3845 1077 3915 ecclesiasticae
1113 3842 1482 3932 disciplinae
1512 3841 2002 3908 tenacissimum
2042 3838 2229 3906 adire
2260 3841 2457 3929 prius
2508 3839 2877 3929 aportebat,
2921 3861 3127 3928 quam
3175 3840 3762 3929 archiepiscopates
3788 3847 3826 3910 ?

428 3936 636 4032 Quem
665 3957 822 4013 ante
851 3964 1073 4011 omnes
1111 3940 1456 4009 convenire
1484 3938 1889 4028 congruebat
1914 3936 2245 4003 doctorem
2279 3937 2584 4004 Ecclesiae
2611 3938 3133 4015 celeberrimum,
3171 3937 3303 4005 nisi
3326 3938 3824 4009 meritissimum

417 4043 917 4136 sapientissimae
944 4039 1281 4116 Sorbonx,
1330 4036 1918 4136 erudz'tissiquue
1957 4039 2282 4103 Navarrx
2318 4036 2754 4124 provisorem,
2792 4048 2852 4102 et
2881 4035 3099 4125 ipsum
3138 4034 3471 4103 doctorem
3500 4037 3821 4106 eximium

418 4133 817 4210 iniEcclesia
854 4138 1032 4206 Dei?
1075 4138 1283 4237 Quem
1321 4133 1603 4237 denique
1650 4133 2320 4237 lubentiusolloquio
2374 4156 2494 4201 suo
2559 4133 2953 4223 dignaretur
2999 4147 3226 4202 orator
3273 4157 3422 4202 vere
3456 4140 3816 4237 ἀμϐρόσιος,

418 4262 628 4331 quam
667 4252 728 4306 te
755 4237 948 4327 cujus
985 4256 1182 4303 exore
1209 4232 1498 4300 docentis
1531 4231 1830 4299 exundat
1867 4230 2256 4298 ambrosia?

509 4344 595 4404 At
630 4358 781 4402 vero
820 4356 1026 4418 quam
1054 4355 1097 4399 a
1125 4344 1187 4398 te
1211 4332 1504 4420 gratiam
1533 4341 1983 4418 reportaturos
2011 4350 2129 4395 nos
2157 4328 2271 4395 illo
2308 4328 2401 4395 sic
2430 4342 2772 4418 praeeunte
2798 4351 2933 4396 non
2969 4352 3327 4419 speremus,
3373 4329 3822 4398 observantis~

414 4434 613 4501 simas
634 4431 1006 4522 prxsertim
1035 4428 1157 4504 tui,
1198 4428 1317 4516 qui
1350 4427 1481 4517 ipsi
1517 4426 1826 4507 vidimus,
1869 4448 2020 4493 cum
2071 4424 2429 4516 difficultas
2481 4449 2787 4507 annonae,
2842 4428 3230 4518 hyemisque
3274 4427 3695 4493 inclementia
3741 4449 3825 4496 ex

412 4552 602 4621 aequo
638 4528 962 4608 saevirent,
983 4525 1462 4621 pauperrimos
1491 4546 1783 4615 quosque
1812 4524 1880 4591 in
1909 4523 2501 4614 archiepiscopales
2527 4524 2697 4592 cedes
2728 4525 3078 4593 turmatim
3108 4525 3457 4592 irruentes.
3496 4523 3821 4593 sola.mi-

411 4619 586 4698 seria
613 4629 800 4706 duce,
833 4647 1166 4715 perquam
1211 4619 1518 4690 amanter
1555 4634 1876 4712 exceptos,
1911 4644 2244 4712 perquam
2291 4621 2673 4689 humaniter
2719 4624 3021 4703 refectos,
3067 4622 3286 4689 minus
3344 4632 3570 4687 tamen
3629 4621 3822 4690 dom's

414 4727 576 4818 ipsis
605 4727 759 4806 tuis,
815 4746 1020 4813 quam
1068 4744 1146 4788 ea
1183 4743 1330 4810 quae
1368 4720 1797 4810 tibipropria
1844 4734 1938 4787 est
1972 4718 2275 4787 donandi
2308 4742 2399 4818 Aac
2436 4719 2822 4787 demerendi
2856 4720 3116 4786 ratione
3164 4730 3493 4785 recreatos
3522 4721 3559 4785 ?
3600 4720 3723 4786 Vel
3744 4742 3818 4788 eo

410 4816 548 4894 solo
586 4837 913 4904 nostrum,
957 4820 1146 4888 crede
1183 4818 1392 4900 nobis,
1427 4817 1519 4884 ad
1556 4832 1617 4885 te
1646 4818 2070 4885 Ambrosium
2110 4816 2467 4897 allexisses,
2513 4818 2634 4906 qui
2686 4839 2839 4883 cum
2892 4817 3032 4906 ipse
3053 4828 3250 4906 pater
3271 4838 3661 4905 pauperum
3687 4831 3818 4885 stu-

412 4923 838 5005 diosissimus,
883 4942 1078 4987 sacra
1106 4918 1311 4985 etiam
1357 4939 1518 4983 vasa
1551 4918 1871 5006 frangere
1917 4927 1981 4983 et
2025 4915 2339 5004 con/lare,
2382 4928 2461 4981 ut
2513 4938 2743 4982 eorum
2782 4914 3022 5004 inopiae
3070 4911 3477 5003 difficillimo
3524 4926 3818 5005 tempore

409 5032 836 5099 succurreret,
875 5016 1152 5085 minime
1179 5013 1550 5082 dubitarit:
1587 5038 1717 5081 non
1758 5037 1989 5081 amare
2015 5012 2447 5101 singulariter
2483 5036 2616 5081 non
2658 5023 2901 5102 potest,
2936 5032 3135 5100 quem
3173 5011 3413 5079 viderit
3459 5011 3649 5100 regia
3687 5011 3818 5079 hac

410 5119 755 5187 charitatis
781 5116 894 5184 via
934 5115 1065 5183 suis
1094 5113 1522 5180 inhaerentem
1560 5112 1869 5200 vestigiis,
1914 5134 2036 5178 sua
2067 5111 2371 5198 exempla
2399 5121 2855 5178 renovantem.

499 5218 588 5282 Et
615 5213 797 5282 istud
820 5214 914 5280 ad
942 5228 1002 5280 te
1025 5210 1498 5302 festinantibus
1528 5209 2191 5298 opportunissimum,
2229 5208 2518 5275 Antistes
2546 5206 3013 5290 illustrissime,
3049 5207 3232 5297 quod
3257 5208 3403 5296 ipsa
3432 5205 3816 5274 Ambrosia-

408 5334 646 5380 norum
673 5334 950 5401 operum
984 5311 1157 5377 ratio
1183 5310 1309 5376 cito
1342 5308 1491 5397 jam
1523 5307 1826 5394 ultroque
1854 5318 2182 5373 currentes
2203 5305 2620 5372 exstimulet:
2657 5302 2886 5371 divina
2914 5306 3235 5374 nimirum
3264 5303 3592 5383 doctrina,
3631 5325 3807 5389 quae,

410 5422 483 5477 ut
520 5408 712 5499 digni
756 5421 939 5476 tanto
1004 5408 1320 5496 magistro
1379 5404 1744 5493 Augustini
1777 5417 2054 5471 utamur
2108 5403 2344 5482 verbis,
2381 5408 2460 5471 de
2499 5410 2635 5469 tam
2674 5409 2905 5471 sancto
2942 5406 3237 5485 oraculo,
3310 5408 3579 5499 pectore
3633 5403 3813 5468 illius

407 5496 767 5577 emanavit.
807 5508 955 5587 Qua
1010 5504 1277 5594 quidem
1316 5515 1390 5570 ut
1444 5501 1714 5570 nullum
1765 5500 1859 5568 ad
1910 5500 2215 5569 curanda
2272 5512 2594 5590 corruptae
2643 5499 2880 5568 ethices
2918 5500 3197 5568 vulnera
3233 5496 3605 5566 remedium
3629 5519 3813 5588 prac-

405 5606 672 5685 sentius,
714 5604 808 5672 sic
836 5603 1096 5670 nullum
1133 5601 1226 5669 ad
1245 5601 1756 5691 propellendum
1804 5599 2120 5668 haereseos
2160 5612 2225 5666 et
2276 5598 2651 5666 schismatis
2695 5620 3045 5675 venenum,
3099 5596 3485 5687 efﬁcacius;
3546 5595 3813 5663 nullum

407 5725 539 5819 quo
565 5700 943 5805 promptius
971 5698 1338 5810 certiusque
1364 5710 1704 5793 curentur,
1744 5710 1976 5770 coeant
2023 5710 2089 5769 et
2130 5695 2650 5782 consolidentur,
2702 5694 3126 5770 redeuntium
3172 5692 3267 5767 ad
3309 5715 3551 5764 sanam
3597 5693 3811 5793 ﬁdem

3722 5944 3784 6005 (Β

3804 5996 3884 6022 ..Δί
