4172 6182
322 271 405 332 13
1553 267 1946 332 EPISTOLA
1991 268 2568 348 DEDICATORIAg
3701 276 3780 338 14

321 410 603 480 vulnera
637 420 701 477 et
733 407 1113 485 cicatrices;
1146 407 1418 480 nullum
1461 431 1605 499 quo
1630 409 1904 499 plenius
1931 423 1993 477 et
2021 411 2381 502 perfectius
2413 409 2711 501 adusque
2760 411 3029 480 intimos
3047 411 3324 503 pietatts
3367 412 3774 483 Christiana

319 531 550 577 sensus
582 505 907 578 Catholici
940 529 1096 574 cum
1129 507 1402 596 antiqui
1432 522 1580 574 tum
1621 508 1957 597 neophyti
1993 516 2472 574 cmzcatescant.

417 609 704 676 Summa
722 617 846 674 tua
865 603 1220 696 sapientia
1242 605 1862 694 consultissimique
1883 606 2014 671 zeli
2037 607 2182 694 fuit
2210 603 2392 694 quod
2411 629 2444 672 e
2473 605 2782 672 manibus
2813 606 3276 676 hareticorum
3306 632 3527 693 arma,
3562 611 3638 678 id
3653 623 3769 695 est,

316 705 896 796 perniciosissimos
926 725 1156 771 omnes
1194 702 1447 792 quibus
1486 704 1617 771 sibi
1646 705 1818 792 ipsis
1849 725 2078 770 necem
2127 702 2526 791 inferebant,
2575 703 2774 770 libros
2813 706 3212 792 auferendos
3253 707 3777 797 prudentissime

321 802 693 892 providisti.
737 803 869 870 Nec
901 801 1044 891 fuit
1083 799 1210 868 tibi
1255 802 1428 869 satis
1487 801 1630 892 ipso
1685 823 1843 868 cum
1887 800 2236 868 Ambrosio
2268 799 2551 866 dixisse:
2601 803 2916 873 Legimus
2955 825 3042 868 ne
3085 808 3397 887 lcgantur
3440 829 3456 886 ;
3511 805 3778 906 illisq‘ue

335 913 650 968 venenata
677 899 941 990 pocula,
977 920 1248 966 amana
1279 899 1592 988 quadam
1622 897 1988 966 suavitatis
2019 897 2234 989 specie
2255 911 2318 964 et
2347 897 2546 986 quasi
2567 897 2778 964 mellis
2798 899 3128 967 stillicidia
3153 901 3532 969 hominibus
3562 897 3776 992 agro-

333 998 443 1079 tis,
482 1020 795 1088 suumque
829 997 1140 1065 morbum
1172 995 1677 1065 adamantibus
1723 995 2134 1062 blundientia
2167 995 2508 1084 eripuisse,
2553 995 2684 1060 nisi
2711 995 2975 1085 insuper
3022 996 3255 1065 iisdem
3295 1001 3516 1066 amica
3567 1022 3778 1068 manu

319 1096 698 1186 porrigeres
737 1094 1015 1178 divinos,
1058 1095 1371 1184 aliosque
1411 1095 1570 1186 pios
1621 1092 1856 1176 libros,
1900 1093 2140 1182 quibus
2175 1104 2442 1183 possent
2494 1105 2814 1181 tanquam
2879 1113 2960 1160 ex
3013 1095 3200 1162 alveo
3265 1095 3558 1185 quodam
3597 1100 3779 1168 salu-

335 1192 622 1261 berrimo
649 1193 1102 1284 plenissimam
1132 1193 1428 1260 haurire
1454 1189 1856 1262 sanitatem.
1901 1195 2074 1259 Ecce
2103 1191 2308 1280 igitur
2336 1189 2500 1278 votis
2531 1193 2661 1256 tuis
2702 1189 3088 1258 Ambrosius
3117 1192 3392 1282 adjutor
3434 1207 3498 1261 et
3533 1195 3774 1283 fautor

337 1291 656 1374 accurrit,
685 1292 821 1359 sine
845 1315 974 1382 quo
1005 1289 1310 1359 invalida
1325 1291 1484 1380 fere
1521 1288 1841 1376 qualibet
1865 1287 2224 1378 debilisque
2253 1287 2608 1355 medicina.
2648 1291 2815 1354 Ecce
2845 1288 3120 1355 illimem
3149 1304 3212 1356 et
3231 1290 3776 1380 limpidissimum

343 1411 547 1480 aqua
574 1389 729 1458 viva
759 1392 1036 1480 fontem,
1081 1390 1202 1479 qui
1231 1387 1318 1455 de
1356 1385 1664 1455 salutari
1683 1399 1910 1454 monte
1935 1387 2198 1454 Christo
2209 1386 2559 1476 pro/luens
2593 1385 2813 1452 exsilit
2849 1385 2918 1452 in
2956 1387 3170 1453 vitam
3204 1401 3547 1472 aternam,
3583 1404 3656 1458 ut
3679 1392 3782 1460 la-

347 1489 558 1571 tiﬁcet
591 1487 909 1556 civitatem
945 1487 1110 1555 Dei:
1152 1499 1217 1554 et
1258 1498 1506 1575 epotus
1545 1496 1736 1551 sanet
1785 1507 1978 1552 omne
2021 1507 2232 1572 genus
2269 1482 2732 1572 languentium
2773 1495 2837 1550 et
2880 1496 3324 1572 agrotorum:
3387 1486 3644 1572 fontem
3701 1513 3785 1557 ex

350 1587 554 1678 cujus
604 1609 768 1655 vena
817 1599 892 1654 ut
940 1585 1220 1654 haurire
1261 1593 1551 1674 possent
1597 1583 2072 1672 sapientissimi
2112 1581 2694 1672 potentissimique
2760 1584 3142 1660 Persarum,
3188 1581 3271 1648 de
3327 1585 3782 1654 remotissimis

354 1685 650 1754 Orientis
671 1685 908 1776 ﬁnibus
941 1683 1275 1769 sitibundi
1305 1683 1474 1750 olim
1507 1693 1982 1756 decurrerunt;
2027 1681 2277 1770 quique
2316 1679 2422 1745 vel
2446 1681 2687 1768 paucis
2722 1679 3006 1768 guttulis
3043 1681 3421 1770 perfectam
3447 1679 3615 1769 ﬁdei
3665 1707 3776 1750 sa-

348 1784 638 1851 nitatem
690 1785 847 1874 regi,
905 1782 1175 1872 regina,
1217 1782 1546 1871 gentique
1583 1783 2226 1848 Marcomannorum
2266 1777 2634 1844 instillavit.
2679 1778 2848 1844 Ecce
2894 1777 3176 1868 denique
3211 1779 3773 1865 strenuissimum,

341 1882 802 1970 invictumque
835 1881 1148 1949 adversus
1187 1878 1566 1969 Religionis
1597 1890 1661 1946 et
1685 1878 1994 1946 Ecclesia
2023 1877 2239 1944 hostes
2275 1875 2454 1943 sacri
2505 1875 2690 1942 verbi
2745 1875 3005 1958 ducem,
3067 1890 3408 1944 assuetum
3464 1876 3776 1959 victoriis,

311 1978 476 2069 'qui
499 1977 1064 2046 instructissimum
1105 1977 1528 2066 panopliam
1584 1975 1801 2066 offert,
1855 1975 1926 2042 in
1965 1997 2101 2064 qua
2149 1973 2262 2040 ille
2301 1995 2498 2062 quem
2540 1972 2662 2038 toti
2693 1973 2932 2040 Gallia
2969 1973 3296 2064 collegisti
3345 1986 3409 2041 et
3460 1975 3790 2064 formasti

340 2075 810 2167 operariorum
839 2075 1384 2164 evangelicorum
1425 2077 1746 2140 exercitus
1777 2072 2044 2139 cuilibet
2073 2085 2136 2138 et
2169 2069 2449 2160 singulis
2497 2069 2793 2136 inveniat
2839 2070 3212 2161 habeatque
3247 2085 3511 2140 aeterna
3547 2073 3784 2142 salutis

335 2174 642 2264 galeam,
679 2171 838 2264 ﬁdei
861 2186 1120 2240 scutum
1153 2171 1714 2262 inexpugnabile,
1758 2171 2120 2260 ancipitem
2151 2168 2365 2236 divini
2395 2167 2579 2235 verbi
2603 2166 2940 2256 gladium,
2975 2183 3037 2236 et

1247 2278 1574 2358 Quidquid
1605 2277 1844 2337 habent
1872 2277 2141 2338 telorum
2174 2275 2672 2336 armamentaria
2701 2276 2865 2336 οωιὶ.

445 2376 585 2446 Sed
610 2400 910 2467 quorsum
940 2377 1068 2446 ista
1100 2375 1187 2444 de
1219 2375 1614 2463 evangelico
1659 2374 2028 2441 etiamnum
2085 2371 2179 2440 ad
2225 2373 2471 2440 bellum
2519 2386 2863 2461 apparatu
2888 2377 2924 2440 ?
2961 2375 3220 2441 Potitur
3267 2375 3428 2466 jam
3489 2375 3786 2446 Ecclesia

345 2477 522 2544 belli
542 2498 894 2543 successsu:
931 2498 1174 2566 pacem
1217 2497 1302 2541 ac
1338 2471 1904 2560 tranquillitatem
1929 2471 2116 2538 nobis
2143 2470 2418 2538 reduxit
2445 2469 2780 2560 ejusmodi
2814 2472 3112 2550 victoria,
3144 2495 3291 2561 qua
3307 2487 3380 2540 ut
3421 2487 3567 2542 tota
3598 2473 3786 2542 victis

337 2574 447 2643 ad
467 2573 844 2652 utilitatem,
875 2575 962 2640 sic
991 2573 1118 2640 tibi
1157 2595 1247 2640 ex
1276 2571 1492 2638 multo
1543 2570 1847 2635 maxima
1875 2581 2080 2658 parte
2127 2569 2219 2634 ad
2251 2569 2541 2658 gloriam
2591 2568 2800 2634 cessit.
2853 2570 3236 2637 Plurimum
3285 2585 3513 2640 tamen
3551 2585 3782 2640 contu-

336 2673 500 2740 lisse
538 2683 798 2739 cateros
836 2671 1140 2739 Ecclesia
1159 2690 1509 2760 proceres,
1553 2679 1616 2733 et
1645 2689 1775 2754 pro
1812 2689 1937 2733 sua
1968 2687 2298 2754 quemque
2320 2665 2569 2754 pietate
2599 2687 2679 2730 ac
2718 2667 3072 2755 vigilantia
3121 2683 3386 2736 strenue
3440 2671 3774 2759 gnaviter-

337 2794 480 2862 que
507 2769 840 2838 laborasse
861 2767 1220 2858 fatendum
1253 2779 1395 2848 est;
1426 2763 1545 2831 sed
1588 2765 1736 2852 quis
1764 2776 1824 2830 te
1861 2765 2032 2830 inter
2062 2763 2210 2828 illos
2249 2763 2512 2852 primas
2567 2763 2774 2850 egisse
2830 2765 2938 2832 vel
2988 2765 3248 2832 invidus
3303 2780 3521 2854 neget,
3575 2787 3772 2858 quem

335 2861 484 2938 non
511 2869 772 2956 ignoret
798 2865 922 2934 illis
950 2866 1264 2933 omnibus
1300 2885 1437 2954 pro
1478 2875 1592 2928 tuo
1648 2863 1950 2928 omnium
1986 2861 2442 2928 Ecclesiarum
2490 2861 2714 2928 amica
2758 2863 3202 2930 sollicitudine
3258 2865 3526 2932 idoneos
3583 2863 3772 2954 operi

345 2979 545 3037 tanta
586 2967 765 3033 viros
803 2978 914 3032 tua
943 2964 1354 3052 informatas
1383 2959 1712 3040 doctrina,
1765 2961 1893 3026 tuis
1921 2956 2155 3025 studiis
2186 2971 2247 3024 et
2294 2957 2632 3026 laboribus
2671 2961 2962 3028 excultos
3010 2961 3467 3030 amantissime
3519 2961 3788 3030 submi-.

351 3069 706 3139 nistrasse,
745 3062 920 3152 quod
943 3085 1136 3130 nemo
1177 3061 1405 3128 alius:
1447 3081 1646 3147 quem
1681 3071 1845 3124 sciat
1872 3057 2470 3146 propensissimam
2509 3055 2810 3144 alioquin
2863 3059 3412 3128 Christianissimi
3444 3062 3638 3150 Regis
3685 3058 3778 3128 ad

346 3160 839 3248 opitulandum
873 3160 1290 3227 subditorum
1321 3157 1531 3223 saluti
1555 3156 1987 3236 voluntatem,
2022 3155 2272 3222 mirum
2309 3177 2470 3222 sane
2509 3176 2640 3243 quo
2671 3155 2936 3235 ardore,
2991 3181 3126 3247 qua
3157 3158 3404 3247 pietate
3442 3161 3657 3250 magis
3697 3180 3776 3227 ac

347 3259 584 3350 magis
607 3255 987 3332 accendisse,
1023 3255 1211 3346 quod
1237 3255 1352 3322 vix
1393 3253 1604 3340 alter;
1649 3276 1846 3342 quem
1885 3250 2158 3318 demum
2209 3251 2571 3319 consideret
2612 3250 2939 3350 indefesso
2987 3255 3236 3337 labore,
3280 3259 3597 3348 omnique
3636 3269 3778 3324 arte

349 3347 862 3447 magistra,tam
883 3354 1070 3444 felici
1096 3353 1284 3420 exitu
1315 3374 1598 3418 manum
1613 3373 1730 3439 pio
1753 3349 1939 3440 operi
1958 3350 2578 3438 frequentissimam
2601 3347 3061 3436 admovere,ut
3091 3351 3319 3419 benem
3349 3347 3522 3422 ultos
3551 3354 3780 3422 diebus

349 3454 642 3546 singulis
671 3451 762 3520 ad
784 3451 1138 3540 ejurandos
1179 3473 1435 3518 errores
1473 3447 1814 3531 admittas,
1856 3469 1972 3514 nec
2009 3471 2144 3546 non
2183 3449 2494 3516 inaudita
2517 3447 2875 3546 facilitate,
2921 3465 3118 3540 atque
3175 3451 3418 3542 aﬂectu
3458 3467 3672 3522 totum
3717 3465 3782 3520 te

354 3543 688 3622 devoveas
725 3548 1154 3640 e/[undasque
1185 3547 1666 3627 convertendis,
1703 3543 2128 3636 excipiendis,
2172 3544 2610 3622 instituendis,
2646 3545 3102 3636 adjuvandis?
3639 3551 3652 3560 ”

457 3649 630 3716 Hac
673 3646 834 3714 dum
881 3647 1186 3729 dicimus,
1231 3645 1406 3714 absit
1455 3657 1530 3710 ut
1584 3647 1920 3711 immensa
1958 3643 2130 3731 regis
2180 3643 2660 3732 religiosissimi
2723 3645 2952 3732 gloria
3015 3645 3384 3736 quidquam
3459 3649 3783 3716 veluimus

359 3771 502 3818 esse
534 3745 933 3813 detractum.
978 3747 1214 3811 Totum
1246 3743 1430 3810 illius
1469 3754 1564 3810 est
1589 3741 1770 3837 quod
1805 3740 2100 3808 Ecclesia
2129 3755 2356 3808 nostra
2393 3742 2565 3808 vicit.
2620 3740 2712 3806 At
2768 3765 2949 3830 rcges
2997 3745 3413 3832 imperando,
3448 3747 3784 3837 principes

360 3843 689 3916 Ecclesia
735 3841 1196 3932 persuadendo
1264 3863 1418 3908 cum
1485 3833 1780 3922 vincant,
1823 3839 2001 3907 nihil
2060 3851 2154 3906 est
2207 3839 2392 3928 quod
2434 3839 2630 3928 Regis
2694 3839 2924 3928 gloria
2989 3841 3358 3909 detractum
3407 3833 3782 3933 quidquam

363 3959 490 4014 aut
527 3941 963 4008 imminutum
1001 3939 1096 4007 ad
1131 3954 1321 4007 tuam
1371 3937 2008 4020 commandandam,
2080 3953 2338 4005 censeat
2379 3937 2621 4026 aliquis
2659 3951 2781 4002 aut
2845 3936 3104 4016 doleat;
3166 3961 3318 4004 cum
3377 3953 3662 4029 utraque
3697 3940 3784 4006 sit

366 4043 441 4109 in
478 4061 602 4106 suo
643 4059 920 4126 quaque
953 4059 1188 4127 genere
1241 4059 1532 4104 summa.
1589 4035 1786 4118 Quod
1817 4035 2122 4116 Casaris,
2173 4036 2426 4102 Casari
2443 4056 2470 4116 ;
2529 4033 2651 4101 tibi
2701 4033 2922 4133 modo,
2981 4035 3414 4102 illustrissime
3471 4036 3783 4106 Ecclesia

379 4137 727 4224 Princeps,
763 4134 944 4224 quod
981 4149 1168 4203 tuum
1203 4148 1298 4203 est
1323 4136 1396 4202 in
1427 4148 1610 4202 tanto
1641 4135 1764 4202 hoc
1803 4157 2000 4224 opere
2047 4145 2187 4200 tota
2243 4133 2470 4201 Gallia.
2503 4133 2930 4220 gratulatur;
2993 4156 3379 4223 quanquam
3431 4148 3495 4202 et
3530 4137 3600 4202 in
3641 4137 3784 4226 ipsa

377 4234 670 4306 Casaris
691 4245 919 4322 parte,
957 4233 1076 4301 tibi
1103 4233 1223 4322 qui
1251 4233 1395 4300 dux
1426 4246 1490 4300 et
1528 4256 1662 4323 par
1721 4232 2018 4299 Francia
2055 4254 2142 4314 es,
2187 4230 2370 4320 quod
2431 4229 2550 4297 sub
2608 4233 2780 4318 Rege
2825 4231 3090 4320 Optimo
3129 4231 3428 4302 Maximo
3495 4233 3786 4302 admini-

371 4334 529 4403 stris
551 4329 901 4421 ﬁdissimis
931 4342 1172 4420 potest,
1207 4354 1542 4399 censemus
1598 4353 1732 4398 esse
1787 4352 2056 4420 quoque
2089 4327 2600 4418 gratulandum.
2648 4329 2856 4394 Probe
2895 4329 3015 4396 scit
3079 4330 3446 4420 imperator
3485 4333 3789 4400 omnium

376 4431 578 4518 longe
607 4426 1243 4516 perspicacissimus,
1277 4443 1352 4496 ut
1381 4428 1554 4496 illud
1590 4428 2042 4496 beatissimum
2101 4427 2170 4492 in
2213 4427 2628 4516 principatu,
2665 4427 2895 4514 facere
2929 4431 3110 4518 quod
3137 4429 3447 4514 libuerit;
3489 4430 3583 4498 ita
3617 4429 3798 4500 istud

381 4525 846 4595 miserrimum
874 4547 1026 4608 esse,
1050 4526 1224 4594 nolle
1244 4526 1374 4594 sibi
1397 4526 1666 4616 suggeri
1685 4525 1868 4614 quod
1892 4523 2225 4592 debuerit:
2257 4547 2392 4613 qua
2411 4525 2787 4614 aquissima
2805 4525 3415 4618 modestissimaque
3433 4551 3558 4596 sua
3578 4543 3796 4596 mente

343 4621 842 4692 -secretioribus
869 4623 1002 4690 suis
1042 4624 1330 4692 consiliis
1367 4623 1785 4714 dignissimos
1825 4646 2136 4712 quosque-
2171 4636 2483 4700 accenset,
2539 4623 2608 4688 in
2664 4645 2827 4710 quos
2877 4622 3162 4711 proinde
3215 4627 3542 4694 nonnulla
3597 4627 3798 4716 regia

378 4721 630 4812 gloria
663 4720 892 4809 portio
921 4721 1176 4788 consilii
1198 4723 1464 4790 nomine
1501 4722 1737 4789 merito
1785 4720 2142 4789 derivetur.
2178 4720 2341 4786 [nde
2371 4721 2456 4810 ﬁt
2494 4733 2569 4786 ut
2617 4721 2734 4808 qui
2778 4721 3220 4811 pro/ligatum
3256 4724 3568 4791 hareseos
3608 4747 3793 4790 mon-

380 4833 610 4888 strum
639 4816 907 4906 regibus
935 4818 1090 4908 ipsis
1102 4820 1320 4908 paulo
1361 4833 1514 4887 ante
1549 4842 1683 4886 non
1717 4818 2134 4886 mediocriter
2156 4816 2668 4906 formidandum
2693 4831 2977 4907 stupent,
3012 4825 3475 4910 miranturque
3505 4822 3573 4886 in
3611 4832 3794 4886 tanto

379 4937 630 5005 regno,
669 4926 810 4980 tam
837 4913 1016 4982 brevi
1050 4917 1398 4984 intervallo
1439 4919 1776 5006 temporis,
1813 4917 2100 5006 feliciter
2129 4931 2189 4982 et
2225 4915 2368 4982 sine
2417 4915 2558 4982 ulla
2597 4913 2768 4982 cade
2800 4917 3076 5006 penitus
3125 4921 3564 4998 exstinctum;
3613 4930 3674 4983 te
3725 4916 3797 4984 in

371 5024 659 5106 partem
702 5022 904 5077 tanta
943 5012 1154 5082 laudis
1197 5030 1486 5098 evocent,
1528 5035 1660 5082 non
1713 5027 1789 5081 ut
1834 5013 2138 5081 divinum
2203 5013 2424 5092 modo,
2467 5011 2586 5081 sed
2639 5025 2713 5080 ut
2765 5015 3024 5104 regium
3067 5017 3263 5084 etiam
3322 5013 3798 5082 administrum

375 5131 594 5201 quem
635 5121 884 5175 norunt
911 5109 1060 5177 initi
1088 5127 1232 5180 tam
1271 5113 1554 5204 ingentis
1591 5125 1655 5180 et
1679 5135 1883 5202 supra
1917 5113 2120 5202 ﬁdem
2151 5124 2576 5202 posterorum
2615 5109 2816 5179 ardui
2841 5113 3198 5202 propositi,
3233 5112 3694 5180 consiliarium
3739 5125 3804 5181 et

384 5219 749 5276 auctorem
773 5205 980 5293 fuisse
1009 5232 1049 5275 a
1084 5233 1238 5300 rege
1257 5213 1701 5300 pracipuum.
3727 5255 3734 5262 -

484 5303 860 5402 Commode
889 5320 1378 5396 opportuneque
1399 5309 1588 5398 festis
1617 5331 1763 5376 eam
1795 5307 1875 5376 ob
1905 5332 2044 5376 rem
2077 5311 2380 5378 omnium
2401 5308 2690 5387 vocibus,
2725 5321 2787 5374 et
2815 5307 3290 5396 congeminatis
3312 5310 3664 5402 plausibus
3679 5333 3806 5402 pu-

386 5401 594 5472 blicis
635 5399 1022 5471 Ambrosius
1059 5403 1326 5472 advenit
1363 5406 1550 5473 chori
1584 5407 1795 5473 nostri
1814 5405 1996 5485 dux;
2040 5408 2233 5497 cujus
2258 5431 2368 5476 ore
2398 5419 2458 5474 et
2497 5407 2707 5474 latius
2745 5417 2808 5472 et
2834 5404 3103 5494 dignius
3133 5399 3525 5478 accinatur:
3569 5399 3807 5478 Factus

383 5507 725 5598 ésl_unus
765 5503 1069 5584 populus,
1114 5525 1197 5571 ex
1226 5503 1670 5572 hareticis...‘
1697 5507 1951 5590 repleta
1991 5513 2092 5572 est.
2141 5509 2432 5574 Ecclesia
2465 5534 2481 5584 ς
2523 5518 2584 5572 et
2611 5525 2743 5570 non
2778 5502 2918 5569 sine
2965 5507 3270 5576 maxima
3310 5507 3649 5598 voluptate
3687 5509 3810 5576 hoc

387 5594 870 5686 subjungatur
897 5622 912 5664 :
941 5599 1180 5668 Sedata
1199 5610 1554 5687 tempestas
1591 5609 1717 5684 est,
1750 5607 2101 5684 concordia
2121 5609 2426 5690 navigat,
2457 5609 2618 5670 ﬁdes
2647 5604 2880 5686 spirat,
2917 5611 3220 5676 certatim
3251 5594 3478 5677 nauta
3495 5614 3814 5696 repetunt

386 5697 786 5796 ﬁdei_quos
821 5697 1150 5784 reliquero
1179 5709 1438 5787 portus,
1482 5705 1552 5766 et
1585 5701 1814 5796 dulcia
1843 5705 2076 5788 patriis
2105 5706 2328 5772 oscula
2356 5703 2692 5770 littoribus
2731 5704 2979 5786 ﬁgunt,
3015 5711 3332 5780 liberatos
3361 5735 3431 5779 se
3468 5714 3810 5796 periculis,

391 5792 766 5872 absolutos
813 5797 1149 5870 erroribus
1194 5799 1652 5884 gratulantes;
1697 5795 1942 5892 quique
1981 5797 2105 5871 tibi
2140 5801 2391 5897 totique
2417 5799 2590 5872 clero
2643 5799 3000 5900 Gallicana
3036 5810 3411 5902 suppeditet
3459 5792 3521 5878 et
3569 5831 3816 5906 δυρρεῖ
