4122 6186
400 336 474 393 is
566 304 579 308 ’
1158 392 1175 410 ε
1887 325 2028 386 PM

2188 327 2325 387 [‘IO.
3356 406 3361 409 _
3741 332 3816 390 ιδ

400 476 511 533 rat
540 464 703 533 istas
735 462 828 531 ad
851 462 1265 531 Ludovicum
1298 464 1635 551 Magnum
1659 479 1867 537 voces,
1901 460 2197 550 antiqua
2227 459 2541 529 adversus
2578 461 2881 532 Izaresim
2920 463 3285 556 disciplina
3326 476 3511 533 testes
3559 477 3621 533 et
3658 465 3822 533 novi

399 565 789 654 interpretes
815 561 1094 651 gaudii:
1136 562 1494 628 Reddidisti
1536 561 1707 624 mihi
1749 560 2053 643 quietem
2085 561 2440 638 Ecclesia;
2474 565 2903 645 perﬁdorum
2950 586 3091 643 ora,
3126 574 3326 651 atque
3361 567 3621 631 utinam
3670 586 3815 633 cor-

401 667 507 743 da,
554 665 900 730 clausisti:
932 670 997 728 et
1030 665 1154 727 hoc
1193 680 1326 724 nou
1356 660 1619 723 minore
1651 659 1809 722 ﬁdei
1845 678 2045 741 quam
2081 663 2425 740 potestatis
2455 664 2887 728 auctoritate.
3104 737 3109 743 ,

495 761 730 828 Felices
760 784 878 827 nos
901 762 1435 849 fortunatusque,
1479 753 1930 821 illustrissime
1983 755 2294 821 Ecclesia
2348 756 2691 847 Princeps,
2749 759 2809 826 si
2857 782 2992 827 non
3027 783 3211 829 secus
3252 773 3451 850 atque
3510 761 3820 852 operibus

401 860 538 927 suis
575 858 962 927 Ambrosius
992 856 1061 922 in
1090 876 1332 922 musae
1364 866 1476 919 tuo
1539 852 1756 919 locum
1798 852 2104 929 obtinuit,
2168 853 2264 919 ita
2321 877 2518 943 quem
2557 855 2744 923 nobis
2806 858 3108 947 ipsorum
3148 857 3682 927 emendatoribus
3748 859 3819 925 in

404 958 630 1025 animo
667 970 780 1024 tuo
819 952 1201 1031 concessisti,
1245 950 1613 1018 diutissime
1651 961 1985 1017 conservet
2021 950 2089 1016 in
2128 949 2267 1018 dies
2296 953 2512 1041 magis
2542 945 2859 1023 intimum
2918 945 2980 1023 et
3014 958 3379 1025 auctiorem
3403 980 3425 1024 :
3468 958 3716 1046 felices,
3759 957 3822 1023 si

404 1056 642 1123 nostris
679 1055 842 1121 votis
872 1065 935 1120 et
953 1049 1256 1135 precibus
1291 1071 1589 1115 annuens
1606 1048 1867 1138 prasul
1896 1048 2347 1115 sanctissimus
2395 1051 2747 1141 Religioni,
2813 1055 3149 1137 Ecclesia,
3219 1056 3480 1133 Gallia,
3527 1055 3714 1123 nobis
3754 1068 3817 1122 et

408 1153 710 1221 omnibus
744 1163 803 1217 te
843 1147 1208 1216 diutissime
1244 1146 1505 1214 salvum
1546 1158 1608 1212 et
1637 1145 2033 1213 incolumem
2063 1170 2105 1213 a
2136 1150 2270 1214 Deo
2302 1162 2752 1238 comprecetur
2790 1165 2990 1242 atque
3026 1154 3382 1244 impetret!
3428 1154 3655 1240 felices
3707 1152 3816 1220 de-

404 1253 626 1341 nique,
658 1249 719 1316 si
743 1248 865 1339 qui
889 1257 1126 1314 nostra
1160 1268 1320 1335 erga
1350 1256 1410 1311 te
1440 1244 1869 1312 observantia
1900 1245 2077 1311 testis
2106 1245 2564 1314 ueracissimus
2586 1249 2896 1319 Ecclesia
2936 1250 3189 1338 doctor,
3220 1276 3262 1320 a
3304 1265 3364 1320 te
3402 1252 3604 1320 etiam
3634 1250 3813 1320 obses

403 1347 801 1439 suscipiatur
838 1358 901 1413 et
920 1343 1273 1433 ﬁdejussor
1302 1341 1804 1410 devinctissima
1834 1342 2192 1417 voluntatis
2234 1367 2371 1434 qua
2408 1368 2640 1414 sumus

763 1469 1160 1539 Celsitudini
1187 1482 1315 1538 tua
1353 1466 1795 1537 addictissimi
1820 1480 1887 1535 et
1921 1468 2498 1559 obsequentissimi

1336 1569 1656 1667 Monaclzi
1688 1593 2102 1662 Benedictini
2136 1598 2688 1686 Congregationis
2716 1601 2787 1667 S.
2833 1601 3082 1670 Mauri.

1531 1930 2654 2100 PR/EFATIO.
2810 2124 2815 2129 ν

485 2334 639 2394 Cum
681 2351 846 2417 nova
889 2352 1037 2417 cura
1063 2352 1193 2417 nec
1261 2335 1520 2417 minimo
1582 2336 1796 2398 labore
1841 2344 2140 2417 purgatas
2198 2334 2512 2397 Ambrosii
2575 2333 3134 2417 commentationes
3196 2333 3583 2408 exhibemus,
3649 2336 3808 2396 nihil

406 2430 655 2475 necesse
697 2414 877 2474 nobis
920 2415 1103 2474 fuerit
1147 2416 1440 2475 catholici
1484 2416 1732 2477 lectoris
1777 2413 2077 2491 animdm,
2128 2423 2194 2477 ut
2237 2417 2293 2476 ei
2338 2421 2618 2475 nostram
2663 2414 2827 2473 hanc
2871 2413 3210 2473 editionem
3274 2418 3806 2489 commendemus,

408 2495 714 2577 aﬁ'ectatis
774 2496 1061 2577 Auctoris
1122 2515 1460 2574 operumve
1516 2498 1709 2576 ipsius
1770 2499 2061 2559 laudibus
2122 2498 2431 2577 pellicere.
2500 2494 2647 2565 Quis
2711 2494 2876 2553 enim
2947 2511 3187 2577 eorum,
3251 2495 3355 2572 qui
3410 2496 3517 2577 vel
3564 2497 3812 2577 primo-

405 2576 577 2635 ribus
637 2575 830 2635 labris
874 2575 1357 2636 ecclesiasticam
1400 2574 1813 2638 delibaverint
1874 2574 2227 2649 historiam,
2296 2576 2681 2636 iniiciaturus
2743 2579 2834 2633 est
2897 2575 3109 2633 omnia
3172 2574 3235 2632 in
3286 2575 3618 2636 Ambrosio
3682 2596 3812 2637 ma-

406 2655 576 2738 xima
618 2657 924 2738 exstitisse
968 2676 1039 2715 ac
1084 2657 1270 2734 plane
1298 2657 1707 2738 singularia?
1753 2659 1913 2718 Sane
1958 2660 2211 2738 quidem
2254 2658 2319 2716 in
2362 2657 2645 2738 confesso
2691 2661 2783 2738 cst
2824 2653 2992 2738 illius
3038 2655 3114 2713 ad
3147 2654 3582 2738 episcopatum
3624 2676 3810 2718 voca-

402 2736 679 2816 tionem,
707 2736 771 2796 in
816 2737 1179 2815 episcopatu
1223 2734 1708 2797 sollicitudinem
1752 2744 1937 2816 atque
1978 2734 2420 2808 constantiam,
2468 2736 2530 2794 in
2577 2734 2747 2816 omni
2788 2734 2926 2816 vita
2961 2734 3406 2816 integritatem,
3455 2736 3811 2798 humanita-

404 2821 553 2886 tem,
600 2815 992 2894 religionem,
1040 2814 1321 2893 aliasque
1363 2818 1626 2876 virtutes
1670 2814 2000 2895 splendore
2044 2818 2286 2877 fulsisse
2330 2835 2455 2876 non
2500 2815 2770 2886 usitato;
2840 2814 3099 2893 solaque
3161 2814 3328 2874 illius
3391 2818 3809 2895 magnanimi-

402 2896 731 2977 tateadeo
775 2896 1129 2977 perculsum
1175 2897 1360 2956 fuisse
1404 2897 1826 2957 Theodosium
1871 2901 2186 2977 Magnum,
2237 2903 2301 2956 ut
2346 2895 2616 2974 eruperit
2658 2895 2721 2953 in
2766 2895 2902 2954 hac
2956 2895 3205 2977 verba;
3260 2895 3623 2977 EpiscOpum
3682 2899 3808 2962 vidi

403 2976 937 3057 neminemprater
963 2975 1341 3036 Ambrosium
1374 2977 1632 3057 (Theod.
1682 2978 1837 3039 Hist.
1886 2975 1995 3039 lib'.
2042 2999 2104 3050 v,
2153 2997 2203 3037 c.
2256 2978 2371 3057 17).
2442 2977 2643 3057 Quod,
2680 2993 2828 3035 vero
2873 2976 2950 3057 ad
3012 2975 3364 3057 doctrinam
3409 2975 3564 3053 ejus,
3630 2978 3803 3039 illam

404 3074 532 3138 non
575 3055 763 3115 modo
807 3057 1005 3117 sancti
1046 3058 1283 3125 Patres,
1330 3055 1557 3116 summi
1599 3058 1951 3132 Pontiﬁces,
1998 3055 2382 3119 (ecumeniCa
2426 3055 2691 3138 concilia
2733 3056 3016 3138 certatim
3048 3056 3369 3138 exquisitis
3400 3058 3621 3136 elogiis
3650 3078 3806 3138 prae-

405 3137 712 3207 dicarunt,
758 3154 977 3197 verum
1020 3137 1209 3197 etiam
1252 3138 1501 3216 ipsimet
1543 3139 1841 3199 haeretici.
1890 3140 2009 3201 Sed
2052 3158 2165 3199 nec
2209 3139 2379 3198 aliud
2424 3137 2767 3215 quidquam
2813 3137 3014 3213 magis
3057 3136 3334 3195 declarat
3379 3145 3615 3215 quanta
3652 3136 3805 3199 doc-

404 3217 585 3276 trime
632 3235 704 3276 ac
746 3216 1119 3295 eloquentia
1163 3218 1256 3277 vis
1299 3218 1481 3278 fuerit
1524 3218 1587 3276 in
1639 3220 1991 3292 Ambrosio,
2080 3239 2268 3298 quam
2329 3218 2710 3296 Augustinus
2790 3217 2867 3275 ab
2931 3234 3151 3298 errore
3198 3216 3277 3275 ad
3337 3237 3552 3277 veram
3614 3219 3801 3279 ﬁdem

402 3297 684 3359 Doctoris
727 3298 921 3356 nostri
965 3316 1156 3375 opera
1198 3304 1257 3357 et
1300 3298 1702 3358 concionibus
1744 3296 2264 3361 revocatusfHac
2297 3300 2527 3377 quippe
2571 3315 2695 3355 una
2733 3296 3159 3377 victoriasibi
3188 3302 3495 3373 tropaum
3541 3318 3612 3358 ac
3670 3319 3804 3359 mo-

401 3384 768 3438 numentum
814 3395 935 3437 aere
979 3379 1310 3457 perennius
1353 3380 1547 3438 erexit
1590 3385 1839 3439 sanctus
1884 3381 1984 3441 hic
2026 3379 2282 3439 Praesul.
2318 3376 2570 3439 Utinam
2602 3395 2749 3436 vero
2794 3376 3123 3435 neotericis
3166 3377 3355 3436 etiam
3400 3379 3804 3439 heterodoxis

400 3459 614 3538 magni
656 3459 984 3536 Augustini
1027 3458 1383 3536 exemplum
1428 3460 1661 3519 imitari
1702 3460 1932 3520 libeat!
1982 3461 2141 3520 Illud
2188 3461 2464 3538 profecto
2501 3457 2643 3535 jure
2688 3457 3002 3516 afﬁrmare
3046 3475 3404 3534 possumus,
3454 3458 3528 3516 de
3573 3460 3804 3520 Christi

398 3537 734 3618 praesentia
776 3539 837 3597 in
923 3545 1336 3611 sacramento,
1385 3540 1770 3617 depotestate
1815 3547 2002 3619 atque
2048 3537 2325 3601 clavibus
2370 3538 2683 3608 Ecclesiae,
2732 3538 2807 3596 de
2868 3537 3236 3597 necessitate
3278 3538 3589 3599 bonorum
3657 3558 3806 3618 ope-

395 3639 559 3693 rum,
609 3619 1006 3679 veneratione
1054 3619 1481 3697 reliquiarum,
1545 3618 2215 3681 beatorum’coclitum
2277 3619 2691 3689 invocatione,
2757 3623 2888 3676 tam
2950 3618 3195 3677 disertis
3256 3619 3461 3679 verbis
3522 3619 3800 3679 locutum

393 3718 525 3760 esse
568 3700 987 3771 Ambrosium,
1038 3706 1103 3758 ut
1145 3700 1303 3758 nihil
1350 3701 1622 3778 apertius
1667 3720 1849 3779 aequo
1893 3702 2307 3780 prudentique
2350 3699 2571 3758 lectori
2631 3699 3052 3780 expetendum
3113 3698 3211 3757 sit.
3279 3700 3590 3760 Caeterum
3653 3719 3796 3759 cum

391 3780 553 3841 inter
595 3780 717 3840 alia
760 3780 862 3839 isti
906 3781 1251 3859 refractarii
1295 3781 1579 3840 codicum
1624 3779 1933 3841 editorum
1977 3783 2053 3841 de
2099 3781 2531 3859 pravationem
2576 3779 2986 3838 criminentur
3028 3797 3220 3857 quam
3286 3780 3795 3854 invidiosissime,

390 3861 727 3921 editionem
771 3866 1048 3920 nostram
1095 3856 1215 3920 hdc
1259 3866 1538 3938 tempore
1584 3880 1707 3939 quo
1753 3863 1914 3939 regis
1956 3856 2155 3941 pietas
2200 3878 2451 3921 omnem
2496 3877 2672 3941 suam
2717 3856 3155 3918 auctoritatem
3202 3860 3282 3941 ad
3328 3860 3801 3920 haereticorum-

390 3943 859 4002 conversionem
904 3941 1165 4009 confert,
1214 3959 1538 4018 speramus
1580 3960 1705 4000 non
1749 3943 1880 4001 sine
1942 3939 2145 4003 fructu
2209 3942 2538 4002 exituram.
2586 3939 2652 3998 1n
2713 3958 2836 4017 qua
2898 3939 3262 4000 exornanda
3325 3941 3476 4019 quid
3520 3960 3557 4000 a
3616 3941 3799 4001 nobis

389 4023 739 4100 praestitum
782 4021 990 4091 fuerit,
1039 4020 1472 4098 explicabitur,
1521 4026 1855 4100 postquam
1898 4023 2202 4083 nonnulla
2245 4023 2321 4081 de
2365 4020 2684 4081 veteribus
2728 4019 3104 4081 editionibus
3135 4038 3276 4098 quae
3320 4022 3385 4081 in
3446 4021 3637 4081 variis
3679 4024 3799 4082 Eu-

388 4120 561 4178 ropae
606 4102 761 4160 locis
804 4101 1045 4160 emissae
1091 4106 1255 4171 sunt,
1303 4102 1811 4178 praemiserimus.

468 4181 719 4241 Nullam
762 4199 950 4259 porro
980 4181 1191 4240 videre
1234 4181 1413 4241 nobis
1457 4182 1718 4259 contigit
1762 4183 2179 4261 antiquiorem
2224 4200 2296 4243 ea
2359 4200 2548 4261 quam
2613 4180 2918 4241 Mafl'ellus
2978 4181 3196 4252 Venia,
3262 4182 3610 4241 monachus
3646 4181 3793 4261 iAu-

386 4262 798 4337 gustinianus,
845 4261 1176 4320 Ambrosio
1221 4261 1485 4342 Corano,
1535 4262 1811 4341 ejusdem
1857 4260 2091 4323 ordinis
2133 4260 2431 4342 generali,
2479 4261 2808 4321 dedicavit.
2859 4261 2929 4321 In
2971 4261 3086 4342 illa
3125 4262 3375 4342 quidem
3421 4278 3619 4338 neque
3642 4260 3787 4342 loci,
3840 4324 3848 4336 I

386 4342 930 4422 nequeitemporis
974 4346 1207 4400 certam
1253 4341 1530 4419 aliquam
1575 4348 1787 4401 notam
1832 4340 2303 4422 deprehendas:
2352 4343 2458 4401 sed
2504 4341 2648 4401 inde
2693 4343 2904 4401 forsan
2950 4340 3258 4419 conjicere
3288 4341 3472 4422 liceat
3502 4340 3788 4399 eamdem

385 4426 445 4479 et
488 4422 551 4480 in
599 4420 801 4493 Italia,
850 4428 909 4482 et
955 4428 1098 4481 ante
1142 4440 1376 4480 annum
1441 4423 1593 4483 1485
1656 4420 1979 4501 vulgatam
2023 4442 2197 4495 esse;
2262 4429 2398 4483 tum
2461 4423 2629 4500 quod
2692 4423 2898 4482 forma
2940 4422 3171 4482 codicis
3233 4427 3292 4480 et
3352 4421 3787 4501 characterum

384 4518 527 4559 cum
571 4501 718 4573 alia,
765 4502 842 4561 de
886 4522 1009 4580 qua
1045 4501 1181 4580 jam
1227 4502 1523 4574 dicemus,
1572 4498 2112 4580 plane'convenit,
2161 4510 2293 4564 tum
2340 4498 2507 4581 quod
2553 4503 2831 4562 Coranus
2891 4501 2997 4562 ille
3058 4519 3164 4561 seu
3225 4498 3601 4581 Coriolanus
3658 4516 3789 4581 me-

381 4587 628 4641 morato
672 4600 838 4640 anno
882 4578 1061 4642 diem
1092 4601 1273 4641 suum
1319 4585 1531 4643 Romae
1572 4578 1753 4643 obiit.
1800 4584 2009 4644 Altera
2052 4584 2162 4644 illa
2207 4578 2418 4655 editio,
2467 4587 2722 4642 curante
2766 4581 3059 4642 Cribellio
3104 4581 3491 4659 presbytero,
3545 4578 3780 4639 Medio-

378 4659 508 4720 lani
552 4680 717 4721 anno
765 4663 919 4721 1490
962 4663 1191 4740 prodiit
1236 4664 1401 4740 apud
1448 4663 1818 4740 magistrum
1865 4666 2256 4724 Leonardum
2300 4662 2570 4724 Pachel:
2638 4681 2775 4741 quae
2840 4661 3025 4720 simul
3070 4678 3212 4721 cum
3272 4659 3595 4737 superiore
3660 4676 3788 4741 segr-

376 4746 561 4823 vatur
604 4743 769 4820 apud
818 4738 1102 4802 ΠΒῘΡΡ.
1152 4738 1485 4802 canonicos
1530 4738 1846 4821 regulares
1891 4748 2135 4806 Sanctae
2180 4745 2508 4804 Genovefae
2552 4738 2934 4802 Parisiensis.
2984 4742 3258 4823 Utraque
3319 4745 3530 4799 autem
3593 4738 3780 4798 valde

376 4821 744 4903 imperfecta
788 4829 900 4895 est,
950 4842 1021 4881 ac
1067 4842 1298 4901 paucos
1342 4824 1681 4883 admodum
1727 4830 2028 4885 tractatus
2073 4824 2567 4903 comprehendit.

452 4897 600 4962 Post
645 4904 803 4964 duos
848 4922 1046 4963 annos
1067 4897 1213 4963 'non
1258 4904 1639 4963 mediocrem
1698 4904 1950 4965 laudem
2011 4897 2235 4965 retulit'
2289 4907 2563 4966 Joannes
2624 4900 3096 4972 Amerbachius,
3162 4900 3315 4959 civis
3376 4897 3774 4970 Basileensis,

377 4984 541 5058 quod
587 4984 954 5065 conquisitis
998 4985 1517 5062 congregatisqne
1561 4985 1974 5065 undecunque
2016 4985 2431 5063 plurimorum
2475 5003 2547 5043 ac
2609 4982 3072 5065 praecipuorum
3134 4981 3450 5065 Ambrosii
3513 4997 3776 5065 operum

375 5060 857 5144 exemplaribus,
929 5060 1144 5125 eadem
1208 5060 1522 5141 opera—in
1564 5071 1690 5123 tres
1750 5060 1958 5144 partes
2018 5060 2351 5125 distributa
2413 5064 2672 5123 totidem
2734 5060 3159 5144 voluminibus
3230 5060 3596 5144 complexus
3659 5064 3773 5144 est.

373 5139 576 5218 Atque
621 5143 806 5223 etiam
852 5165 976 5223 quo
1023 5139 1358 5204 editionem
1404 5163 1578 5203 suam
1624 5139 1939 5207 utiliorem
1983 5145 2276 5217 efﬁceret,
2324 5145 2569 5221 rogavit
2612 5143 2918 5223 Joannem
2962 5140 3039 5223 de
3100 5141 3351 5220 Lepide,
3389 5139 3781 5223 jCarthusi‘af

374 5239 524 5278 num
570 5219 999 5294 Parisiensem,
1048 5232 1137 5297 ut,
1187 5224 1448 5302 singulis
1492 5224 1667 5284 libris
1711 5227 1773 5285 in
1817 5233 2056 5286 certum
2100 5226 2374 5304 capitum
2406 5219 2755 5304 humerum
2790 5220 3029 5304 divisis,
3079 5219 3261 5282 suum
3305 5219 3529 5304 cuique
3586 5219 3779 5304 capiti

373 5306 616 5439 aptaret
660 5311 1137 5398 argumentum:
1187 5299 1354 5399 qued
1398 5310 1470 5396 et.
1500 5305 1736 5397 factum
1798 5312 1909 5399 est.
1976 5299 2335 5399 Optandum
2394 5322 2544 5364 vero
2605 5300 2760 5393 illud
2822 5301 3047 5371 fuerat,
3102 5308 3179 5394 .ut
3240 5299 3774 5392 quemadmodum

374 5399 412 5439 ο
444 5397 583 5439 ures
626 5386 927 5439 tractatus
969 5387 1148 5439 nobis
1192 5386 1407 5439 edidit.
1454 5389 1543 5439 ita
1585 5388 1771 5439 etiam
1817 5386 1961 5439 illns
2022 5386 2313 5439 edidisset
2374 5383 2849 5439 emendatiores.
2919 5382 3038 5439 Sed
3097 5400 3162 5439 ιη
3222 5380 3345 5438 hoc
3405 5380 3774 5439 industriam

373 5379 583 5458 plures
626 5386 927 5443 tractatus
969 5386 1148 5445 nobis
1192 5379 1407 5456 edidit,
1454 5384 1543 5443 ita
1585 5385 1773 5443 etiam
1817 5386 1961 5447 illos
2022 5379 2313 5446 edidisset
2374 5382 2849 5444 emendatiores.
2919 5382 3038 5442 Sed
3097 5383 3162 5441 in
3222 5380 3345 5438 hoc
3405 5379 3778 5458 industriam

370 5458 832 5544 diligentissimi
876 5465 1238 5543 bibliopola
1282 5465 1702 5544 agnoscimus,
1752 5467 1919 5544 quod
1962 5471 2087 5526 tam
2134 5465 2367 5526 multos
2408 5463 2677 5544 reperit:
2744 5462 2912 5541 quod
2957 5468 3085 5544 tam
3146 5460 3546 5544 depravatos,
3612 5457 3777 5535 inju-

368 5537 878 5632 riasltempprum
923 5537 1273 5632 tribuimus.
1322 5537 1495 5632 Hane
1540 5550 1747 5604 autem
1771 5537 2131 5632 ‘editipnem
2189 5563 2352 5632 anno
2416 5537 2569 5605 15—06
2630 5537 2856 5632 iterum
2884 5539 3112 5632 ‘prfelo
3140 5619 3153 5631 .
3180 5537 3444 5632 subjecit
3499 5540 3773 5632 {pannes

367 5620 534 5705 Petri
577 5617 1114 5703 deLangendorf,
1164 5625 1598 5705 typographus
1642 5643 1892 5705 quoque
1934 5625 2345 5687 Basileensis:
2394 5643 2431 5684 a
2473 5622 2800 5705 quonihil
2845 5617 3015 5705 aliud
3042 5618 3392 5705 ‘prioriﬂilli
3455 5617 3772 5705 adjectum

364 5700 492 5788 fuit
524 5698 1066 5788 praterhindieem
1110 5698 1455 5788 admodum
1493 5698 1861 5788 copiosum,
1888 5705 2442 5788 quod‘Registrum
2481 5698 2827 5788 florz'gerum
2869 5700 3205 5788 inscripsit.
3231 5698 3444 5788 _Cujus
3514 5699 3771 5788 quidem

362 5779 619 5864 registri
654 5783 892 5845 utilitas
934 5785 1222 5845 Conrado
1267 5779 1598 5848 Leontorié
1642 5804 1717 5851 ex
1760 5779 1980 5853 ordine
2022 5779 2414 5853 Cistei'ciensi
2452 5779 2641 5851 tanta
2672 5784 2805 5847 visa
2847 5786 2961 5856 est,
2994 5779 3071 5845 et
3096 5779 3252 5844 illud
3294 5797 3479 5844 versu
3521 5784 3581 5845 et
3624 5796 3770 5864 pro-

90 5854 790 6015 doclebrare
832 5882 961 5927 non
1004 5865 1082 5927 sit
1124 5870 1441 5951 gravatus.

1907 2207 2305 2221 ﬂ
