4122 6186
299 254 382 317 η
1794 218 2237 314 ramulo.
3639 248 3716 312 is

378 387 622 469 Novam
668 383 931 469 adorsus
975 382 1312 469 editionem
1356 386 1658 469 Erasmus
1693 403 1890 448 unum
1934 384 2350 469 autalterum
2392 388 2735 449 tractatum
2776 384 2853 450 iis
2897 384 3004 469 qui
3055 381 3193 469 jam
3254 382 3525 468 publicae
3554 468 3557 469 ν
3588 384 3715 449 luci

294 468 432 531 dati
472 468 746 539 fuerant,
795 465 1062 546 adjecit:
1113 467 1191 527 ad
1234 467 1383 528 bina
1426 466 1749 528 volumina
1791 474 1992 529 totum
2038 467 2595 529 Ambrosianorum
2642 465 3173 549 operum—corpus
3215 465 3477 549 redegit,
3526 468 3714 531 illud-

296 490 432 531 uau
472 490 746 539 merant,
795 490 1062 546 adjecit:
1113 490 1191 527 au
1235 490 1383 528 mna
1426 490 1749 528 vonumma
1791 490 1992 529 tonum
2038 490 2595 529 ambrosmnorum
2642 490 2903 548 operum
2949 490 3173 549 corpus
3215 490 3362 530 reue
3408 490 3477 540 ιι,
3526 490 3708 531 qua-

296 569 421 631 que
464 549 732 631 partitus
778 554 871 631 est
913 550 977 631 in
1041 555 1312 631 quatuor
1379 554 1580 609 tomos
1637 567 1649 608 :
1696 550 1783 608 ita
1828 556 1893 631 ut
1962 549 2198 631 primus
2228 550 2481 631 Ethice;
2558 552 2864 610 secundus
2930 551 3284 623 Polemica;
3361 490 3708 621 arationes,

292 630 632 710 Epistolas,
681 634 741 689 et
783 630 1127 689 Conciones
1168 630 1386 688 tertius
1438 648 1451 701 ;
1504 636 1762 708 quartus
1833 630 2101 710 denique
2148 630 2301 688 Novi
2347 649 2415 688 ac
2462 632 2697 690 Veteris
2769 633 3150 693 Testamenti
3223 631 3709 710 Explanationes

295 709 662 773 contineret.
712 710 995 791 Adhaec
1032 710 1335 791 praemisit
1379 710 1640 787 singulis
1684 712 1870 769 tomis
1914 728 1983 769 ac
2028 709 2202 769 libris
2267 710 2585 769 nonnullis
2648 713 2953 789 quasdam
3016 709 3332 782 censuras,
3396 713 3502 771 sed
3567 732 3706 791 quae

290 811 427 852 non
472 792 616 851 satis
667 789 1114 850 existimationi
1156 789 1325 849 illius
1370 791 1845 868 responderunt,
1894 809 2005 849 nec
2048 791 2375 849 doctorum
2423 792 2893 867 exspectationi.
2950 792 3167 864 Porro,
3236 794 3484 851 tametsi
3546 789 3710 852 mul-

290 879 431 933 tum
476 871 720 952 sudoris
766 871 1141 952 exhaustum
1186 870 1484 952 praedicet
1528 870 1591 952 i_n
1634 871 1755 930 hoc
1800 889 1985 949 opere
2030 870 2253 949 (Epist.
2301 869 2441 929 edit.
2488 890 2603 929 sua?
2643 872 2945 952 praeﬁxa),
2996 872 3154 932 Dum
3197 872 3512 933 collatione
3556 882 3706 933 vete-

291 973 429 1034 rum
471 949 761 1024 codicum,
812 951 1036 1034 inquit,
1085 950 1475 1010 emendantur
1517 950 1868 1034 depravata,
1913 952 2310 1034 restituuntur
2330 949 3305 1034 amputata,gresecanturassuta,
3339 965 3710 1034 reponuntur

293 1032 526 1105 Graeca,
575 1051 708 1112 quae
747 1022 842 1090 vel
867 1022 1140 1112 aberant
1178 1050 1445 1110 prorsus,
1494 1022 1596 1091 vel
1642 1022 1863 1112 ﬁguris
1928 1030 2085 1090 nihil
2146 1022 2616 1112 signiﬁcantibus
2645 1022 2671 1112 ς
2683 1022 2927 1110 fuerant
2997 1031 3245 1093 addita:
3292 1022 3421 1092 non
3494 1040 3706 1094 tamen

286 1118 540 1194 tantum
579 1110 732 1194 fidei
776 1111 1067 1194 habitum
1116 1116 1206 1194 est
1249 1112 1443 1189 ipsius
1485 1110 1712 1194 verbis,
1760 1118 1826 1171 ut
1871 1130 2011 1171 eum
2058 1111 2259 1187 magis
2303 1110 2657 1194 auctoritati
2701 1113 3270 1194 manuscriptorum
3317 1133 3506 1191 quam
3564 1134 3707 1194 pro-

286 1193 429 1273 prio
466 1192 712 1282 judicio
763 1191 1004 1251 deferre
1048 1192 1379 1282 quisquam
1409 1192 1720 1282 ‘crederet.
1772 1195 1899 1282 llpc
1945 1196 2108 1250 certe
2153 1192 2487 1282 superioris
2532 1191 2745 1282 saeculi
2804 1198 3048 1282 constat
3087 1193 3295 1282 “fuisse
3354 1191 3702 1272 ingenium,

287 1270 357 1333 ut
402 1270 635 1333 eruditi
684 1289 904 1331 omnes
947 1270 1322 1352 conjecturis
1366 1270 1704 1348 plurimum
1750 1274 2112 1352 tribuerent,
2162 1273 2265 1330 sed
2328 1275 2651 1332 Erasmum
2715 1272 3021 1349 imprimis
3081 1273 3264 1332 famae
3328 1270 3453 1333 suae
3518 1281 3706 1352 atque

286 1353 597 1414 doctrinae
644 1352 880 1411 ﬁducia
920 1350 1113 1428 paulo
1158 1352 1554 1412 audaciorem
1601 1353 1905 1412 exstitisse
1948 1351 2156 1411 nullus
2202 1352 2501 1429 ambigat.
2550 1353 2986 1431 Quadproptcr
3028 1353 3183 1412 adeo
3235 1372 3363 1411 non
3417 1355 3552 1413 visa
3607 1350 3705 1413 est

290 1434 647 1512 legitimam
698 1432 976 1512 attigisse
1021 1432 1467 1512 perfectionem
1512 1432 1643 1510 ejus
1688 1434 1900 1503 editio,
1948 1438 2013 1490 ut
2057 1432 2301 1491 duobus
2344 1438 2484 1510 post
2530 1432 2730 1503 annis,
2778 1432 3074 1491 nimirum
3120 1451 3283 1492 anno
3330 1434 3503 1503 1529,
3562 1452 3703 1492 cum

290 1510 468 1592 typis
510 1510 901 1592 Chevallonii
942 1511 1195 1571 Parisiis
1239 1513 1711 1589 exprimeretur,
1758 1513 1955 1572 multa
2001 1518 2385 1592 commutata
2442 1512 2669 1571 fuerint
2712 1513 2775 1571 in
2837 1518 3032 1581 textu,
3099 1517 3158 1571 et
3220 1512 3298 1571 ad
3359 1514 3705 1590 marginem

295 1590 608 1654 a'n'notata
653 1590 983 1672 nonnulla,
1034 1593 1565 1669 quemadmodum
1611 1612 1686 1652 ex
1743 1593 2077 1651 collatione
2139 1591 2378 1669 aliquot
2441 1593 2786 1672 opellarum
2847 1592 3393 1670 deprehendimus.
3458 1594 3535 1652 At
3578 1612 3705 1653 non

292 1675 565 1734 Lutetia
613 1671 844 1742 solum,
893 1672 999 1731 sed
1044 1678 1103 1731 et
1146 1672 1403 1731 Basileee
1449 1673 1555 1732 ubi
1599 1673 1802 1751 prima
1847 1673 2125 1751 ejusdem
2170 1673 2412 1731 Erasmi
2456 1671 2645 1733 editio
2708 1691 2782 1732 ex
2825 1674 3116 1733 Frobenii
3160 1672 3413 1732 ofﬁcina
3456 1673 3704 1750 prodie-

288 1761 423 1823 rat,
472 1754 595 1813 hoc
638 1754 846 1830 ipsum
890 1752 955 1811 in
999 1752 1224 1811 secutis
1267 1752 1642 1813 editionibus
1688 1754 1923 1813 factum
1966 1752 2309 1830 reperitur:
2358 1753 2421 1812 in
2467 1753 2691 1831 quibus
2735 1753 2922 1813 etiam
2966 1758 3268 1813 tractatus
3314 1752 3555 1831 aliquot
3598 1753 3703 1831 qui

288 1835 362 1894 in
412 1833 840 1912 superioribus
881 1832 1419 1903 desiderabantur,
1469 1834 1728 1893 subinde
1772 1833 1995 1911 adjecti
2041 1838 2202 1891 sunt.

367 1921 799 1983 Nihilominus
844 1926 1056 1979 tamen
1100 1921 1389 1981 editionis
1431 1927 1562 1981 tam
1607 1940 1774 2000 saepe
1818 1942 1887 1982 ac
1932 1927 2023 1983 tot
2065 1921 2325 1981 diversis
2367 1922 2519 1981 locis
2548 1940 2804 1994 recusas,
2851 1941 3091 1983 necnon
3135 1922 3369 1982 Gelenii
3412 1922 3706 1983 aliorum-

283 2022 411 2083 que
454 2005 792 2063 doctorum
840 2001 1169 2083 hominum
1214 2000 1545 2083 diligentia
1584 2003 1918 2080 recognitae
1966 2002 2303 2062 auctoritas
2343 2004 2652 2063 Joannem
2694 2004 3065 2074 Costerium,
3112 2003 3466 2081 regularem
3520 2022 3703 2063 cano-

283 2081 501 2145 nicum
548 2101 581 2142 e
627 2081 1005 2142 monasterio
1051 2082 1264 2141 Sancti
1308 2082 1553 2141 Martini
1600 2083 2022 2153 Lovaniensis,
2069 2100 2195 2141 non
2240 2083 2558 2154 deterruit,
2607 2084 2755 2162 quin
2801 2084 2876 2142 ad
2950 2084 3137 2143 aliam
3202 2084 3702 2143 concinnandam

288 2163 852 2243 exornandamquie
896 2162 1177 2221 animum
1221 2162 1585 2243 appelleret.
1634 2163 1766 2233 Qua
1810 2182 1956 2223 vero
2002 2162 2329 2223 occasione
2370 2164 2660 2223 inductus
2702 2165 2823 2223 hoc
2867 2163 3100 2224 laboris
3133 2164 3249 2223 sibi
3280 2164 3697 2243 proposuerit,

287 2245 376 2325 ita
427 2242 698 2325 explicat
746 2242 972 2325 (Epist.
1021 2243 1081 2301 in
1125 2243 1332 2325 limine
1373 2241 1514 2325 edit.
1560 2262 1687 2325 sua
1716 2243 1988 2325 posita)
2025 2243 2179 2306 Cum
2249 2262 2352 2323 ego
2397 2245 2605 2323 igitur,
2667 2244 2774 2325 ait,
2822 2252 2958 2325 ante
3002 2241 3298 2325 biennium
3340 2241 3421 2325 pL
3454 2242 3703 2325 {imbro-

287 2324 370 2405 sii
411 2322 690 2405 epistolas
733 2322 996 2405 antiquis
1037 2330 1092 2382 et
1124 2322 1590 2405 ‘elegantioribus
1631 2322 2068 2386 characteribus
2109 2322 2494 2405 conscriptas,
2540 2342 2615 2385 ετ
2657 2323 3002 2385 bibliotheca
3043 2324 3296 2385 ctenobii
3333 2323 3409 2384 ὓ.
3439 2324 3703 2405 Lauren-

290 2404 368 2463 tii
421 2402 594 2486 quod
628 2402 963 2486 Leodiensis
991 2402 1202 2486 Oppidi
1235 2405 1423 2463 muris
1465 2403 1751 2486 adnaret,
1772 2414 1980 2486 nactus
2021 2422 2217 2486 essem,
2266 2402 2674 2486 ca3pz'ssemgue
2714 2423 2838 2466 meo
2882 2423 3043 2465 more
3084 2424 3212 2465 cum
3257 2403 3485 2465 excusis
3531 2402 3700 2486 libris

286 2502 385 2546 eas
432 2482 736 2566 conferre,
762 2482 997 2566 mirum
1026 2482 1201 2542 dictu
1242 2493 1534 2566 quantum
1556 2484 1664 2566 [lic
1705 2494 1835 2545 erat
1877 2484 2131 2566 dissidii,
2157 2482 2466 2566 ⁸ᾳιιιῑηὶαηι
2511 2482 2817 2566 varietatis
2835 2504 2859 2561 ,ο
2901 2493 2968 2544 ut
3005 2486 3210 2566 statim,
3244 2504 3361 2545 non
3400 2484 3699 2566 potuerim

285 2583 406 2625 non
451 2560 889 2624 deStomac/zari
925 2563 990 2622 in
1020 2581 1112 2623 eos
1153 2560 1269 2643 qui
1298 2563 1470 2624 editis
1513 2563 1703 2637 libris,
1746 2565 2016 2645 Speciosis
2056 2560 2290 2645 quidem
2335 2565 2437 2625 sed
2491 2560 2765 2626 inanibus
2805 2584 2875 2626 ac
2916 2565 3291 2626 mendacibus
3336 2560 3545 2640 titulis,
3578 2584 3700 2625 om-

285 2655 396 2714 nia
437 2651 921 2743 castigatissima,
967 2660 1026 2711 et
1068 2652 1682 2743 tamquamfeliciore
1713 2651 2132 2743 παλιγγενεσίᾳ
2201 2662 2411 2713 renata
2473 2653 2874 2743 pollicentur:
2936 2672 3065 2712 cum
3135 2652 3292 2743 nihil
3330 2652 3701 2743 plerumque

284 2743 361 2803 sit
408 2740 818 2822 depravatius,
864 2749 916 2799 et
959 2741 1221 2821 antiquis
1261 2740 1525 2801 sordibus
1569 2744 1766 2803 omnia
1806 2740 1927 2803 sint
1955 2744 2287 2804 convoluta.
2333 2743 2440 2802 His
2483 2742 2695 2820 itaque
2726 2747 3064 2820 permotus,
3113 2742 3277 2819 quod
3324 2742 3387 2800 in
3418 2740 3697 2819 epistolis

288 2821 735 2883 Ambrosianis
779 2827 1076 2899 carperet,
1125 2821 1339 2880 statuit
1382 2822 1445 2880 in
1488 2822 1742 2900 reliquis
1785 2823 2059 2901 ejusdem
2104 2822 2377 2885 doctoris
2421 2822 2713 2901 Operibus
2773 2822 3059 2893 efﬁcere;
3125 2838 3391 2901 cumque
3448 2825 3697 2901 mutua-

284 2910 395 2962 tus
442 2907 595 2961 esset
643 2920 675 2959 e
718 2901 919 2960 tribus
963 2907 1068 2961 aut
1091 2907 1360 2980 quatuor
1385 2899 1759 2962 viciniorum
1803 2899 2326 2965 monasteriorum
2368 2899 2763 2962 bibliothecis
2815 2901 3053 2979 aliquot
3122 2899 3525 2978 exemplaria,
3572 2900 3695 2960 hoc

290 2982 577 3063 subsidio
622 2981 817 3063 fretus
862 2986 1048 3063 atque
1090 2982 1153 3063 in
1200 2982 1416 3060 primis
1460 3001 1584 3043 uno
1628 2984 1838 3043 codice
1880 2985 2283 3063 pereleganti,
2349 2983 2455 3061 qui
2497 2983 2561 3042 in
2604 2981 2886 3063 Belgium
2948 2980 3174 3040 allatus
3233 2981 3435 3063 fuerat
3477 2998 3509 3040 e
3570 2981 3699 3038 Ma-

291 3082 422 3143 gna
466 3061 808 3143 Britannia,
859 3062 1333 3143 castigationem
1380 3082 1557 3122 suam
1600 3061 1896 3124 absolvit;
1936 3061 2116 3125 Edita
2177 3065 2290 3123 fuit
2350 3062 2485 3143 illa,
2520 3061 2776 3121 Basilea:
2839 3079 3005 3143 anno
3069 3064 3218 3143 1555
3283 3061 3445 3143 typis
3507 3066 3694 3140 atque

288 3141 597 3222 impensis
642 3141 972 3220 Episcopii.
1021 3143 1352 3220 Egregiam
1415 3161 1563 3202 sane
1625 3161 1879 3222 operam
1946 3145 2005 3203 in
2070 3147 2187 3205 hac
2249 3164 2360 3203 sua
2421 3142 2690 3201 editione
2750 3142 3038 3219 praestitit
3098 3142 3429 3213 Costerius,
3493 3159 3696 3219 neque

287 3220 511 3303 ipsum
548 3220 887 3303 lectoribus
917 3222 1299 3303 imposuisse
1344 3220 1743 3295 arbitramur,
1792 3243 1933 3283 cum
1978 3225 2315 3284 affirmavit.
2359 3243 2391 3281 a
2438 3241 2501 3282 se
2558 3222 2890 3300 plusquam
2970 3222 3093 3281 duo
3155 3222 3354 3280 millia
3416 3239 3697 3303 errorum

293 3301 369 3364 ex
420 3301 750 3361 Ambrosio
797 3301 1044 3361 sublata
1086 3321 1238 3373 esse,
1287 3309 1515 3379 praeter
1554 3305 1778 3381 viginti
1824 3310 1931 3363 aut
1976 3304 2184 3382 plures
2226 3322 2439 3363 versus
2504 3322 2658 3380 quos
2720 3321 2859 3360 cum
2923 3303 3205 3361 deessent
3265 3303 3329 3360 in
3390 3302 3702 3380 prioribus

290 3382 707 3449 editionibus,
737 3382 885 3463 ipse
930 3382 1169 3463 primus
1214 3383 1339 3442 suis
1383 3402 1693 3463 quemque
1740 3384 1892 3444 locis
1938 3381 2222 3444 restituit.
2272 3386 2715 3443 Verumtamen
2759 3401 2885 3441 non
2930 3382 3047 3463 sibi
3090 3382 3239 3441 satis
3268 3381 3486 3441 auxilii
3515 3382 3703 3463 fuisse

301 3464 370 3523 in
419 3461 782 3521 memoratis
828 3462 1288 3540 exemplaribus
1332 3464 1495 3523 idem
1540 3461 1665 3523 non
1710 3465 1970 3524 obscure
2012 3465 2266 3533 indicat,
2302 3464 2407 3523 ubi
2451 3464 2680 3521 fatetur
2722 3480 2786 3521 se
2830 3462 3206 3540 quandoque
3266 3463 3329 3521 in
3390 3481 3494 3522 eas
3552 3462 3707 3522 inci—

305 3544 476 3604 disse
518 3540 941 3613 difficultates,
990 3542 1215 3620 quibus
1260 3544 1334 3603 ad
1375 3543 1681 3621 judicium
1723 3546 2049 3606 doctorum
2094 3545 2422 3605 hominum
2467 3544 2800 3619 confugere
2844 3548 3095 3603 coactus
3138 3543 3344 3612 fuerit,
3410 3543 3531 3603 hoc
3591 3547 3705 3612 est,

309 3631 377 3683 ut
424 3621 772 3697 simplicius
813 3621 1171 3701 loquamur,
1220 3624 1297 3683 ad
1342 3622 1751 3701 conjecturas.

388 3712 597 3792 Quam
626 3711 721 3792 pob
765 3728 896 3769 rem
941 3729 1081 3771 cum
1121 3713 1395 3772 Joannes
1438 3712 1723 3773 Gillotius
1767 3714 2305 3774 animadvertisset
2347 3712 2692 3773 Costerium
2739 3712 2817 3770 ob
2880 3731 3025 3771 mss.
3092 3711 3376 3792 codicum
3437 3711 3717 3792 paucita-

304 3798 441 3852 tem
487 3790 826 3871 editionem
869 3792 1262 3852 suamcmni
1307 3811 1378 3852 ex
1424 3799 1603 3871 parte
1646 3795 1981 3871 perfectam
2024 3794 2281 3854 reddere
2322 3810 2720 3870 nequaquam
2784 3792 3081 3868 potuisse,
3128 3791 3409 3852 laudavit
3440 3790 3719 3870 quidem

306 3872 452 3949 ejus
495 3870 779 3930 laborem
824 3877 1010 3949 atque
1053 3870 1445 3943 industriam,
1493 3874 1598 3932 sed
1645 3870 1852 3934 tamen
1883 3875 2309 3935 Ambrosianis
2353 3872 2643 3951 operibus
2688 3871 2922 3949 aliquid
2985 3872 3380 3949 perfectionis
3444 3890 3719 3931 accessu-

309 3971 458 4013 rum
506 3951 772 4029 putavit,
822 3951 872 4009 si
915 3970 986 4011 ea
1032 3951 1235 4011 denuo
1281 3952 1418 4033 aliis
1462 3954 1758 4013 adhibitis
1802 3955 2257 4033 exemplaribus
2320 3957 2807 4033 recognosceret.
2857 3952 3287 4033 iCongregavit
3345 3951 3537 4028 igitur
3594 3968 3716 4033 non

309 4033 631 4113 exiguam
665 4032 1228 4113 manuscriptorum
1268 4032 1730 4093 multitudinem
1776 4052 1807 4093 e
1850 4031 2181 4113 praecipuis
2225 4033 2488 4111 hujusce
2532 4032 2702 4113 urbis
2744 4031 3161 4113 bibliothecis,
3210 4037 3299 4113 uti
3339 4036 3552 4113 putae
3614 4032 3723 4113 Re-

308 4114 442 4193 gia,
492 4111 863 4193 Sorbonica,
911 4113 1332 4193 Germanensi,
1365 4113 1702 4181 Victorina,
1753 4110 1975 4192 quibus
2019 4110 2498 4175 annumer’emus
2540 4112 2683 4193 licet
2726 4112 3190 4193 Dionysianam,
3257 4112 3384 4170 sive
3455 4110 3724 4171 abbatiae

311 4191 538 4257 Sancti
583 4191 864 4269 Dionysii
905 4192 969 4251 in
1016 4192 1298 4263 Francia,
1346 4193 1410 4251 in
1455 4213 1576 4271 qua
1619 4191 2035 4270 sola’viginti
2095 4202 2151 4255 et
2215 4194 2485 4271 amplius
2545 4192 2788 4251 codices
2848 4192 3403 4252 Ambrosianorum
3466 4209 3726 4269 operum

312 4292 516 4334 manu
563 4277 852 4331 exaratos
899 4272 1206 4331 exstitisse
1248 4272 1411 4331 idem
1458 4279 1675 4333 auctor
1717 4280 1826 4334 est.
1874 4277 2100 4334 Verum
2147 4294 2286 4333 cum
2330 4279 2424 4333 tot
2467 4272 2785 4332 codicibus
2828 4273 2989 4331 inter
3030 4291 3094 4331 se
3138 4272 3529 4332 conferendis
3558 4289 3728 4330 com-

312 4352 903 4434 ponendisque‘vix
946 4350 1157 4434 plures
1199 4353 1509 4434 homines,
1557 4354 1785 4413 nedum
1833 4374 2022 4414 unum
2068 4355 2364 4433 aliquem,
2414 4353 2694 4434 sufficere
2741 4352 3282 4434 animadverteret,
3331 4371 3405 4412 ex
3435 4370 3509 4411 eo
3550 4354 3728 4434 tanto

317 4429 613 4501 humero,
665 4436 746 4526 ut.
770 4431 901 4509 ipse
944 4431 1008 4490 in
1052 4433 1422 4526 praefatione
1467 4453 1577 4524 sua
1620 4452 1745 4524 non
1789 4429 3149 4526 dis.si.mulat,_pat1cos‘quibus‘cxcutiendis.
3182 4451 3295 4510 par
3338 4437 3518 4522 esset,
3583 4429 3734 4491 deli-

321 4531 470 4592 gere
514 4511 900 4592 aciretinere
941 4529 1266 4592 necessum
1310 4513 1553 4572 habuit.
1604 4513 1754 4590 Ejus
1798 4515 1988 4575 editio
2030 4511 2283 4573 Parisiis
2323 4514 2484 4592 apud
2532 4511 2932 4571 Guillelmum
2977 4511 3303 4572 Merlinum
3338 4511 3734 4592 ejusquerso—

322 4591 457 4652 eios
498 4593 567 4652 in
609 4591 812 4651 lucem
858 4591 1093 4669 prodiit
1137 4611 1302 4651 anno
1352 4594 1526 4652 1568.
1581 4594 1874 4663 Quamvis
1919 4600 2127 4655 autem
2173 4591 2454 4654 omnium
2503 4611 2642 4670 quae
2685 4593 2858 4670 prius
2901 4592 3135 4671 publici
3171 4592 3333 4671 juris
3376 4593 3557 4652 facta:
3602 4591 3735 4650 fue-

320 4678 490 4741 rant,
541 4671 767 4731 merito
814 4672 1147 4749 praedicari
1187 4673 1384 4751 possit
1430 4673 1927 4745 absolutissima;
1979 4674 2387 4734 nihilominus
2430 4679 2662 4744 tamen,
2711 4691 2849 4750 quae
2894 4691 3099 4732 rerum
3162 4674 3581 4733 humanarum
3624 4690 3739 4730 saa-

318 4772 402 4832 ep
448 4751 727 4811 conditio
755 4757 868 4823 est,
898 4752 1196 4812 remansit
1240 4753 1520 4813 omnium
1563 4755 2016 4831 propemodum
2059 4755 2332 4815 maxime
2375 4754 2613 4831 ignota,
2661 4772 2796 4812 eam
2836 4753 3125 4813 videlicet
3167 4752 3473 4832 oppressit
3516 4755 3740 4811 Roma-

313 4853 422 4895 nae
470 4850 615 4910 qua:
661 4832 944 4909 proxime
986 4832 1163 4892 illam
1205 4838 1416 4892 secuta
1458 4838 1570 4901 est,
1619 4834 1907 4894 editionis
1951 4835 2135 4895 fama.

406 4922 507 4981 Ad
546 4920 710 4979 hanc
758 4921 1215 4998 suscipiendam
1257 4920 1453 4991 Felix,
1503 4922 1837 4982 cardinalis
1880 4924 1957 4983 de
2000 4923 2401 4995 Monte-Alto,
2450 4929 2509 4982 et
2554 4929 2765 5001 postea
2812 4923 2925 4981 sub
2967 4922 3220 4982 nomine
3261 4919 3527 5001 Xysti_V
3585 4934 3743 5001 pgn-

316 5004 483 5063 tifex
532 5001 874 5081 maximus,
922 5001 1319 5061 decessorum
1363 5020 1618 5061 suorum
1662 5003 1753 5062 Pii
1801 5004 1879 5061 IV
1921 5022 1990 5063 ac
2036 5005 2130 5064 Pii
2172 5006 2222 5063 V
2268 4999 2637 5063 auctoritate
2678 5009 2865 5081 atque
2910 5003 3224 5063 mandatis
3268 5019 3352 5069 se,
3425 4999 3575 5081 dum
3617 4999 3743 5081 _Ro-

312 5102 448 5143 mea
498 5081 567 5140 in
616 5080 930 5140 Minorum
976 5086 1285 5140 conventu
1329 5081 1684 5157 generalem
1728 5084 1963 5143 ordinis
2009 5085 2105 5144 sui
2172 5089 2403 5162 ageret,
2468 5078 2790 5143 inductum
2851 5101 2981 5142 esse
3038 5082 3379 5162 proﬁtetur.
3440 5078 3745 5148 Quocirca

315 5170 392 5224 ut
444 5162 813 5220 mandatam
858 5162 1247 5239 provinciam
1295 5162 1515 5232 obiret,
1565 5162 1752 5239 coepit
1795 5164 2009 5223 rimari
2057 5159 2428 5224 celebriores
2492 5164 2925 5233 bibliothecas,
2991 5159 3444 5236 manuscriptos
3502 5163 3744 5239 veteres

313 5243 622 5322 conferre
666 5259 816 5322 cum
855 5240 1233 5301 editionibus
1278 5238 1825 5322 emendatioribus,
1874 5250 1933 5303 et
1978 5245 2172 5304 sicubi
2218 5249 2518 5303 tractatus
2561 5243 2790 5322 aliquis
2837 5242 3111 5322 nondum
3144 5240 3376 5322 editus
3437 5238 3741 5322 deliteret,

314 5321 716 5402 investigare
744 5321 1182 5402 :rinsuperque
1226 5321 1439 5402 sedulo
1486 5340 1836 5402 praeparare
1881 5323 1999 5384 alia
2046 5325 2253 5385 omnia
2299 5343 2438 5402 quas
2501 5325 2578 5383 ad
2642 5318 2845 5402 o'peris
2906 5319 3346 5402 perfectionem
3389 5318 3750 5402 conducibi-

312 5405 419 5465 lia
468 5399 892 5462 existimabat.
942 5404 1021 5462 At
1064 5419 1235 5471 vero,
1301 5401 1559 5461 diversis
1624 5402 1915 5463 itinerum
1978 5399 2367 5482 aliarumque
2428 5399 2714 5463 curarum
2775 5400 3281 5482 distractionibus
3331 5399 3744 5482 praepeditus,

315 5485 390 5546 id
441 5481 912 5562 imperfectum,
959 5487 1027 5562 ut
1071 5481 1323 5550 fatetur,
1371 5482 1651 5562 deserere
1695 5491 1945 5543 coactus
1990 5485 2126 5544 fuit.
2174 5479 2401 5545 Factus
2445 5490 2661 5562 postea
2703 5480 3034 5562 cardinalis
3095 5481 3517 5541 intermissum
3577 5479 3752 5562 labo-

322 5582 468 5625 rem
520 5558 807 5643 repetiitL
841 5562 947 5643 sed
984 5561 1119 5639 jam
1152 5579 1278 5621 non
1323 5560 1527 5643 solus;
1578 5562 1663 5643 sic
1710 5564 1873 5643 enim
1915 5566 2280 5643 Gregorium
2311 5558 2470 5635 XIII,
2520 5563 2616 5621 cui
2648 5560 2993 5643 editionem
3028 5581 3203 5622 suam
3230 5562 3501 5643 dicatam
3527 5558 3749 5643 vp_1u_it,

316 5637 693 5726 alloquitur
722 5641 808 5721 (Ε
802 5637 1024 5722 pistola
1050 5640 1505 5726 nuncupatoria)
1533 5637 2064 5726 :_Qualemcungue
2076 5654 2281 5726 postea
2310 5652 2517 5704 nactus
2537 5642 2815 5726 quietem,
2847 5640 3082 5703 hortatu
3107 5642 3400 5726 jussuque
3444 5640 3516 5702 S.
3543 5637 3630 5726 _V.
3657 5639 3752 5726 in-

321 5717 624 5787 choatum
668 5717 820 5803 opus
856 5731 1137 5803 repetens,
1177 5717 1500 5803 praeclaros
1542 5721 1822 5799 doctores,
1868 5717 2026 5786 viros
2070 5717 2345 5787 doctrina
2385 5731 2441 5803 et
2476 5717 2697 5803 pietate
2737 5740 2965 5803 graves,
3030 5717 3484 5803 ac'linguarum
3521 5717 3754 5803 intelli-

326 5804 575 5886 gentia,
623 5794 1132 5865 et‘lzistoriarum’
1155 5794 1484 5883 cognitione
1526 5794 1818 5883 insignes,
1842 5816 2135 5887 praeterea
2179 5807 2240 5865 in
2282 5794 2622 5865 scholastica
2706 5794 2997 5885 tlzeologia
3056 5814 3114 5866 et
3177 5794 3431 5867 Patrum
3513 5798 3753 5860 lectione
