4122 6186
301 260 380 328 Si
1803 254 2241 326 PREFATIO.
3639 261 3719 330 22
3776 300 3781 301 ί

301 389 574 470 Erasmi,
639 387 880 458 Gelenii
921 405 995 457 ac
1051 390 1593 476 caeterorumhqui
1636 390 1990 476 Basileensi
2041 392 2301 458 editioni
2364 399 2508 460 ante
2568 392 2916 462 Costerium
2958 413 3218 463 manum
3280 394 3717 476 admoverunt,

302 483 570 560 peccata
613 481 675 537 et
720 492 1033 560 summam
1075 474 1141 536 in
1182 474 1531 560 sequendis;
1559 475 1936 555 conjecturis
1979 475 2295 560 licentiam
2341 483 2519 540 caute
2562 479 2980 543 dissimulant.

379 556 897 643 Caeterumuillud
941 575 1059 643 nos
1101 556 1475 618 conﬁdimus
1518 558 1637 643 hac
1682 563 1894 643 nostra
1939 558 2210 643 editione
2256 566 2610 643 assecutos,~
2642 566 2707 619 ut
2752 580 2823 621 ea
2864 563 2990 643 tela
3036 582 3179 642 quae
3226 568 3532 643 perpetuo
3577 582 3724 624 con-

296 644 404 700 tra
444 637 772 723 Ambrosii
821 638 1260 723 auctoritatem
1322 638 1701 723 tqrquebant
1766 637 2094 723 catholicae
2158 639 2449 723 Ecclesia}
2522 642 2885 723 adversarii,
2945 637 3080 720 jam
3144 637 3591 723 in-po'sterum
3645 663 3721 705 ex

299 738 527 781 eorum
587 718 875 778 manibus
936 718 1302 796 eripiantur.
1370 719 1649 778 Primum
1716 718 1882 777 enim
1946 719 2109 778 hanc
2172 718 2374 795 legem
2434 721 2614 780 nobis
2678 718 3107 783 inviolabilem
3190 718 3322 784 esse
3378 724 3717 795 voluimus,

297 800 545 861 nullam
606 799 668 858 in
746 803 989 879 textum
1051 797 1475 876 conjecturam
1555 815 1873 879 unquam‘
1923 798 2272 879 admittere.
2343 801 2521 870 Nam,
2570 802 3101 879 quemadmodum
3145 804 3480 865 aCosterio
3547 805 3721 864 vide-
3768 846 3777 855 ε

303 900 468 949 mus,
524 878 1010 964 prudentissime
1099 879 1500 964 observatum
1575 878 1791 956 (Epist.
1851 876 1986 964 jam
2058 878 2387 957 laudata):
2458 876 2608 964 Qui—
2640 881 2870 960 ingenio
2934 881 3233 964 duntaxat
3296 903 3401 944 suo
3445 883 3715 964 judicio-

301 979 417 1041 que
462 956 799 1042 plusquam‘
828 956 1099 1042 debeant,
1171 956 1392 1037 ﬁdunt,
1451 976 1637 1038 neque
1703 958 2046 1042 praesidium
2107 978 2289 1042 omne
2319 956 2394 1019 in
2457 956 2839 1040 antiquorum
2900 963 3328 1042 exemplarium
3398 956 3717 1025 collatione

298 1036 692 1113 constituunt,
750 1037 900 1120 ﬁeri
949 1036 1183 1117 quztiem
1234 1045 1427 1117 potest
1490 1036 1560 1097 ut
1613 1036 1967 1120 quandoque
2037 1038 2325 1100 nonnulla
2398 1058 2530 1119 qua:
2598 1036 2821 1102 contra
2880 1036 3407 1120 graminatz'corum
3471 1063 3717 1106 canones

293 1120 673 1212 depugnem,
753 1118 1075 1212 restituunt
1124 1138 1147 1179 .·
1203 1127 1274 1178 at
1336 1136 1499 1212 voces
1572 1118 1728 1177 male
1784 1127 2166 1211 commutatus
2190 1166 2204 1191 ,
2269 1118 2581 1180 sententias
2636 1130 2756 1212 aut
2833 1118 3069 1212 οῂπηιήο
3128 1124 3387 1196 omissas,
3484 1134 3591 1184 aut
3653 1126 3715 1186 in

291 1197 823 1283 alienam__{ocg¢m
876 1198 1125 1283 rejectas
1178 1216 1241 1258 eo
1299 1197 1844 1283 modo_persanare
1899 1201 2239 1283 neutiquam
2302 1209 2561 1283 possunt.
2608 1202 2722 1283 _Ne_
2786 1202 2923 1283 quis
2993 1221 3140 1262 vero
3185 1221 3298 1262 nos
3359 1209 3536 1280 putet
3568 1224 3715 1283 pro-

292 1280 506 1341 missis
546 1279 674 1361 illis
717 1279 931 1338 fucum
974 1279 1198 1361 facere,
1246 1296 1372 1337 non
1415 1278 1620 1361 solum
1666 1279 2233 1361 manuscriptorum
2272 1281 2505 1361 quibus
2550 1280 2627 1339 ad
2675 1278 2955 1358 singulos
3014 1287 3317 1343 tractatus
3361 1278 3716 1361 recognos-

294 1362 534 1421 cendos
576 1359 684 1441 usi
716 1377 954 1441 sumus,
1001 1358 1359 1441 catalogum
1406 1358 1483 1417 ad
1529 1358 1765 1441 calcem
1808 1358 2144 1418 voluminis
2189 1360 2609 1441 exhibuimus,
2656 1378 2874 1419 verum
2921 1361 3111 1420 etiam
3157 1362 3421 1438 singulis
3465 1358 3716 1441 paginis

296 1441 365 1501 in
410 1439 691 1521 inferiori
738 1439 1037 1521 margine
1066 1439 1216 1521 quid
1260 1444 1319 1497 et
1364 1456 1502 1521 qua
1533 1439 1902 1521 auctoritate
1946 1445 2399 1521 commutatum
2422 1440 2637 1521 fuerit,
2665 1440 3285 1502 submonuimus.Ubi
3305 1439 3493 1501 etiam
3516 1439 3718 1521 cujus-

302 1537 427 1600 que
455 1519 861 1600 codicisitum
925 1518 1138 1595 scripti
1180 1524 1315 1577 tum
1360 1518 1517 1600 editi
1543 1518 1750 1600 varias
1811 1519 2166 1600 curavimus
2232 1519 2434 1600 adjici
2494 1520 2832 1600 lectiones;
2918 1539 2992 1579 eo
3035 1527 3247 1580 tamen
3327 1518 3607 1587 delectu,
3648 1528 3718 1582 ut

295 1597 455 1679 quas
497 1599 752 1659 levioris
808 1599 1176 1680 duceremus
1218 1597 1543 1680 momenti,
1625 1597 2030 1680 rejieerentur
2088 1599 2152 1657 in
2214 1599 2403 1680 finem
2464 1599 2802 1659 voluminis
2848 1600 2979 1680 (a);
3030 1619 3186 1679 quas
3245 1618 3395 1660 vero
3458 1601 3712 1673 nullius,

294 1678 755 1740 omitterentur.
804 1681 934 1738 Hac
976 1678 1267 1737 videlicet
1310 1678 1551 1737 ratione
1598 1678 2005 1755 providimus,
2056 1684 2121 1737 ut
2166 1685 2225 1737 et
2268 1678 2484 1738 lectori
2530 1698 2719 1757 quam
2766 1678 3160 1757 potiSsimum
3204 1680 3534 1741 lectionem
3580 1700 3715 1741 am-

293 1760 635 1838 plectatur,
693 1759 921 1839 eligﬁere
975 1758 1240 1818 liberum
1288 1758 1415 1839 sit:
1481 1775 1594 1816 nec
1651 1764 1863 1817 tamen
1925 1758 2171 1836 paginae
2217 1758 2459 1839 levibus
2519 1759 2924 1820 inutilibusve
2967 1760 3132 1819 notis
3195 1760 3589 1839 oppleantur.
3639 1762 3716 1821 At

294 1841 362 1900 in
427 1840 766 1917 Scriptura:
811 1838 967 1898 locis
1009 1839 1114 1916 qui
1168 1838 1402 1916 passim
1463 1838 1736 1897 citantur
1776 1840 1855 1897 ab
1920 1839 2270 1909 Ambrosio,
2337 1838 2727 1917 diligentiam
2790 1858 2862 1898 ac
2923 1838 3299 1917 religionem,
3338 1841 3544 1901 adhuc
3587 1859 3718 1900 ma-

289 1920 500 1999 jorem
556 1919 999 1989 adhibuimus;
1063 1919 1427 1999 eorumdem
1488 1918 1996 1999 enim_locorum
2032 1998 2035 1999 ν
2076 1919 2410 1978 varietates
2483 1919 2795 1999 interdum
2859 1921 3049 1979 etiam
3110 1921 3277 1980 haud
3342 1921 3430 1980 ita
3491 1939 3716 1998 graves

296 1997 427 2060 non
472 2000 677 2061 solum
721 2017 793 2059 ex
840 1998 1154 2058 Ambrosii
1197 1998 1537 2068 codicibus,
1587 1997 1693 2057 sed
1739 2016 1772 2056 e
1813 1998 2075 2059 diversis
2137 2016 2385 2077 quoque
2429 1998 2775 2059 Bibliorum
2838 2000 3156 2060 idiomatis
3218 2001 3456 2079 placuit
3504 1997 3717 2060 anno-

292 2088 454 2141 tare.

380 2159 828 2221 Submovimus
873 2164 1081 2217 autem
1125 2156 1442 2234 longiores
1485 2157 1629 2216 illos
1691 2164 2038 2230 contextus,
2089 2159 2336 2236 quibus,
2404 2163 2470 2217 ut
2512 2158 2747 2218 dictum
2794 2164 2907 2229 est,
2972 2159 3035 2218 in
3098 2160 3369 2220 editione
3435 2161 3719 2221 Romana

296 2259 445 2301 cum
490 2240 636 2299 libri
681 2240 759 2298 ab
813 2238 1109 2309 invicem,
1165 2244 1301 2296 tum
1365 2238 1553 2296 etiam
1598 2256 1724 2296 non
1770 2256 1910 2297 raro
1972 2239 2178 2297 media
2239 2239 2360 2316 ipsi
2427 2238 2635 2317 capita
2696 2239 3176 2311 dividebantur;
3242 2258 3317 2299 eo
3379 2241 3547 2318 quod
3609 2240 3721 2300 illa

287 2320 523 2380 divisio
587 2337 847 2397 operum
912 2318 1478 2398 Ambrosianorum
1542 2335 1788 2395 corpus,
1853 2318 2020 2398 quod
2086 2337 2279 2377 unum
2342 2336 2494 2388 esse,
2567 2320 2775 2396 quoad
2832 2318 2966 2397 ejus
3029 2320 3162 2379 ﬁeri
3224 2326 3451 2398 potest,
3512 2321 3719 2393 debet,

293 2401 478 2479 quasi
525 2396 923 2459 membratim
968 2398 1279 2479 distrahat
1322 2403 1382 2457 et
1426 2397 1757 2473 discerpat.
1809 2401 1895 2457 De
1938 2396 2241 2479 librorum
2304 2416 2454 2479 vero
2512 2398 2782 2457 sectione
2826 2400 2889 2458 in
2934 2400 3163 2477 capita,
3219 2396 3461 2459 necnon
3507 2418 3727 2460 eorum

293 2477 719 2558 argumentis,
764 2480 889 2537 sive
934 2478 1314 2558 summariis,
1361 2483 1430 2535 ut
1470 2481 1721 2558 vocant,
1769 2477 2090 2558 sententiis
2125 2478 2495 2558 tantispen
2526 2483 2833 2558 certatum
2889 2485 3028 2550 est;
3079 2498 3222 2539 cum
3266 2498 3392 2539 non
3435 2480 3722 2540 deessent

296 2556 407 2639 qui
452 2577 529 2619 ea
573 2559 787 2618 omnia
829 2577 969 2636 quae
1015 2576 1138 2639 non
1184 2557 1562 2639 haberentur
1620 2556 2194 2639 in'Amanuscriptis,
2258 2575 2336 2639 ex
2401 2556 2782 2639 editionibus
2823 2558 3122 2639 tollenda
3186 2577 3319 2619 esse
3381 2561 3719 2621 contende-

296 2635 490 2701 rent:
536 2639 644 2699 alii
689 2635 906 2697 contra
948 2638 1273 2696 retinenda
1337 2636 1589 2714 quidem
1633 2636 2105 2706 existimarent;
2173 2635 2277 2694 sed
2342 2636 2489 2715 quia
2550 2641 2761 2695 vetera
2817 2637 2927 2696 illa
2995 2644 3364 2715 argumenta
3425 2640 3714 2699 Auctoris

296 2739 555 2780 sensum
599 2724 787 2797 atque
834 2718 1187 2787 consilium,
1233 2716 1334 2797 vel
1374 2716 1603 2797 iminus
1645 2716 1993 2797 perspicue,
2024 2715 2157 2797 Avel
2203 2715 2408 2797 minus
2451 2714 2643 2797 latine
2704 2714 3245 2797 repraesentarent,
3312 2718 3701 2797 corrigenda.

296 2801 523 2863 Potior
581 2794 809 2858 horum
869 2798 1003 2857 visa
1064 2803 1155 2856 est
1216 2796 1470 2874 opinio;
1533 2801 1777 2854 constat
1839 2795 2144 2873 siquidem
2198 2794 2477 2853 animum
2539 2794 2788 2854 lectoris
2847 2796 3202 2873 defatigari,
3266 2796 3386 2856 nisi
3444 2794 3708 2857 subinde

297 2881 484 2960 quasi
524 2879 717 2960 variis
758 2877 1135 2937 stationibus
1177 2877 1544 2960 requiescat.
1596 2876 1714 2937 Sed
1760 2876 1821 2934 in
1868 2876 1986 2935 hoc
2031 2874 2307 2934 maxima
2335 2874 2519 2960 illius
2579 2875 2845 2934 instituti
2903 2875 3163 2960 videtur_
3212 2876 3484 2960 utilitas;
3533 2877 3701 2960 quod

288 2954 583 3021 eumdem
653 2959 953 3018 lectorem
996 2963 1333 3035 antequam
1379 2956 1457 3015 ad
1501 2973 1731 3015 novam
1794 2961 2069 3014 transeat
2130 2954 2481 3035 materiam,
2556 2961 2888 3032 praeparet,
2952 2974 3074 3032 quo
3138 2956 3379 3016 facilius
3436 2956 3705 3035 legenda

287 3039 629 3118 intelligat.
678 3041 751 3098 Et
793 3038 917 3097 hoc
943 3055 1106 3118 sane
1163 3036 1373 3118 nullus
1415 3035 1670 3118 negabit
1713 3036 1915 3118 magis
1958 3034 2376 3118 necessarium
2441 3052 2572 3118 esse
2618 3035 2678 3118 in
2732 3053 2805 3095 eo
2836 3035 3319 3118 scriptorehad
3365 3034 3542 3118 cujus
3583 3036 3708 3097 lec-

291 3114 533 3181 tionem
577 3124 763 3196 atque
809 3116 1309 3193 intelligentiam,
1360 3116 1891 3193 quemadmodum
1937 3114 2377 3175 animadvertit
2452 3115 2757 3174 Antonius
2818 3114 3111 3196 Godellus
3382 3115 3553 3177 Eccl.
3603 3135 3703 3176 an.

289 3200 461 3279 397).
502 3194 804 3279 magnum
852 3196 1143 3258 Ecclesiae
1186 3196 1525 3257 Gallicana:
1568 3196 1758 3255 decus
1801 3201 1861 3254 et
1904 3200 2364 3266 ornamentum,
2413 3212 2571 3272 Opus
2615 3199 2706 3254 est
2767 3194 3113 3256 eruditione
3168 3194 3520 3275 plusquam
3583 3214 3713 3257 me-

303 3278 534 3341 diOcri.

380 3360 460 3420 Ut
519 3359 709 3435 igitur
770 3358 890 3417 hac
953 3358 1017 3416 in
1076 3376 1141 3416 re
1202 3355 1601 3434 potissimum
1658 3353 2033 3435 junioribus
2078 3352 2393 3435 theologis
2436 3371 2575 3435 pro,
2616 3353 2874 3415 modulo
2936 3359 3152 3415 nostro
3216 3355 3709 3427 consuleremus,

291 3433 612 3518 receptam
668 3438 806 3516 jam
857 3437 1021 3518 olim
1080 3433 1614 3518 tractatuumnilr
1645 3434 1854 3511 capita
1912 3433 2286 3518 divisionem
2355 3433 2747 3506 retinuimus,
2812 3435 2955 3518 ipsa
3012 3435 3220 3513 capita
3292 3435 3357 3494 in
3422 3452 3716 3518 numeros

294 3540 406 3580 seu
442 3513 774 3578 'sectiones
834 3516 1289 3585 distribuimus,
1348 3513 1761 3591 explicuimus
1821 3533 2006 3574 voces
2076 3514 2373 3573 obscuras
2427 3519 2534 3572 aut
2598 3533 2821 3590 parum
2866 3515 3175 3587 usitatas;
3245 3532 3461 3575 eorum
3527 3515 3717 3576 etiam

295 3618 442 3679 quae
488 3599 569 3658 ad
632 3597 985 3679 historiam,
1050 3596 1445 3679 disciplinam
1511 3600 1728 3679 atque
1759 3593 2109 3679 doctrinam
2171 3598 2476 3670 spectant,
2552 3593 2659 3652 ubi
2722 3613 2821 3679 res
2877 3594 2966 3654 ita
3029 3593 3348 3679 postulare
3387 3595 3568 3679 _visa_
3599 3600 3712 3667 est,

291 3673 554 3740 brevem
618 3677 1098 3736 subnotavimus
1157 3674 1631 3753 expositionem.
1700 3674 1792 3733 Ad
1865 3675 2001 3733 haec
2080 3679 2360 3733 veterum
2425 3691 2674 3750 quoque
2739 3673 2990 3735 illorum
3066 3673 3239 3735 locos
3300 3674 3717 3736 indicavimus

292 3778 460 3839 quos
504 3757 878 3839 Ambrosius
912 3762 1122 3839 noster
1162 3752 1279 3815 sibi
1306 3759 1730 3839 proposuerat
1771 3754 2127 3813 imitandos.
2177 3752 2246 3812 In
2285 3752 2515 3839 quibus
2558 3752 2850 3839 omnibus
2890 3773 3015 3839 non
3067 3756 3303 3815 famam
3349 3754 3717 3839 eruditionis

293 3832 610 3917 aucupari
663 3836 997 3917 consilium
1037 3835 1174 3917 fuit,
1218 3836 1325 3917 sed
1370 3833 1673 3917 lectorum
1718 3852 1789 3893 ac
1832 3852 2048 3917 eorum
2111 3832 2425 3911 praecipue
2488 3832 2615 3910 qui,
2682 3839 2749 3892 ut
2792 3834 3087 3917 diximus,
3136 3840 3415 3917 recentes
3460 3854 3496 3895 a
3540 3836 3719 3917 theo-

292 3913 493 3997 logizé
529 3917 783 3986 scholis,
818 3935 882 3975 se
925 3915 1004 3997 ad
1027 3915 1380 3997 evolvenda
1403 3913 1685 3997 Doctoris
1715 3914 1911 3997 nostri
1941 3918 2343 3997 monumenta
2366 3918 2756 3991 comparant,
2796 3914 2983 3997 unice
3025 3913 3721 3997 spectavimus__utili_t_a-

294 3992 454 4061 tein.
504 3998 899 4075 Quapropter
939 3996 1226 4055 doctores
1268 3994 1408 4065 viri,
1458 3994 1682 4075 quibus
1726 3993 2037 4053 eruditum
2097 3994 2217 4075 hoc
2279 3998 2562 4075 nostrum
2626 3993 2939 4075 sazculumi
2985 3994 3285 4075 abundat,
3351 3992 3524 4075 nullo
3595 3992 3721 4075 dis-

294 4078 542 4160 pendio
584 4072 1124 4160 notulasnostras
1168 4074 1463 4160 emittant
1505 4073 1672 4160 licet,
1719 4092 1832 4133 nec
1878 4078 2087 4160 tamen
2131 4072 2271 4132 illas
2333 4072 2641 4160 tironibus
2691 4078 2882 4160 atque
2926 4074 2989 4132 in
3032 4072 3719 4160 hujuscemodistudio

297 4152 664 4221 candidatis
705 4156 1063 4227 invideant;
1114 4154 1340 4232 quibus
1382 4171 1455 4212 eo
1500 4153 1700 4231 magis
1752 4152 2133 4213 necessarias
2193 4171 2325 4212 esse
2393 4152 2546 4212 illud
2611 4153 2902 4225 ostendit,
2974 4155 3140 4232 quod
3203 4154 3268 4214 in
3310 4153 3527 4214 multis
3568 4152 3722 4213 locis

302 4243 489 4300 Rom.
543 4236 837 4307 editores,
882 4236 1051 4295 viros
1096 4234 1377 4312 alioquin
1421 4234 1719 4302 eruditos,
1753 4234 2039 4293 Auctoris
2082 4251 2331 4293 sensum
2364 4239 2837 4312 nonpassecutos
2878 4234 3150 4295 inducta:
3195 4234 3259 4294 in
3303 4238 3543 4294 textum
3588 4251 3725 4293 mu-

300 4320 585 4380 tationes
631 4316 1030 4407 patefaciant.
1078 4315 1156 4375 Hi
1195 4310 1345 4407 vler‘o
1389 4312 1540 4407 dum
1588 4313 2005 4407 qualicunque
2048 4313 2169 4407 hoc
2213 4318 2426 4407 nostro
2482 4310 2873 4407 juvabuntur
2931 4313 3167 4407 labore,
3210 4314 3397 4407 quod.
3427 4312 3727 4392 pauciora

304 4392 813 4476 exposuerimus,
860 4413 987 4476 non
1032 4393 1658 4476 expostulent;_cum
1702 4392 1860 4476 nihil
1906 4394 2094 4476 quod
2133 4393 2316 4476 valde
2369 4392 2786 4476 necessarium
2832 4393 3038 4465 fuerit,
3085 4393 3567 4474 neglexerimus,
3612 4411 3728 4454 nec

304 4471 584 4539 fusiores
629 4475 1072 4536 annotationes
1113 4471 1298 4534 facile
1343 4472 1727 4533 admissurus
1770 4473 1953 4533 fuerit
1996 4471 2332 4532 voluminis
2376 4473 2618 4532 modus.
2778 4529 2782 4532 .

394 4556 577 4629 Quod
624 4574 811 4633 porro
874 4556 952 4615 ad
997 4554 1271 4615 universi
1314 4553 1521 4633 operis
1563 4553 1966 4631 partitionem
2012 4552 2254 4623 attinet,
2301 4552 2482 4612 nobis
2525 4570 2725 4633 neque
2772 4554 3051 4614 Romana
3093 4571 3295 4633 neque
3363 4552 3733 4616 Erasmiana

310 4637 473 4697 satis
532 4632 800 4714 probata
857 4641 987 4707 est;
1042 4634 1371 4713 utrobique
1429 4632 1596 4714 enim
1652 4651 1793 4693 cum
1851 4633 2010 4693 bene
2057 4632 2254 4692 multa
2283 4638 2445 4714 sunt
2494 4632 2747 4714 pr0p_rio
2796 4652 2906 4694 suo
2953 4634 3094 4694 loco
3142 4632 3270 4695 nOn
3317 4634 3544 4713 posita,
3596 4637 3732 4693 tum

307 4716 499 4778 nulla
534 4711 760 4775 exstat
818 4714 1243 4793 legitimorum
1273 4711 1874 4773 iadulterinorumve
1942 4714 2211 4793 fuatuum
2263 4712 2572 4793 discretio.
2636 4712 2853 4793 Itaque
2904 4713 3062 4774 nihil
3134 4711 3525 4776 commodius
3597 4729 3730 4773 esse

307 4796 646 4867 duximus,
700 4791 906 4874 quam'
940 4800 1006 4854 ut
1055 4812 1247 4873 opera
1312 4793 1526 4853 omnia
1573 4811 1713 4874 quae
1779 4793 2033 4853 nomine
2080 4792 2396 4853 Ambrosii
2431 4791 2867 4874 reperiuntur
2900 4794 3221 4873 inscripta,
3280 4795 3346 4855 in
3400 4800 3527 4855 tres
3574 4793 3734 4874 dun-

304 4882 502 4938 taxat
552 4868 760 4936 tomos
807 4868 1247 4946 dividereinus,
1302 4891 1571 4951 quorum
1594 4868 1859 5011 'priores
1908 4874 2032 4933 duo
2079 4890 2251 4943 vera,
2300 4868 2964 4951 tertius—supposititia
3013 4868 3616 4954 comprehenderet:
3666 4868 3733 4928 in

308 4975 449 5011 mm
511 4973 550 5011 a
610 4956 893 5011 Romana
948 4954 1407 5011 distributione.
1469 4953 1569 5011 cui
1650 4972 1814 5011 ongo
1875 4972 1988 5011 usu
2030 4971 2193 5011 nunc
2247 4970 2464 5011 omnes
2521 4953 2750 5011 assueti
2798 4959 2963 5011 sunt.
3017 4974 3206 5011 quam
3254 4953 3583 5011 minimum
3626 4967 3733 5011 no-

308 4975 449 5037 quo
511 4973 550 5013 a
610 4956 893 5037 Romana
948 4954 1407 5037 distributione,
1469 4953 1569 5037 cui
1623 4953 1814 5037 longo
1874 4972 1988 5037 usu
2030 4971 2193 5037 nunc
2247 4970 2481 5037 omnes
2521 4953 2750 5037 assueti
2798 4959 2963 5028 sunt,
3017 4953 3206 5037 quam
3254 4953 3583 5037 minimum
3614 4967 3736 5037 Apo—

304 5030 465 5107 fuit,
522 5034 912 5095 recessimus.
976 5035 1175 5112 Igitur
1211 5034 1349 5114 hoc
1399 5032 1602 5114 primo
1651 5032 1970 5093 volumine
2039 5033 2341 5111 quidquid
2409 5033 2487 5092 ad
2525 5032 2880 5114 "Scriptura:
2939 5030 3389 5114 expositionem
3445 5030 3732 5101 refertur,

307 5053 465 5107 tun,
522 5053 912 5095 recessrmus.
976 5053 1175 5112 igitur
1230 5053 1349 5094 noc
1399 5053 1602 5111 primo
1651 5053 1970 5093 velumine
2039 5053 2341 5111 quiaquin
2409 5053 2487 5092 aa
2546 5053 2880 5173 scripturae
2939 5053 3389 5114 exposmonem
3445 5053 3732 5101 I‘BIBI‘LUI‘,

307 5114 646 5193 complexi
693 5132 947 5175 sumus:
996 5115 1075 5175 de
1124 5113 1302 5192 cujus
1352 5113 1604 5191 quidem
1654 5114 2022 5173 tractatibus
2068 5132 2195 5173 non
2242 5118 2333 5172 est
2384 5131 2493 5172 cur
2520 5113 2640 5173 hoc
2710 5133 2824 5175 oco
2855 5115 3035 5193 plura
3064 5114 3372 5185 dicantur,
3404 5129 3545 5172 cum
3577 5128 3739 5193 prae-

307 5190 540 5259 missae
574 5194 654 5254 ad
683 5193 965 5273 singulos
1012 5190 1471 5255 admonitiones
1518 5211 1735 5252 eorum
1786 5198 2059 5264 aetatem,
2110 5192 2500 5271 propositum
2549 5190 2875 5267 Auctoris;
2920 5201 2980 5256 et
3027 5193 3153 5273 alia
3200 5211 3340 5271 quae
3388 5190 3741 5254 necessaria

298 5271 807 5357 judicavimgus,'
837 5274 1083 5357 abunde
1200 5273 1471 5357 prodant
1530 5272 2018 5357 edisserantque.
2062 5274 2248 5357 ANam
2309 5274 2385 5332 de
2441 5274 2776 5357 recognitis
2830 5271 3190 5357 Augustini,
3241 5273 3543 5357 Gratiani,
3603 5289 3743 5357 nec-

308 5349 454 5419 non
514 5360 577 5414 et
634 5354 840 5434 citata:
900 5349 1244 5434 Scripturze
1296 5353 1690 5425 testimoniis,
1744 5349 1972 5414 additis
2021 5352 2299 5431 ejusdem
2349 5349 2694 5434 versiculis,
2747 5349 3291 5434 variis—indicibus
3338 5353 3402 5415 in
3450 5353 3573 5414 ﬁne
3620 5349 3745 5412 col-

306 5435 581 5507 locatis,
618 5440 682 5495 ut
712 5431 1200 5513 sileamusfipse
1228 5431 1426 5493 lector
1455 5453 1565 5493 usu
1598 5434 1882 5512 Proprie,
1919 5440 2223 5513 quantum
2258 5433 2545 5493 utilitatis
2575 5434 2870 5503 habeant,
2905 5432 3056 5493 satis
3087 5440 3401 5513 agnoscet.

396 5518 625 5594 Neque
674 5532 825 5574 vero
870 5533 945 5575 ea
988 5510 1287 5594 videntur
1338 5513 1460 5573 hoc
1518 5513 1657 5573 loco
1716 5510 2275 5592 praetermittenda,
2334 5532 2597 5592 quorum
2649 5531 2765 5594 ope
2824 5531 2894 5572 ac
2953 5510 3230 5576 subsidio
3278 5516 3374 5576 usi
3420 5531 3633 5574 sumus
3681 5510 3748 5594 in

306 5599 442 5659 hac
504 5591 928 5656 Ambrosiana
984 5593 1415 5674 castigatione.
1478 5594 1655 5654 Certe
1714 5591 1967 5673 quidem
2026 5591 2429 5655 manifestum
2488 5598 2578 5653 est
2628 5593 2705 5652 ad
2754 5611 3014 5673 Operum
3070 5594 3420 5676 cujuspiam
3478 5591 3748 5655 auctoris

382 5764 462 5828 (α)
498 5762 623 5829 Nos
644 5776 710 5813 ex
738 5763 977 5829 utrisque
1006 5775 1186 5829 unum
1215 5759 1623 5814 adnotationum
1653 5775 1849 5827 corpus
1898 5762 2187 5824 effecimus,
2221 5775 2289 5812 ne
2322 5761 2461 5811 inter
2513 5759 2800 5825 legendum
2846 5761 3049 5829 aliquid
3089 5763 3375 5817 desiderari
3404 5761 3574 5828 possit
3601 5758 3746 5826 quod

314 5825 657 5879 cenaculis
687 5825 976 5892 aubjace'at.
1004 5826 1130 5878 Enn.
