4122 6186
399 240 478 305 23
1887 238 2322 306 PRIEF'ATIO.
3728 240 3815 303 ει

399 374 854 439 restitutionem
902 391 1030 436 non
1086 373 1392 449 sufﬁcere,
1452 380 1519 436 ut
1596 393 1752 436 unus
1809 378 1917 437 aut
1950 374 2132 438 'alter
2204 375 2400 438 codex
2466 393 2657 437 manu
2714 378 3005 438 exaratus
3070 392 3212 436 cum
3258 372 3533 437 editione
3583 373 3815 456 aliqua

401 458 780 530 conferatur,
842 458 947 516 sed
1025 457 1239 517 multis
1296 477 1449 535 opus
1504 463 1661 516 esset
1721 463 1787 517 ut
1845 460 2010 535 quod
2079 458 2141 517 in
2192 476 2315 519 uno
2370 457 2666 518 vitiosum
2723 463 2837 530 est,
2899 455 3263 536 adjumento
3322 456 3551 534 corrigi
3607 455 3816 536 poesit

401 538 678 599 alterius.
741 539 874 598 Imo
933 556 1080 598 vero
1134 557 1245 598 nec
1303 539 1486 597 etiam
1547 537 1697 596 satis
1754 543 1845 597 est
1916 538 2147 597 multos
2204 544 2553 616 suppetere,
2614 539 2734 599 nisi
2788 538 2996 598 variis
3036 537 3099 597 in
3158 537 3519 615 regionibus
3574 537 3813 599 fuerint

401 620 655 697 scripti;
730 638 871 678 cum
918 637 1096 696 saepe
1160 619 1384 695 srepius
1446 619 1790 692 contingat,
1867 625 1931 677 ut
1992 619 2052 677 in
2113 619 2403 678 omnibus
2464 619 2647 678 unius
2706 618 3046 696 provinciae
3109 617 3552 696 manuscriptis
3614 617 3813 679 iidem

401 700 588 776 plane
632 717 873 759 errores
916 699 1333 769 otl‘endantur,
1383 700 1549 775 quod
1593 717 1817 776 nempe
1879 700 1957 758 ab
2021 719 2144 759 uno
2189 705 2248 758 et
2307 700 2528 759 eodem
2572 698 2915 777 exemplari
2966 704 3269 777 tanquam
3317 698 3394 757 ab
3465 716 3589 757 uno
3633 698 3815 759 fonte

400 779 497 838 illi
580 781 843 857 profecti
907 778 1046 837 sint.
1123 780 1515 855 Quapropter
1578 784 1643 837 ut
1706 779 2114 858 undecunque
2194 778 2369 838 licuit
2447 779 2856 857 manuscripti
2918 784 3469 857 congregarentur,
3545 796 3812 856 operam

405 859 714 918 dedimus.
764 863 835 919 Et
878 859 1145 936 primum
1192 876 1339 916 cura
1404 859 1519 917 fuit
1580 864 1647 917 ut
1691 859 1959 937 oppellae
2004 857 2324 918 nonnullis
2371 878 2635 937 quarum
2681 859 2979 937 pauciora
3023 858 3437 937 suppetebant
3480 857 3544 917 in
3587 858 3816 918 Galliis

406 940 812 1017 exemplaria,
902 938 976 995 ad
1041 938 1280 1018 aliquot
1360 939 1676 997 Vaticana:
1756 939 2156 999 bibliothecae
2237 940 2481 999 codices
2561 940 2977 1018 exigerentur,
3062 939 3439 1017 insuperque
3498 938 3817 999 describe-

408 1027 623 1079 rentur
666 1019 788 1078 illae
842 1018 1031 1075 varia:
1095 1017 1417 1089 lectiones,
1484 1019 1709 1096 quibus
1772 1038 1918 1079 usus
1961 1020 2161 1079 fuerat
2224 1019 2354 1097 ipse
2417 1019 2752 1079 cardinalis
2812 1021 2888 1079 de
2950 1019 3342 1079 Monte-Alte.
3410 1021 3601 1079 Erant
3642 1019 3816 1080 inter

407 1118 512 1159 eas
556 1098 1019 1158 observationes
1080 1098 1399 1158 nonnullae
1465 1118 1603 1175 quae
1667 1100 1846 1159 nobis
1890 1118 2015 1158 non
2067 1099 2323 1158 omnino
2367 1101 2615 1159 fuerunt
2657 1099 2948 1170 inutiles;
2997 1105 3173 1159 erant
3215 1103 3523 1178 praeterea
3565 1098 3814 1177 conjec-

405 1184 560 1239 turae
605 1178 889 1256 plurima)
947 1196 1101 1255 quas
1164 1198 1198 1235 a
1262 1178 1481 1237 Latino
1538 1179 1788 1247 Latinio
1851 1185 2067 1257 postea
2130 1180 2329 1239 editas
2390 1180 2829 1258 comperimus.
2900 1180 3131 1240 Deinde
3192 1179 3651 1258 manuscriptos
3711 1180 3812 1239 bi—

406 1260 859 1319 bliothecarum
930 1258 1446 1338 Congregationis
1507 1265 1735 1319 nostra:
1797 1266 1905 1319 aut
1965 1260 2027 1319 in
2072 1259 2407 1338 provinciis
2450 1259 2555 1319 ubi
2618 1266 3014 1319 asservantur
3074 1260 3506 1330 conferendos,
3571 1263 3678 1319 aut
3739 1260 3810 1320 in

366 1338 851 1399 ~monasterium
896 1338 1016 1397 hoc
1063 1336 1684 1414 Sanctigermanense
1725 1336 2089 1401 afferendos‘
2139 1340 2515 1399 curavimus.
2582 1342 2712 1399 Hoc
2774 1341 2978 1418 ipsum
3051 1340 3239 1400 etiam
3308 1340 3544 1399 factum
3605 1345 3698 1399 est
3740 1339 3809 1399 in

403 1419 721 1478 codicibus
779 1418 1025 1499 aliquot.
1088 1418 1432 1499 Flandricis
1492 1420 2016 1479 bibliothecarum
2072 1420 2319 1480 Ordinis
2382 1420 2601 1491 nostri,
2676 1425 2736 1479 ct
2797 1422 2859 1480 in
2902 1420 3187 1499 pluribus
3246 1419 3499 1499 Gallicis
3555 1419 3808 1479 Ordinis

401 1497 847 1566 Cisterciensis,
896 1516 1052 1574 quos
1094 1498 1274 1558 nobis
1338 1517 1580 1559 summa
1642 1519 1780 1559 cum
1851 1500 2289 1561 benevolentia
2340 1497 3289 1561 commodaverunt‘multorum
3352 1498 3631 1577 ejusdem
3694 1500 3811 1559 Or—

401 1580 564 1638 dinis
608 1578 1129 1637 monasteriorum
1173 1579 1531 1656 praepositi:
1602 1581 1707 1639 ubi
1768 1580 2372 1658 praetermittendum
2430 1598 2557 1641 non
2619 1580 2825 1652 fuerit,
2875 1586 3176 1658 quantum
3221 1580 3559 1640 debeamus
3600 1579 3810 1641 labori

406 1661 473 1718 R.
522 1658 591 1717 Ρ.
637 1658 781 1718 Joh.
830 1658 1122 1735 Baptistae
1154 1659 1230 1717 de
1292 1660 1599 1735 Noyville,
1648 1660 1878 1720 Prioris
1936 1661 2207 1721 abbatiae
2270 1660 2691 1721 Vallis-Clarae
2734 1680 2928 1739 prope
2984 1661 3374 1731 Laudunum,
3415 1659 3524 1739 qui
3565 1665 3628 1719 et
3669 1660 3810 1738 plu-

403 1757 501 1798 res
543 1742 844 1797 tractatus
887 1757 1027 1796 cum
1070 1739 1429 1798 monasterii
1474 1740 1569 1797 sui
1631 1740 1946 1800 codicibus
2010 1741 2459 1801 officiosissime
2500 1741 2786 1811 contulit,
2835 1747 2895 1800 et
2939 1757 3255 1801 sermones
3299 1741 3607 1818 quosdam
3647 1759 3808 1802 non-

403 1819 554 1877 dum
597 1818 796 1877 editos
839 1837 1026 1877 manu
1069 1820 1321 1896 propria
1389 1820 1738 1879 describere
1799 1826 2093 1898 gravatus
2164 1840 2288 1881 non
2332 1826 2443 1880 est.
2509 1823 2831 1883 Postremo
2893 1820 3267 1881 celebriores
3327 1819 3589 1898 hujusce
3634 1821 3808 1881 urbis

407 1898 838 1979 bibliothecas,
890 1904 953 1957 ut
996 1905 1146 1976 puta
1192 1900 1466 1977 Regiam,
1518 1900 1944 1973 Sorbonicam,
2008 1902 2412 1971 Victorinam,
2459 1901 2879 1962 Colbertinam
2948 1901 3226 1979 aliasque
3287 1900 3624 1979 diligenter
3663 1918 3808 1979 per-

403 1978 849 2048 tustravimus;
899 1980 1060 2038 unde
1117 1980 1297 2040 nobis
1356 1980 1802 2040 humanissime
1862 1981 2241 2042 necessarios
2302 1981 2546 2041 codices
2605 1982 3008 2059 praebuerunt
3050 1981 3094 2041 ii
3129 1978 3381 2059 iquibus
3416 1978 3807 2042 ’eorumdem

406 2059 968 2140 manuscriptorum
1036 2078 1185 2117 cura
1246 2060 1651 2139 custodiaque
1714 2061 2087 2121 demandata
2148 2067 2259 2120 est.
2324 2062 2694 2139 Comprimis
2736 2079 2886 2123 vero
2948 2061 3103 2121 illud
3166 2060 3575 2140 praedicemus
3618 2079 3807 2140 opor-

406 2137 708 2197 editiones
791 2139 1102 2198 Ambrosii
1158 2140 1268 2199 abs
1325 2158 1388 2199 se
1446 2137 1820 2200 destinatam
1877 2141 2170 2219 colligere
2239 2137 2535 2219 coeperat,
2582 2141 3014 2202 lubentissimo
3086 2137 3297 2202 animo
3374 2141 3618 2201 dedisse
3650 2137 3678 2212 ;“
3729 2160 3803 2201 ac

406 2221 651 2301 tet.___D.
718 2219 1203 2301 Tonnellerium.
1270 2239 1406 2301 can.
1467 2221 1652 2301 Vict.,
1718 2221 1899 2281 nobis
1970 2221 2409 2300 quaterniones
2469 2221 2731 2300 aliquot,
2799 2221 3026 2301 quibus
3087 2222 3307 2280 varias
3355 2221 3649 2281 lectiones
3720 2223 3803 2282 ad

406 2298 694 2357 similiter
738 2300 1224 2359 eruditissimum
1266 2300 1587 2360 Baluzium
1652 2319 1779 2360 non
1842 2298 2044 2362 solum
2105 2302 2349 2361 codices
2392 2319 2426 2360 e
2466 2298 2772 2362 ditissima
2816 2298 2886 2362 ἶ).
2954 2301 3227 2362 Colberti
3269 2300 3645 2361 bibliotheca
3686 2319 3806 2362 no-

403 2377 509 2459 bis
561 2378 801 2459 affatim
863 2381 1312 2457 suppeditasse,
1395 2398 1613 2440 verum
1688 2381 1871 2440 etiam
1945 2382 2149 2441 varias
2209 2382 2508 2442 lectiones
2571 2383 2938 2442 Sermonum
3002 2381 3554 2442 Ambrosianorum
3607 2386 3802 2459 atque

403 2457 821 2541 Epistolarum
865 2461 953 2541 ad
1012 2479 1168 2541 opus
1225 2461 1390 2541 quod
1466 2461 1597 2539 ipse
1669 2461 2058 2539 designabat,
2133 2480 2206 2519 ex
2265 2462 2517 2540 optimae
2566 2468 2733 2524 notae
2792 2462 3227 2541 manuscriptis
3282 2461 3598 2532 collectas,
3660 2457 3804 2540 qua:

404 2557 514 2620 sua
571 2539 634 2597 in
691 2558 825 2620 nos,
860 2540 1296 2600 benevolentia
1354 2545 1466 2606 est,
1530 2541 1693 2599 ultro
1750 2541 2061 2600 detulisse.
2117 2542 2292 2611 Quod
2367 2561 2554 2620 porro
2611 2541 2860 2603 eosdem
2904 2539 3165 2602 codices
3204 2541 3489 2611 subinde,
3543 2546 3611 2600 ut
3667 2539 3804 2601 ﬁeri

402 2617 582 2687 solet,
616 2619 939 2701 consulere
996 2638 1121 2701 non
1177 2621 1325 2679 satis
1366 2620 1786 2701 habuerimus,
1835 2622 1940 2680 sed
1987 2622 2263 2700 ipsorum
2317 2617 2752 2701 editorumque
2806 2639 3024 2682 versus
3067 2641 3210 2683 cum
3253 2621 3558 2691 versibus,
3617 2640 3805 2682 voces

401 2700 874 2836 sutmlrvoqibus,
936 2700 1206 2777 syllabas
1235 2717 1375 2758 cum
1408 2699 1665 2777 syllabis
1696 2701 1983 2779 religiose
2014 2699 2553 2773 'contenderimus,
2615 2699 2689 2762 ei:
2746 2702 3133 2763 variantibus
3177 2702 3550 2763 lectionibus
3599 2702 3805 2781 quivis

401 2796 464 2836 1n
497 2795 528 2836 e
581 2797 682 2836 12a
718 2825 731 2836 .

400 2777 731 2855 intelligat.

482 2859 786 2942 Quocirca
842 2860 1028 2942 nihil»
1060 2859 1414 2919 addendum
1463 2861 1562 2920 hic
1611 2861 1948 2931 videretur,
2001 2862 2120 2921 nisi
2169 2868 2372 2921 essent
2446 2862 2754 2931 nonnulli,
2810 2863 2918 2941 qui
2979 2863 3193 2942 paucis
3238 2862 3549 2923 Ambrosii
3605 2862 3801 2924 nostri

403 2937 558 3021 locis
606 2957 763 3015 quos
812 2940 1270 3021 autﬂobscuros
1335 2946 1441 2999 aut
1498 2942 1681 3000 nimis
1728 2941 2097 3019 allegoricos
2155 2948 2397 3020 putant,
2466 2949 2767 3020 tanquam
2808 2937 3173 3021 praajudicio
3223 2942 3496 3021 quodam
3551 2943 3800 3013 offensi,

406 3018 883 3102 mi_nus__z_equos
937 3019 1122 3102 illius
1171 3021 1460 3098 operibus
1517 3039 1648 3102 sese
1706 3018 2059 3082 ostendunt.
2122 3018 2356 3083 Horum
2413 3018 2617 3101 igitur
2658 3029 2725 3082 ut
2781 3018 3144 3084 medeamur
3199 3018 3471 3093 fastidio,
3531 3041 3658 3083 non
3713 3023 3805 3102 pi-

407 3098 581 3182 gebit
633 3097 789 3158 illud
850 3118 993 3182 quo
1031 3100 1371 3182 delectatus
1442 3101 1786 3179 reperimur
1842 3107 2091 3161 sanctus
2138 3097 2464 3175 Antistes;
2494 3103 2802 3163 scribendi
2858 3109 3046 3182 atque
3102 3102 3548 3181 interpretandi
3604 3097 3804 3181 genus

409 3179 598 3258 paulo
630 3180 1001 3240 accuratiori
1046 3181 1204 3240 libra
1252 3182 1617 3259 expendere.
1672 3183 1756 3241 Ac
1806 3183 2009 3260 primo
2056 3183 2536 3244 Ambrosianum
2568 3184 2797 3261 stylum
2847 3179 3091 3245 constat
3138 3179 3462 3260 grandem.
3496 3179 3797 3253 nobilem,

368 3265 472 3341 'et
529 3261 861 3341 copiosum
907 3278 1075 3331 esse;
1139 3262 1339 3339 qualis
1394 3262 1681 3321 videlicet
1738 3262 1979 3340 patricii
2036 3263 2270 3323 ordinis
2325 3264 2529 3322 virum
2587 3264 2867 3333 decebat,
2927 3283 2997 3322 ac
3055 3264 3387 3341 diligenter
3440 3263 3506 3323 in
3564 3263 3802 3324 urbana

410 3340 765 3421 forensique
815 3340 1169 3418 eloquentia
1218 3341 1641 3401 exercitatum.
1696 3343 1813 3401 Sed
1870 3342 2029 3401 nihil
2068 3343 2131 3401 in
2182 3342 2314 3421 ejus
2355 3344 2736 3403 sublimitate
2798 3343 3117 3421 turgidum
3167 3340 3347 3415 inest,
3399 3342 3556 3402 nihil
3604 3344 3801 3403 turbi-

405 3421 557 3480 dum
604 3420 668 3480 in
727 3422 1048 3493 ubertate;
1099 3440 1241 3479 cum
1294 3426 1550 3499 utraque
1596 3441 1694 3481 res
1742 3423 2046 3482 suavitate
2096 3420 2366 3501 quadam
2415 3442 2487 3483 ac
2533 3424 2838 3485 modestia
2886 3420 3281 3502 temperetur.
3343 3424 3555 3501 Neque
3584 3428 3797 3484 tamen

406 3508 584 3579 putes
632 3521 771 3562 eum
818 3503 880 3561 vi
928 3521 1039 3560 sua
1088 3502 1602 3579 vehementiaque
1648 3503 1921 3562 destitui.
1975 3504 2175 3562 Habet
2224 3503 2529 3581 siquidem
2596 3504 2856 3563 affectus
2904 3523 3069 3575 suos,
3121 3510 3308 3582 atque
3354 3503 3626 3574 aculeos,
3688 3504 3795 3563 sed

403 3588 578 3640 tanta
624 3583 908 3643 conditos
955 3582 1312 3663 festivitate,
1348 3588 1413 3663 ut
1457 3583 1693 3663 nullam
1740 3583 2100 3644 morosioris
2156 3585 2590 3661 agrestiorisve
2671 3583 2905 3662 ingenii
2952 3584 3220 3663 speciem
3275 3602 3405 3662 pra:
3453 3601 3518 3643 se
3565 3583 3791 3643 ferant.

403 3663 750 3722 Observant
797 3681 1046 3741 quoque
1094 3663 1157 3720 in
1202 3661 1480 3738 ejusdem
1530 3662 1878 3723 elocutione
1927 3664 2083 3723 adeo
2131 3665 2353 3723 miram
2411 3661 2856 3724 sententiarum
2911 3661 3306 3733 densitatem,
3358 3669 3427 3722 ut
3457 3681 3581 3724 non
3610 3663 3796 3724 facile

402 3741 703 3820 majorem
737 3744 899 3822 apud
931 3742 1122 3823 alium
1172 3742 1368 3806 ullum
1417 3743 1683 3820 reperire
1733 3744 1830 3802 sit.
1884 3746 2061 3803 Hunc
2110 3745 2269 3803 adde
2299 3744 2667 3804 brevitatem
2714 3744 2952 3823 periodi
3001 3744 3370 3805 concinnam
3400 3762 3473 3803 ac
3513 3743 3798 3805 modula-

398 3828 550 3893 tam,
586 3825 691 3883 sed
739 3824 804 3884 in
851 3822 1067 3901 primis
1121 3828 1251 3882 tam
1308 3822 1471 3882 felici
1526 3822 1823 3883 varietate
1880 3823 2261 3895 distinctam,
2323 3829 2389 3883 ut
2445 3824 2687 3884 nullum
2720 3822 2932 3884 'tmdio
2988 3824 3301 3902 relinquat
3356 3823 3586 3884 locum.
3648 3824 3800 3883 Inde

397 3908 489 3963 est
539 3903 705 3981 quod
754 3923 1019 3981 magnus
1075 3903 1456 3981 Augustinus
1504 3903 1788 3961 Doctoris
1836 3904 2029 3963 nostri
2080 3904 2360 3964 oratione
2407 3911 2656 3983 captum
2706 3922 2770 3964 se
2826 3921 2958 3964 esse
3007 3923 3133 3965 non
3162 3923 3288 3965 uno
3335 3903 3476 3964 loco
3506 3903 3799 3964 testifica-

393 3988 497 4043 tur
527 3984 610 4061 (Β.
646 3986 803 4063 Aug.
862 3983 1040 4061 Conf.
1085 3984 1194 4043 lib.
1249 4001 1309 4052 v,
1362 4002 1496 4060 cap.
1535 3985 1629 4051 12,
1684 3985 1777 4054 13,
1834 3985 1929 4053 14,
1981 3989 2168 4062 atque
2217 3984 2410 4061 alibi),
2464 4003 2576 4044 nec
2626 4002 2751 4043 non
2798 3985 3135 4063 specimina
3189 3984 3378 4043 trium
3426 3983 3795 4044 elocutionis

393 4082 691 4139 generum
750 4064 1184 4142 propositurus
1257 4063 1637 4143 Cyprianum
1701 4069 1888 4141 atque
1961 4064 2358 4125 Ambrosium
2415 4064 2579 4124 solos
2645 4064 2817 4142 eligit
2874 4065 3074 4143 (Idem
3134 4063 3222 4124 De
3293 4064 3500 4124 Doctr.
3568 4063 3788 4126 Christ.

390 4142 502 4202 lib.
555 4160 640 4213 IV,
694 4162 828 4221 cap.
890 4142 1011 4221 21),
1075 4161 1339 4221 quorum
1390 4160 1422 4201 e
1477 4142 2013 4203 lucubrationibus
2060 4144 2231 4203 varia
2278 4145 2387 4203 illa
2436 4144 2810 4222 eloquentiae
2869 4142 3155 4222 exempla
3211 4145 3506 4222 decerpat
3560 4161 3633 4203 ac
3689 4144 3794 4204 de-

390 4229 658 4301 promat.
715 4224 832 4283 Sed
881 4241 994 4282 nec
1042 4223 1248 4281 minus
1296 4228 1437 4300 apte
1468 4241 1655 4300 quam
1702 4223 1972 4282 breviter
2027 4224 2213 4283 etiam
2261 4243 2297 4283 a
2346 4224 2714 4284 Cassiodoro
2761 4224 3127 4301 designatur
3175 4242 3267 4296 ea,
3321 4242 3444 4302 qua
3501 4230 3788 4285 sanctum

439 4304 725 4364 reesulem
793 4304 1108 4396 scripsisse
1167 4304 1590 4373 observamus,
1652 4303 1951 4394 orationis
1991 4304 2233 4376 forma;
2286 4305 2372 4396 sic
2410 4305 2591 4396 'enim
2634 4303 2738 4363 ille
2774 4323 2786 4363 :
2858 4303 3116 4396 Sanctus
3154 4323 3393 4396 _quoque
3439 4303 3787 4396 Ambrosius

413 4383 571 4443 'actci
630 4385 909 4444 sermonis
964 4393 1284 4448 emanatur,
1346 4402 1475 4442 eum
1554 4383 1853 4461 gravitate
1924 4393 2147 4456 acutus,
2191 4383 2557 4463 perviolenta
2609 4385 2995 4463 persuasione
3058 4383 3426 4444 dulcissimus
3481 4385 3779 4463 (Cassiod.

391 4403 561 4443 lactea
630 4403 909 4444 sermonis
964 4403 1284 4448 emanazor,
1346 4403 1475 4442 cum
1554 4403 1853 4461 gravitate
1924 4403 2147 4456 acutus,
2191 4403 2557 4463 pervzmenza
2661 4403 2995 4445 ersuaszone
3058 4403 3426 4444 autczsszmus
3481 4403 3779 4463 tuassroa.

385 4463 592 4524 Divin.
650 4464 907 4527 Lection.
968 4484 1101 4542 cap.
1156 4463 1278 4541 220.)
1322 4466 1393 4522 Et
1422 4463 1569 4522 hinc
1626 4463 1874 4523 abunde
1903 4463 2216 4542 intelligas
2245 4465 2324 4524 ab
2355 4465 2526 4524 omni
2581 4403 2957 4525 obscuritate
3012 4464 3494 4526 Ambrosianum
3549 4464 3783 4542 stylum

388 4562 500 4623 per
528 4563 592 4604 se
635 4545 1019 4605 abhorrere:
1074 4550 1277 4602 utrum
1332 4562 1479 4603 vero
1529 4562 1715 4621 quam
1765 4548 2011 4603 secutus
2058 4551 2171 4613 est,
2225 4544 2673 4623 interpretandi
2721 4544 2880 4606 ratio
2920 4543 3063 4623 jure
3111 4544 3374 4622 hujusce
3416 4543 3552 4603 vitii
3600 4545 3782 4623 argui

384 4625 602 4703 possit,
639 4624 1114 4703 inspiciendum.

463 4705 797 4783 Triplicem
847 4705 909 4764 in
968 4704 1158 4764 sacris
1215 4703 1461 4781 paginis
1506 4702 1893 4761 intellectum
1951 4722 2083 4763 esse
2131 4704 2360 4782 passim
2428 4703 2731 4781 agnoscit,
2784 4705 3162 4775 naturalem,
3213 4704 3541 4773 moralem,
3602 4704 3783 4783 spiri-

378 4785 665 4857 tualem;
716 4786 866 4857 sive,
929 4786 1094 4863 quod
1146 4784 1309 4842 idem
1358 4789 1471 4849 est,
1526 4783 1912 4855 historicum,
1966 4784 2263 4857 cthicum,
2315 4785 2685 4862 mysticum:
2721 4784 2827 4844 sed
2877 4785 2941 4845 in
2970 4785 3090 4845 hoc
3142 4784 3361 4844 ultimo
3392 4784 3817 4845 enucleando.

377 4872 507 4926 tam
539 4865 832 4937 multum,
869 4884 1055 4944 quam
1083 4865 1335 4944 brevem
1384 4863 1445 4921 in
1494 4863 1695 4944 primo
1743 4880 1874 4922 sese
1922 4864 2195 4923 exhibet.
2250 4864 2409 4935 Quin
2440 4864 2626 4924 etiam
2673 4864 2880 4943 ipsum
2926 4866 3235 4925 interdum
3283 4869 3484 4943 putes,
3539 4869 3606 4924 ut
3653 4864 3778 4943 spi-

378 4946 665 5005 ritualem
724 4943 972 5006 sensum
1032 4943 1391 5015 constituat,
1451 4943 1730 5003 historice
1790 4944 2115 5002 veritatem
2173 4963 2425 5022 prorsus
2493 4962 2762 5022 negare:
2826 4944 2993 5023 quod
3044 4951 3253 5004 tamen
3310 4961 3485 5003 secus
3542 4944 3775 5004 habere

377 5028 740 5104 comperies,
801 5028 989 5087 modo
1047 5024 1293 5101 singula
1351 5024 1697 5101 perpendas
1752 5023 1815 5104 in
1866 5024 2020 5083 serie
2052 5025 2351 5084 orationis
2409 5029 2597 5102 atque
2656 5030 2973 5095 contextu,
3035 5025 3218 5084 sicuti
3272 5042 3389 5085 nos
3442 5024 3570 5083 suis
3618 5024 3775 5085 locis

378 5105 864 5167 observabimus.
900 5108 1208 5167 Caeterum
1265 5121 1392 5162 non
1441 5103 1590 5162 alibi
1640 5103 1840 5180 magis
1892 5121 2109 5181 urgere
2158 5103 2316 5163 solet
2362 5105 2691 5183 mysticum
2724 5122 2996 5175 sensum,
3051 5123 3240 5183 quam
3288 5104 3351 5164 in
3400 5105 3773 5184 exponendo

374 5184 577 5243 Veteri
621 5188 1043 5257 Testamento,
1090 5186 1279 5263 idque
1324 5183 1594 5242 maxime
1639 5184 1743 5242 ubi
1786 5184 2093 5242 factorum
2155 5184 2417 5243 historia
2478 5185 2801 5263 quidpiam
2865 5185 3031 5263 quod
3077 5191 3292 5245 contra
3336 5202 3583 5244 morum
3626 5204 3773 5263 pro—

372 5263 633 5343 bitatem
679 5267 1193 5343 honestatemque
1257 5269 1512 5343 pugnet,
1581 5282 1706 5339 pra:
1770 5283 1833 5322 se
1896 5264 2073 5323 ferat.
2139 5265 2313 5323 Tunc
2377 5265 2540 5323 enim
2601 5265 2836 5323 veritus
2895 5283 2972 5326 ne
3033 5264 3217 5325 istinc
3267 5264 3365 5325 vel
3408 5263 3626 5325 fideles
3666 5265 3772 5326 de-

370 5341 717 5425 linquendi,
768 5347 861 5404 vcl
906 5341 1133 5424 pagani
1182 5341 1273 5405 acl
1316 5343 1647 5403 Manicliaai
1712 5343 2002 5425 Ecclesiae
2066 5344 2408 5403 insultandi
2473 5344 2865 5425 occasionem
2927 5346 3252 5425 arripiant,
3300 5345 3771 5425 apteqiconfugit

370 5423 448 5481 ad
494 5424 861 5501 allegoriam
891 5422 921 5483 ί
952 5422 1483 5503 quemadmodum
1531 5441 1683 5503 quae
1734 5422 1810 5481 de
1871 5424 2169 5484 ebrietate
2231 5425 2380 5495 Noe,
2429 5424 2761 5503 concubitu
2807 5422 3077 5486 Abrahaé
3122 5441 3263 5483 cum
3308 5423 3561 5497 ancilla,
3609 5422 3772 5486 Loth

368 5503 666 5563 ebrietate
712 5510 897 5581 atque
940 5502 1200 5575 incestu,
1249 5523 1489 5564 necnon
1536 5502 1789 5564 Davidis
1833 5503 2141 5584 adulterio
2185 5503 2486 5582 disputat,
2538 5502 2798 5581 planum
2840 5505 3218 5584 faciunt._‘Et
3270 5503 3461 5583 hujus
3516 5505 3770 5584 quidem

368 5585 647 5644 methodi
692 5584 1025 5663 utilitatem
1070 5604 1252 5643 nemo
1296 5585 1519 5644 melius
1562 5601 1873 5664 exponere
1904 5582 2146 5664 valeat,
2197 5603 2387 5664 quam
2433 5584 2539 5662 qui
2584 5602 2721 5643 eam
2766 5591 2944 5645 tanto
2988 5582 3280 5664 Ecclesiae
3341 5584 3511 5644 bono
3538 5582 3772 5664 exper-

362 5667 461 5746 t_us
505 5664 620 5746 fuit
682 5683 947 5746 magnus
1006 5665 1405 5746 Augustinus.
1457 5665 1548 5723 Ita
1592 5663 1806 5746 igitur
1862 5663 2021 5746 ille:
2074 5662 2414 5746 Gaudebam
2483 5664 2681 5737 etiam,
2758 5665 2982 5745 inquit,
3045 5663 3208 5746 quod
3277 5672 3471 5746 cetera
3539 5662 3764 5746 scripto

359 5740 537 5825 Legis
578 5753 632 5805 et
697 5740 1127 5825 prop/letarum
1185 5744 1323 5825 jam
1382 5763 1507 5825 non
1578 5743 1682 5803 illo
1739 5742 1905 5825 oculo
1963 5742 2209 5825 legenda
2266 5754 2769 5825 proponerentur,
2833 5740 2948 5825 ῥαο
3002 5740 3211 5825 antea,
3240 5742 3603 5825 videbantur
3650 5740 3765 5807 hb-

356 5821 668 5887 surda.....
697 5821 711 5825 ⁷
742 5821 891 5906 εειὲρε
958 5823 1020 5883 in
1098 5821 1489 5904 popularibus
1574 5822 1931 5884 sermonibus
2018 5821 2301 5885 dicentem
2383 5821 2769 5887 Ambrosium
2837 5821 3013 5886 Ymtus
3090 5824 3457 5889 audiebam:
3500 5826 3757 5888 Littera
