4122 6186
910 643 1382 806 VITA
1413 881 1431 894 ἦ
1463 641 2181 894 salven
2237 644 3242 879 AMBROSII

1426 947 1431 954 -
1475 882 2179 1001 ’.ᾑειὲυωωλιῖκεεδ
2220 893 2599 1012 spissata.

741 1130 792 1194 A
838 1129 1180 1195 PAULINO
1433 1127 1806 1196 'N—OTARH}
1836 1125 1947 1194 AB"
1985 1126 2304 1222 BEA’IUM
2339 1127 2863 1228 AUGl‘JSTINUM
2903 1132 3414 1202 CONSCRIPTA.

446 1488 497 1541 1.
531 1485 1186 1551 Hortaris,venerabilis
1217 1486 1387 1540 Pater
1415 1485 1758 1558 Augustine,
1785 1489 1848 1540 ut
1873 1484 2026 1540 sicut
2058 1484 2107 1549 Α
2139 1488 2241 1539 aut
2270 1484 2463 1540 videre
2494 1485 2674 1556 potui.
2711 1486 2872 1542 Unde
2905 1505 2937 1541 a
2968 1487 3061 1542 die
3105 1489 3423 1546 nativitatis
3470 1495 3596 1564 ejus
3647 1512 3778 1551 nar-

364 1575 524 1630 beati
542 1575 650 1630 viri
673 1575 1034 1630 Athanasius
1051 1575 1360 1647 episcopus
1382 1578 1440 1630 et
1455 1575 1841 1648 Hieronymus
1865 1589 2022 1646 pres-

362 1665 537 1738 byter
575 1664 725 1738 style
757 1664 1046 1738 prosecuti
1100 1667 1238 1719 sunt
1280 1664 1426 1731 vitas
1469 1668 1808 1719 sanctorum
1863 1662 2024 1718 Pauli

363 1758 427 1810 et
452 1753 692 1810 Antonii
738 1754 794 1809 in
827 1770 1022 1810 eremo
1055 1753 1401 1826 positorum,
1436 1753 1588 1809 sicut
1627 1752 1798 1809 etiam
1835 1752 2028 1808 Marti-

366 1843 431 1899 ni
462 1841 812 1899 venerabilis
858 1842 1114 1915 episcopi
1165 1843 1523 1898 Turonensis
1575 1841 1838 1898 Ecclesia
1868 1846 2028 1897 Seve-

364 1949 476 1988 rus
525 1948 730 1988 servus
777 1931 878 1987 Dei
925 1931 1220 1987 luculento
1259 1948 1526 1987 sermone
1554 1930 1894 1997 contexuit;
1947 1930 2030 1985 sic

366 2021 550 2077 etiam
585 2038 723 2092 ergo
754 2020 1077 2076 beatissimi
1109 2021 1402 2076 Ambrosii
1452 2019 1708 2092 episcOpi
1754 2017 2030 2075 Mediola-

371 2112 580 2166 nensis
625 2111 889 2166 Ecclesia
940 2125 1068 2165 meo
1113 2126 1438 2181 prosequar
1487 2109 1654 2182 stylo.
1689 2109 1798 2165 Sed
1833 2125 1937 2181 ego
1969 2115 2034 2163 ut

373 2198 609 2254 meritis
664 2203 965 2254 tantorum
1012 2199 1290 2266 virorum,
1325 2199 1424 2271 qui
1457 2199 1610 2253 muri
1643 2197 2030 2254 Ecclesiarum

372 2291 546 2358 sunt,
581 2291 640 2343 et
670 2286 1015 2360 eloquentia
1047 2287 1256 2354 fontes,
1292 2287 1372 2342 ita
1397 2288 1570 2343 etiam
1623 2303 1891 2342 sermone
1940 2303 2033 2342 me

373 2377 679 2450 imparem
706 2377 1091 2432 novi.Tamen
1125 2377 1263 2449 quia
1290 2377 1612 2432 absurdum
1646 2392 1774 2432 esse
1803 2377 2029 2449 opinor,

378 2466 547 2538 quod
594 2464 878 2538 pracipis,
912 2465 1222 2532 declinare,
1255 2483 1321 2521 ea
1363 2482 1490 2537 qua
1528 2483 1561 2521 a
1598 2464 2033 2536 probatissimis

375 2554 544 2622 viris,
581 2554 681 2627 qui
715 2553 796 2609 illi
823 2559 954 2610 ante
988 2572 1080 2610 me
1110 2555 1440 2620 astiterunt,
1473 2558 1530 2610 et
1561 2553 1810 2608 maxime
1843 2555 1911 2610 ab
1945 2571 2034 2608 so-

375 2661 510 2701 rore
557 2643 748 2715 ipsius
798 2643 1115 2700 venerabili
1163 2642 1496 2699 Marcellina
1551 2643 1749 2708 didici,
1776 2641 1866 2697 vel
1909 2660 2034 2712 qua

374 2734 502 2805 ipse
531 2733 673 2799 vidi,
707 2750 840 2788 cum
875 2733 961 2788 illi
991 2738 1262 2795 astaram.
1288 2733 1374 2787 vel
1409 2750 1533 2803 qua
1565 2732 1637 2786 ab
1668 2731 1739 2786 iis
1793 2731 2033 2802 cognovi

375 2823 478 2894 qui
511 2821 682 2877 illum
707 2823 765 2876 in
801 2822 1046 2878 diversis
1073 2821 1387 2893 provinciis
1422 2826 1551 2892 post
1580 2821 1802 2875 obitum
1849 2820 2036 2892 ipsius
2066 2856 2114 2922 B

377 2927 442 2965 se
473 2911 694 2965 vidisse
717 2915 1050 2976 narrarunt,
1073 2911 1159 2965 vel
1179 2927 1302 2982 qua
1334 2911 1404 2964 ad
1437 2909 1603 2964 illum
1635 2910 1853 2981 scripta
1875 2913 2032 2975 sunt,

376 3017 516 3055 eum
552 2999 748 3055 adhuc
778 2999 994 3056 abiisse
1025 2999 1379 3056 nesciretur:
1405 2998 1643 3069 adjutus
1673 2998 2036 3053 orationibus

385 3090 526 3154 tuis,
559 3094 617 3144 et
663 3089 890 3144 meritis
941 3089 1084 3143 tanti
1132 3088 1264 3154 viri,
1296 3087 1429 3143 licet
1473 3087 1696 3142 inculto
1745 3103 2035 3152 sermone,

382 3177 635 3233 breviter
661 3178 1033 3250 strictimque
1057 3177 1384 3233 describam
1404 3193 1415 3232 :
1435 3179 1497 3231 ut
1518 3176 1749 3231 lectoris
1771 3175 2035 3231 animum

383 3266 496 3323 etsi
528 3285 716 3323 sermo
739 3266 1068 3332 offenderit,
1102 3266 1354 3322 brevitas
1382 3270 1576 3320 tamen
1609 3266 1680 3320 ad
1724 3265 2034 3338 legendum

379 3360 656 3428 provocet
683 3373 697 3411 :
734 3374 838 3412 nec
866 3356 1178 3412 verborum
1213 3355 1360 3411 fucis
1389 3355 1690 3411 veritatem
1723 3355 2034 3422 obducam,

378 3461 454 3500 ne
484 3445 630 3500 dum
657 3444 908 3517 scriptor
931 3445 1228 3517 elegantia
1259 3460 1534 3516 pompam
1567 3443 1832 3516 requirit,
1855 3443 2036 3498 lector

374 3538 682 3589 tantarum
731 3535 1016 3590 virtutum
1062 3535 1292 3589 amittat
1334 3532 1658 3597 scientiam,
1693 3549 1866 3604 quem
1919 3549 2032 3588 non

377 3623 574 3695 magis
603 3622 894 3694 phaleras.
925 3639 1288 3695 pompasque
1338 3622 1667 3689 verborum,
1702 3639 1875 3692 quam
1917 3621 2034 3676 vir-

370 3717 567 3766 tutem
602 3728 818 3777 rerum,
853 3713 1219 3784 gratiamque
1259 3711 1514 3783 Spiritus
1548 3709 1732 3765 sancti
1774 3715 2035 3781 spectare

372 3799 706 3854 conveniat.
741 3800 1041 3872 Siquidem
1075 3799 1408 3854 noverimus
1440 3798 1688 3853 viatores
1719 3797 2032 3870 gratiorem

373 3889 596 3944 habere
628 3905 844 3961 aquam
875 3888 1031 3943 brevi
1062 3906 1206 3943 vena
1234 3887 1577 3952 stillantem,
1614 3887 1754 3942 forte
1786 3904 1919 3942 cum
1951 3887 2034 3942 si-

374 3978 557 4045 tiunt,
593 3995 768 4050 quam
819 3978 1164 4051 profluentia
1205 3977 1380 4033 fontis
1428 3977 1601 4044 rivos,
1638 3993 1889 4048 quorum
1939 3993 2033 4032 co-

377 4067 542 4140 piam
572 4066 702 4123 sitis
735 4071 996 4140 tempore
1050 4066 1302 4140 reperire
1350 4083 1462 4121 non
1498 4069 1762 4138 possunt.
1796 4066 1866 4121 Et
1895 4064 2032 4122 hor-

379 4157 638 4212 deaceus
684 4157 856 4228 panis
906 4155 1095 4212 dulcis
1155 4155 1304 4211 solet
1371 4171 1499 4210 esse
1565 4154 1739 4210 etiam
1791 4154 1884 4210 bis
1932 4155 2033 4226 qui

2134 1573 2301 1630 randi
2334 1573 2567 1630 initium
2597 1592 2850 1640 sumam,
2875 1579 2939 1631 ut
2959 1578 3146 1649 gratia
3173 1577 3279 1634 viri
3314 1579 3386 1635 ab
3406 1579 3782 1641 incunabulis

2136 1679 2263 1735 qua
2300 1662 2489 1733 fuerit,
2522 1669 2892 1738 agnoscatur.

2209 1754 2260 1805 3.
2295 1752 2480 1823 Igitur
2527 1753 2714 1825 posito
2765 1755 2823 1809 in
2876 1756 3383 1814 administratione
3431 1761 3782 1831 praefectura

2137 1839 2459 1896 Galliarum
2491 1848 2652 1914 patre
2681 1845 2809 1914 ejus
2837 1845 3164 1915 Ambrosio,
3199 1852 3372 1904 natus
3405 1853 3493 1905 est
3537 1852 3784 1908 Ambro-

2142 1930 2268 1986 sius
2301 1932 2396 2001 (4).
2431 1931 2538 1994 Qui
2570 1932 2764 1988 infans
2795 1935 2854 1988 in
2886 1951 3020 1990 area
3052 1938 3300 2008 pratorii
3331 1937 3390 1992 in
3434 1955 3586 1995 cuna
3629 1942 3785 2014 posi-

2139 2024 2258 2090 tus,
2311 2036 2444 2075 cum
2509 2021 2789 2078 dormiret
2856 2030 3053 2095 aperto
3115 2042 3234 2091 ore,
3281 2027 3475 2084 subito
3543 2045 3788 2088 examen

2139 2125 2316 2180 apum
2351 2110 2684 2178 adveniens,
2720 2112 2927 2168 faciem
2959 2115 3088 2185 ejus
3115 2120 3289 2187 atque
3319 2133 3420 2172 ora
3446 2118 3783 2189 complevit;

2141 2199 2223 2253 ita
2271 2203 2335 2254 ut
2378 2199 2743 2271 ingrediendi
2774 2200 2834 2256 in
2867 2217 2954 2268 os,
2986 2205 3440 2277 egrediendique
3469 2206 3623 2263 vices
3671 2209 3788 2265 fre-

2142 2293 2505 2358 quentarent.
2543 2289 2676 2353 Qua
2711 2295 2894 2362 pater,
2928 2292 3025 2364 qui
3060 2298 3298 2366 propter
3327 2311 3460 2349 cum
3491 2301 3678 2353 matre
3696 2297 3786 2353 vel

2143 2375 2262 2430 ﬁlia
2313 2377 2745 2446 deambulabat,
2781 2397 2851 2434 ne
2891 2381 3266 2454 abigcrcnlur
3295 2384 3366 2439 ab
3397 2383 3627 2456 ancilla,
3661 2402 3788 2458 qua

2142 2483 2341 2522 curam
2397 2467 2689 2522 nutriendi
2757 2467 3000 2526 infantis
3069 2478 3425 2545 susceperat,
3471 2474 3790 2547 prohibens

2143 2554 2416 2626 (sollicita
2462 2556 2619 2611 enim
2668 2563 2791 2613 erat
2830 2575 2900 2614 ne
2932 2559 3141 2615 infanti
3169 2563 3462 2633 nocerent)
3492 2569 3786 2634 exspecta-

2143 2644 2244 2698 bat
2274 2643 2460 2714 patrio
2489 2644 2720 2710 affectu,
2749 2663 2863 2717 quo
2895 2649 3009 2703 ﬁne
3039 2647 3184 2704 illud
3227 2650 3576 2706 miraculum
3631 2652 3788 2707 clau-

2144 2733 2497 2803 deretur(2).
2527 2735 2598 2788 At
2644 2732 2754 2789 illa
2803 2739 2935 2805 post
2985 2735 3347 2806 aliquamdiu
3380 2739 3693 2807 evolantes,
3729 2742 3786 2796 in

2143 2825 2366 2876 tantam
2400 2821 2551 2876 aeris
2581 2821 2951 2878 altitudinem
2986 2824 3295 2880 sublevata
3327 2832 3563 2894 sunt,ut
3580 2827 3789 2885 huma-

2146 2910 2237 2964 nis
2285 2910 2470 2965 oculis
2511 2910 2752 2966 minime
2797 2913 3152 2968 viderentur.
3185 2914 3306 2977 Quo
3359 2916 3507 2968 facto
3549 2916 3790 2972 territus

2146 3003 2310 3071 pater
2353 2999 2478 3054 ait:
2512 3000 2569 3054 Si
2621 3000 2826 3056 vixerit
2871 3001 3200 3058 infantulus
3242 3002 3372 3068 iste,
3397 3003 3617 3076 aliquid
3666 3022 3789 3062 ma-

2144 3087 2242 3159 gni
2293 3088 2420 3142 erit.
2453 3088 2818 3160 Operabatur
2864 3089 3021 3144 enim
3063 3091 3189 3161 jam
3231 3094 3371 3146 tunc
3402 3091 3688 3149 Dominus
3729 3094 3788 3150 in

2145 3176 2357 3231 servuli
2383 3177 2475 3232 sui
2500 3177 2766 3243 infantia,
2786 3183 2847 3233 ut
2874 3178 3218 3251 impleretur
3247 3182 3400 3253 quod
3427 3181 3647 3237 dictum
3671 3187 3788 3240 est:

2144 3267 2276 3320 Favi
2341 3267 2522 3322 mellis
2560 3283 2836 3323 sermones
2894 3268 3020 3323 boni
3068 3271 3250 3340 (Prov.
3303 3287 3417 3338 xw,
3468 3272 3600 3340 24);
3647 3271 3791 3328 illud

2144 3356 2301 3410 enim
2331 3372 2575 3411 examen
2608 3373 2785 3427 apum
2819 3357 3171 3429 scriptorum
3205 3357 3392 3431 ipsius
3420 3359 3588 3414 nobis
3618 3376 3791 3433 gene-

2144 3444 2310 3499 rabat
2358 3445 2538 3510 favos,
2591 3444 2691 3516 qui
2740 3445 2998 3501 calestia
3045 3448 3200 3502 dona
3251 3448 3690 3516 annuntiarent,
3738 3453 3796 3505 et

2145 3539 2369 3588 mentes
2401 3533 2710 3589 hominum
2742 3534 2814 3589 de
2845 3536 3091 3591 terrenis
3124 3537 3195 3591 ad
3228 3536 3436 3591 calum
3481 3536 3790 3609 erigerent.

2214 3623 2264 3675 4.
2298 3622 2506 3677 Postea
2533 3639 2664 3677 vero
2692 3639 2824 3678 cum
2877 3623 3246 3684 adolevisset.
3279 3631 3337 3679 et
3373 3631 3527 3680 esset
3557 3627 3614 3679 in
3649 3628 3794 3681 urbe

2145 3711 2328 3764 Roma
2358 3711 2714 3766 constitutus
2745 3727 2875 3765 cum
2913 3716 3098 3767 matre
3127 3713 3301 3767 vidua
3334 3717 3390 3768 et
3421 3729 3636 3779 sorore,
3662 3730 3791 3784 qua

2142 3798 2534 3871 virginitatem
2563 3799 2687 3870 jam
2717 3799 2902 3854 fuerat
2927 3801 3208 3870 professa,
3242 3801 3454 3857 comite
3475 3801 3590 3857 alia
3616 3802 3790 3875 virgi-

2143 3905 2236 3948 ne.
2262 3888 2429 3958 cujus
2468 3885 2711 3959 virginis
2750 3903 2914 3942 soror
2943 3887 3220 3956 Candida,
3255 3893 3312 3943 et
3356 3889 3484 3960 ipsa
3530 3891 3789 3960 ejusdem

2143 3976 2691 4049 professionis,qua
2715 3993 2871 4031 nunc
2901 3976 3248 4050 Carthagine
3279 3976 3438 4049 degit
3459 3977 3586 4047 jam
3618 3995 3786 4036 anus:

2144 4081 2277 4120 cum
2321 4065 2541 4121 videret
2578 4065 2981 4121 sacerdotibus
3012 4081 3046 4120 a
3082 4065 3419 4133 domestica,
3453 4083 3669 4132 sorore,
3701 4067 3789 4124 vel

2145 4159 2330 4210 matre
2384 4171 2596 4211 manus
2649 4153 2900 4210 osculari
2951 4155 3046 4226 (3),
3081 4154 3206 4227 ipse
3256 4154 3465 4226 ludens
3515 4155 3793 4212 offerebat

373 4245 646 4301 centenis
688 4227 937 4301 ivicibus
1000 4244 1353 4301 ferculorum
1410 4243 1736 4315 quotidiani
1783 4243 2030 4299 convivii
2060 4227 2104 4298 Ο
2143 4244 2460 4311 dexteram,
2494 4243 2693 4300 dicens
2722 4248 2780 4299 et
2809 4243 2921 4300 sibi
2952 4244 3009 4299 id
3038 4246 3110 4300 ab
3144 4259 3212 4299 ea
3241 4244 3367 4300 fieri
3397 4249 3684 4314 oportere,
3717 4244 3792 4302 si-

373 4334 582 4405 oopias
613 4339 843 4389 ructare
872 4338 1246 4390 consuerunt.
1263 4333 1372 4388 Sed
1395 4337 1451 4387 et
1470 4333 1772 4388 hortorum
1803 4349 2035 4388 amana

375 4423 738 4478 mirantibus
770 4423 960 4478 herba
993 4427 1252 4494 agrestes
1281 4421 1508 4494 placere
1547 4425 1994 4476 consueverunt.

447 4515 504 4566 2.
540 4512 933 4577 Quamobrem
983 4512 1222 4567 obsecro
1269 4527 1371 4565 vos
1417 4525 1641 4577 omnes,
1674 4509 1734 4564 in
1778 4526 2030 4581 quorum

374 4599 656 4655 manibus
684 4598 833 4655 liber
859 4599 970 4655 iste
999 4599 1344 4666 versabitur,
1378 4602 1443 4653 ut
1473 4597 1722 4654 credatis
1751 4614 1886 4654 vera
1905 4614 2033 4654 esse

374 4704 505 4760 qua
555 4688 906 4761 scripsimus
940 4707 953 4744 :
983 4704 1088 4745 nec
1136 4692 1301 4760 putet
1343 4704 1435 4743 me
1484 4687 1798 4760 quisquam
1834 4687 2030 4744 studio

371 4776 598 4833 amoris
629 4776 850 4850 aliquid
879 4778 1031 4850 quod
1059 4777 1174 4832 fide
1205 4779 1416 4842 careat,
1450 4775 1716 4849 posuisse
1746 4795 1758 4845 ;
1794 4777 2028 4848 quando

368 4867 621 4938 quidem
654 4866 866 4924 melius
897 4868 974 4923 sit
1003 4867 1240 4939 penitus
1272 4865 1418 4922 nihil
1451 4865 1662 4932 dicere,
1699 4882 1876 4938 quam
1917 4865 2029 4921 ali-

370 4954 521 5027 quid
570 4952 702 5010 falsi
750 4956 1028 5028 proferre,
1075 4971 1210 5010 cum
1271 4955 1531 5011 sciamus
1588 4971 1694 5010 nos
1761 4954 2028 5010 omnium

369 5060 721 5100 sermonum
771 5048 1106 5100 nostrorum
1166 5043 1498 5100 reddituros
1563 5057 1694 5098 esse
1742 5042 2029 5100 rationem

368 5133 590 5203 (Matth.
621 5151 723 5200 vn,
759 5134 865 5207 16).
900 5134 1014 5190 Nec
1043 5133 1328 5200 dubitem,
1360 5132 1469 5189 etsi
1501 5149 1616 5188 non
1648 5132 1718 5187 ab
1751 5132 2026 5189 omnibus

369 5222 598 5292 omnia,
626 5225 822 5279 tamen
854 5240 889 5278 a
919 5222 1164 5279 diversis
1192 5223 1421 5278 diversa
1450 5220 1606 5298 sciri,
1625 5224 1682 5276 et
1701 5237 1769 5276 ea
1798 5221 2031 5293 cognita

368 5309 682 5366 nonnullis
713 5327 863 5377 esse,
900 5328 1028 5382 qua
1060 5313 1238 5368 etiam
1271 5311 1468 5367 minus
1509 5310 1634 5381 ipse
1683 5314 1784 5364 aut
1826 5311 2029 5366 audire

443 5470 526 5542 (Ι)
571 5469 761 5526 Codex
807 5471 1005 5540 Mich.,
1050 5474 1214 5528 Patre
1257 5473 1400 5528 beati
1460 5470 1752 5536 Ambrosii,
1802 5472 2029 5527 nomine

367 5542 677 5615 Ambrosio,
708 5546 873 5598 natus
902 5545 1017 5615 ipse
1050 5545 1234 5599 beatus
1264 5543 1578 5598 Ambrosius
1605 5551 1707 5615 est.

435 5612 518 5682 (2)
562 5612 721 5668 Idem
781 5612 982 5671 codex.

367 5685 582 5740 scilicet
607 5684 798 5742 ordine
821 5686 962 5742 illud
980 5683 1318 5744 miraculum
1336 5683 1702 5742 clduderemr.

1045 5617 1212 5685 ﬁnem
1270 5616 1359 5671 rei
1415 5613 1854 5685 praestolabatur,
1924 5629 2028 5685 quo
2056 5601 2107 5668 D

2141 4333 2378 4405 quidem
2418 4333 2757 4405 episcopum
2807 4350 2868 4388 se
2915 4334 3177 4388 futurum
3211 4349 3339 4388 esse
3388 4334 3787 4403 memorabat;

2140 4420 2487 4493 loquebatur
2516 4421 2673 4476 enim
2695 4419 2754 4474 in
2786 4421 2883 4476 illo
2912 4421 3164 4492 Spiritus
3195 4420 3453 4486 Domini,
3485 4421 3587 4494 qui
3619 4421 3788 4479 illum

2140 4510 2212 4566 ad
2244 4509 2634 4566 sacerdotium
2695 4510 2991 4566 nutriebat
3019 4528 3032 4566 :
3066 4509 3167 4565 illa
3192 4527 3327 4566 vero
3358 4515 3422 4565 ut
3451 4509 3788 4568 adolescen-

2138 4603 2255 4654 tem
2287 4602 2344 4654 et
2371 4597 2727 4654 nescientem
2760 4599 2902 4670 quid
2934 4598 3172 4664 diceret,
3207 4599 3537 4672 respuebat.

2208 4689 2262 4744 5.
2297 4688 2407 4742 Sed
2439 4691 2748 4760 postquam
2779 4688 3019 4744 edoctus
3046 4687 3386 4745 liberalibus
3435 4687 3784 4761 disciplinis,

2139 4795 2210 4836 ex
2257 4777 2407 4833 Urbe
2456 4791 2728 4850 egressus
2776 4781 2884 4845 est,
2926 4778 3344 4851 professusque
3391 4779 3451 4832 in
3498 4776 3784 4833 auditorio

2138 4867 2491 4941 praefecturae
2529 4865 2802 4938 pratorii,
2834 4865 2916 4923 ita
2961 4867 3264 4940 splendide
3306 4882 3514 4922 causas
3551 4880 3785 4935 perora-

2137 4957 2239 5027 vit,
2272 4960 2336 5011 ut
2379 4954 2694 5028 eligeretur
2721 4972 2756 5010 a
2783 4954 2904 5011 viro
2952 4955 3167 5012 illustri
3207 4955 3412 5021 Probo,
3444 4956 3586 5009 tunc
3633 4967 3784 5024 pra-

2139 5048 2287 5106 fecto
2321 5044 2595 5116 pratorii,
2630 5044 2701 5100 ad
2733 5045 3048 5102 consilium
3080 5043 3478 5099 tribuendum.
3506 5039 3785 5098 Posthac

2139 5131 2573 5191 consularitatis
2587 5133 2846 5206 suscepit
2861 5132 3208 5206 insignia,ut
3226 5134 3448 5203 regeret
3459 5130 3781 5204 Liguriam,

2136 5223 2546 5294 [Emiliamque
2577 5221 2925 5295 provincias,
2959 5220 3231 5292 venitque
3271 5219 3689 5278 Mediolanum.

2205 5315 2258 5368 6.
2294 5313 2400 5368 Per
2446 5311 2602 5366 idem
2653 5315 2904 5382 tempus,
2951 5312 3181 5366 mortuo
3225 5310 3512 5367 Auxentio
3555 5309 3780 5365 Ariana

2207 5473 2282 5545 (3)
2314 5471 2529 5528 Omnes
2576 5469 2713 5523 edit.
2760 5482 2828 5545 ac
2881 5483 3024 5545 mss.
3074 5467 3706 5545 nonnulli,_sa_cerdo_tis
3746 5482 3783 5545 _a

2135 5539 2429 5600 domestica
2468 5555 2650 5597 sorore
2687 5540 2770 5594 vel
2810 5543 2985 5594 matre
3015 5556 3208 5596 manus
3246 5540 3549 5598 osculari...
3583 5540 3650 5592 ab
3700 5539 3782 5593 eis

2137 5616 2260 5743 [tergi
2287 5617 2532 5742 aportere
2561 5628 2578 5666 :
2603 5609 2701 5665 alii
2732 5626 2902 5680 mss.,
2932 5610 3130 5683 plures
3179 5629 3244 5669 ac
3274 5611 3544 5686 potiores,
3579 5613 3646 5664 ut
3672 5625 3780 5665 nos

2137 5705 2192 5743 ιι]
2244 5703 2311 5743 6X
2339 5703 2398 5740 u.

2133 5705 2192 5744 1n
2220 5703 2374 5743 ῐϐΧῐυ
2385 5725 2398 5738 .
