4172 6182
2707 249 2728 277 /

371 277 440 339 31
731 237 736 246 ’
1717 270 1899 332 Vl'l‘A
1945 271 2008 330 s.
2059 268 2437 335 AMBROSII
2707 249 2728 277 ί
3705 279 3781 338 32

359 410 623 487 perﬁdiae
671 410 944 486 episcopo
991 408 1115 484 (qui
1158 407 1434 483 Dionysio
1483 407 1664 467 beatae
1715 403 2014 463 memoriae
2044 405 2100 473 Α
2129 407 2259 463 ctus
2307 406 2377 464 ad
2427 407 2815 467 sacerdotium
2864 412 3175 485 peteretur.
3218 408 3546 468 Laetabatur
3595 412 3774 469 etiam

370 503 701 560 confessore
751 503 824 558 ad
873 501 1148 557 exsilium
1221 501 1533 569 destinato,
1576 499 1894 557 incubabat
1949 496 2023 568 (4)

368 591 712 665 Ecclesium)
753 608 886 647 cum
939 590 1189 664 populus
1240 591 1311 646 ad
1359 590 1706 647 seditionem
1759 589 2025 659 surgeret

369 682 429 738 in
474 683 724 760 petendo
775 681 1066 752 episcopo,
1111 685 1382 752 essetque
1431 679 1514 734 illi
1567 696 1705 734 cura
1751 676 2022 731 sedandae

368 772 692 836 seditionis,
736 787 806 825 ne
855 769 1109 842 populus
1148 770 1397 826 civitatis
1446 771 1505 824 in
1556 767 1878 840 periculum
1928 769 2023 822 sui

366 865 705 927 verteretur,
738 860 993 930 perrexit
1026 861 1098 915 ad
1129 859 1435 915 ecclesiam
1471 877 1483 914 :
1521 858 1911 938 ibiqueggizur
1935 856 2112 938 εις-οῖς

364 949 701 1022 loqueretur
746 948 997 1020 plebem,
1034 950 1227 1005 subito
1271 965 1380 1003 vox
1433 933 2113 1018 fertur°-jﬁ§iiﬁti§,iﬁ,:5

365 1039 580 1112 populo
609 1037 878 1094 sonuisse
900 1039 976 1109 (5)
1000 1037 1401 1093 :Ambrosium
1435 1037 1795 1108 episcopum.
1826 1036 1910 1090 Ad
1928 1052 2025 1091 cu-

356 1129 461 1201 jus
509 1127 668 1184 vocis
718 1144 928 1183 sonum
964 1127 1143 1182 totius
1175 1126 1374 1198 populi
1407 1129 2084 1211 oraompyeqsajsmqtﬁ:

366 1200 751 1273 acclamantis
783 1217 1160 1272 Ambrosium
1195 1200 2086 1288 ερίδοοῃῃῇἱιᾶέξᾲιξῖξὶηῒὲεΐξ.

362 1307 871 1363 turbulentissime
900 1305 1283 1372 dissidebant,
1318 1304 1458 1376 quia
1490 1309 1546 1361 et
1574 1305 1773 1360 Ariani
1811 1303 1920 1359 sibi
1965 1309 2023 1359 et

361 1396 642 1453 Catholici
670 1396 780 1452 sibi
811 1395 1148 1466 episcopum
1169 1393 1504 1465 cupiebant,
1525 1393 1817 1465 superatis
1848 1392 2019 1448 alter-

361 1487 530 1552 utris,
566 1485 842 1551 ordinari,
876 1487 1112 1554 repente
1143 1483 1200 1537 in
1231 1483 1390 1538 hunc
1422 1499 1608 1538 unum
1657 1481 1914 1537 mirabili
1965 1485 2021 1537 et

359 1574 686 1632 incredibili
719 1572 1028 1628 concordia
1054 1576 1483 1628 consenserunt
1515 1573 1612 1643 (ὃ).

432 1669 481 1720 7.
515 1667 636 1729 Quo
690 1663 787 1718 ille
830 1663 1083 1734 cognito,
1130 1679 1401 1734 egressus
1453 1661 1785 1727 ecclesiam,
1831 1659 2016 1716 tribu-

2137 497 2360 555 Probus
2390 499 2720 572 praefectus,
2742 502 2896 572 quod
2926 504 3171 559 verbum
3205 504 3334 574 ejus
3363 501 3706 574 impleretur
3727 505 3786 559 in

2134 588 2438 644 Ambrosio
2473 605 2484 643 :
2517 590 2740 646 dixerat
2768 591 2924 647 enim
2975 592 3388 664 proficiscenti,
3423 610 3559 647 cum
3618 609 3785 648 man-

2134 677 2271 734 data
2301 679 2372 734 ab
2431 680 2634 735 eodem
2665 681 2963 748 darentur,
2998 685 3063 735 ut
3093 682 3274 738 moris
3304 685 3395 737 est
3427 700 3440 737 :
3469 682 3648 750 Vade,
3684 700 3788 756 age

2135 784 2249 822 non
2281 772 2346 823 ut
2368 768 2570 839 judex,
2604 769 2706 824 sed
2741 773 2805 825 ut
2835 771 3168 842 episcopus.

2141 857 2813 942 :°§..B.endput_e;itague
2854 858 3155 926 relatione,
3191 860 3407 916 iterum
3439 861 3638 934 fugam
3690 880 3789 934 pa-

2133 930 2512 1018 ἱδὶἱιξοὲιιᾳᾶἁ
2653 930 3026 1019 possessione
3059 949 3370 1019 cujusdam
3398 930 3622 1006 Leontii
3668 930 3785 1008 cla-

2132 1034 2354 1090 rissimi
2385 1036 2491 1090 viri
2523 1035 2868 1108 aliquandiu
2917 1037 3170 1093 delituit.
3205 1040 3317 1094 Sed
3369 1040 3469 1095 ubi
3521 1041 3789 1097 relationi

2132 1125 2974 1212 eodem
3019 1127 3260 1182 Leontio
3294 1129 3562 1200 proditur
3598 1149 3609 1186 :
3647 1148 3789 1202 prae-

2131 1201 2364 1285 ceﬁlum
2613 1201 2978 1272 eratzvic'ario
3011 1219 3076 1271 ut
3108 1217 3406 1273 insisteret
3446 1220 3624 1274 rebus
3650 1201 3785 1292 iper-

2132 1301 2397 1358 ﬁciendis
2431 1321 2442 1359 :
2478 1304 2574 1375 qui
2644 1303 2910 1375 injuncta
2957 1303 3068 1360 sibi
3113 1322 3247 1360 cum
3296 1306 3471 1362 vellet
3522 1308 3786 1380 implere,

2131 1392 2430 1463 proposito
2491 1392 2699 1461 edicto,
2753 1393 3020 1448 convenit
3091 1411 3315 1462 omnes,
3358 1399 3423 1450 ut
3474 1396 3521 1452 si
3577 1397 3789 1454 vellent

2131 1479 2242 1536 sibi
2298 1481 2622 1550 consulere,
2672 1482 2964 1553 rebusque
3013 1482 3158 1547 suis,
3205 1485 3519 1554 proderent
3571 1487 3782 1543 virum.

2131 1570 2402 1625 Proditus
2433 1570 2631 1641 itaque
2662 1575 2717 1625 et
2747 1571 3040 1626 adductus
3073 1571 3494 1642 Mediolanum,
3527 1591 3661 1630 cum
3704 1577 3790 1632 in-

2128 1658 2415 1731 telligeret
2462 1659 2617 1714 circa
2645 1676 2707 1714 se
2745 1660 2847 1714 Dei
2896 1659 3280 1730 voluntatem,
3314 1679 3419 1718 nec
3465 1680 3526 1720 se
3569 1664 3790 1723 diutius

357 1754 454 1811 nal
477 1753 589 1810 sibi
621 1752 811 1825 parari
847 1752 1018 1820 fecit;
1056 1750 1273 1825 quippe
1322 1768 1456 1806 mox
1502 1751 1736 1805 futurus
1786 1748 2014 1822 episco-
2047 1779 2095 1844 B
2130 1764 2302 1820 posse
2334 1747 2629 1814 resistere,
2662 1748 2980 1820 postulavit
3025 1767 3141 1805 non
3193 1766 3256 1806 se
3296 1751 3411 1807 nisi
3443 1769 3476 1808 a
3509 1754 3790 1812 catholico

357 1860 490 1917 pus,
541 1841 751 1898 altiora
795 1841 1137 1897 conscendit
1169 1858 1180 1895 :
1218 1845 1357 1896 tunc
1397 1845 1599 1896 contra
1638 1839 2014 1894 consuetudi-

355 1950 490 1990 nem
522 1948 690 1987 suam
725 1931 1208 1999 tormentajussit
1244 1930 1510 2002 personis
1544 1928 2009 1993 adhiberi.Quod

355 2039 490 2079 cum
535 2022 768 2087 faceret,
812 2020 1062 2092 populus
1123 2019 1512 2075 nihilominus
1575 2018 1940 2074 acclamabat
1994 2035 2006 2072 ε

354 2113 664 2168 Peccatum
710 2115 882 2165 tuum
931 2126 1109 2182 super
1151 2126 1279 2166 nos.
1314 2110 1428 2165 Sed
1480 2125 1597 2164 non
1645 2107 1918 2163 similiter
1960 2106 2011 2162 is

354 2201 610 2274 populus
640 2204 781 2255 tunc
838 2199 1128 2268 clamavit,
1163 2199 1317 2255 sicut
1345 2197 1597 2272 populus
1627 2197 1963 2253 Judzeorum
1992 2213 2004 2263 ;

353 2289 441 2346 illi
467 2289 625 2346 enim
655 2288 895 2344 vocibus
927 2288 1051 2344 suis
1099 2286 1446 2360 sanguinem
1496 2283 1869 2341 Dominicum
1921 2284 2006 2338 ef-

353 2379 652 2444 fuderunt,
725 2377 988 2433 dicentes
1053 2395 1065 2432 :
1132 2376 1368 2448 Sanguis
1445 2374 1605 2447 hujus
1678 2389 1844 2445 super
1912 2387 2008 2427 nos

353 2469 566 2541 (Matth.
599 2481 776 2533 xxvu,
808 2468 940 2538 25):
977 2466 1072 2522 isti
1103 2483 1236 2521 vero
1281 2464 1769 2520 catechumenum
1819 2460 2005 2517 scien-

349 2562 458 2624 tes,
505 2557 659 2613 fideli
707 2574 843 2612 voce
884 2555 1289 2611 remissionem
1339 2553 1422 2608 illi
1474 2557 1846 2625 peccatorum
1878 2567 2003 2606 om-

350 2649 516 2703 nium
540 2663 642 2719 per
671 2645 1044 2718 baptismatis
1078 2644 1328 2717 gratiam
1359 2643 1803 2715 promittebant.
1839 2641 2004 2695 Tunc

349 2736 447 2792 ille
475 2737 748 2791 turbatus
779 2737 1072 2790 revertens
1103 2732 1369 2800 domum,
1403 2730 1837 2804 philosophiam
1869 2745 2002 2799 pro-

347 2824 498 2882 ﬁteri
547 2823 750 2889 voluit,
783 2823 1016 2879 futurus
1053 2822 1153 2876 sed
1198 2837 1368 2877 verus
1410 2819 1797 2893 philosophus
1828 2816 1998 2871 Chri—

349 2915 449 2980 sti,
484 2912 611 2984 qui,
643 2911 997 2982 contemptis
1033 2909 1414 2965 saecularibus
1461 2908 1715 2979 pompis,
1749 2907 1999 2978 piscato-

348 3017 482 3057 rum
517 3005 828 3056 secuturus
860 3002 1012 3054 esset
1040 2997 1303 3070 vestigia,
1335 2998 1436 3069 qui
1473 2996 1703 3053 Christo
1753 2993 2001 3067 populos

350 3091 781 3162 congregarunt
829 3105 944 3143 non
995 3087 1144 3143 fucis
1209 3087 1543 3153 verborum,
1586 3086 1685 3142 sed
1747 3082 1998 3156 simplici

357 3193 648 3243 sermone,
680 3181 738 3232 et
773 3193 918 3231 verae
978 3176 1114 3232 ﬁdei
1163 3175 1406 3246 ratione,
1459 3175 1624 3232 missi
1669 3175 1794 3231 sine
1837 3190 1996 3245 pera,
2031 3150 2073 3216 C

357 3268 484 3324 sine
512 3267 693 3338 virga,
727 3265 905 3321 etiam
935 3265 1094 3337 ipsos
1145 3265 1526 3338 philosophos
1570 3266 1996 3320 converterunt.

355 3356 518 3421 Quod
549 3356 647 3411 ubi
681 3371 752 3411 ne
780 3355 1013 3422 faceret,
1046 3358 1349 3410 revocatus
1379 3358 1466 3409 est
1497 3373 1510 3409 :
1546 3353 1811 3426 publicas
1869 3368 1997 3406 mu-

353 3445 525 3501 lieres
557 3443 788 3516 publice
816 3443 885 3498 ad
919 3459 978 3500 se
1011 3443 1235 3516 ingredi
1276 3443 1432 3513 fecit,
1467 3443 1538 3497 ad
1587 3442 1697 3498 hoc
1743 3444 1996 3506 tantum,

355 3538 420 3590 ut
466 3534 608 3589 visis
652 3532 763 3600 his,
789 3531 987 3605 populi
1035 3532 1281 3588 intentio
1329 3535 1716 3589 revocaretur.
1747 3533 1820 3586 At
1866 3546 2000 3586 vero

355 3622 609 3695 populus
637 3623 827 3695 magis
843 3621 1149 3696 magisque
1165 3621 1485 3678 clamabat:
1501 3623 1809 3678 Peccatum
1831 3626 2000 3678 tuum

354 3729 532 3784 super
561 3728 686 3768 nos.

424 3801 478 3856 8.
510 3802 583 3857 At
627 3800 724 3858 ille
773 3818 905 3858 cum
956 3801 1179 3857 videret
1228 3801 1374 3857 nihil
1420 3800 1804 3857 intentionem
1831 3818 2000 3857 suam

353 3907 525 3963 posse
572 3892 871 3963 proﬁcere,
905 3891 1104 3964 fugam
1151 3891 1421 3962 paravit:
1455 3906 1845 3963 egressusque
1894 3907 2002 3946 no-

352 3979 462 4036 ctis
509 3979 700 4036 medio
745 3980 1059 4047 civitatem,
1118 3997 1250 4035 cum
1308 3980 1578 4035 Ticinum
1643 3997 1704 4035 se
1766 3996 2004 4053 pergere

352 4074 606 4142 putaret,
638 4086 810 4125 mane
851 4069 922 4124 ad
955 4073 1180 4140 portam
1234 4068 1484 4124 civitatis
1528 4067 2000 4135 Mediolanensis,

353 4174 482 4230 quae
542 4159 805 4214 Romana
863 4157 1095 4225 dicitur,
1130 4157 1454 4225 invenitur;
1501 4162 1650 4214 Deus
1695 4157 1851 4214 enim
1903 4159 2003 4231 qui

354 4245 622 4303 Ecclesiae
654 4263 772 4302 suae
806 4244 1103 4300 catholicae
1155 4263 1391 4300 murum
1436 4247 1679 4316 parabat
1725 4246 2003 4301 adversus

354 4334 628 4390 inimicus
689 4351 848 4400 suos,
897 4337 955 4388 et
999 4338 1220 4389 turrem
1269 4333 1528 4406 erigebat
1575 4334 1755 4390 David
1805 4339 2006 4390 contra

356 4422 566 4481 faciem
644 4422 913 4478 Damasci
979 4422 1077 4494 (7),
1130 4422 1240 4478 hoc
1297 4429 1385 4478 est
1441 4427 1641 4480 contra
1697 4423 2002 4495 perfidiam

2129 1837 2402 1910 episcOpo
2450 1837 2770 1910 baptizari;
2819 1837 3068 1896 sollicite
3127 1840 3280 1895 enim
3327 1843 3571 1899 cavebat
3617 1846 3789 1916 perfi-

2126 1926 2282 1981 diam
2308 1925 2658 1982 Arianorum
2693 1927 2790 1999 (8).
2808 1927 3146 2000 Baptizatus
3168 1929 3364 2001 itaque
3390 1932 3573 1988 fertur
3593 1935 3790 1991 omnia

2125 2014 2523 2070 ecclesiastica
2589 2015 2783 2071 officia
2846 2016 3146 2089 implesse,
3196 2023 3372 2090 atque
3441 2026 3641 2079 octava
3693 2024 3784 2081 die

2123 2104 2436 2176 episcopus
2490 2103 2794 2160 ordinatus
2843 2110 2933 2161 est
2997 2123 3232 2162 summa
3292 2125 3428 2164 cum
3492 2113 3679 2183 gratia
3726 2119 3783 2170 et

2122 2191 2324 2248 laetitia
2355 2196 2722 2248 cunctorum.
2758 2195 2942 2266 Igitur
2972 2198 3106 2266 post
3135 2213 3320 2253 annos
3361 2197 3584 2271 aliquot
3622 2203 3776 2258 ordi-

2122 2281 2378 2338 nationis
2409 2300 2528 2338 suae
2560 2285 2633 2339 ad
2665 2283 2871 2338 urbem
2911 2284 3178 2354 Romam,
3213 2286 3320 2341 hoc
3372 2293 3462 2344 est
3509 2290 3578 2344 ad
3639 2309 3770 2363 pro-

2121 2371 2317 2443 prium
2368 2371 2582 2438 solum,
2623 2372 2893 2444 perrexit,
2946 2372 3144 2446 ibique
3191 2380 3454 2431 sanctam
3495 2378 3772 2449 puellam,

2119 2460 2190 2516 de
2239 2477 2355 2530 qua
2399 2478 2580 2533 supra
2627 2461 3106 2530 memoravimus,
3141 2463 3233 2518 cui
3277 2481 3522 2521 manum
3571 2469 3772 2525 offerre

2117 2548 2330 2606 solitus
2360 2554 2506 2618 erat,
2537 2550 2598 2604 in
2630 2551 2803 2606 domo
2835 2552 3071 2624 prOpria
3101 2569 3234 2607 cum
3285 2569 3587 2625 germana,
3622 2558 3772 2615 sicut

2117 2638 2453 2712 reliquerat,
2479 2638 2722 2707 invenit,
2749 2639 2876 2710 jam
2910 2645 3094 2696 matre
3125 2641 3616 2718 defuncta.Atque
3638 2664 3770 2703 cum

2115 2727 2217 2784 illa
2273 2729 2573 2784 dexteram
2636 2727 2798 2784 illius
2868 2729 3252 2798 oscularetur,
3306 2734 3620 2792 subridens
3691 2737 3773 2794 ait

2114 2816 2240 2885 illi;
2291 2821 2452 2886 Ecce,
2505 2821 2570 2873 ut
2615 2818 2883 2874 dicebam
2946 2819 3075 2886 tibi,
3125 2823 3477 2880 sarcerdotis
3530 2842 3766 2882 manum

2113 2905 2422 2963 oscularis.
3789 2972 3799 2984 ι

2183 2996 2270 3050 10.
2303 2996 2410 3051 Per
2451 2995 2606 3052 idem
2649 2999 2884 3068 tempus
2932 3013 3066 3054 cum
3117 3003 3280 3055 trans
3317 3000 3574 3058 Tiberim
3610 3005 3761 3076 apud

2112 3085 2429 3156 quamdam
2489 3085 2877 3142 clarissimam
2931 3086 3229 3157 invitatus,
3291 3091 3645 3148 sacriﬁcium
3701 3093 3758 3148 in

2112 3173 2284 3230 domo
2317 3174 2566 3240 offerret,
2600 3176 2866 3247 quaedam
2913 3177 3239 3233 balneatrix
3268 3196 3393 3250 quae
3443 3182 3761 3256 paralytica

2109 3263 2168 3318 in
2219 3262 2367 3319 lecto
2424 3263 2676 3333 jacebat,
2728 3281 2862 3320 cum
2924 3267 3294 3338 cognovisset
3352 3270 3569 3326 ibidem
3628 3289 3756 3328 esse

2109 3352 2340 3408 Domini
2399 3353 2780 3422 sacerdotem,
2815 3353 2874 3408 in
2909 3353 3117 3411 sellula
3149 3372 3209 3411 se
3241 3358 3312 3412 ad
3346 3360 3608 3414 eamdem
3655 3361 3754 3416 :lo-

2111 3458 2295 3510 mum,
2330 3442 2401 3497 ad
2452 3458 2628 3513 quam
2673 3441 2768 3498 ille
2817 3442 3096 3501 invitatus
3135 3451 3390 3515 venerat,
3422 3449 3637 3519 portari
3672 3450 3752 3504 fe-

2110 3531 2205 3600 cit,
2238 3535 2414 3603 atque
2445 3531 2668 3586 orantis
2699 3535 2754 3586 et
2785 3531 3141 3604 imponentis
3171 3552 3380 3591 manus
3409 3537 3757 3594 vestimenta

2110 3620 2320 3693 attigit.
2380 3619 2512 3683 Quae
2562 3635 2699 3676 cum
2746 3621 3202 3688 exoscularetur,
3257 3624 3454 3680 statim
3504 3626 3756 3684 sanitate

2111 3714 2363 3783 recepta,
2398 3708 2702 3765 ambulare
2742 3709 2951 3782 ccepit;
2986 3715 3052 3767 ut
3093 3712 3438 3785 impleretur
3466 3714 3613 3770 illud
3645 3717 3754 3772 Do-

2111 3808 2396 3863 minicum
2447 3806 2671 3862 dictum
2723 3808 2795 3862 ad
2846 3809 3140 3880 apostolos
3170 3827 3180 3864 :
3214 3813 3396 3867 Etiam
3431 3815 3641 3885 majora
3674 3815 3758 3870 his

2110 3897 2356 3972 facietis,
2388 3897 2661 3952 credentes
2711 3898 2772 3952 in
2818 3899 3040 3954 nomine
3094 3916 3212 3955 meo
3264 3902 3442 3968 (Joan.
3494 3903 3754 3974 x1v,l2).

2112 3986 2275 4052 Quod
2325 3990 2520 4040 tamen
2566 3986 2800 4058 signum
2854 3986 3124 4043 sanitatis
3177 3992 3240 4044 ut
3296 3990 3564 4047 mirabile
3627 3992 3755 4060 fuit,

2111 4075 2193 4130 ita
2247 4073 2421 4130 etiam
2473 4090 2579 4130 nec
2623 4074 2960 4144 occultum;
2993 4094 3131 4132 nam
3179 4094 3284 4151 ego
3325 4078 3434 4136 hoc
3464 4079 3525 4136 in
3555 4082 3755 4136 eadem

2113 4164 2348 4236 regione
2381 4163 2455 4236 (9)
2483 4168 2619 4235 post
2663 4181 2848 4220 annos
2893 4164 3200 4237 plurimos,
3235 4168 3454 4224 sanctis
3497 4169 3635 4226 viris
3665 4188 3757 4226 re-

2113 4253 2454 4321 ferentibus,
2489 4253 2716 4324 positus
2744 4252 2803 4308 in
2836 4253 2987 4310 Urbe
3017 4255 3278 4328 cognovi.

2184 4343 2271 4398 Η.
2307 4342 2589 4397 Sirmium
2618 4358 2751 4398 vero
2801 4359 2936 4398 cum
2987 4344 3058 4398 ad
3099 4344 3486 4400 ordinandum
3536 4345 3756 4417 episco-

2117 4448 2258 4504 pum
2307 4431 2618 4487 Anemium
2669 4432 3039 4504 perrexisset,
3073 4433 3270 4504 ibique
3316 4433 3561 4488 Justinee
3619 4439 3758 4491 tunc

356 4511 785 4578 haereticorum,
808 4511 1006 4584 fugam
1033 4511 1192 4568 illius
1223 4511 1544 4585 impedivit.
1570 4512 1678 4578 Qui
1711 4511 2006 4580 inventus,
2039 4527 2085 4592 Ι)
2118 4520 2400 4593 temporis
2448 4520 2661 4593 regina
2711 4521 2968 4592 potentia
3009 4525 3068 4577 et
3114 4520 3490 4577 multitudine
3545 4524 3758 4579 coadu-

359 4619 495 4660 cum
540 4601 931 4657 custodiretur
968 4619 1002 4657 a
1045 4601 1282 4674 populo,
1317 4601 1500 4658 missa
1543 4601 1748 4658 relatio
1793 4606 1881 4658 est
1934 4603 2007 4657 ad

358 4690 886 4748 clementissimum
918 4691 1329 4763 imperatorem
1352 4691 2000 4762 tuchalentinianum,

359 4781 462 4854 qui
511 4795 745 4836 summo
793 4780 1006 4853 gaudio
1045 4781 1268 4854 accepit
1298 4782 1450 4853 quod
1475 4781 1658 4852 judex
1687 4799 1721 4837 a
1758 4798 1820 4837 se
1849 4781 2001 4836 dire-

431 4959 507 5030 (4)
548 4959 825 5015 Nonnulli
877 4977 1020 5016 mss.
1054 4961 1369 5017 incursabat
1415 4961 1744 5023 ecclesiam;
1790 4962 2002 5031 caeteri,

361 5031 654 5087 incubabat
684 5033 1020 5095 Ecclesium;
1041 5034 1204 5097 edit.,
1236 5033 1506 5088 Ecclesiae.

433 5102 521 5176 (5)
541 5101 677 5158 Cod.
714 5104 859 5159 Fisc.
895 5110 1075 5176 atque
1095 5105 1280 5176 Becc_.,
1315 5105 1548 5176 infantis
1576 5106 1656 5158 ter
1703 5106 1762 5159 in
1806 5106 2006 5176 populo

360 5175 728 5247 sonuisse._At
762 5179 893 5246 post
945 5173 1118 5247 paulo
1168 5173 1329 5228 solus
1381 5173 2005 5247 Fisc.,gperter'accla-

359 5246 596 5301 mantis:
631 5244 690 5300 in
741 5244 898 5301 Becc.
933 5244 1128 5300 autem
1182 5248 1238 5299 et
1275 5244 1478 5314 paucis
1529 5244 1660 5302 aliis
1696 5247 1789 5303 hic
1837 5266 2006 5303 voces

363 5316 589 5389 aliquot
617 5316 1164 5389 praetermittuntur.

433 5386 508 5460 (6)
541 5386 689 5443 Fisc.
721 5389 845 5442 cod.
895 5386 1139 5441 immani
1198 5387 1359 5444 hiatu
1409 5388 1541 5444 istic
1583 5389 1844 5458 fatiscit;
1894 5395 2009 5446 ete-

362 5458 488 5534 nim
536 5464 667 5534 post
709 5463 1096 5534 consenserunt
1163 5461 1361 5534 statim
1424 5460 1731 5532 subjungit
1777 5479 1788 5517 :
1839 5464 2012 5534 Igitur

362 5530 680 5603 Ambrosius
723 5530 912 5601 populi
959 5533 1019 5585 in
1065 5548 1165 5586 sua
1213 5533 1472 5588 electione
1519 5530 1708 5603 agnito
1767 5530 2009 5600 assensu,

363 5619 494 5679 cum
532 5601 736 5679 videret
777 5610 964 5657 contra
1013 5612 1190 5679 uotum
1237 5621 1400 5661 suum
1443 5601 1575 5660 rem'
1603 5605 1686 5660 ad.
1706 5607 2013 5679 profectum

365 5674 572 5738 venire,
603 5676 795 5743 [agam
822 5677 1060 5748 paravit.

2119 4615 2257 4667 nata
2297 4610 2366 4664 de
2413 4609 2656 4666 ecclesia
2702 4609 3056 4681 pelleretur;
3090 4614 3154 4665 ut
3200 4625 3315 4665 non
3359 4611 3432 4665 ab
3478 4611 3626 4684 ipso,
3659 4614 3760 4670 sed

2114 4700 2185 4756 ab
2216 4698 2502 4755 haereticis
2534 4699 2770 4755 arianus
2801 4699 3110 4770 episcopus
3155 4698 3213 4753 in
3261 4699 3463 4756 eadem
3520 4702 3763 4759 ecclesia

2113 4789 2484 4845 ordinaretur
2531 4806 2545 4844 :
2595 4791 2863 4859 essetque
2926 4785 3280 4843 constitutus
3346 4789 3405 4844 in
3459 4790 3760 4859 tribunali,

2189 4967 2265 5040 (7)
2293 4966 2520 5022 Rursus
2568 4965 2627 5040 in
2686 4964 2907 5040 eodem,
2935 4965 3089 5040 cod,
3115 4964 3264 5040 Fisc.
3299 4966 3511 5025 lacuna
3553 4969 3646 5024 hic
3677 4972 3766 5024 est

2117 5037 2398 5095 adeum
2467 5037 2729 5102 modum,
2789 5039 2979 5091 contra
3060 5039 3262 5107 faciem
3322 5041 3594 5096 Damasci.
3659 5041 3765 5096 Hoc

2118 5113 2291 5182 igitur
2347 5110 2417 5164 ad
2467 5108 2948 5182 clementissimum
3027 5109 3410 5181 imperatorem
3475 5116 3606 5166 tunc
3667 5115 3764 5167 Va-

2118 5180 2489 5254 lentinianum
2556 5180 2788 5254 relatum
2844 5186 2940 5254 est,
2993 5180 3112 5251 qui
3143 5197 3351 5254 summa
3411 5184 3609 5254 gaudio
3675 5200 3766 5238 ac-

2118 5255 2277 5324 cepit,
2309 5253 2450 5324 quod
2485 5251 2696 5325 judices
2726 5268 2760 5305 a
2792 5267 2849 5306 se
2882 5251 3069 5308 .iirecti
3097 5253 3166 5308 ad
3214 5251 3575 5310 sacerdotium
3615 5259 3764 5327 pete-

2120 5332 2334 5382 rentur.

2191 5396 2267 5468 (8)
2299 5396 2440 5469 Mss.
2492 5392 2736 5465 aliquot,
2781 5395 3078 5452 sollicitam
3119 5396 3267 5451 enim
3323 5396 3554 5453 habebat
3601 5397 3766 5469 perﬁ-

2121 5468 2271 5524 diam
2303 5468 2655 5523 Arianorum.

2194 5540 2268 5608 (9)
2299 5540 2513 5594 Aberat
2543 5538 2614 5593 ab
2655 5538 2795 5594 edit.
2830 5541 2888 5594 et
2916 5555 3058 5594 mss.
3091 5536 3468 5609 quibusdam,
3501 5540 3562 5594 in
3585 5538 3770 5596 eadem

2122 5615 2345 5681 regione
2391 5629 2409 5666 :
2460 5609 2561 5667 sed
2613 5609 2672 5666 in
2727 5609 2859 5668 aliis
2918 5626 3060 5665 mss.
3120 5609 3555 5680 probatioribus
3604 5626 3770 5682 repe-

2125 5683 2294 5739 ritur.
