4172 6182
352 374 428 430 33
1393 359 1714 425 ΜἘΊἮΗ
1741 363 1788 420 li
1843 367 2033 425 PAUL

2157 370 2199 436 ),
2255 367 2443 425 mus
2495 372 2745 428 .vn'mu
2767 373 2862 428 ιο.
3733 381 3809 440 34

353 502 505 561 nihil
534 518 752 558 curans
785 517 1164 572 eorum,quae
1196 517 1229 556 a
1279 497 1512 554 muliere
1567 490 2036 578 excitabantur;
2067 497 2123 564 Α
2154 501 2315 552 runt.
2346 498 2524 569 Cujus
2571 499 2925 558 celebritatis
2966 502 3190 559 devotio
3242 521 3430 578 usque
3475 506 3533 563 in
3586 509 3808 566 hodier-

354 609 479 648 una
511 591 584 646 de
613 589 948 662 virginibus
978 588 1327 645 Arianorum
1358 576 1774 658 impudentior
1795 585 2036 656 caeteris,

356 678 622 738 tribunal
646 678 1438 750 conscendens,appreheuso
1460 669 1826 730 vestimento
1850 691 2038 731 sacer-

361 771 541 832 dotis,
573 785 708 824 cum
741 767 919 824 illum
951 769 1243 824 attrahere
1268 766 1438 822 vellet
1465 765 1532 821 ad
1558 763 1799 836 partem
1833 764 2037 821 mulie-

364 877 517 927 rum,
552 863 615 914 ut
645 859 719 914 ab
762 859 913 929 ipsis
965 874 1152 914 caesus
1185 857 1255 912 de
1285 855 1524 912 ecclesia
1561 847 1919 926 pelleretur;
1957 855 2038 912 ait

364 950 434 1015 ei,
470 953 535 1003 ut
565 949 697 1020 ipse
728 947 948 1003 solitus
980 952 1108 1003 erat
1157 948 1367 1002 referre
1399 963 1412 1001 :
1446 943 1566 1000 Etsi
1614 956 1722 1014 ego
1755 943 2036 1017 indignus

358 1043 522 1094 tanto
553 1037 894 1094 sacerdotio
929 1053 1086 1104 sum,
1130 1041 1324 1092 tamen
1369 1039 1424 1091 te
1475 1051 1590 1090 non
1637 1034 1912 1090 convenit
1947 1033 2035 1090 vel

356 1129 800 1202 professionem
863 1131 1034 1182 tuam
1094 1125 1154 1180 in
1217 1124 1706 1198 qualemcumque
1775 1125 2038 1180 sacerdo-

355 1226 480 1275 tem
543 1233 764 1273 manus
826 1217 1077 1285 injicere
1122 1240 1135 1281 ;
1179 1215 1334 1270 unde
1391 1215 1633 1271 deberes
1689 1213 1876 1270 vereri
1934 1213 2036 1269 Dei

352 1307 678 1380 judicium,
744 1321 819 1360 ne
880 1305 993 1360 tibi
1055 1303 1274 1375 aliquid
1331 1302 1471 1359 mali
1541 1302 1814 1360 eveniret.
1873 1303 2034 1367 Quod

363 1398 593 1452 dictum
623 1395 816 1451 exitus
839 1393 1249 1460 conﬁrmavit;
1283 1409 1421 1448 nam
1457 1392 1568 1448 alio
1600 1393 1691 1449 die
1742 1396 2034 1450 mortuam

369 1488 444 1542 ad
478 1485 818 1558 sepulcrum
850 1499 1046 1555 usque
1086 1481 1342 1550 deduxit,
1387 1482 1637 1556 gratiam
1683 1500 1788 1555 pro
1836 1488 2038 1539 contu-

365 1575 547 1632 melia
596 1574 956 1647 rependens.
1010 1573 1080 1628 Et
1126 1571 1234 1628 hoc
1265 1573 1486 1627 factum
1536 1590 1652 1628 non
1699 1572 1883 1629 levem
1930 1573 2036 1628 ad-

362 1664 646 1722 versariis
717 1661 973 1719 incussit
1049 1666 1293 1729 metum,
1362 1678 1683 1734 pacemque
1761 1679 2035 1735 magnam

364 1753 639 1811 Ecclesiae
697 1750 1004 1809 catholicae
1066 1750 1127 1806 in
1203 1751 1528 1808 ordinando
1600 1751 1873 1824 episcopo
1929 1753 2034 1808 tri-

364 1844 518 1900 buit.

439 1934 529 1988 42.
564 1931 849 1988 Ordinato
880 1931 1088 2003 itaque
1139 1929 1420 1986 catholico
1461 1930 1782 1998 sacerdote,
1815 1931 2033 1988 Medio-

367 2024 574 2081 lanum
597 2021 932 2089 revertitur,
968 2020 1174 2092 ibique
1222 2019 1580 2092 supradictae
1624 2020 1871 2076 Justinus
1912 2037 2037 2077 mu-

369 2113 529 2170 lieris
558 2112 906 2168 innumeras
938 2109 1192 2166 insidias
1223 2109 1662 2183 sustinuit,quae
1691 2111 2037 2169 muneribus

372 2210 546 2276 atque
579 2201 905 2260 honoribus
939 2201 1227 2257 adversus
1255 2203 1525 2257 sanctum
1574 2201 1766 2257 virum
1799 2201 2034 2272 oblatis,

377 2294 657 2366 populum
689 2291 1002 2348 excitabat.
1030 2291 1144 2346 Sed
1198 2289 1570 2346 inﬁrmorum
1603 2291 1787 2346 animi
1818 2291 2036 2349 talibus

380 2382 685 2455 promissis
739 2380 1234 2453 decipiebantur;
1270 2380 1650 2452 promittebat
1676 2380 1831 2436 enim
1855 2380 2037 2436 tribu-

382 2476 578 2537 natus,
611 2475 663 2525 et
691 2471 952 2526 diversas
987 2467 1136 2525 alias
1167 2468 1484 2541 dignitates
1515 2469 1607 2535 iis,
1634 2469 1734 2540 qui
1768 2469 1933 2525 illum
1966 2472 2037 2527 de

375 2563 618 2621 ecclesia
648 2566 906 2633 raptum,
943 2559 1016 2614 ad
1072 2556 1346 2614 exsilium
1399 2559 1827 2630 perduxissent.
1875 2562 2036 2626 Quod

376 2672 509 2711 cum
542 2651 712 2707 multi
738 2653 1117 2716 conarentur,
1149 2648 1253 2703 sed
1285 2647 1400 2702 Deo
1449 2647 1718 2720 praesule,
1759 2650 2040 2720 perﬁcere

375 2759 490 2798 non
521 2739 799 2806 valerent,
834 2753 993 2792 unus
1034 2734 1328 2790 infelicior
1371 2735 1614 2804 caeteris,
1659 2737 1895 2794 nomine
1924 2739 2036 2795 Eu-

374 2830 654 2904 thymius,
688 2828 748 2883 in
775 2831 1011 2883 tantum
1046 2825 1306 2880 furorem
1338 2824 1620 2880 excitatus
1642 2830 1750 2894 est,
1781 2831 1846 2882 ut
1867 2829 2039 2898 juxta

375 2920 682 2978 ecclesiam
731 2917 844 2973 sibi
896 2917 1141 2972 domum
1195 2917 1448 2986 pararet,
1497 2918 1673 2986 atque
1720 2915 1779 2970 in
1833 2918 2035 2974 eadem

376 3026 610 3066 carrum
641 3005 1046 3072 constitueret,
1081 3020 1199 3076 quo
1250 3000 1481 3058 facilius
1530 3006 1786 3076 raptum,
1837 3023 2038 3078 super-

375 3099 632 3171 positum
693 3100 970 3166 carpento
1029 3093 1148 3165 (10)
1210 3093 1284 3147 ad
1340 3091 1610 3148 exsilium
1672 3094 2032 3164 perduceret.

379 3188 484 3243 Sed
515 3188 774 3257 iniquitas
803 3185 925 3253 ejus
956 3185 1017 3237 in
1046 3183 1309 3237 verticem
1337 3183 1510 3251 ipsius
1555 3181 1825 3238 descendit
1856 3185 2030 3256 (Psat.

2065 1875 2116 1943 B

2151 603 2300 641 num
2351 588 2504 644 diem
2564 607 2679 646 non
2729 589 2922 647 solum
2985 591 3045 647 in
3113 593 3316 650 eadem
3377 595 3642 666 ecclesia,
3710 617 3802 656 ve-

2150 692 2286 730 rum
2317 693 2418 748 per
2469 696 2673 735 omnes
2727 696 2873 752 pene
2930 681 3257 739 Occidentis
3317 686 3648 757 provincias
3679 705 3800 744 ma-

2148 769 2270 821 net.

2226 853 2310 908 14.
2347 854 2454 910 Per
2486 856 2639 912 idem
2670 862 2903 932 tempus
2935 862 3122 918 sancti
3174 868 3458 936 martyres
3505 865 3804 924 Protasius

2147 947 2207 998 et
2236 945 2545 1001 Gervasius
2571 963 2634 1001 se
2665 949 2952 1004 sacerdoti
2985 951 3617 1011 revelaverunt.-Erant
3646 955 3804 1012 enim

2148 1032 2208 1086 in
2244 1032 2487 1088 basilica
2519 1035 2715 1106 positi,
2750 1036 2810 1096 in
2844 1053 2962 1109 qua
3009 1044 3146 1094 sunt
3192 1040 3364 1098 hodie
3404 1059 3646 1116 corpora
3689 1045 3802 1100 Na-

2147 1121 2311 1176 boris
2355 1127 2412 1176 et
2467 1122 2670 1179 Felicis
2719 1130 3042 1198 martyrum
3079 1147 3090 1184 :
3127 1130 3226 1184 sed
3277 1132 3465 1186 sancti
3514 1138 3804 1206 martyres

2145 1210 2344 1266 Nabor
2373 1216 2428 1266 et
2459 1213 2613 1267 Felix
2657 1213 3030 1270 celeberrime
3078 1217 3619 1290 frequentabantur,
3672 1223 3806 1280 Pro-

2147 1299 2285 1354 tasii
2315 1316 2448 1357 vero
2501 1306 2558 1356 et
2607 1303 2867 1360 Gervasii
2900 1310 3224 1378 martyrum
3281 1313 3346 1364 ut
3403 1312 3666 1379 nomina,
3723 1313 3807 1368 ita

2145 1389 2326 1444 etiam
2352 1391 2621 1462 sepulcra
2653 1393 2950 1466 incognita
2978 1399 3163 1463 erant,
3198 1396 3257 1451 in
3286 1401 3516 1455 tantum
3538 1404 3604 1455 ut
3624 1417 3804 1474 supra

2145 1478 2414 1551 ipsorum
2445 1481 2715 1554 sepulcra
2757 1483 3130 1540 ambularent
3171 1502 3396 1554 omnes,
3446 1489 3547 1560 qui
3593 1489 3806 1546 vellent

2145 1568 2220 1624 ad
2255 1569 2543 1627 cancellos
2576 1573 2897 1644 pervenire,
2927 1575 3144 1646 quibus
3189 1579 3527 1634 sanctorum
3558 1578 3804 1635 Naboris

2143 1660 2202 1713 et
2235 1658 2443 1716 Felicis
2475 1666 2799 1734 martyrum
2831 1663 2902 1718 ab
2939 1662 3158 1734 injuria
3201 1665 3476 1737 sepulcra
3523 1667 3805 1722 defende-

2144 1748 2384 1804 bantur.
2442 1750 2550 1805 Sed
2610 1751 2709 1806 ubi
2765 1756 3102 1810 sanctorum
3173 1758 3500 1827 martyrum
3559 1771 3809 1826 corpora

2149 1841 2293 1892 sunt
2319 1837 2527 1907 levata,
2561 1845 2618 1895 et
2674 1841 2733 1896 in
2791 1841 3012 1899 lecticis
3070 1843 3283 1916 posita,
3345 1843 3667 1900 multorum
3727 1842 3809 1898 ibi

2146 1925 2376 1983 Satana
2437 1929 2812 2002 aegritudines
2881 1933 3290 2004 perdocentur.
3355 1934 3554 1988 Caecus
3629 1932 3807 1988 etiam

2145 2015 2398 2073 Severus
2430 2019 2686 2089 nomine,
2721 2021 2819 2092 qui
2862 2038 3017 2077 nunc
3072 2039 3260 2094 usque
3311 2022 3372 2077 in
3417 2022 3623 2078 eadem
3655 2019 3810 2076 basi-

2146 2103 2261 2161 lica
2301 2124 2427 2180 qua:
2462 2109 2680 2164 dicitur
2720 2111 3124 2180 Ambrosiana,
3158 2111 3219 2166 in
3252 2126 3432 2184 quam
3484 2114 3808 2182 martyrum

2145 2211 2390 2268 corpora
2436 2203 2577 2254 sunt
2625 2199 2931 2267 translata,
2986 2201 3258 2273 religiose
3290 2199 3510 2267 servit;
3545 2200 3645 2254 ubi
3675 2215 3805 2255 ves-

2146 2290 2266 2342 tem
2299 2292 2619 2361 martyrum
2653 2289 2866 2362 attigit,
2915 2291 3113 2346 statim
3164 2290 3368 2345 lumen
3418 2288 3654 2360 recepit.
3697 2288 3807 2344 0b-

2146 2392 2313 2432 sessa
2343 2377 2518 2433 etiam
2546 2395 2790 2451 corpora
2822 2396 2851 2434 a
2885 2379 3199 2451 spiritibus
3232 2378 3560 2434 immundis
3589 2381 3806 2445 curata,

2148 2482 2384 2520 summa
2433 2483 2566 2522 cum
2623 2467 2814 2540 gratia
2861 2469 3105 2524 domum
3158 2469 3521 2541 repetebant.
3574 2469 3684 2526 Sed
3737 2467 3812 2525 iis

2145 2553 2446 2610 beneﬁciis
2496 2560 2818 2628 martyrum
2867 2557 2926 2612 in
2977 2561 3286 2630 quantum
3336 2561 3626 2618 crescebat
3666 2561 3811 2618 ﬁdes

2146 2641 2416 2697 Ecclesia:
2447 2642 2769 2711 catholicae,
2801 2644 2862 2698 in
2892 2648 3134 2700 tantum
3172 2645 3520 2706 Arianorum
3567 2650 3812 2724 perﬁdia

2149 2731 2543 2786 minuebatur.

2221 2822 2306 2875 15.
2341 2821 2602 2894 Denique
2631 2839 2701 2878 ex
2728 2823 2838 2879 hoc
2869 2827 3147 2896 tempore
3200 2831 3386 2890 sedari
3426 2835 3596 2911 ccepit
3626 2850 3814 2912 perse-

2147 2910 2322 2976 cutio,
2357 2928 2484 2982 quas
2514 2911 2761 2967 Justinze
2792 2914 2985 2969 furore
3018 2922 3485 2997 accendebatur,
3521 2910 3596 2987 ut
3625 2910 3814 2988 έεοθιι-

2146 3001 2265 3095 dos
2283 3001 2353 3056 de
2384 3000 2638 3058 Ecclesia
2667 3002 3002 3075 pelleretur.
3038 3003 3279 3095 Tamen
3328 3017 3479 3076 intra
3528 3021 3813 3095 palatium

2147 3089 2462 3147 multitudo
2493 3091 2843 3148 Arianorum
2868 3110 3001 3148 cum
3035 3093 3282 3159 Justina
3313 3089 3632 3169 ροηειίιῖηα
3663 3113 3816 3169 ἀει-ί-

2145 3179 2318 3235 debat
2343 3183 2569 3236 tantam
2601 3181 2700 3237 Dei
2751 3181 3019 3255 gratiam,
3055 3198 3241 3252 quam
3286 3194 3555 3255 Ecclesia;
3616 3204 3814 3259 catho-

375 3293 479 3340 vu,
540 3252 624 3345 17)
673 3292 686 3340 ;
740 3252 873 3345 post
931 3287 1156 3327 annum
1222 3269 1437 3325 etenim
1499 3271 1699 3327 eodem
1764 3271 1856 3329 die
1915 3291 2030 3346 quo
2064 3252 2106 3322 (ἶ
2144 3268 2267 3325 licae
2332 3270 2614 3326 Dominus
2669 3271 2846 3328 Jesus
2891 3271 3121 3328 meritis
3172 3287 3501 3353 martyrum
3562 3308 3809 3346 suorum

373 3364 547 3420 illum
591 3379 793 3435 rapere
841 3377 904 3417 se
934 3360 1360 3424 arbitrabatur,
1412 3360 1471 3414 in
1503 3360 1705 3416 eodem
1759 3370 2036 3435 carpento

373 3454 710 3525 impositus,
746 3453 817 3506 de
848 3451 1050 3506 eadem
1079 3451 1258 3505 domo
1290 3448 1415 3520 ipse
1447 3449 1518 3504 ad
1553 3449 1822 3506 exsilium
1857 3453 2034 3510 desti-

371 3550 555 3600 natus
591 3551 698 3610 est,
742 3546 1019 3614 reputans
1065 3538 1180 3596 sibi
1224 3539 1389 3609 justo
1430 3539 1656 3609 judicio
1707 3540 1805 3596 Dei
1861 3543 1917 3598 id
1976 3545 2034 3600 in

374 3651 438 3689 se
500 3648 631 3688 esse
694 3648 1032 3687 conversum
1092 3647 1106 3694 ;
1169 3633 1238 3682 ut
1304 3627 1363 3681 in
1423 3644 1488 3682 eo
1551 3635 1826 3700 carpento
1893 3633 2034 3689 diri-

371 3727 615 3794 geretur
652 3721 721 3776 ad
780 3719 1074 3784 exsilium,
1119 3716 1278 3788 quod
1327 3714 1450 3787 ipse
1502 3725 1802 3788 paraverat
1845 3739 2034 3780 sacer-

373 3811 522 3867 doti.
587 3810 690 3864 Cui
749 3826 863 3864 non
924 3807 1246 3863 minimum
1306 3803 1497 3860 solatii
1551 3808 1822 3866 sacerdos
1890 3829 2034 3884 prai-

371 3901 529 3968 buit,
562 3899 754 3955 dando
807 3901 1104 3970 sumptus,
1155 3891 1247 3950 vel
1309 3893 1420 3950 alia
1450 3911 1578 3966 qua)
1637 3902 1802 3955 erant
1832 3917 2033 3959 neces-

371 3989 556 4045 saria.

449 4079 541 4135 13.
595 4077 705 4133 Sed
764 4076 883 4132 hac
941 4073 1235 4132 confessio
1297 4072 1554 4130 hominis
1610 4091 1714 4132 nec
1769 4079 2034 4140 mulieris

363 4170 659 4233 furorem,
708 4182 809 4221 nec
865 4179 1217 4221 vesanorum
1276 4163 1625 4219 Arianorum
1676 4165 2032 4226 dementiam

366 4254 697 4329 repressit;
730 4256 949 4326 majore
985 4253 1205 4311 etenim
1247 4252 1474 4308 accensi
1518 4255 1796 4323 amentia,
1839 4259 2035 4315 basili-

365 4362 507 4401 cam
569 4343 900 4399 Portianam
957 4342 1234 4398 invadere
1292 4341 1632 4397 nitebantur
1685 4362 1697 4400 :
1745 4348 2033 4405 exercitus

366 4435 556 4490 etiam
589 4438 850 4488 armatus
878 4433 948 4488 ad
999 4429 1412 4487 custodiendas
1460 4431 1614 4488 fores
1661 4433 1914 4492 ecclesiae
1943 4441 2034 4494 est

366 4524 658 4590 directus,
711 4526 775 4576 ut
823 4538 990 4576 nemo
1043 4521 1288 4576 auderet
1333 4519 1674 4576 catholicam
1724 4525 2031 4583 ecclesiam

2147 3359 2408 3415 conferre
2487 3360 2766 3432 dignatus
2829 3365 2917 3416 est
2967 3379 2980 3416 :
3022 3367 3536 3442 venerabilemque
3615 3378 3808 3434 virum

2143 3449 2520 3505 Ambrosium
2575 3450 2853 3506 narrabat
2902 3449 3150 3521 pecunia
3198 3470 3577 3527 comparasse
3625 3465 3812 3520 homi-

2147 3539 2378 3610 nes,qui
2411 3555 2473 3594 se
2503 3539 2696 3594 vexari
2749 3539 2822 3594 ab
2867 3539 3195 3596 immundis
3244 3545 3554 3614 spiritibus
3597 3553 3806 3608 menti-

2147 3633 2384 3694 rentur;
2419 3633 2595 3698 atque
2627 3629 2711 3683 ita
2741 3629 2812 3683 ab
2844 3627 2965 3693 illo,
3007 3629 3158 3685 sicut
3191 3635 3247 3686 et
3276 3650 3310 3687 ο.
3342 3640 3703 3707 martyribus
3742 3657 3806 3698 se

2144 3716 2401 3788 torqueri
2433 3716 2712 3772 dicerent.
2755 3716 2866 3771 Sed
2898 3716 3007 3772 hoc
3043 3719 3289 3775 Judaico
3334 3737 3431 3776 ore
3481 3722 3803 3798 loqueban-

2146 3811 2242 3861 tur
2269 3804 2486 3869 Ariani,
2520 3821 2806 3877 suppares
2854 3804 3076 3862 scilicet
3127 3823 3328 3862 eorum
3361 3827 3373 3876 ;
3405 3808 3490 3864 illi
3539 3816 3697 3871 enim
3730 3817 3801 3871 de

2145 3895 2390 3951 Domino
2421 3893 2713 3962 dicebant,
2747 3893 3026 3965 quoniam
3077 3897 3137 3949 in
3185 3897 3509 3952 Beelzebuth
3546 3905 3804 3976 principe

2143 3985 2542 4040 daemonim'um
2577 3985 2728 4054 ejicit
2777 3983 3050 4038 daemonia
3081 3985 3232 4055 (Luc.
3279 4002 3356 4051 x1,
3410 3986 3498 4057 15)
3534 4006 3547 4044 :
3581 3990 3679 4045 isti
3727 3993 3799 4047 de

2144 4074 2520 4147 martyribus,
2578 4073 2670 4129 vel
2715 4073 2947 4129 Domini
3018 4075 3316 4130 sacerdote
3380 4073 3794 4148 loquebantur,

2145 4165 2299 4236 quod
2331 4181 2447 4220 non
2491 4163 2592 4218 Dei
2645 4163 2852 4236 gratia,
2903 4179 3030 4234 qua:
3083 4179 3186 4235 per
3226 4164 3386 4236 ipsos
3420 4168 3792 4238 operabatur,

2142 4253 2436 4310 immundi
2469 4253 2714 4324 spiritus
2745 4251 3102 4324 pellerentur
3127 4271 3140 4320 ;
3166 4254 3265 4309 sed
3290 4257 3528 4325 accepta
3548 4257 3798 4328 pecunia

2141 4360 2204 4399 se
2235 4342 2494 4414 torqueri
2533 4341 2940 4397 mentirentur.
2991 4341 3339 4398 Clamabant
3369 4341 3529 4398 enim
3578 4346 3792 4404 daemo-

2141 4447 2246 4488 nes
2279 4450 2292 4488 :
2343 4431 2576 4488 Scimus
2619 4448 2723 4487 vos
2772 4435 3098 4502 martyres;
3128 4436 3182 4486 et
3232 4430 3429 4487 Ariani
3470 4432 3789 4492 dicebant:

2140 4521 2445 4577 Nescimus
2475 4537 2602 4576 esse
2633 4525 2939 4591 martyres.
2980 4523 3110 4575 Jam
3144 4520 3251 4576 hoc
3287 4525 3344 4575 et
3377 4520 3434 4576 in
3479 4521 3791 4596 Evangelio

363 4611 626 4683 ingredi.
652 4611 759 4666 Sed
794 4609 1096 4676 Dominus,
1126 4608 1229 4680 qui
1279 4609 1351 4664 de
1389 4609 1741 4668 adversariis
1773 4615 1898 4669 suis
1929 4615 2030 4672 Ec—
2058 4628 2106 4693 D
2138 4609 2413 4683 legimus.
2451 4607 2550 4663 ubi
2596 4602 2868 4663 dixerunt
2914 4609 3206 4664 daemones
3245 4609 3315 4664 ad
3351 4610 3665 4666 Dominum
3694 4612 3788 4667 Je-

362 4698 568 4755 clesiae
601 4715 717 4754 suae
751 4697 1081 4769 triumphos
1104 4699 1324 4752 donare
1363 4699 1683 4767 consuevit,
1717 4703 1789 4758 ad
1840 4702 2025 4760 Eccle-

359 4788 472 4844 sia:
527 4805 642 4842 suae
692 4787 1122 4843 munimentum
1169 4786 1425 4843 militum
1473 4789 1651 4844 corda
1701 4793 2022 4861 convertit;

359 4882 434 4933 ut
490 4877 706 4932 aversis
765 4877 946 4934 scutis
1005 4875 1267 4932 ecclesia:
1332 4877 1485 4932 fores
1542 4884 1858 4950 servarent,
1921 4898 2025 4937 nec

357 4964 574 5038 egredi
631 4966 742 5034 (11)
800 4965 1179 5032 dimitterent,
1255 4965 1357 5021 sed
1425 4966 1650 5037 ingredi
1721 4969 2026 5026 ecclesiam

359 5055 606 5127 plebem
655 5054 1002 5111 catholicam
1037 5054 1282 5110 minime
1331 5055 1726 5126 prohiberent.
1765 5058 1876 5114 Sed
1922 5076 2028 5115 nec

356 5144 482 5199 hoc
519 5143 660 5198 satis
705 5148 829 5199 erat
889 5143 1091 5200 missis
1150 5143 1454 5211 militibus,
1517 5144 1630 5201 nisi
1690 5147 1868 5202 etiam
1923 5164 2027 5220 pro

357 5231 663 5290 catholica
716 5233 832 5288 ﬁde
899 5250 1032 5288 cum
1096 5231 1261 5304 plebe
1334 5231 1553 5303 pariter
1615 5233 2023 5293 acclamarent.

355 5325 495 5376 Hoc
524 5320 582 5374 in
639 5325 900 5393 tempore
956 5321 1217 5392 primum
1271 5319 1626 5392 antiphonae,
1679 5321 1902 5394 hymni,
1960 5341 2026 5380 ac

356 5408 584 5482 vigiliae
638 5409 698 5465 in
747 5409 989 5466 ecclesia
1047 5409 1464 5467 Mediolanensi
1514 5409 1793 5466 celebrari
1837 5428 2025 5485 caepe-

442 5606 553 5678 (10)
580 5604 935 5682 Restituitur
959 5607 1135 5665 etiam
1167 5624 1197 5665 e
1227 5624 1370 5666 mss.
1403 5623 1583 5682 prope
1614 5607 1910 5680 omnibus,
1931 5626 2020 5669 su-

350 5680 707 5755 perpositum
736 5681 1013 5754 carpento.

2137 4715 2270 4756 sum
2304 4717 2317 4754 ε
2344 4697 2576 4754 Scimus
2601 4701 2679 4764 te,
2707 4697 2846 4767 quia
2874 4696 2956 4752 sis
3008 4697 3105 4752 Dei
3140 4698 3322 4754 Filius
3352 4699 3556 4768 (Marc.
3589 4717 3627 4766 ι,
3658 4700 3785 4769 24);

2135 4792 2191 4844 et
2218 4788 2407 4844 Judaai
2451 4787 2769 4842 dicebant:
2805 4787 2906 4841 Hic
2947 4791 3133 4842 autem
3183 4787 3328 4842 unde
3375 4789 3466 4852 sit,
3516 4789 3788 4842 nescimus

2139 4879 2315 4950 (Joan.
2349 4894 2425 4941 1x,
2452 4876 2565 4946 29).
2597 4876 2708 4930 Sed
2761 4893 2876 4930 non
2920 4875 3016 4930 hic
3067 4875 3464 4931 testimonium
3499 4874 3786 4946 accipitur

2140 4966 2492 5029 daemonum,
2526 4963 2626 5018 sed
2658 4963 2943 5018 confessio
2971 4980 2984 5030 ;
3018 4964 3174 5018 unde
3205 4961 3535 5016 miseriores
3582 4962 3784 5018 Ariani

2137 5053 2225 5109 vel
2255 5053 2463 5119 Judaei,
2510 5057 2574 5109 ut
2621 5051 2775 5124 quod
2827 5051 3178 5109 conﬁtentur
3215 5051 3530 5117 daemones,
3562 5050 3649 5106 illi
3681 5069 3784 5108 ne-

2176 5148 2295 5199 ent.

2137 5161 2295 5288 Βθῗὲί
2329 5232 2481 5287 Deus
2521 5236 2738 5300 tamen,
2771 5231 2872 5303 qui
2914 5226 3161 5301 gratiam
3213 5226 3478 5284 Ecclesiae
3529 5247 3646 5286 suae
3678 5248 3781 5288 au-

2135 5337 2270 5396 gere
2317 5321 2635 5386 consuevit,
2695 5336 2810 5374 non
2859 5334 3068 5390 passus
3129 5320 3217 5372 est
3265 5317 3365 5373 diu
3416 5319 3688 5375 insultari
3747 5337 3781 5376 a

2136 5410 2376 5484 perﬁdis
2426 5409 2640 5466 sanctis
2685 5406 2828 5462 suis.
2864 5406 3025 5462 Unus
3050 5405 3246 5478 itaque
3269 5424 3336 5464 ex
3367 5408 3493 5481 ipsa
3521 5409 3780 5465 multitu.

2200 5611 2324 5683 (14)
2375 5603 2998 5683 Nonnulli__mss.,__ut_
3033 5606 3282 5683 adversis
3337 5608 3525 5683 scutis.
3682 5621 3780 5683 nec

2131 5676 2480 5754 ingrediendi
2527 5677 2808 5737 licentiam
2853 5676 3218 5754 dimitterent,
3281 5679 3375 5738 sed
3440 5677 3773 5754 egrediendi.
