  <div class='ocr_page' id='page_1' title='image "/cluster/home/n/w/nwhite01/storage/ocr_20150623/14/hvd.32044048207138/023.png"; bbox 0 0 4122 6186; ppageno 0'>
   <div class='ocr_carea' id='block_1_1' title="bbox 340 291 3757 379">
    <p class='ocr_par' dir='ltr' id='par_1_1' title="bbox 340 291 3757 379">
     <span class='ocr_line' id='line_1_1' title="bbox 340 291 3757 379; baseline -0.006 -8"><span class='ocrx_word' id='word_1_1' title='bbox 340 318 424 379; x_wconf 82' lang='lat'>35</span> <span class='ocrx_word' id='word_1_2' title='bbox 1683 297 1869 359; x_wconf 79' lang='lat' dir='ltr'>VITA</span> <span class='ocrx_word' id='word_1_3' title='bbox 1915 295 1981 355; x_wconf 93' lang='lat' dir='ltr'>s.</span> <span class='ocrx_word' id='word_1_4' title='bbox 2027 291 2406 361; x_wconf 82' lang='lat' dir='ltr'>AMBROSII</span> <span class='ocrx_word' id='word_1_5' title='bbox 3681 304 3757 367; x_wconf 69' lang='grc' dir='ltr'>θα</span> 
     </span>
    </p>
   </div>
   <div class='ocr_carea' id='block_1_2' title="bbox 345 427 3759 514">
    <p class='ocr_par' dir='ltr' id='par_1_2' title="bbox 345 427 3759 514">
     <span class='ocr_line' id='line_1_2' title="bbox 345 427 3759 514; baseline -0.002 -12"><span class='ocrx_word' id='word_1_6' title='bbox 345 448 477 502; x_wconf 89' lang='lat' dir='ltr'>dine</span> <span class='ocrx_word' id='word_1_7' title='bbox 521 442 717 501; x_wconf 90' lang='lat' dir='ltr'>subito</span> <span class='ocrx_word' id='word_1_8' title='bbox 763 444 1032 514; x_wconf 89' lang='lat' dir='ltr'>arreptus</span> <span class='ocrx_word' id='word_1_9' title='bbox 1062 456 1096 494; x_wconf 88' lang='lat' dir='ltr'>a</span> <span class='ocrx_word' id='word_1_10' title='bbox 1126 437 1333 512; x_wconf 81' lang='lat' dir='ltr'>spiritu</span> <span class='ocrx_word' id='word_1_11' title='bbox 1380 434 1706 498; x_wconf 78' lang='lat' dir='ltr'>immundo,</span> <span class='ocrx_word' id='word_1_12' title='bbox 1742 431 1991 484; x_wconf 76' lang='lat' dir='ltr'>clamare</span> <span class='ocrx_word' id='word_1_13' title='bbox 2021 427 2076 492; x_wconf 84' lang='grc' dir='ltr'><strong>Α</strong></span> <span class='ocrx_word' id='word_1_14' title='bbox 2112 430 2303 498; x_wconf 62' lang='grc' dir='ltr'>ῐμςιιηι</span> <span class='ocrx_word' id='word_1_15' title='bbox 2356 451 2486 487; x_wconf 71' lang='lat' dir='ltr'>wm</span> <span class='ocrx_word' id='word_1_16' title='bbox 2537 435 2854 492; x_wconf 78' lang='lat' dir='ltr'>Maximum</span> <span class='ocrx_word' id='word_1_17' title='bbox 2903 454 2937 492; x_wconf 92' lang='lat' dir='ltr'>a</span> <span class='ocrx_word' id='word_1_18' title='bbox 2983 436 3417 494; x_wconf 83' lang='lat' dir='ltr'>communionis</span> <span class='ocrx_word' id='word_1_19' title='bbox 3463 439 3759 495; x_wconf 87' lang='lat' dir='ltr'>consortio</span> 
     </span>
    </p>
   </div>
   <div class='ocr_carea' id='block_1_3' title="bbox 343 518 1994 610">
    <p class='ocr_par' dir='ltr' id='par_1_3' title="bbox 343 518 1994 610">
     <span class='ocr_line' id='line_1_3' title="bbox 343 518 1994 610; baseline -0.014 -17"><span class='ocrx_word' id='word_1_20' title='bbox 343 535 518 610; x_wconf 70' lang='lat' dir='ltr'>cmpit</span> <span class='ocrx_word' id='word_1_21' title='bbox 565 533 647 589; x_wconf 90' lang='lat' dir='ltr'>ita</span> <span class='ocrx_word' id='word_1_22' title='bbox 693 529 955 604; x_wconf 80' lang='lat' dir='ltr'>torqueri</span> <span class='ocrx_word' id='word_1_23' title='bbox 999 545 1100 585; x_wconf 90' lang='lat' dir='ltr'>eos</span> <span class='ocrx_word' id='word_1_24' title='bbox 1131 527 1262 598; x_wconf 71' lang='lat' dir='ltr'>(l2),</span> <span class='ocrx_word' id='word_1_25' title='bbox 1307 528 1372 581; x_wconf 91' lang='lat' dir='ltr'>ut</span> <span class='ocrx_word' id='word_1_26' title='bbox 1418 524 1543 596; x_wconf 90' lang='lat' dir='ltr'>ipse</span> <span class='ocrx_word' id='word_1_27' title='bbox 1592 518 1994 610; x_wconf 74' lang='lat' dir='ltr'>torquebatur,</span> 
     </span>
    </p>
   </div>
   <div class='ocr_carea' id='block_1_4' title="bbox 343 605 1997 698">
    <p class='ocr_par' dir='ltr' id='par_1_4' title="bbox 343 605 1997 698">
     <span class='ocr_line' id='line_1_4' title="bbox 343 605 1997 698; baseline -0.013 -17"><span class='ocrx_word' id='word_1_28' title='bbox 343 605 450 698; x_wconf 78' lang='lat' dir='ltr'>qui</span> <span class='ocrx_word' id='word_1_29' title='bbox 485 625 766 696; x_wconf 83' lang='lat' dir='ltr'>negarent</span> <span class='ocrx_word' id='word_1_30' title='bbox 815 623 1121 692; x_wconf 74' lang='lat' dir='ltr'>martyres,</span> <span class='ocrx_word' id='word_1_31' title='bbox 1154 615 1238 672; x_wconf 89' lang='lat' dir='ltr'>vel</span> <span class='ocrx_word' id='word_1_32' title='bbox 1277 614 1375 687; x_wconf 88' lang='lat' dir='ltr'>qui</span> <span class='ocrx_word' id='word_1_33' title='bbox 1423 630 1536 668; x_wconf 92' lang='lat' dir='ltr'>non</span> <span class='ocrx_word' id='word_1_34' title='bbox 1591 605 1997 698; x_wconf 91' lang='lat' dir='ltr'>crederent</span> 
     </span>
    </p>
   </div>
   <div class='ocr_carea' id='block_1_5' title="bbox 341 694 1997 779">
    <p class='ocr_par' dir='ltr' id='par_1_5' title="bbox 341 694 1997 779">
     <span class='ocr_line' id='line_1_5' title="bbox 341 694 1997 779; baseline -0.013 -10"><span class='ocrx_word' id='word_1_35' title='bbox 341 694 644 769; x_wconf 76' lang='lat' dir='ltr'>&#39;l‘rinitatis</span> <span class='ocrx_word' id='word_1_36' title='bbox 683 710 991 769; x_wconf 86' lang='lat' dir='ltr'>unitatem,</span> <span class='ocrx_word' id='word_1_37' title='bbox 1021 723 1192 779; x_wconf 91' lang='lat' dir='ltr'>quam</span> <span class='ocrx_word' id='word_1_38' title='bbox 1229 705 1396 759; x_wconf 85' lang='lat' dir='ltr'>docet</span> <span class='ocrx_word' id='word_1_39' title='bbox 1426 699 1790 758; x_wconf 86' lang='lat' dir='ltr'>Ambrosius.</span> <span class='ocrx_word' id='word_1_40' title='bbox 1816 699 1884 752; x_wconf 84' lang='lat' dir='ltr'>At</span> <span class='ocrx_word' id='word_1_41' title='bbox 1915 694 1997 748; x_wconf 91' lang='lat' dir='ltr'>illi</span> 
     </span>
    </p>
   </div>
   <div class='ocr_carea' id='block_1_6' title="bbox 341 787 1997 868">
    <p class='ocr_par' dir='ltr' id='par_1_6' title="bbox 341 787 1997 868">
     <span class='ocr_line' id='line_1_6' title="bbox 341 787 1997 868; baseline -0.011 -11"><span class='ocrx_word' id='word_1_42' title='bbox 341 802 452 858; x_wconf 90' lang='lat' dir='ltr'>hac</span> <span class='ocrx_word' id='word_1_43' title='bbox 479 817 618 858; x_wconf 91' lang='lat' dir='ltr'>voce</span> <span class='ocrx_word' id='word_1_44' title='bbox 641 797 888 865; x_wconf 89' lang='lat' dir='ltr'>confusi,</span> <span class='ocrx_word' id='word_1_45' title='bbox 914 795 1013 868; x_wconf 89' lang='lat' dir='ltr'>qui</span> <span class='ocrx_word' id='word_1_46' title='bbox 1041 793 1292 850; x_wconf 74' lang='lat' dir='ltr'>converti</span> <span class='ocrx_word' id='word_1_47' title='bbox 1319 793 1662 855; x_wconf 83' lang='lat' dir='ltr'>debuerant,</span> <span class='ocrx_word' id='word_1_48' title='bbox 1681 792 1737 843; x_wconf 93' lang='lat' dir='ltr'>et</span> <span class='ocrx_word' id='word_1_49' title='bbox 1760 787 1997 858; x_wconf 81' lang='lat' dir='ltr'>dignam</span> 
     </span>
    </p>
   </div>
   <div class='ocr_carea' id='block_1_7' title="bbox 341 875 1997 956">
    <p class='ocr_par' dir='ltr' id='par_1_7' title="bbox 341 875 1997 956">
     <span class='ocr_line' id='line_1_7' title="bbox 341 875 1997 956; baseline -0.011 -9"><span class='ocrx_word' id='word_1_50' title='bbox 341 890 445 946; x_wconf 88' lang='lat' dir='ltr'>tali</span> <span class='ocrx_word' id='word_1_51' title='bbox 504 888 871 946; x_wconf 85' lang='lat' dir='ltr'>confessione</span> <span class='ocrx_word' id='word_1_52' title='bbox 918 901 1086 956; x_wconf 88' lang='lat' dir='ltr'>agere</span> <span class='ocrx_word' id='word_1_53' title='bbox 1141 881 1566 954; x_wconf 85' lang='lat' dir='ltr'>pcenitentiam,</span> <span class='ocrx_word' id='word_1_54' title='bbox 1602 879 1658 933; x_wconf 92' lang='lat' dir='ltr'>in</span> <span class='ocrx_word' id='word_1_55' title='bbox 1711 875 1997 949; x_wconf 78' lang='lat' dir='ltr'>piscinam</span> 
     </span>
    </p>
   </div>
   <div class='ocr_carea' id='block_1_8' title="bbox 344 963 1999 1042">
    <p class='ocr_par' dir='ltr' id='par_1_8' title="bbox 344 963 1999 1042">
     <span class='ocr_line' id='line_1_8' title="bbox 344 963 1999 1042; baseline -0.011 -7"><span class='ocrx_word' id='word_1_56' title='bbox 344 982 681 1038; x_wconf 88' lang='lat' dir='ltr'>demersum</span> <span class='ocrx_word' id='word_1_57' title='bbox 713 975 1011 1032; x_wconf 87' lang='lat' dir='ltr'>hominem</span> <span class='ocrx_word' id='word_1_58' title='bbox 1054 973 1427 1037; x_wconf 88' lang='lat' dir='ltr'>necaverunt,</span> <span class='ocrx_word' id='word_1_59' title='bbox 1462 968 1716 1042; x_wconf 77' lang='lat' dir='ltr'>perfidize</span> <span class='ocrx_word' id='word_1_60' title='bbox 1755 963 1999 1020; x_wconf 86' lang='lat' dir='ltr'>homici-</span> 
     </span>
    </p>
   </div>
   <div class='ocr_carea' id='block_1_9' title="bbox 345 1053 2000 1137">
    <p class='ocr_par' dir='ltr' id='par_1_9' title="bbox 345 1053 2000 1137">
     <span class='ocr_line' id='line_1_9' title="bbox 345 1053 2000 1137; baseline -0.011 -12"><span class='ocrx_word' id='word_1_61' title='bbox 345 1069 510 1124; x_wconf 89' lang='lat' dir='ltr'>dium</span> <span class='ocrx_word' id='word_1_62' title='bbox 560 1067 976 1137; x_wconf 87' lang='lat' dir='ltr'>adjungentes;</span> <span class='ocrx_word' id='word_1_63' title='bbox 1012 1060 1252 1116; x_wconf 85' lang='lat' dir='ltr'>deduxit</span> <span class='ocrx_word' id='word_1_64' title='bbox 1304 1059 1459 1115; x_wconf 90' lang='lat' dir='ltr'>enim</span> <span class='ocrx_word' id='word_1_65' title='bbox 1524 1056 1657 1111; x_wconf 87' lang='lat' dir='ltr'>illos</span> <span class='ocrx_word' id='word_1_66' title='bbox 1715 1055 1782 1110; x_wconf 90' lang='lat' dir='ltr'>ad</span> <span class='ocrx_word' id='word_1_67' title='bbox 1845 1053 2000 1108; x_wconf 90' lang='lat' dir='ltr'>hunc</span> 
     </span>
    </p>
   </div>
   <div class='ocr_carea' id='block_1_10' title="bbox 345 1142 2000 1227">
    <p class='ocr_par' dir='ltr' id='par_1_10' title="bbox 345 1142 2000 1227">
     <span class='ocr_line' id='line_1_10' title="bbox 345 1142 2000 1227; baseline -0.011 -13"><span class='ocrx_word' id='word_1_68' title='bbox 345 1158 522 1213; x_wconf 85' lang='lat' dir='ltr'>finem</span> <span class='ocrx_word' id='word_1_69' title='bbox 577 1155 750 1227; x_wconf 89' lang='lat' dir='ltr'>digna</span> <span class='ocrx_word' id='word_1_70' title='bbox 805 1149 1146 1206; x_wconf 81' lang='lat' dir='ltr'>necessitas.</span> <span class='ocrx_word' id='word_1_71' title='bbox 1191 1151 1445 1205; x_wconf 89' lang='lat' dir='ltr'>Sanctus</span> <span class='ocrx_word' id='word_1_72' title='bbox 1477 1163 1610 1202; x_wconf 82' lang='lat' dir='ltr'>vero</span> <span class='ocrx_word' id='word_1_73' title='bbox 1657 1142 2000 1200; x_wconf 89' lang='lat' dir='ltr'>Ambrosius</span> 
     </span>
    </p>
   </div>
   <div class='ocr_carea' id='block_1_11' title="bbox 345 1234 1999 1319">
    <p class='ocr_par' dir='ltr' id='par_1_11' title="bbox 345 1234 1999 1319">
     <span class='ocr_line' id='line_1_11' title="bbox 345 1234 1999 1319; baseline -0.01 -17"><span class='ocrx_word' id='word_1_74' title='bbox 345 1246 649 1319; x_wconf 90' lang='lat' dir='ltr'>episcopus</span> <span class='ocrx_word' id='word_1_75' title='bbox 689 1240 930 1312; x_wconf 85' lang='lat' dir='ltr'>majoris</span> <span class='ocrx_word' id='word_1_76' title='bbox 971 1237 1323 1294; x_wconf 84' lang='lat' dir='ltr'>humilitatis</span> <span class='ocrx_word' id='word_1_77' title='bbox 1355 1237 1442 1291; x_wconf 89' lang='lat' dir='ltr'>vir</span> <span class='ocrx_word' id='word_1_78' title='bbox 1473 1237 1681 1300; x_wconf 86' lang='lat' dir='ltr'>factus,</span> <span class='ocrx_word' id='word_1_79' title='bbox 1715 1234 1999 1288; x_wconf 85' lang='lat' dir='ltr'>donatam</span> 
     </span>
    </p>
   </div>
   <div class='ocr_carea' id='block_1_12' title="bbox 343 1323 2002 1400">
    <p class='ocr_par' dir='ltr' id='par_1_12' title="bbox 343 1323 2002 1400">
     <span class='ocr_line' id='line_1_12' title="bbox 343 1323 2002 1400; baseline -0.008 -12"><span class='ocrx_word' id='word_1_80' title='bbox 343 1333 455 1388; x_wconf 85' lang='lat' dir='ltr'>sibi</span> <span class='ocrx_word' id='word_1_81' title='bbox 505 1349 539 1387; x_wconf 93' lang='lat' dir='ltr'>a</span> <span class='ocrx_word' id='word_1_82' title='bbox 580 1329 830 1386; x_wconf 90' lang='lat' dir='ltr'>Domino</span> <span class='ocrx_word' id='word_1_83' title='bbox 890 1327 1139 1400; x_wconf 80' lang='lat' dir='ltr'>gratiam</span> <span class='ocrx_word' id='word_1_84' title='bbox 1189 1326 1543 1392; x_wconf 85' lang='lat' dir='ltr'>reservabat,</span> <span class='ocrx_word' id='word_1_85' title='bbox 1590 1323 2002 1393; x_wconf 89' lang='lat' dir='ltr'>crescebatque</span> 
     </span>
    </p>
   </div>
   <div class='ocr_carea' id='block_1_13' title="bbox 342 1411 1924 1494">
    <p class='ocr_par' dir='ltr' id='par_1_13' title="bbox 342 1411 1924 1494">
     <span class='ocr_line' id='line_1_13' title="bbox 342 1411 1924 1494; baseline -0.009 -17"><span class='ocrx_word' id='word_1_86' title='bbox 342 1420 601 1494; x_wconf 83' lang='lat' dir='ltr'>quotidie</span> <span class='ocrx_word' id='word_1_87' title='bbox 633 1419 746 1473; x_wconf 83' lang='lat' dir='ltr'>fide</span> <span class='ocrx_word' id='word_1_88' title='bbox 780 1421 833 1472; x_wconf 91' lang='lat' dir='ltr'>et</span> <span class='ocrx_word' id='word_1_89' title='bbox 867 1431 1062 1472; x_wconf 88' lang='lat' dir='ltr'>amore</span> <span class='ocrx_word' id='word_1_90' title='bbox 1094 1432 1288 1471; x_wconf 90' lang='lat' dir='ltr'>coram</span> <span class='ocrx_word' id='word_1_91' title='bbox 1321 1415 1437 1470; x_wconf 91' lang='lat' dir='ltr'>Deo</span> <span class='ocrx_word' id='word_1_92' title='bbox 1471 1418 1529 1470; x_wconf 92' lang='lat' dir='ltr'>et</span> <span class='ocrx_word' id='word_1_93' title='bbox 1563 1411 1924 1468; x_wconf 89' lang='lat' dir='ltr'>hominibus.</span> 
     </span>
    </p>
   </div>
   <div class='ocr_carea' id='block_1_14' title="bbox 413 1499 2001 1577">
    <p class='ocr_par' dir='ltr' id='par_1_14' title="bbox 413 1499 2001 1577">
     <span class='ocr_line' id='line_1_14' title="bbox 413 1499 2001 1577; baseline -0.007 -13"><span class='ocrx_word' id='word_1_94' title='bbox 413 1511 500 1564; x_wconf 89' lang='grc'>17.</span> <span class='ocrx_word' id='word_1_95' title='bbox 536 1509 643 1564; x_wconf 89' lang='lat' dir='ltr'>Per</span> <span class='ocrx_word' id='word_1_96' title='bbox 670 1507 828 1561; x_wconf 84' lang='lat' dir='ltr'>idem</span> <span class='ocrx_word' id='word_1_97' title='bbox 861 1509 1097 1577; x_wconf 87' lang='lat' dir='ltr'>tempus</span> <span class='ocrx_word' id='word_1_98' title='bbox 1139 1508 1264 1560; x_wconf 88' lang='lat' dir='ltr'>erat</span> <span class='ocrx_word' id='word_1_99' title='bbox 1307 1503 1544 1576; x_wconf 88' lang='lat' dir='ltr'>quidam</span> <span class='ocrx_word' id='word_1_100' title='bbox 1577 1503 1665 1557; x_wconf 91' lang='lat' dir='ltr'>vir</span> <span class='ocrx_word' id='word_1_101' title='bbox 1694 1501 1765 1556; x_wconf 89' lang='lat' dir='ltr'>de</span> <span class='ocrx_word' id='word_1_102' title='bbox 1794 1499 2001 1556; x_wconf 79' lang='lat' dir='ltr'>haeresi</span> 
     </span>
    </p>
   </div>
   <div class='ocr_carea' id='block_1_15' title="bbox 339 1589 1999 1665">
    <p class='ocr_par' dir='ltr' id='par_1_15' title="bbox 339 1589 1999 1665">
     <span class='ocr_line' id='line_1_15' title="bbox 339 1589 1999 1665; baseline -0.007 -11"><span class='ocrx_word' id='word_1_103' title='bbox 339 1598 711 1662; x_wconf 87' lang='lat' dir='ltr'>Arianorum,</span> <span class='ocrx_word' id='word_1_104' title='bbox 738 1594 1060 1650; x_wconf 89' lang='lat' dir='ltr'>acerrimus</span> <span class='ocrx_word' id='word_1_105' title='bbox 1087 1593 1336 1648; x_wconf 91' lang='lat' dir='ltr'>nimium</span> <span class='ocrx_word' id='word_1_106' title='bbox 1358 1589 1715 1665; x_wconf 86' lang='lat' dir='ltr'>‘disputator,</span> <span class='ocrx_word' id='word_1_107' title='bbox 1739 1595 1793 1644; x_wconf 89' lang='lat' dir='ltr'>et</span> <span class='ocrx_word' id='word_1_108' title='bbox 1816 1590 1999 1644; x_wconf 90' lang='lat' dir='ltr'>durus</span> 
     </span>
    </p>
   </div>
   <div class='ocr_carea' id='block_1_16' title="bbox 341 1678 2000 1759">
    <p class='ocr_par' dir='ltr' id='par_1_16' title="bbox 341 1678 2000 1759">
     <span class='ocr_line' id='line_1_16' title="bbox 341 1678 2000 1759; baseline -0.007 -17"><span class='ocrx_word' id='word_1_109' title='bbox 341 1692 514 1759; x_wconf 89' lang='lat' dir='ltr'>atque</span> <span class='ocrx_word' id='word_1_110' title='bbox 542 1682 1002 1740; x_wconf 82' lang='lat' dir='ltr'>inconvertibilis</span> <span class='ocrx_word' id='word_1_111' title='bbox 1034 1684 1104 1737; x_wconf 88' lang='lat' dir='ltr'>ad</span> <span class='ocrx_word' id='word_1_112' title='bbox 1152 1683 1324 1738; x_wconf 83' lang='lat' dir='ltr'>fidem</span> <span class='ocrx_word' id='word_1_113' title='bbox 1378 1681 1748 1737; x_wconf 82' lang='lat' dir='ltr'>catholicam.</span> <span class='ocrx_word' id='word_1_114' title='bbox 1779 1678 1833 1732; x_wconf 90' lang='lat' dir='ltr'>Is</span> <span class='ocrx_word' id='word_1_115' title='bbox 1865 1695 2000 1732; x_wconf 81' lang='lat' dir='ltr'>con-</span> 
     </span>
    </p>
   </div>
   <div class='ocr_carea' id='block_1_17' title="bbox 342 1766 1997 1844">
    <p class='ocr_par' dir='ltr' id='par_1_17' title="bbox 342 1766 1997 1844">
     <span class='ocr_line' id='line_1_17' title="bbox 342 1766 1997 1844; baseline -0.005 -14"><span class='ocrx_word' id='word_1_116' title='bbox 342 1775 585 1831; x_wconf 85' lang='lat' dir='ltr'>stitutus</span> <span class='ocrx_word' id='word_1_117' title='bbox 605 1774 664 1828; x_wconf 89' lang='lat' dir='ltr'>in</span> <span class='ocrx_word' id='word_1_118' title='bbox 689 1772 953 1837; x_wconf 86' lang='lat' dir='ltr'>ecclesia,</span> <span class='ocrx_word' id='word_1_119' title='bbox 976 1775 1263 1827; x_wconf 86' lang='lat' dir='ltr'>tractante</span> <span class='ocrx_word' id='word_1_120' title='bbox 1285 1771 1575 1844; x_wconf 90' lang='lat' dir='ltr'>episcopo,</span> <span class='ocrx_word' id='word_1_121' title='bbox 1600 1768 1744 1824; x_wconf 84' lang='lat' dir='ltr'>vidit</span> <span class='ocrx_word' id='word_1_122' title='bbox 1765 1768 1854 1838; x_wconf 90' lang='lat' dir='ltr'>(ut</span> <span class='ocrx_word' id='word_1_123' title='bbox 1873 1766 1997 1840; x_wconf 88' lang='lat' dir='ltr'>ipse</span> 
     </span>
    </p>
   </div>
   <div class='ocr_carea' id='block_1_18' title="bbox 340 1855 1992 1936">
    <p class='ocr_par' dir='ltr' id='par_1_18' title="bbox 340 1855 1992 1936">
     <span class='ocr_line' id='line_1_18' title="bbox 340 1855 1992 1936; baseline -0.006 -17"><span class='ocrx_word' id='word_1_124' title='bbox 340 1863 718 1936; x_wconf 89' lang='lat' dir='ltr'>postmodum</span> <span class='ocrx_word' id='word_1_125' title='bbox 742 1859 1112 1932; x_wconf 85' lang='lat' dir='ltr'>loquebatur)</span> <span class='ocrx_word' id='word_1_126' title='bbox 1135 1859 1410 1933; x_wconf 84' lang='lat' dir='ltr'>angelum</span> <span class='ocrx_word' id='word_1_127' title='bbox 1435 1859 1507 1914; x_wconf 88' lang='lat' dir='ltr'>ad</span> <span class='ocrx_word' id='word_1_128' title='bbox 1536 1874 1707 1914; x_wconf 88' lang='lat' dir='ltr'>aures</span> <span class='ocrx_word' id='word_1_129' title='bbox 1734 1855 1992 1928; x_wconf 81' lang='lat' dir='ltr'>episcOpi</span> 
     </span>
    </p>
   </div>
   <div class='ocr_carea' id='block_1_19' title="bbox 340 1943 1996 2021">
    <p class='ocr_par' dir='ltr' id='par_1_19' title="bbox 340 1943 1996 2021">
     <span class='ocr_line' id='line_1_19' title="bbox 340 1943 1996 2021; baseline -0.005 -14"><span class='ocrx_word' id='word_1_130' title='bbox 340 1950 646 2007; x_wconf 90' lang='lat' dir='ltr'>tractantis</span> <span class='ocrx_word' id='word_1_131' title='bbox 680 1949 1045 2021; x_wconf 85' lang='lat' dir='ltr'>loquentem;</span> <span class='ocrx_word' id='word_1_132' title='bbox 1081 1952 1146 2003; x_wconf 89' lang='lat' dir='ltr'>ut</span> <span class='ocrx_word' id='word_1_133' title='bbox 1187 1948 1362 2003; x_wconf 89' lang='lat' dir='ltr'>verba</span> <span class='ocrx_word' id='word_1_134' title='bbox 1410 1945 1602 2020; x_wconf 86' lang='lat' dir='ltr'>angeli</span> <span class='ocrx_word' id='word_1_135' title='bbox 1634 1943 1844 2019; x_wconf 89' lang='lat' dir='ltr'>populo</span> <span class='ocrx_word' id='word_1_136' title='bbox 1875 1944 1996 2016; x_wconf 87' lang='lat' dir='ltr'>epi-</span> 
     </span>
    </p>
   </div>
   <div class='ocr_carea' id='block_1_20' title="bbox 341 2035 1996 2113">
    <p class='ocr_par' dir='ltr' id='par_1_20' title="bbox 341 2035 1996 2113">
     <span class='ocr_line' id='line_1_20' title="bbox 341 2035 1996 2113; baseline -0.005 -17"><span class='ocrx_word' id='word_1_137' title='bbox 341 2057 555 2113; x_wconf 91' lang='lat' dir='ltr'>scopus</span> <span class='ocrx_word' id='word_1_138' title='bbox 602 2038 940 2094; x_wconf 89' lang='lat' dir='ltr'>renuntiare</span> <span class='ocrx_word' id='word_1_139' title='bbox 984 2036 1298 2092; x_wconf 80' lang='lat' dir='ltr'>videretur.</span> <span class='ocrx_word' id='word_1_140' title='bbox 1337 2037 1459 2101; x_wconf 86' lang='lat' dir='ltr'>Quo</span> <span class='ocrx_word' id='word_1_141' title='bbox 1508 2035 1633 2091; x_wconf 91' lang='lat' dir='ltr'>viso</span> <span class='ocrx_word' id='word_1_142' title='bbox 1682 2050 1996 2090; x_wconf 90' lang='lat' dir='ltr'>conversus</span> 
     </span>
    </p>
   </div>
   <div class='ocr_carea' id='block_1_21' title="bbox 342 2123 1871 2200">
    <p class='ocr_par' dir='ltr' id='par_1_21' title="bbox 342 2123 1871 2200">
     <span class='ocr_line' id='line_1_21' title="bbox 342 2123 1871 2200; baseline -0.005 -16"><span class='ocrx_word' id='word_1_143' title='bbox 342 2129 518 2184; x_wconf 81' lang='lat' dir='ltr'>ﬁdem</span> <span class='ocrx_word' id='word_1_144' title='bbox 550 2144 728 2200; x_wconf 90' lang='lat' dir='ltr'>quam</span> <span class='ocrx_word' id='word_1_145' title='bbox 761 2127 1152 2199; x_wconf 79' lang='lat' dir='ltr'>expugnabat,</span> <span class='ocrx_word' id='word_1_146' title='bbox 1187 2125 1360 2198; x_wconf 72' lang='lat' dir='ltr'>ccepit</span> <span class='ocrx_word' id='word_1_147' title='bbox 1390 2125 1514 2196; x_wconf 90' lang='lat' dir='ltr'>ipse</span> <span class='ocrx_word' id='word_1_148' title='bbox 1544 2123 1871 2180; x_wconf 81' lang='lat' dir='ltr'>defendere.</span> 
     </span>
    </p>
   </div>
   <div class='ocr_carea' id='block_1_22' title="bbox 415 2210 1996 2283">
    <p class='ocr_par' dir='ltr' id='par_1_22' title="bbox 415 2210 1996 2283">
     <span class='ocr_line' id='line_1_22' title="bbox 415 2210 1996 2283; baseline -0.004 -11"><span class='ocrx_word' id='word_1_149' title='bbox 415 2218 500 2272; x_wconf 88' lang='grc'>18.</span> <span class='ocrx_word' id='word_1_150' title='bbox 535 2217 793 2272; x_wconf 91' lang='lat' dir='ltr'>Fuerunt</span> <span class='ocrx_word' id='word_1_151' title='bbox 821 2215 996 2270; x_wconf 86' lang='lat' dir='ltr'>etiam</span> <span class='ocrx_word' id='word_1_152' title='bbox 1024 2215 1139 2270; x_wconf 92' lang='lat' dir='ltr'>duo</span> <span class='ocrx_word' id='word_1_153' title='bbox 1167 2212 1512 2270; x_wconf 81' lang='lat' dir='ltr'>cubicularii</span> <span class='ocrx_word' id='word_1_154' title='bbox 1543 2217 1683 2268; x_wconf 91' lang='lat' dir='ltr'>tunc</span> <span class='ocrx_word' id='word_1_155' title='bbox 1714 2210 1996 2283; x_wconf 85' lang='lat' dir='ltr'>temporis</span> 
     </span>
    </p>
   </div>
   <div class='ocr_carea' id='block_1_23' title="bbox 343 2299 1994 2376">
    <p class='ocr_par' dir='ltr' id='par_1_23' title="bbox 343 2299 1994 2376">
     <span class='ocr_line' id='line_1_23' title="bbox 343 2299 1994 2376; baseline -0.005 -15"><span class='ocrx_word' id='word_1_156' title='bbox 343 2305 604 2361; x_wconf 87' lang='lat' dir='ltr'>Gratiani</span> <span class='ocrx_word' id='word_1_157' title='bbox 660 2302 1030 2376; x_wconf 86' lang='lat' dir='ltr'>imperatoris</span> <span class='ocrx_word' id='word_1_158' title='bbox 1090 2303 1160 2358; x_wconf 90' lang='lat' dir='ltr'>de</span> <span class='ocrx_word' id='word_1_159' title='bbox 1218 2301 1424 2357; x_wconf 69' lang='lat' dir='ltr'>haeresi</span> <span class='ocrx_word' id='word_1_160' title='bbox 1482 2300 1850 2366; x_wconf 89' lang='lat' dir='ltr'>Arianorum,</span> <span class='ocrx_word' id='word_1_161' title='bbox 1893 2299 1994 2371; x_wconf 90' lang='lat' dir='ltr'>qui</span> 
     </span>
    </p>
   </div>
   <div class='ocr_carea' id='block_1_24' title="bbox 344 2387 1995 2464">
    <p class='ocr_par' dir='ltr' id='par_1_24' title="bbox 344 2387 1995 2464">
     <span class='ocr_line' id='line_1_24' title="bbox 344 2387 1995 2464; baseline -0.004 -16"><span class='ocrx_word' id='word_1_162' title='bbox 344 2393 617 2450; x_wconf 87' lang='lat' dir='ltr'>tractanti</span> <span class='ocrx_word' id='word_1_163' title='bbox 649 2392 920 2464; x_wconf 90' lang='lat' dir='ltr'>episcopo</span> <span class='ocrx_word' id='word_1_164' title='bbox 944 2391 1057 2463; x_wconf 86' lang='lat' dir='ltr'>(l3)</span> <span class='ocrx_word' id='word_1_165' title='bbox 1082 2390 1460 2463; x_wconf 66' lang='lat' dir='ltr'>quaestionem</span> <span class='ocrx_word' id='word_1_166' title='bbox 1487 2392 1892 2462; x_wconf 87' lang='lat' dir='ltr'>proponerent,</span> <span class='ocrx_word' id='word_1_167' title='bbox 1922 2387 1995 2442; x_wconf 90' lang='lat' dir='ltr'>ad</span> 
     </span>
    </p>
   </div>
   <div class='ocr_carea' id='block_1_25' title="bbox 346 2477 1994 2556">
    <p class='ocr_par' dir='ltr' id='par_1_25' title="bbox 346 2477 1994 2556">
     <span class='ocr_line' id='line_1_25' title="bbox 346 2477 1994 2556; baseline -0.005 -18"><span class='ocrx_word' id='word_1_168' title='bbox 346 2500 524 2556; x_wconf 90' lang='lat' dir='ltr'>quam</span> <span class='ocrx_word' id='word_1_169' title='bbox 575 2481 930 2538; x_wconf 89' lang='lat' dir='ltr'>audiendam</span> <span class='ocrx_word' id='word_1_170' title='bbox 962 2480 1144 2536; x_wconf 88' lang='lat' dir='ltr'>altero</span> <span class='ocrx_word' id='word_1_171' title='bbox 1177 2480 1268 2536; x_wconf 92' lang='lat' dir='ltr'>die</span> <span class='ocrx_word' id='word_1_172' title='bbox 1318 2480 1388 2535; x_wconf 84' lang='lat' dir='ltr'>ad</span> <span class='ocrx_word' id='word_1_173' title='bbox 1443 2477 1744 2534; x_wconf 87' lang='lat' dir='ltr'>basilicam</span> <span class='ocrx_word' id='word_1_174' title='bbox 1779 2477 1994 2532; x_wconf 88' lang='lat' dir='ltr'>Portia-</span> 
     </span>
    </p>
   </div>
   <div class='ocr_carea' id='block_1_26' title="bbox 344 2564 2007 2641">
    <p class='ocr_par' dir='ltr' id='par_1_26' title="bbox 344 2564 2007 2641">
     <span class='ocr_line' id='line_1_26' title="bbox 344 2564 2007 2641; baseline -0.005 -14"><span class='ocrx_word' id='word_1_175' title='bbox 344 2588 480 2627; x_wconf 87' lang='lat' dir='ltr'>nam</span> <span class='ocrx_word' id='word_1_176' title='bbox 513 2587 576 2627; x_wconf 88' lang='lat' dir='ltr'>se</span> <span class='ocrx_word' id='word_1_177' title='bbox 606 2571 912 2625; x_wconf 89' lang='lat' dir='ltr'>adfuturos</span> <span class='ocrx_word' id='word_1_178' title='bbox 956 2568 1376 2641; x_wconf 87' lang='lat' dir='ltr'>promiserant;</span> <span class='ocrx_word' id='word_1_179' title='bbox 1410 2571 1532 2622; x_wconf 84' lang='lat' dir='ltr'>erat</span> <span class='ocrx_word' id='word_1_180' title='bbox 1562 2567 1716 2622; x_wconf 90' lang='lat' dir='ltr'>enim</span> <span class='ocrx_word' id='word_1_181' title='bbox 1751 2564 2007 2638; x_wconf 11' lang='lat' dir='ltr'>quastio‘</span> 
     </span>
    </p>
   </div>
   <div class='ocr_carea' id='block_1_27' title="bbox 343 2653 1994 2716">
    <p class='ocr_par' dir='ltr' id='par_1_27' title="bbox 343 2653 1994 2716">
     <span class='ocr_line' id='line_1_27' title="bbox 343 2653 1994 2716; baseline -0.005 0"><span class='ocrx_word' id='word_1_182' title='bbox 343 2661 415 2716; x_wconf 92' lang='lat' dir='ltr'>de</span> <span class='ocrx_word' id='word_1_183' title='bbox 458 2659 859 2715; x_wconf 88' lang='lat' dir='ltr'>incarnatione</span> <span class='ocrx_word' id='word_1_184' title='bbox 909 2657 1160 2712; x_wconf 81' lang='lat' dir='ltr'>Domini.</span> <span class='ocrx_word' id='word_1_185' title='bbox 1209 2657 1317 2712; x_wconf 89' lang='lat' dir='ltr'>Sed</span> <span class='ocrx_word' id='word_1_186' title='bbox 1375 2656 1488 2712; x_wconf 91' lang='lat' dir='ltr'>alio</span> <span class='ocrx_word' id='word_1_187' title='bbox 1533 2657 1624 2711; x_wconf 91' lang='lat' dir='ltr'>die</span> <span class='ocrx_word' id='word_1_188' title='bbox 1676 2653 1994 2710; x_wconf 86' lang='lat' dir='ltr'>miserandi</span> 
     </span>
    </p>
   </div>
   <div class='ocr_carea' id='block_1_28' title="bbox 343 2744 1992 2818">
    <p class='ocr_par' dir='ltr' id='par_1_28' title="bbox 343 2744 1992 2818">
     <span class='ocr_line' id='line_1_28' title="bbox 343 2744 1992 2818; baseline -0.003 -15"><span class='ocrx_word' id='word_1_189' title='bbox 343 2749 612 2804; x_wconf 90' lang='lat' dir='ltr'>homines</span> <span class='ocrx_word' id='word_1_190' title='bbox 651 2746 938 2818; x_wconf 66' lang='lat' dir='ltr'>superbia:</span> <span class='ocrx_word' id='word_1_191' title='bbox 971 2749 1200 2801; x_wconf 87' lang='lat' dir='ltr'>tumore</span> <span class='ocrx_word' id='word_1_192' title='bbox 1241 2744 1533 2817; x_wconf 88' lang='lat' dir='ltr'>completi,</span> <span class='ocrx_word' id='word_1_193' title='bbox 1569 2761 1674 2800; x_wconf 90' lang='lat' dir='ltr'>nec</span> <span class='ocrx_word' id='word_1_194' title='bbox 1706 2760 1992 2799; x_wconf 90' lang='lat' dir='ltr'>memores</span> 
     </span>
    </p>
   </div>
   <div class='ocr_carea' id='block_1_29' title="bbox 343 2832 1993 2909">
    <p class='ocr_par' dir='ltr' id='par_1_29' title="bbox 343 2832 1993 2909">
     <span class='ocr_line' id='line_1_29' title="bbox 343 2832 1993 2909; baseline -0.004 -17"><span class='ocrx_word' id='word_1_195' title='bbox 343 2835 789 2909; x_wconf 86' lang='lat' dir='ltr'>promissorum,</span> <span class='ocrx_word' id='word_1_196' title='bbox 843 2838 1280 2890; x_wconf 73' lang='lat' dir='ltr'>contemnentes</span> <span class='ocrx_word' id='word_1_197' title='bbox 1336 2835 1518 2890; x_wconf 88' lang='lat' dir='ltr'>Deum</span> <span class='ocrx_word' id='word_1_198' title='bbox 1577 2834 1637 2887; x_wconf 88' lang='lat' dir='ltr'>in</span> <span class='ocrx_word' id='word_1_199' title='bbox 1693 2832 1993 2887; x_wconf 82' lang='lat' dir='ltr'>sacerdote</span> 
     </span>
    </p>
   </div>
   <div class='ocr_carea' id='block_1_30' title="bbox 342 2921 1992 2997">
    <p class='ocr_par' dir='ltr' id='par_1_30' title="bbox 342 2921 1992 2997">
     <span class='ocr_line' id='line_1_30' title="bbox 342 2921 1992 2997; baseline -0.004 -16"><span class='ocrx_word' id='word_1_200' title='bbox 342 2926 550 2997; x_wconf 87' lang='lat' dir='ltr'>ipsius,</span> <span class='ocrx_word' id='word_1_201' title='bbox 576 2941 680 2980; x_wconf 88' lang='lat' dir='ltr'>nec</span> <span class='ocrx_word' id='word_1_202' title='bbox 713 2923 899 2996; x_wconf 90' lang='lat' dir='ltr'>plebis</span> <span class='ocrx_word' id='word_1_203' title='bbox 941 2922 1328 2994; x_wconf 84' lang='lat' dir='ltr'>exspectantis</span> <span class='ocrx_word' id='word_1_204' title='bbox 1373 2921 1808 2977; x_wconf 88' lang='lat' dir='ltr'>considerantes</span> <span class='ocrx_word' id='word_1_205' title='bbox 1837 2921 1992 2990; x_wconf 87' lang='lat' dir='ltr'>inju-</span> 
     </span>
    </p>
   </div>
   <div class='ocr_carea' id='block_1_31' title="bbox 343 3010 1990 3079">
    <p class='ocr_par' dir='ltr' id='par_1_31' title="bbox 343 3010 1990 3079">
     <span class='ocr_line' id='line_1_31' title="bbox 343 3010 1990 3079; baseline -0.004 -9"><span class='ocrx_word' id='word_1_206' title='bbox 343 3014 513 3079; x_wconf 87' lang='lat' dir='ltr'>riam,</span> <span class='ocrx_word' id='word_1_207' title='bbox 546 3014 922 3069; x_wconf 85' lang='lat' dir='ltr'>immemores</span> <span class='ocrx_word' id='word_1_208' title='bbox 971 3012 1145 3066; x_wconf 90' lang='lat' dir='ltr'>etiam</span> <span class='ocrx_word' id='word_1_209' title='bbox 1195 3011 1484 3066; x_wconf 89' lang='lat' dir='ltr'>dictorum</span> <span class='ocrx_word' id='word_1_210' title='bbox 1538 3010 1990 3074; x_wconf 80' lang='lat' dir='ltr'>Dominirorum,</span> 
     </span>
    </p>
   </div>
   <div class='ocr_carea' id='block_1_32' title="bbox 344 3099 1987 3175">
    <p class='ocr_par' dir='ltr' id='par_1_32' title="bbox 344 3099 1987 3175">
     <span class='ocr_line' id='line_1_32' title="bbox 344 3099 1987 3175; baseline -0.003 -18"><span class='ocrx_word' id='word_1_211' title='bbox 344 3103 621 3175; x_wconf 86' lang='lat' dir='ltr'>quoniam</span> <span class='ocrx_word' id='word_1_212' title='bbox 654 3102 748 3174; x_wconf 83' lang='lat' dir='ltr'>qui</span> <span class='ocrx_word' id='word_1_213' title='bbox 784 3100 1241 3155; x_wconf 69' lang='lat' dir='ltr'>scandalizaverit</span> <span class='ocrx_word' id='word_1_214' title='bbox 1269 3116 1444 3154; x_wconf 84' lang='lat' dir='ltr'>unum</span> <span class='ocrx_word' id='word_1_215' title='bbox 1471 3115 1542 3154; x_wconf 80' lang='lat' dir='ltr'>ex</span> <span class='ocrx_word' id='word_1_216' title='bbox 1567 3100 1814 3154; x_wconf 77' lang='lat' dir='ltr'>minimis</span> <span class='ocrx_word' id='word_1_217' title='bbox 1851 3099 1987 3161; x_wconf 88' lang='lat' dir='ltr'>istis,</span> 
     </span>
    </p>
   </div>
   <div class='ocr_carea' id='block_1_33' title="bbox 2108 522 3761 600">
    <p class='ocr_par' dir='ltr' id='par_1_33' title="bbox 2108 522 3761 600">
     <span class='ocr_line' id='line_1_33' title="bbox 2108 522 3761 600; baseline 0.006 -28"><span class='ocrx_word' id='word_1_218' title='bbox 2108 522 2453 592; x_wconf 85' lang='lat' dir='ltr'>segregavit,</span> <span class='ocrx_word' id='word_1_219' title='bbox 2484 523 2806 581; x_wconf 89' lang='lat' dir='ltr'>admonens</span> <span class='ocrx_word' id='word_1_220' title='bbox 2858 529 2921 580; x_wconf 90' lang='lat' dir='ltr'>ut</span> <span class='ocrx_word' id='word_1_221' title='bbox 2973 526 3140 582; x_wconf 78' lang='lat' dir='ltr'>effusi</span> <span class='ocrx_word' id='word_1_222' title='bbox 3195 524 3501 600; x_wconf 87' lang='lat' dir='ltr'>sanguinis</span> <span class='ocrx_word' id='word_1_223' title='bbox 3533 525 3761 582; x_wconf 89' lang='lat' dir='ltr'>domini</span> 
     </span>
    </p>
   </div>
   <div class='ocr_carea' id='block_1_34' title="bbox 2109 606 3762 688">
    <p class='ocr_par' dir='ltr' id='par_1_34' title="bbox 2109 606 3762 688">
     <span class='ocr_line' id='line_1_34' title="bbox 2109 606 3762 688; baseline 0.007 -28"><span class='ocrx_word' id='word_1_224' title='bbox 2109 606 2220 674; x_wconf 90' lang='lat' dir='ltr'>sui,</span> <span class='ocrx_word' id='word_1_225' title='bbox 2250 612 2306 664; x_wconf 92' lang='lat' dir='ltr'>et</span> <span class='ocrx_word' id='word_1_226' title='bbox 2349 613 2505 682; x_wconf 88' lang='lat' dir='ltr'>quod</span> <span class='ocrx_word' id='word_1_227' title='bbox 2539 618 2624 668; x_wconf 84' lang='lat' dir='ltr'>est</span> <span class='ocrx_word' id='word_1_228' title='bbox 2658 614 2912 687; x_wconf 85' lang='lat' dir='ltr'>gravius,</span> <span class='ocrx_word' id='word_1_229' title='bbox 2949 615 3299 685; x_wconf 87' lang='lat' dir='ltr'>innocentis,</span> <span class='ocrx_word' id='word_1_230' title='bbox 3331 618 3528 688; x_wconf 87' lang='lat' dir='ltr'>ageret</span> <span class='ocrx_word' id='word_1_231' title='bbox 3572 616 3762 688; x_wconf 57' lang='lat' dir='ltr'>potri-</span> 
     </span>
    </p>
   </div>
   <div class='ocr_carea' id='block_1_35' title="bbox 2109 697 3762 774">
    <p class='ocr_par' dir='ltr' id='par_1_35' title="bbox 2109 697 3762 774">
     <span class='ocr_line' id='line_1_35' title="bbox 2109 697 3762 774; baseline 0.007 -26"><span class='ocrx_word' id='word_1_232' title='bbox 2109 697 2374 767; x_wconf 89' lang='lat' dir='ltr'>tentiam,</span> <span class='ocrx_word' id='word_1_233' title='bbox 2409 700 2455 756; x_wconf 90' lang='lat' dir='ltr'>si</span> <span class='ocrx_word' id='word_1_234' title='bbox 2491 700 2602 756; x_wconf 89' lang='lat' dir='ltr'>sibi</span> <span class='ocrx_word' id='word_1_235' title='bbox 2634 704 2788 774; x_wconf 91' lang='lat' dir='ltr'>apud</span> <span class='ocrx_word' id='word_1_236' title='bbox 2822 703 3005 760; x_wconf 90' lang='lat' dir='ltr'>Deum</span> <span class='ocrx_word' id='word_1_237' title='bbox 3038 704 3209 760; x_wconf 85' lang='lat' dir='ltr'>vellet</span> <span class='ocrx_word' id='word_1_238' title='bbox 3239 719 3368 759; x_wconf 89' lang='lat' dir='ltr'>esse</span> <span class='ocrx_word' id='word_1_239' title='bbox 3399 703 3762 761; x_wconf 88' lang='lat' dir='ltr'>consultum.</span> 
     </span>
    </p>
   </div>
   <div class='ocr_carea' id='block_1_36' title="bbox 2109 783 3761 866">
    <p class='ocr_par' dir='ltr' id='par_1_36' title="bbox 2109 783 3761 866">
     <span class='ocr_line' id='line_1_36' title="bbox 2109 783 3761 866; baseline 0.006 -28"><span class='ocrx_word' id='word_1_240' title='bbox 2109 783 2219 840; x_wconf 91' lang='lat' dir='ltr'>Sed</span> <span class='ocrx_word' id='word_1_241' title='bbox 2248 785 2345 842; x_wconf 89' lang='lat' dir='ltr'>ille</span> <span class='ocrx_word' id='word_1_242' title='bbox 2373 805 2506 845; x_wconf 92' lang='lat' dir='ltr'>cum</span> <span class='ocrx_word' id='word_1_243' title='bbox 2538 791 2941 863; x_wconf 82' lang='lat' dir='ltr'>pcenitentiam</span> <span class='ocrx_word' id='word_1_244' title='bbox 2966 793 3220 849; x_wconf 88' lang='lat' dir='ltr'>declinat</span> <span class='ocrx_word' id='word_1_245' title='bbox 3251 792 3503 865; x_wconf 90' lang='lat' dir='ltr'>superbo</span> <span class='ocrx_word' id='word_1_246' title='bbox 3527 793 3761 866; x_wconf 86' lang='lat' dir='ltr'>spiritu,</span> 
     </span>
    </p>
   </div>
   <div class='ocr_carea' id='block_1_37' title="bbox 2109 874 3766 953">
    <p class='ocr_par' dir='ltr' id='par_1_37' title="bbox 2109 874 3766 953">
     <span class='ocr_line' id='line_1_37' title="bbox 2109 874 3766 953; baseline 0.007 -26"><span class='ocrx_word' id='word_1_247' title='bbox 2109 889 2225 928; x_wconf 90' lang='lat' dir='ltr'>non</span> <span class='ocrx_word' id='word_1_248' title='bbox 2258 874 2448 931; x_wconf 92' lang='lat' dir='ltr'>solum</span> <span class='ocrx_word' id='word_1_249' title='bbox 2485 878 2762 948; x_wconf 88' lang='lat' dir='ltr'>futuram,</span> <span class='ocrx_word' id='word_1_250' title='bbox 2793 881 2892 936; x_wconf 85' lang='lat' dir='ltr'>sed</span> <span class='ocrx_word' id='word_1_251' title='bbox 2926 881 3098 937; x_wconf 83' lang='lat' dir='ltr'>etiam</span> <span class='ocrx_word' id='word_1_252' title='bbox 3132 885 3474 953; x_wconf 77' lang='lat' dir='ltr'>praesentem</span> <span class='ocrx_word' id='word_1_253' title='bbox 3510 880 3766 938; x_wconf 86' lang='lat' dir='ltr'>salutem</span> 
     </span>
    </p>
   </div>
   <div class='ocr_carea' id='block_1_38' title="bbox 2109 963 3765 1043">
    <p class='ocr_par' dir='ltr' id='par_1_38' title="bbox 2109 963 3765 1043">
     <span class='ocr_line' id='line_1_38' title="bbox 2109 963 3765 1043; baseline 0.007 -27"><span class='ocrx_word' id='word_1_254' title='bbox 2109 963 2329 1030; x_wconf 89' lang='lat' dir='ltr'>amisit,</span> <span class='ocrx_word' id='word_1_255' title='bbox 2362 982 2729 1040; x_wconf 73' lang='lat' dir='ltr'>regnumque</span> <span class='ocrx_word' id='word_1_256' title='bbox 2760 971 2916 1042; x_wconf 87' lang='lat' dir='ltr'>quod</span> <span class='ocrx_word' id='word_1_257' title='bbox 2952 969 3102 1026; x_wconf 89' lang='lat' dir='ltr'>male</span> <span class='ocrx_word' id='word_1_258' title='bbox 3145 971 3489 1043; x_wconf 87' lang='lat' dir='ltr'>arripuerat,</span> <span class='ocrx_word' id='word_1_259' title='bbox 3515 971 3765 1027; x_wconf 89' lang='lat' dir='ltr'>femineo</span> 
     </span>
    </p>
   </div>
   <div class='ocr_carea' id='block_1_39' title="bbox 2110 1053 3765 1132">
    <p class='ocr_par' dir='ltr' id='par_1_39' title="bbox 2110 1053 3765 1132">
     <span class='ocr_line' id='line_1_39' title="bbox 2110 1053 3765 1132; baseline 0.008 -28"><span class='ocrx_word' id='word_1_260' title='bbox 2110 1053 2362 1122; x_wconf 87' lang='lat' dir='ltr'>quodam</span> <span class='ocrx_word' id='word_1_261' title='bbox 2394 1056 2585 1126; x_wconf 91' lang='lat' dir='ltr'>modo,</span> <span class='ocrx_word' id='word_1_262' title='bbox 2609 1057 2816 1113; x_wconf 88' lang='lat' dir='ltr'>timore</span> <span class='ocrx_word' id='word_1_263' title='bbox 2840 1060 3131 1131; x_wconf 87' lang='lat' dir='ltr'>deposuit,</span> <span class='ocrx_word' id='word_1_264' title='bbox 3161 1063 3216 1114; x_wconf 90' lang='lat' dir='ltr'>ut</span> <span class='ocrx_word' id='word_1_265' title='bbox 3242 1064 3676 1132; x_wconf 89' lang='lat' dir='ltr'>procuratorem</span> <span class='ocrx_word' id='word_1_266' title='bbox 3701 1077 3765 1117; x_wconf 86' lang='lat' dir='ltr'>se</span> 
     </span>
    </p>
   </div>
   <div class='ocr_carea' id='block_1_40' title="bbox 2108 1140 3761 1219">
    <p class='ocr_par' dir='ltr' id='par_1_40' title="bbox 2108 1140 3761 1219">
     <span class='ocr_line' id='line_1_40' title="bbox 2108 1140 3761 1219; baseline 0.006 -25"><span class='ocrx_word' id='word_1_267' title='bbox 2108 1140 2584 1212; x_wconf 72' lang='lat' dir='ltr'>reipublicae,non</span> <span class='ocrx_word' id='word_1_268' title='bbox 2604 1145 3013 1218; x_wconf 84' lang='lat' dir='ltr'>imperatorem</span> <span class='ocrx_word' id='word_1_269' title='bbox 3034 1147 3214 1204; x_wconf 90' lang='lat' dir='ltr'>fuisse</span> <span class='ocrx_word' id='word_1_270' title='bbox 3235 1147 3347 1219; x_wconf 80' lang='grc'>(14)</span> <span class='ocrx_word' id='word_1_271' title='bbox 3367 1148 3761 1204; x_wconf 80' lang='lat' dir='ltr'>confiteretur.</span> 
     </span>
    </p>
   </div>
   <div class='ocr_carea' id='block_1_41' title="bbox 2181 1231 3764 1309">
    <p class='ocr_par' dir='ltr' id='par_1_41' title="bbox 2181 1231 3764 1309">
     <span class='ocr_line' id='line_1_41' title="bbox 2181 1231 3764 1309; baseline 0.006 -26"><span class='ocrx_word' id='word_1_272' title='bbox 2181 1231 2268 1285; x_wconf 86' lang='lat'>20.</span> <span class='ocrx_word' id='word_1_273' title='bbox 2295 1231 2521 1288; x_wconf 86' lang='lat' dir='ltr'>Mortua</span> <span class='ocrx_word' id='word_1_274' title='bbox 2549 1251 2682 1290; x_wconf 87' lang='lat' dir='ltr'>vero</span> <span class='ocrx_word' id='word_1_275' title='bbox 2710 1235 2965 1303; x_wconf 84' lang='lat' dir='ltr'>Justina,</span> <span class='ocrx_word' id='word_1_276' title='bbox 2989 1237 3229 1308; x_wconf 86' lang='lat' dir='ltr'>quidam</span> <span class='ocrx_word' id='word_1_277' title='bbox 3261 1236 3552 1309; x_wconf 82' lang='lat' dir='ltr'>haruspex</span> <span class='ocrx_word' id='word_1_278' title='bbox 3587 1237 3764 1293; x_wconf 84' lang='lat' dir='ltr'>Inno-</span> 
     </span>
    </p>
   </div>
   <div class='ocr_carea' id='block_1_42' title="bbox 2108 1319 3766 1398">
    <p class='ocr_par' dir='ltr' id='par_1_42' title="bbox 2108 1319 3766 1398">
     <span class='ocr_line' id='line_1_42' title="bbox 2108 1319 3766 1398; baseline 0.005 -24"><span class='ocrx_word' id='word_1_279' title='bbox 2108 1319 2336 1376; x_wconf 85' lang='lat' dir='ltr'>centius</span> <span class='ocrx_word' id='word_1_280' title='bbox 2358 1323 2613 1392; x_wconf 81' lang='lat' dir='ltr'>nomine,</span> <span class='ocrx_word' id='word_1_281' title='bbox 2638 1329 2969 1380; x_wconf 87' lang='lat' dir='ltr'>nontamen</span> <span class='ocrx_word' id='word_1_282' title='bbox 2993 1342 3184 1398; x_wconf 89' lang='lat' dir='ltr'>opere,</span> <span class='ocrx_word' id='word_1_283' title='bbox 3212 1326 3324 1398; x_wconf 82' lang='grc'>(15)</span> <span class='ocrx_word' id='word_1_284' title='bbox 3346 1342 3479 1381; x_wconf 85' lang='lat' dir='ltr'>cum</span> <span class='ocrx_word' id='word_1_285' title='bbox 3503 1325 3561 1380; x_wconf 91' lang='lat' dir='ltr'>in</span> <span class='ocrx_word' id='word_1_286' title='bbox 3587 1343 3766 1383; x_wconf 89' lang='lat' dir='ltr'>causa</span> 
     </span>
    </p>
   </div>
   <div class='ocr_carea' id='block_1_43' title="bbox 2109 1408 3764 1486">
    <p class='ocr_par' dir='ltr' id='par_1_43' title="bbox 2109 1408 3764 1486">
     <span class='ocr_line' id='line_1_43' title="bbox 2109 1408 3764 1486; baseline 0.007 -25"><span class='ocrx_word' id='word_1_287' title='bbox 2109 1408 2531 1466; x_wconf 79' lang='lat' dir='ltr'>maleﬁciorum</span> <span class='ocrx_word' id='word_1_288' title='bbox 2567 1430 2599 1467; x_wconf 92' lang='lat' dir='ltr'>a</span> <span class='ocrx_word' id='word_1_289' title='bbox 2622 1413 2822 1484; x_wconf 89' lang='lat' dir='ltr'>judice</span> <span class='ocrx_word' id='word_1_290' title='bbox 2855 1418 3227 1486; x_wconf 89' lang='lat' dir='ltr'>torqueretur</span> <span class='ocrx_word' id='word_1_291' title='bbox 3264 1414 3418 1470; x_wconf 88' lang='lat' dir='ltr'>aliud</span> <span class='ocrx_word' id='word_1_292' title='bbox 3467 1431 3642 1486; x_wconf 89' lang='lat' dir='ltr'>quam</span> <span class='ocrx_word' id='word_1_293' title='bbox 3673 1416 3764 1472; x_wconf 85' lang='lat' dir='ltr'>in-</span> 
     </span>
    </p>
   </div>
   <div class='ocr_carea' id='block_1_44' title="bbox 2109 1499 3764 1575">
    <p class='ocr_par' dir='ltr' id='par_1_44' title="bbox 2109 1499 3764 1575">
     <span class='ocr_line' id='line_1_44' title="bbox 2109 1499 3764 1575; baseline 0.006 -25"><span class='ocrx_word' id='word_1_294' title='bbox 2109 1499 2520 1571; x_wconf 81' lang='lat' dir='ltr'>terrogabatur</span> <span class='ocrx_word' id='word_1_295' title='bbox 2566 1501 2734 1558; x_wconf 82' lang='lat' dir='ltr'>fateri</span> <span class='ocrx_word' id='word_1_296' title='bbox 2780 1503 2953 1575; x_wconf 68' lang='lat' dir='ltr'>coepit</span> <span class='ocrx_word' id='word_1_297' title='bbox 2985 1521 2997 1559; x_wconf 91' lang='lat'>:</span> <span class='ocrx_word' id='word_1_298' title='bbox 3033 1502 3324 1559; x_wconf 84' lang='lat' dir='ltr'>clamabat</span> <span class='ocrx_word' id='word_1_299' title='bbox 3354 1503 3509 1558; x_wconf 90' lang='lat' dir='ltr'>enim</span> <span class='ocrx_word' id='word_1_300' title='bbox 3555 1504 3626 1559; x_wconf 90' lang='lat' dir='ltr'>ab</span> <span class='ocrx_word' id='word_1_301' title='bbox 3660 1522 3764 1560; x_wconf 90' lang='lat' dir='ltr'>an-</span> 
     </span>
    </p>
   </div>
   <div class='ocr_carea' id='block_1_45' title="bbox 2109 1585 3762 1665">
    <p class='ocr_par' dir='ltr' id='par_1_45' title="bbox 2109 1585 3762 1665">
     <span class='ocr_line' id='line_1_45' title="bbox 2109 1585 3762 1665; baseline 0.007 -26"><span class='ocrx_word' id='word_1_302' title='bbox 2109 1585 2236 1657; x_wconf 86' lang='lat' dir='ltr'>gelo</span> <span class='ocrx_word' id='word_1_303' title='bbox 2286 1589 2508 1657; x_wconf 84' lang='lat' dir='ltr'>majora</span> <span class='ocrx_word' id='word_1_304' title='bbox 2556 1595 2848 1646; x_wconf 81' lang='lat' dir='ltr'>tormenta</span> <span class='ocrx_word' id='word_1_305' title='bbox 2877 1590 2986 1647; x_wconf 90' lang='lat' dir='ltr'>sibi</span> <span class='ocrx_word' id='word_1_306' title='bbox 3021 1591 3283 1648; x_wconf 83' lang='lat' dir='ltr'>adhiberi</span> <span class='ocrx_word' id='word_1_307' title='bbox 3317 1609 3382 1648; x_wconf 89' lang='lat' dir='ltr'>eo</span> <span class='ocrx_word' id='word_1_308' title='bbox 3414 1591 3514 1665; x_wconf 88' lang='lat' dir='ltr'>qui</span> <span class='ocrx_word' id='word_1_309' title='bbox 3570 1599 3762 1650; x_wconf 87' lang='lat' dir='ltr'>custo-</span> 
     </span>
    </p>
   </div>
   <div class='ocr_carea' id='block_1_46' title="bbox 2110 1675 3762 1754">
    <p class='ocr_par' dir='ltr' id='par_1_46' title="bbox 2110 1675 3762 1754">
     <span class='ocr_line' id='line_1_46' title="bbox 2110 1675 3762 1754; baseline 0.007 -26"><span class='ocrx_word' id='word_1_310' title='bbox 2110 1675 2260 1730; x_wconf 87' lang='lat' dir='ltr'>diret</span> <span class='ocrx_word' id='word_1_311' title='bbox 2315 1677 2722 1745; x_wconf 89' lang='lat' dir='ltr'>Ambrosium;</span> <span class='ocrx_word' id='word_1_312' title='bbox 2779 1681 3055 1752; x_wconf 90' lang='lat' dir='ltr'>quoniam</span> <span class='ocrx_word' id='word_1_313' title='bbox 3106 1681 3471 1754; x_wconf 84' lang='lat' dir='ltr'>temporibus</span> <span class='ocrx_word' id='word_1_314' title='bbox 3518 1682 3762 1738; x_wconf 63' lang='lat' dir='ltr'>Justina</span> 
     </span>
    </p>
   </div>
   <div class='ocr_carea' id='block_1_47' title="bbox 2111 1764 3764 1844">
    <p class='ocr_par' dir='ltr' id='par_1_47' title="bbox 2111 1764 3764 1844">
     <span class='ocr_line' id='line_1_47' title="bbox 2111 1764 3764 1844; baseline 0.006 -27"><span class='ocrx_word' id='word_1_315' title='bbox 2111 1764 2179 1818; x_wconf 88' lang='lat' dir='ltr'>ad</span> <span class='ocrx_word' id='word_1_316' title='bbox 2212 1764 2518 1822; x_wconf 80' lang='lat' dir='ltr'>excitanda</span> <span class='ocrx_word' id='word_1_317' title='bbox 2550 1768 2683 1822; x_wconf 88' lang='lat' dir='ltr'>odia</span> <span class='ocrx_word' id='word_1_318' title='bbox 2713 1768 3066 1840; x_wconf 90' lang='lat' dir='ltr'>populorum</span> <span class='ocrx_word' id='word_1_319' title='bbox 3110 1769 3169 1824; x_wconf 92' lang='lat' dir='ltr'>in</span> <span class='ocrx_word' id='word_1_320' title='bbox 3213 1769 3552 1844; x_wconf 79' lang='lat' dir='ltr'>episcopum</span> <span class='ocrx_word' id='word_1_321' title='bbox 3587 1787 3764 1826; x_wconf 78' lang='lat' dir='ltr'>cacu-</span> 
     </span>
    </p>
   </div>
   <div class='ocr_carea' id='block_1_48' title="bbox 2107 1854 3761 1925">
    <p class='ocr_par' dir='ltr' id='par_1_48' title="bbox 2107 1854 3761 1925">
     <span class='ocr_line' id='line_1_48' title="bbox 2107 1854 3761 1925; baseline 0.006 -19"><span class='ocrx_word' id='word_1_322' title='bbox 2107 1868 2235 1907; x_wconf 89' lang='lat' dir='ltr'>men</span> <span class='ocrx_word' id='word_1_323' title='bbox 2272 1854 2406 1908; x_wconf 86' lang='lat' dir='ltr'>tecti</span> <span class='ocrx_word' id='word_1_324' title='bbox 2459 1855 2711 1911; x_wconf 69' lang='lat' dir='ltr'>ecclesiae</span> <span class='ocrx_word' id='word_1_325' title='bbox 2753 1859 3173 1925; x_wconf 87' lang='lat' dir='ltr'>conscendens,</span> <span class='ocrx_word' id='word_1_326' title='bbox 3208 1859 3398 1914; x_wconf 89' lang='lat' dir='ltr'>medio</span> <span class='ocrx_word' id='word_1_327' title='bbox 3449 1859 3636 1916; x_wconf 85' lang='lat' dir='ltr'>noctis</span> <span class='ocrx_word' id='word_1_328' title='bbox 3667 1878 3761 1917; x_wconf 88' lang='lat' dir='ltr'>sa-</span> 
     </span>
    </p>
   </div>
   <div class='ocr_carea' id='block_1_49' title="bbox 2104 1941 3760 2018">
    <p class='ocr_par' dir='ltr' id='par_1_49' title="bbox 2104 1941 3760 2018">
     <span class='ocr_line' id='line_1_49' title="bbox 2104 1941 3760 2018; baseline 0.005 -22"><span class='ocrx_word' id='word_1_329' title='bbox 2104 1941 2467 2000; x_wconf 84' lang='lat' dir='ltr'>crificaverit.</span> <span class='ocrx_word' id='word_1_330' title='bbox 2515 1945 2624 2000; x_wconf 90' lang='lat' dir='ltr'>Sed</span> <span class='ocrx_word' id='word_1_331' title='bbox 2681 1951 2900 2018; x_wconf 89' lang='lat' dir='ltr'>quanto</span> <span class='ocrx_word' id='word_1_332' title='bbox 2959 1947 3277 2002; x_wconf 87' lang='lat' dir='ltr'>instantius</span> <span class='ocrx_word' id='word_1_333' title='bbox 3335 1951 3392 2002; x_wconf 92' lang='lat' dir='ltr'>et</span> <span class='ocrx_word' id='word_1_334' title='bbox 3451 1947 3760 2005; x_wconf 89' lang='lat' dir='ltr'>sollicitius</span> 
     </span>
    </p>
   </div>
   <div class='ocr_carea' id='block_1_50' title="bbox 2103 2032 3762 2111">
    <p class='ocr_par' dir='ltr' id='par_1_50' title="bbox 2103 2032 3762 2111">
     <span class='ocr_line' id='line_1_50' title="bbox 2103 2032 3762 2111; baseline 0.005 -27"><span class='ocrx_word' id='word_1_335' title='bbox 2103 2047 2278 2102; x_wconf 89' lang='lat' dir='ltr'>opera</span> <span class='ocrx_word' id='word_1_336' title='bbox 2309 2032 2567 2105; x_wconf 89' lang='lat' dir='ltr'>maligna</span> <span class='ocrx_word' id='word_1_337' title='bbox 2598 2036 2920 2105; x_wconf 78' lang='lat' dir='ltr'>exercebat,</span> <span class='ocrx_word' id='word_1_338' title='bbox 2947 2039 3112 2091; x_wconf 90' lang='lat' dir='ltr'>tanto</span> <span class='ocrx_word' id='word_1_339' title='bbox 3145 2035 3332 2109; x_wconf 88' lang='lat' dir='ltr'>magis</span> <span class='ocrx_word' id='word_1_340' title='bbox 3363 2053 3529 2093; x_wconf 88' lang='lat' dir='ltr'>amor</span> <span class='ocrx_word' id='word_1_341' title='bbox 3558 2037 3762 2111; x_wconf 88' lang='lat' dir='ltr'>populi</span> 
     </span>
    </p>
   </div>
   <div class='ocr_carea' id='block_1_51' title="bbox 2105 2119 3761 2182">
    <p class='ocr_par' dir='ltr' id='par_1_51' title="bbox 2105 2119 3761 2182">
     <span class='ocr_line' id='line_1_51' title="bbox 2105 2119 3761 2182; baseline 0.005 -10"><span class='ocrx_word' id='word_1_342' title='bbox 2105 2119 2258 2173; x_wconf 90' lang='lat' dir='ltr'>circa</span> <span class='ocrx_word' id='word_1_343' title='bbox 2333 2121 2505 2176; x_wconf 85' lang='lat' dir='ltr'>ﬁdem</span> <span class='ocrx_word' id='word_1_344' title='bbox 2584 2122 2928 2178; x_wconf 88' lang='lat' dir='ltr'>catholicam</span> <span class='ocrx_word' id='word_1_345' title='bbox 2988 2128 3044 2180; x_wconf 90' lang='lat' dir='ltr'>et</span> <span class='ocrx_word' id='word_1_346' title='bbox 3092 2124 3324 2180; x_wconf 89' lang='lat' dir='ltr'>Domini</span> <span class='ocrx_word' id='word_1_347' title='bbox 3399 2125 3761 2182; x_wconf 89' lang='lat' dir='ltr'>sacerdotem</span> 
     </span>
    </p>
   </div>
   <div class='ocr_carea' id='block_1_52' title="bbox 2105 2207 3760 2286">
    <p class='ocr_par' dir='ltr' id='par_1_52' title="bbox 2105 2207 3760 2286">
     <span class='ocr_line' id='line_1_52' title="bbox 2105 2207 3760 2286; baseline 0.004 -24"><span class='ocrx_word' id='word_1_348' title='bbox 2105 2207 2561 2264; x_wconf 88' lang='lat' dir='ltr'>convalescebat.</span> <span class='ocrx_word' id='word_1_349' title='bbox 2598 2211 2830 2268; x_wconf 89' lang='lat' dir='ltr'>Misisse</span> <span class='ocrx_word' id='word_1_350' title='bbox 2869 2229 2930 2268; x_wconf 91' lang='lat' dir='ltr'>se</span> <span class='ocrx_word' id='word_1_351' title='bbox 2978 2213 3155 2268; x_wconf 88' lang='lat' dir='ltr'>etiam</span> <span class='ocrx_word' id='word_1_352' title='bbox 3207 2217 3264 2268; x_wconf 90' lang='lat' dir='ltr'>et</span> <span class='ocrx_word' id='word_1_353' title='bbox 3311 2213 3624 2282; x_wconf 70' lang='lat' dir='ltr'>dmmones,</span> <span class='ocrx_word' id='word_1_354' title='bbox 3657 2214 3760 2286; x_wconf 90' lang='lat' dir='ltr'>qui</span> 
     </span>
    </p>
   </div>
   <div class='ocr_carea' id='block_1_53' title="bbox 2103 2295 3759 2367">
    <p class='ocr_par' dir='ltr' id='par_1_53' title="bbox 2103 2295 3759 2367">
     <span class='ocr_line' id='line_1_53' title="bbox 2103 2295 3759 2367; baseline 0.005 -18"><span class='ocrx_word' id='word_1_355' title='bbox 2103 2295 2272 2351; x_wconf 91' lang='lat' dir='ltr'>illum</span> <span class='ocrx_word' id='word_1_356' title='bbox 2320 2297 2767 2367; x_wconf 89' lang='lat' dir='ltr'>internecarent,</span> <span class='ocrx_word' id='word_1_357' title='bbox 2802 2301 3137 2357; x_wconf 89' lang='lat' dir='ltr'>fatebatur:</span> <span class='ocrx_word' id='word_1_358' title='bbox 3173 2303 3272 2358; x_wconf 89' lang='lat' dir='ltr'>sed</span> <span class='ocrx_word' id='word_1_359' title='bbox 3322 2303 3615 2358; x_wconf 70' lang='lat' dir='ltr'>daemones</span> <span class='ocrx_word' id='word_1_360' title='bbox 3670 2319 3759 2358; x_wconf 90' lang='lat' dir='ltr'>rc-</span> 
     </span>
    </p>
   </div>
   <div class='ocr_carea' id='block_1_54' title="bbox 2105 2384 3763 2463">
    <p class='ocr_par' dir='ltr' id='par_1_54' title="bbox 2105 2384 3763 2463">
     <span class='ocr_line' id='line_1_54' title="bbox 2105 2384 3763 2463; baseline 0.005 -26"><span class='ocrx_word' id='word_1_361' title='bbox 2105 2384 2409 2441; x_wconf 89' lang='lat' dir='ltr'>nuntiasse</span> <span class='ocrx_word' id='word_1_362' title='bbox 2439 2403 2499 2443; x_wconf 91' lang='lat' dir='ltr'>se</span> <span class='ocrx_word' id='word_1_363' title='bbox 2531 2405 2645 2443; x_wconf 91' lang='lat' dir='ltr'>non</span> <span class='ocrx_word' id='word_1_364' title='bbox 2679 2387 2868 2444; x_wconf 91' lang='lat' dir='ltr'>solum</span> <span class='ocrx_word' id='word_1_365' title='bbox 2917 2390 2990 2444; x_wconf 90' lang='lat' dir='ltr'>ad</span> <span class='ocrx_word' id='word_1_366' title='bbox 3041 2390 3233 2461; x_wconf 89' lang='lat' dir='ltr'>ipsum</span> <span class='ocrx_word' id='word_1_367' title='bbox 3287 2390 3763 2463; x_wconf 86' lang='lat' dir='ltr'>appropinquare</span> 
     </span>
    </p>
   </div>
   <div class='ocr_carea' id='block_1_55' title="bbox 2105 2472 3759 2547">
    <p class='ocr_par' dir='ltr' id='par_1_55' title="bbox 2105 2472 3759 2547">
     <span class='ocr_line' id='line_1_55' title="bbox 2105 2472 3759 2547; baseline 0.005 -20"><span class='ocrx_word' id='word_1_368' title='bbox 2105 2472 2346 2530; x_wconf 79' lang='lat' dir='ltr'>minime</span> <span class='ocrx_word' id='word_1_369' title='bbox 2396 2492 2598 2547; x_wconf 89' lang='lat' dir='ltr'>posse,-</span> <span class='ocrx_word' id='word_1_370' title='bbox 2619 2493 2823 2532; x_wconf 91' lang='lat' dir='ltr'>verum</span> <span class='ocrx_word' id='word_1_371' title='bbox 2875 2477 3052 2533; x_wconf 89' lang='lat' dir='ltr'>etiam</span> <span class='ocrx_word' id='word_1_372' title='bbox 3086 2495 3191 2534; x_wconf 90' lang='lat' dir='ltr'>nec</span> <span class='ocrx_word' id='word_1_373' title='bbox 3240 2479 3310 2534; x_wconf 91' lang='lat' dir='ltr'>ad</span> <span class='ocrx_word' id='word_1_374' title='bbox 3365 2479 3514 2535; x_wconf 81' lang='lat' dir='ltr'>fores</span> <span class='ocrx_word' id='word_1_375' title='bbox 3546 2480 3759 2536; x_wconf 87' lang='lat' dir='ltr'>domus</span> 
     </span>
    </p>
   </div>
   <div class='ocr_carea' id='block_1_56' title="bbox 2103 2561 3757 2641">
    <p class='ocr_par' dir='ltr' id='par_1_56' title="bbox 2103 2561 3757 2641">
     <span class='ocr_line' id='line_1_56' title="bbox 2103 2561 3757 2641; baseline 0.003 -24"><span class='ocrx_word' id='word_1_376' title='bbox 2103 2561 2161 2617; x_wconf 91' lang='lat' dir='ltr'>in</span> <span class='ocrx_word' id='word_1_377' title='bbox 2195 2579 2312 2634; x_wconf 93' lang='lat' dir='ltr'>qua</span> <span class='ocrx_word' id='word_1_378' title='bbox 2343 2565 2614 2620; x_wconf 86' lang='lat' dir='ltr'>manebat</span> <span class='ocrx_word' id='word_1_379' title='bbox 2661 2567 3000 2639; x_wconf 88' lang='lat' dir='ltr'>episcopus;</span> <span class='ocrx_word' id='word_1_380' title='bbox 3035 2569 3176 2640; x_wconf 88' lang='lat' dir='ltr'>quia</span> <span class='ocrx_word' id='word_1_381' title='bbox 3206 2567 3360 2641; x_wconf 89' lang='lat' dir='ltr'>ignis</span> <span class='ocrx_word' id='word_1_382' title='bbox 3389 2567 3757 2641; x_wconf 85' lang='lat' dir='ltr'>insuperabi-</span> 
     </span>
    </p>
   </div>
   <div class='ocr_carea' id='block_1_57' title="bbox 2103 2648 3752 2724">
    <p class='ocr_par' dir='ltr' id='par_1_57' title="bbox 2103 2648 3752 2724">
     <span class='ocr_line' id='line_1_57' title="bbox 2103 2648 3752 2724; baseline 0.006 -22"><span class='ocrx_word' id='word_1_383' title='bbox 2103 2648 2176 2705; x_wconf 90' lang='lat' dir='ltr'>lis</span> <span class='ocrx_word' id='word_1_384' title='bbox 2219 2668 2392 2708; x_wconf 91' lang='lat' dir='ltr'>omne</span> <span class='ocrx_word' id='word_1_385' title='bbox 2447 2652 2593 2708; x_wconf 89' lang='lat' dir='ltr'>illud</span> <span class='ocrx_word' id='word_1_386' title='bbox 2655 2655 2967 2711; x_wconf 64' lang='lat' dir='ltr'>aedificium</span> <span class='ocrx_word' id='word_1_387' title='bbox 3017 2656 3430 2724; x_wconf 90' lang='lat' dir='ltr'>communiret,</span> <span class='ocrx_word' id='word_1_388' title='bbox 3463 2661 3530 2711; x_wconf 89' lang='lat' dir='ltr'>ut</span> <span class='ocrx_word' id='word_1_389' title='bbox 3577 2656 3752 2712; x_wconf 87' lang='lat' dir='ltr'>etiam</span> 
     </span>
    </p>
   </div>
   <div class='ocr_carea' id='block_1_58' title="bbox 2101 2737 3750 2817">
    <p class='ocr_par' dir='ltr' id='par_1_58' title="bbox 2101 2737 3750 2817">
     <span class='ocr_line' id='line_1_58' title="bbox 2101 2737 3750 2817; baseline 0.005 -25"><span class='ocrx_word' id='word_1_390' title='bbox 2101 2737 2271 2811; x_wconf 92' lang='lat' dir='ltr'>longe</span> <span class='ocrx_word' id='word_1_391' title='bbox 2323 2740 2498 2812; x_wconf 88' lang='lat' dir='ltr'>positi</span> <span class='ocrx_word' id='word_1_392' title='bbox 2546 2746 2899 2800; x_wconf 89' lang='lat' dir='ltr'>urerentur:</span> <span class='ocrx_word' id='word_1_393' title='bbox 2936 2748 3110 2817; x_wconf 90' lang='lat' dir='ltr'>atque</span> <span class='ocrx_word' id='word_1_394' title='bbox 3156 2744 3237 2799; x_wconf 88' lang='lat' dir='ltr'>ita</span> <span class='ocrx_word' id='word_1_395' title='bbox 3287 2761 3550 2801; x_wconf 86' lang='lat' dir='ltr'>cessasse</span> <span class='ocrx_word' id='word_1_396' title='bbox 3598 2749 3750 2802; x_wconf 87' lang='lat' dir='ltr'>artes</span> 
     </span>
    </p>
   </div>
   <div class='ocr_carea' id='block_1_59' title="bbox 2101 2829 3751 2900">
    <p class='ocr_par' dir='ltr' id='par_1_59' title="bbox 2101 2829 3751 2900">
     <span class='ocr_line' id='line_1_59' title="bbox 2101 2829 3751 2900; baseline 0.004 -17"><span class='ocrx_word' id='word_1_397' title='bbox 2101 2845 2260 2893; x_wconf 89' lang='lat' dir='ltr'>suas,</span> <span class='ocrx_word' id='word_1_398' title='bbox 2295 2829 2511 2900; x_wconf 92' lang='lat' dir='ltr'>quibus</span> <span class='ocrx_word' id='word_1_399' title='bbox 2550 2831 2830 2887; x_wconf 89' lang='lat' dir='ltr'>adversus</span> <span class='ocrx_word' id='word_1_400' title='bbox 2861 2832 3093 2890; x_wconf 90' lang='lat' dir='ltr'>Domini</span> <span class='ocrx_word' id='word_1_401' title='bbox 3124 2834 3487 2890; x_wconf 88' lang='lat' dir='ltr'>sacerdotem</span> <span class='ocrx_word' id='word_1_402' title='bbox 3537 2850 3600 2890; x_wconf 90' lang='lat' dir='ltr'>se</span> <span class='ocrx_word' id='word_1_403' title='bbox 3644 2833 3751 2890; x_wconf 87' lang='lat' dir='ltr'>ali-</span> 
     </span>
    </p>
   </div>
   <div class='ocr_carea' id='block_1_60' title="bbox 2101 2917 3748 2996">
    <p class='ocr_par' dir='ltr' id='par_1_60' title="bbox 2101 2917 3748 2996">
     <span class='ocr_line' id='line_1_60' title="bbox 2101 2917 3748 2996; baseline 0.005 -25"><span class='ocrx_word' id='word_1_404' title='bbox 2101 2917 2241 2989; x_wconf 90' lang='lat' dir='ltr'>quid</span> <span class='ocrx_word' id='word_1_405' title='bbox 2288 2935 2460 2990; x_wconf 90' lang='lat' dir='ltr'>posse</span> <span class='ocrx_word' id='word_1_406' title='bbox 2509 2920 2920 2976; x_wconf 90' lang='lat' dir='ltr'>arbitrabatur.</span> <span class='ocrx_word' id='word_1_407' title='bbox 2953 2923 3116 2978; x_wconf 88' lang='lat' dir='ltr'>Alius</span> <span class='ocrx_word' id='word_1_408' title='bbox 3165 2923 3340 2978; x_wconf 90' lang='lat' dir='ltr'>etiam</span> <span class='ocrx_word' id='word_1_409' title='bbox 3371 2922 3632 2996; x_wconf 89' lang='lat' dir='ltr'>gladium</span> <span class='ocrx_word' id='word_1_410' title='bbox 3670 2924 3748 2979; x_wconf 85' lang='lat' dir='ltr'>fe-</span> 
     </span>
    </p>
   </div>
   <div class='ocr_carea' id='block_1_61' title="bbox 2099 3007 3753 3083">
    <p class='ocr_par' dir='ltr' id='par_1_61' title="bbox 2099 3007 3753 3083">
     <span class='ocr_line' id='line_1_61' title="bbox 2099 3007 3753 3083; baseline 0.005 -23"><span class='ocrx_word' id='word_1_411' title='bbox 2099 3021 2234 3061; x_wconf 88' lang='lat' dir='ltr'>rens</span> <span class='ocrx_word' id='word_1_412' title='bbox 2267 3007 2338 3062; x_wconf 87' lang='lat' dir='ltr'>ad</span> <span class='ocrx_word' id='word_1_413' title='bbox 2371 3007 2706 3064; x_wconf 89' lang='lat' dir='ltr'>cubiculum</span> <span class='ocrx_word' id='word_1_414' title='bbox 2752 3027 2938 3083; x_wconf 90' lang='lat' dir='ltr'>usque</span> <span class='ocrx_word' id='word_1_415' title='bbox 2986 3011 3266 3082; x_wconf 90' lang='lat' dir='ltr'>pervenit,</span> <span class='ocrx_word' id='word_1_416' title='bbox 3290 3015 3355 3066; x_wconf 91' lang='lat' dir='ltr'>ut</span> <span class='ocrx_word' id='word_1_417' title='bbox 3403 3011 3753 3068; x_wconf 84' lang='lat' dir='ltr'>interﬁceret</span> 
     </span>
    </p>
   </div>
   <div class='ocr_carea' id='block_1_62' title="bbox 2102 3097 3749 3172">
    <p class='ocr_par' dir='ltr' id='par_1_62' title="bbox 2102 3097 3749 3172">
     <span class='ocr_line' id='line_1_62' title="bbox 2102 3097 3749 3172; baseline 0.004 -22"><span class='ocrx_word' id='word_1_418' title='bbox 2102 3097 2627 3153; x_wconf 79' lang='lat' dir='ltr'>sacerdotemzsed</span> <span class='ocrx_word' id='word_1_419' title='bbox 2678 3115 2811 3154; x_wconf 90' lang='lat' dir='ltr'>cum</span> <span class='ocrx_word' id='word_1_420' title='bbox 2860 3099 3142 3156; x_wconf 87' lang='lat' dir='ltr'>elevasset</span> <span class='ocrx_word' id='word_1_421' title='bbox 3189 3117 3453 3172; x_wconf 91' lang='lat' dir='ltr'>manum,</span> <span class='ocrx_word' id='word_1_422' title='bbox 3485 3101 3749 3156; x_wconf 86' lang='lat' dir='ltr'>districto</span> 
     </span>
    </p>
   </div>
   <div class='ocr_carea' id='block_1_63' title="bbox 343 3165 3747 3262">
    <p class='ocr_par' dir='ltr' id='par_1_63' title="bbox 343 3165 3747 3262">
     <span class='ocr_line' id='line_1_63' title="bbox 343 3165 3747 3262; baseline -0.001 -14"><span class='ocrx_word' id='word_1_423' title='bbox 343 3165 545 3262; x_wconf 73' lang='lat' dir='ltr'>oportet</span> <span class='ocrx_word' id='word_1_424' title='bbox 574 3198 634 3246; x_wconf 85' lang='lat' dir='ltr'>ut</span> <span class='ocrx_word' id='word_1_425' title='bbox 658 3165 806 3245; x_wconf 64' lang='lat' dir='ltr'>inata</span> <span class='ocrx_word' id='word_1_426' title='bbox 849 3190 1099 3244; x_wconf 84' lang='lat' dir='ltr'>asinaria</span> <span class='ocrx_word' id='word_1_427' title='bbox 1145 3189 1282 3244; x_wconf 84' lang='lat' dir='ltr'>collo</span> <span class='ocrx_word' id='word_1_428' title='bbox 1330 3189 1446 3259; x_wconf 83' lang='lat' dir='ltr'>ejus</span> <span class='ocrx_word' id='word_1_429' title='bbox 1493 3188 1770 3258; x_wconf 79' lang='lat' dir='ltr'>alligetur,</span> <span class='ocrx_word' id='word_1_430' title='bbox 1811 3196 1863 3242; x_wconf 89' lang='lat' dir='ltr'>et</span> <span class='ocrx_word' id='word_1_431' title='bbox 1905 3186 1993 3242; x_wconf 83' lang='lat' dir='ltr'>de-</span> <span class='ocrx_word' id='word_1_432' title='bbox 2020 3165 2065 3236; x_wconf 62' lang='grc' dir='ltr'>(Σ</span> <span class='ocrx_word' id='word_1_433' title='bbox 2103 3183 2575 3256; x_wconf 83' lang='lat' dir='ltr'>gladio,dextera,</span> <span class='ocrx_word' id='word_1_434' title='bbox 2605 3192 2832 3244; x_wconf 84' lang='lat' dir='ltr'>exserta</span> <span class='ocrx_word' id='word_1_435' title='bbox 2861 3188 2920 3243; x_wconf 93' lang='lat' dir='ltr'>in</span> <span class='ocrx_word' id='word_1_436' title='bbox 2953 3205 3088 3244; x_wconf 88' lang='lat' dir='ltr'>aera</span> <span class='ocrx_word' id='word_1_437' title='bbox 3116 3189 3416 3262; x_wconf 85' lang='lat' dir='ltr'>obrigente</span> <span class='ocrx_word' id='word_1_438' title='bbox 3435 3165 3747 3246; x_wconf 68' lang='lat' dir='ltr'>remansit.</span> 
     </span>
    </p>
   </div>
   <div class='ocr_carea' id='block_1_64' title="bbox 342 3277 1989 3352">
    <p class='ocr_par' dir='ltr' id='par_1_64' title="bbox 342 3277 1989 3352">
     <span class='ocr_line' id='line_1_64' title="bbox 342 3277 1989 3352; baseline -0.004 -16"><span class='ocrx_word' id='word_1_439' title='bbox 342 3287 624 3352; x_wconf 80' lang='lat' dir='ltr'>mergatur</span> <span class='ocrx_word' id='word_1_440' title='bbox 676 3282 738 3333; x_wconf 86' lang='lat' dir='ltr'>in</span> <span class='ocrx_word' id='word_1_441' title='bbox 798 3277 1136 3350; x_wconf 82' lang='lat' dir='ltr'>profundum</span> <span class='ocrx_word' id='word_1_442' title='bbox 1201 3280 1373 3332; x_wconf 84' lang='lat' dir='ltr'>maris</span> <span class='ocrx_word' id='word_1_443' title='bbox 1427 3277 1632 3348; x_wconf 79' lang='lat' dir='ltr'>(Matth.</span> <span class='ocrx_word' id='word_1_444' title='bbox 1691 3294 1850 3341; x_wconf 81' lang='lat' dir='ltr'>xvm,</span> <span class='ocrx_word' id='word_1_445' title='bbox 1912 3277 1989 3345; x_wconf 88' lang='lat'>6),</span> 
     </span>
    </p>
   </div>
   <div class='ocr_carea' id='block_1_65' title="bbox 345 3365 1992 3439">
    <p class='ocr_par' dir='ltr' id='par_1_65' title="bbox 345 3365 1992 3439">
     <span class='ocr_line' id='line_1_65' title="bbox 345 3365 1992 3439; baseline -0.004 -14"><span class='ocrx_word' id='word_1_446' title='bbox 345 3370 726 3425; x_wconf 86' lang='lat' dir='ltr'>ascendentes</span> <span class='ocrx_word' id='word_1_447' title='bbox 757 3367 815 3422; x_wconf 92' lang='lat' dir='ltr'>in</span> <span class='ocrx_word' id='word_1_448' title='bbox 849 3367 1114 3434; x_wconf 90' lang='lat' dir='ltr'>rhedam,</span> <span class='ocrx_word' id='word_1_449' title='bbox 1147 3367 1318 3439; x_wconf 89' lang='lat' dir='ltr'>quasi</span> <span class='ocrx_word' id='word_1_450' title='bbox 1357 3366 1544 3439; x_wconf 89' lang='lat' dir='ltr'>gratia</span> <span class='ocrx_word' id='word_1_451' title='bbox 1593 3365 1879 3438; x_wconf 88' lang='lat' dir='ltr'>gestandi,</span> <span class='ocrx_word' id='word_1_452' title='bbox 1912 3365 1992 3419; x_wconf 90' lang='lat' dir='ltr'>ci-</span> 
     </span>
    </p>
   </div>
   <div class='ocr_carea' id='block_1_66' title="bbox 341 3452 1995 3528">
    <p class='ocr_par' dir='ltr' id='par_1_66' title="bbox 341 3452 1995 3528">
     <span class='ocr_line' id='line_1_66' title="bbox 341 3452 1995 3528; baseline -0.002 -16"><span class='ocrx_word' id='word_1_453' title='bbox 341 3459 580 3514; x_wconf 90' lang='lat' dir='ltr'>vitatem</span> <span class='ocrx_word' id='word_1_454' title='bbox 611 3455 830 3528; x_wconf 89' lang='lat' dir='ltr'>egressi</span> <span class='ocrx_word' id='word_1_455' title='bbox 855 3459 1014 3520; x_wconf 88' lang='lat' dir='ltr'>sunt,</span> <span class='ocrx_word' id='word_1_456' title='bbox 1037 3459 1406 3528; x_wconf 88' lang='lat' dir='ltr'>exspectante</span> <span class='ocrx_word' id='word_1_457' title='bbox 1427 3455 1725 3510; x_wconf 88' lang='lat' dir='ltr'>sacerdote</span> <span class='ocrx_word' id='word_1_458' title='bbox 1747 3458 1803 3508; x_wconf 90' lang='lat' dir='ltr'>et</span> <span class='ocrx_word' id='word_1_459' title='bbox 1828 3452 1995 3526; x_wconf 84' lang='lat' dir='ltr'>plebe</span> 
     </span>
    </p>
   </div>
   <div class='ocr_carea' id='block_1_67' title="bbox 344 3541 1993 3615">
    <p class='ocr_par' dir='ltr' id='par_1_67' title="bbox 344 3541 1993 3615">
     <span class='ocr_line' id='line_1_67' title="bbox 344 3541 1993 3615; baseline -0.004 -13"><span class='ocrx_word' id='word_1_460' title='bbox 344 3547 404 3602; x_wconf 90' lang='lat' dir='ltr'>in</span> <span class='ocrx_word' id='word_1_461' title='bbox 463 3544 708 3602; x_wconf 82' lang='lat' dir='ltr'>ecclesia</span> <span class='ocrx_word' id='word_1_462' title='bbox 779 3544 1117 3599; x_wconf 88' lang='lat' dir='ltr'>constituta.</span> <span class='ocrx_word' id='word_1_463' title='bbox 1180 3543 1290 3598; x_wconf 90' lang='lat' dir='ltr'>Sed</span> <span class='ocrx_word' id='word_1_464' title='bbox 1363 3544 1541 3615; x_wconf 90' lang='lat' dir='ltr'>hujus</span> <span class='ocrx_word' id='word_1_465' title='bbox 1613 3541 1993 3598; x_wconf 65' lang='lat' dir='ltr'>contumaciae</span> 
     </span>
    </p>
   </div>
   <div class='ocr_carea' id='block_1_68' title="bbox 344 3631 1992 3708">
    <p class='ocr_par' dir='ltr' id='par_1_68' title="bbox 344 3631 1992 3708">
     <span class='ocr_line' id='line_1_68' title="bbox 344 3631 1992 3708; baseline -0.002 -18"><span class='ocrx_word' id='word_1_466' title='bbox 344 3635 476 3708; x_wconf 90' lang='lat' dir='ltr'>quis</span> <span class='ocrx_word' id='word_1_467' title='bbox 525 3634 658 3690; x_wconf 80' lang='lat' dir='ltr'>ﬁnis</span> <span class='ocrx_word' id='word_1_468' title='bbox 707 3633 902 3701; x_wconf 89' lang='lat' dir='ltr'>fuerit,</span> <span class='ocrx_word' id='word_1_469' title='bbox 937 3633 1210 3688; x_wconf 89' lang='lat' dir='ltr'>horresco</span> <span class='ocrx_word' id='word_1_470' title='bbox 1259 3633 1542 3701; x_wconf 85' lang='lat' dir='ltr'>referens;</span> <span class='ocrx_word' id='word_1_471' title='bbox 1596 3632 1790 3688; x_wconf 88' lang='lat' dir='ltr'>subito</span> <span class='ocrx_word' id='word_1_472' title='bbox 1836 3631 1992 3687; x_wconf 91' lang='lat' dir='ltr'>enim</span> 
     </span>
    </p>
   </div>
   <div class='ocr_carea' id='block_1_69' title="bbox 345 3721 1995 3797">
    <p class='ocr_par' dir='ltr' id='par_1_69' title="bbox 345 3721 1995 3797">
     <span class='ocr_line' id='line_1_69' title="bbox 345 3721 1995 3797; baseline -0.002 -18"><span class='ocrx_word' id='word_1_473' title='bbox 345 3722 687 3797; x_wconf 74' lang='lat' dir='ltr'>praecipitati</span> <span class='ocrx_word' id='word_1_474' title='bbox 747 3723 816 3776; x_wconf 90' lang='lat' dir='ltr'>de</span> <span class='ocrx_word' id='word_1_475' title='bbox 875 3722 1072 3788; x_wconf 90' lang='lat' dir='ltr'>rheda,</span> <span class='ocrx_word' id='word_1_476' title='bbox 1136 3721 1365 3778; x_wconf 90' lang='lat' dir='ltr'>animas</span> <span class='ocrx_word' id='word_1_477' title='bbox 1419 3721 1762 3788; x_wconf 90' lang='lat' dir='ltr'>emiserunt,</span> <span class='ocrx_word' id='word_1_478' title='bbox 1819 3725 1995 3792; x_wconf 90' lang='lat' dir='ltr'>atque</span> 
     </span>
    </p>
   </div>
   <div class='ocr_carea' id='block_1_70' title="bbox 343 3810 1995 3885">
    <p class='ocr_par' dir='ltr' id='par_1_70' title="bbox 343 3810 1995 3885">
     <span class='ocr_line' id='line_1_70' title="bbox 343 3810 1995 3885; baseline -0.002 -17"><span class='ocrx_word' id='word_1_479' title='bbox 343 3828 588 3885; x_wconf 90' lang='lat' dir='ltr'>corpora</span> <span class='ocrx_word' id='word_1_480' title='bbox 636 3810 869 3867; x_wconf 90' lang='lat' dir='ltr'>illorum</span> <span class='ocrx_word' id='word_1_481' title='bbox 920 3810 1234 3883; x_wconf 65' lang='lat' dir='ltr'>sepulturae</span> <span class='ocrx_word' id='word_1_482' title='bbox 1284 3814 1423 3866; x_wconf 89' lang='lat' dir='ltr'>sunt</span> <span class='ocrx_word' id='word_1_483' title='bbox 1468 3810 1703 3867; x_wconf 89' lang='lat' dir='ltr'>tradita.</span> <span class='ocrx_word' id='word_1_484' title='bbox 1745 3810 1995 3864; x_wconf 90' lang='lat' dir='ltr'>Sanctus</span> 
     </span>
    </p>
   </div>
   <div class='ocr_carea' id='block_1_71' title="bbox 344 3899 1992 3972">
    <p class='ocr_par' dir='ltr' id='par_1_71' title="bbox 344 3899 1992 3972">
     <span class='ocr_line' id='line_1_71' title="bbox 344 3899 1992 3972; baseline -0.001 -18"><span class='ocrx_word' id='word_1_485' title='bbox 344 3918 476 3958; x_wconf 89' lang='lat' dir='ltr'>vero</span> <span class='ocrx_word' id='word_1_486' title='bbox 505 3901 852 3956; x_wconf 89' lang='lat' dir='ltr'>Ambrosius</span> <span class='ocrx_word' id='word_1_487' title='bbox 883 3917 1017 3955; x_wconf 88' lang='lat' dir='ltr'>cum</span> <span class='ocrx_word' id='word_1_488' title='bbox 1061 3900 1354 3972; x_wconf 90' lang='lat' dir='ltr'>ignoraret</span> <span class='ocrx_word' id='word_1_489' title='bbox 1392 3899 1530 3970; x_wconf 90' lang='lat' dir='ltr'>quid</span> <span class='ocrx_word' id='word_1_490' title='bbox 1562 3899 1780 3954; x_wconf 88' lang='lat' dir='ltr'>factum</span> <span class='ocrx_word' id='word_1_491' title='bbox 1817 3901 1992 3963; x_wconf 89' lang='lat' dir='ltr'>esset,</span> 
     </span>
    </p>
   </div>
   <div class='ocr_carea' id='block_1_72' title="bbox 346 3987 1995 4060">
    <p class='ocr_par' dir='ltr' id='par_1_72' title="bbox 346 3987 1995 4060">
     <span class='ocr_line' id='line_1_72' title="bbox 346 3987 1995 4060; baseline -0.003 -14"><span class='ocrx_word' id='word_1_492' title='bbox 346 4006 450 4046; x_wconf 90' lang='lat' dir='ltr'>nec</span> <span class='ocrx_word' id='word_1_493' title='bbox 481 3990 706 4045; x_wconf 88' lang='lat' dir='ltr'>diutius</span> <span class='ocrx_word' id='word_1_494' title='bbox 757 3992 954 4060; x_wconf 89' lang='lat' dir='ltr'>posset</span> <span class='ocrx_word' id='word_1_495' title='bbox 994 3987 1219 4060; x_wconf 90' lang='lat' dir='ltr'>plebem</span> <span class='ocrx_word' id='word_1_496' title='bbox 1272 3993 1488 4052; x_wconf 89' lang='lat' dir='ltr'>tenere,</span> <span class='ocrx_word' id='word_1_497' title='bbox 1523 3987 1844 4044; x_wconf 89' lang='lat' dir='ltr'>ascendens</span> <span class='ocrx_word' id='word_1_498' title='bbox 1892 4003 1995 4058; x_wconf 91' lang='lat' dir='ltr'>pro</span> 
     </span>
    </p>
   </div>
   <div class='ocr_carea' id='block_1_73' title="bbox 343 4076 1995 4149">
    <p class='ocr_par' dir='ltr' id='par_1_73' title="bbox 343 4076 1995 4149">
     <span class='ocr_line' id='line_1_73' title="bbox 343 4076 1995 4149; baseline -0.002 -15"><span class='ocrx_word' id='word_1_499' title='bbox 343 4077 646 4146; x_wconf 89' lang='lat' dir='ltr'>tribunali,</span> <span class='ocrx_word' id='word_1_500' title='bbox 677 4079 748 4133; x_wconf 91' lang='lat' dir='ltr'>de</span> <span class='ocrx_word' id='word_1_501' title='bbox 794 4079 995 4132; x_wconf 90' lang='lat' dir='ltr'>eadem</span> <span class='ocrx_word' id='word_1_502' title='bbox 1041 4077 1357 4149; x_wconf 67' lang='lat' dir='ltr'>quaestione</span> <span class='ocrx_word' id='word_1_503' title='bbox 1389 4093 1516 4148; x_wconf 69' lang='lat' dir='ltr'>quae</span> <span class='ocrx_word' id='word_1_504' title='bbox 1551 4076 1738 4132; x_wconf 89' lang='lat' dir='ltr'>fuerat</span> <span class='ocrx_word' id='word_1_505' title='bbox 1787 4092 1995 4148; x_wconf 89' lang='lat' dir='ltr'>propo-</span> 
     </span>
    </p>
   </div>
   <div class='ocr_carea' id='block_1_74' title="bbox 346 4165 1995 4236">
    <p class='ocr_par' dir='ltr' id='par_1_74' title="bbox 346 4165 1995 4236">
     <span class='ocr_line' id='line_1_74' title="bbox 346 4165 1995 4236; baseline -0.002 -14"><span class='ocrx_word' id='word_1_506' title='bbox 346 4167 477 4236; x_wconf 88' lang='lat' dir='ltr'>sita,</span> <span class='ocrx_word' id='word_1_507' title='bbox 534 4182 864 4222; x_wconf 86' lang='lat' dir='ltr'>sermonem</span> <span class='ocrx_word' id='word_1_508' title='bbox 923 4168 1168 4220; x_wconf 90' lang='lat' dir='ltr'>adorsus</span> <span class='ocrx_word' id='word_1_509' title='bbox 1225 4171 1332 4231; x_wconf 88' lang='lat' dir='ltr'>est,</span> <span class='ocrx_word' id='word_1_510' title='bbox 1396 4165 1594 4221; x_wconf 89' lang='lat' dir='ltr'>dicens</span> <span class='ocrx_word' id='word_1_511' title='bbox 1655 4183 1668 4220; x_wconf 93' lang='lat'>:</span> <span class='ocrx_word' id='word_1_512' title='bbox 1725 4165 1995 4233; x_wconf 82' lang='lat' dir='ltr'>Debitum,</span> 
     </span>
    </p>
   </div>
   <div class='ocr_carea' id='block_1_75' title="bbox 344 4253 1996 4327">
    <p class='ocr_par' dir='ltr' id='par_1_75' title="bbox 344 4253 1996 4327">
     <span class='ocr_line' id='line_1_75' title="bbox 344 4253 1996 4327; baseline -0.001 -17"><span class='ocrx_word' id='word_1_513' title='bbox 344 4258 563 4327; x_wconf 79' lang='lat' dir='ltr'>fratres,</span> <span class='ocrx_word' id='word_1_514' title='bbox 613 4257 772 4325; x_wconf 83' lang='lat' dir='ltr'>cupio</span> <span class='ocrx_word' id='word_1_515' title='bbox 828 4254 1165 4322; x_wconf 83' lang='lat' dir='ltr'>solvendum,</span> <span class='ocrx_word' id='word_1_516' title='bbox 1213 4254 1305 4310; x_wconf 86' lang='lat' dir='ltr'>sed</span> <span class='ocrx_word' id='word_1_517' title='bbox 1357 4253 1632 4310; x_wconf 84' lang='lat' dir='ltr'>hesternos</span> <span class='ocrx_word' id='word_1_518' title='bbox 1686 4269 1832 4310; x_wconf 85' lang='lat' dir='ltr'>meos</span> <span class='ocrx_word' id='word_1_519' title='bbox 1881 4271 1996 4308; x_wconf 88' lang='lat' dir='ltr'>non</span> 
     </span>
    </p>
   </div>
   <div class='ocr_carea' id='block_1_76' title="bbox 345 4341 1997 4416">
    <p class='ocr_par' dir='ltr' id='par_1_76' title="bbox 345 4341 1997 4416">
     <span class='ocr_line' id='line_1_76' title="bbox 345 4341 1997 4416; baseline -0.001 -16"><span class='ocrx_word' id='word_1_520' title='bbox 345 4345 568 4400; x_wconf 79' lang='lat' dir='ltr'>invenio</span> <span class='ocrx_word' id='word_1_521' title='bbox 609 4342 917 4414; x_wconf 79' lang='lat' dir='ltr'>creditores,</span> <span class='ocrx_word' id='word_1_522' title='bbox 950 4347 1007 4399; x_wconf 91' lang='lat' dir='ltr'>et</span> <span class='ocrx_word' id='word_1_523' title='bbox 1037 4341 1262 4415; x_wconf 89' lang='lat' dir='ltr'>reliqua</span> <span class='ocrx_word' id='word_1_524' title='bbox 1309 4360 1438 4416; x_wconf 68' lang='lat' dir='ltr'>quae</span> <span class='ocrx_word' id='word_1_525' title='bbox 1489 4343 1706 4415; x_wconf 89' lang='lat' dir='ltr'>scripta</span> <span class='ocrx_word' id='word_1_526' title='bbox 1753 4347 1892 4399; x_wconf 90' lang='lat' dir='ltr'>sunt</span> <span class='ocrx_word' id='word_1_527' title='bbox 1940 4343 1997 4398; x_wconf 90' lang='lat' dir='ltr'>in</span> 
     </span>
    </p>
   </div>
   <div class='ocr_carea' id='block_1_77' title="bbox 346 4431 1996 4504">
    <p class='ocr_par' dir='ltr' id='par_1_77' title="bbox 346 4431 1996 4504">
     <span class='ocr_line' id='line_1_77' title="bbox 346 4431 1996 4504; baseline 0 -18"><span class='ocrx_word' id='word_1_528' title='bbox 346 4432 496 4487; x_wconf 87' lang='lat' dir='ltr'>libro</span> <span class='ocrx_word' id='word_1_529' title='bbox 519 4431 618 4503; x_wconf 88' lang='lat' dir='ltr'>qui</span> <span class='ocrx_word' id='word_1_530' title='bbox 642 4431 708 4487; x_wconf 87' lang='lat' dir='ltr'>de</span> <span class='ocrx_word' id='word_1_531' title='bbox 728 4431 1110 4488; x_wconf 75' lang='lat' dir='ltr'>Incarnatimie</span> <span class='ocrx_word' id='word_1_532' title='bbox 1131 4433 1353 4488; x_wconf 82' lang='lat' dir='ltr'>Domini</span> <span class='ocrx_word' id='word_1_533' title='bbox 1380 4431 1715 4488; x_wconf 89' lang='lat' dir='ltr'>intitnlatur</span> <span class='ocrx_word' id='word_1_534' title='bbox 1735 4433 1901 4504; x_wconf 87' lang='lat' dir='ltr'>(tom.</span> <span class='ocrx_word' id='word_1_535' title='bbox 1925 4431 1996 4498; x_wconf 92' lang='lat' dir='ltr'>II,</span> 
     </span>
    </p>
   </div>
   <div class='ocr_carea' id='block_1_78' title="bbox 346 4519 663 4594">
    <p class='ocr_par' dir='ltr' id='par_1_78' title="bbox 346 4519 663 4594">
     <span class='ocr_line' id='line_1_78' title="bbox 346 4519 663 4594; baseline 0 -19"><span class='ocrx_word' id='word_1_536' title='bbox 346 4537 478 4594; x_wconf 90' lang='lat' dir='ltr'>pag.</span> <span class='ocrx_word' id='word_1_537' title='bbox 513 4519 663 4591; x_wconf 92' lang='lat'>703).</span> 
     </span>
    </p>
   </div>
   <div class='ocr_carea' id='block_1_79' title="bbox 421 4607 1999 4682">
    <p class='ocr_par' dir='ltr' id='par_1_79' title="bbox 421 4607 1999 4682">
     <span class='ocr_line' id='line_1_79' title="bbox 421 4607 1999 4682; baseline 0.001 -19"><span class='ocrx_word' id='word_1_538' title='bbox 421 4608 508 4663; x_wconf 88' lang='grc'>19.</span> <span class='ocrx_word' id='word_1_539' title='bbox 533 4607 735 4664; x_wconf 92' lang='lat' dir='ltr'>Occiso</span> <span class='ocrx_word' id='word_1_540' title='bbox 766 4609 964 4680; x_wconf 86' lang='lat' dir='ltr'>itaque</span> <span class='ocrx_word' id='word_1_541' title='bbox 986 4609 1262 4666; x_wconf 86' lang='lat' dir='ltr'>Gratiano</span> <span class='ocrx_word' id='word_1_542' title='bbox 1287 4609 1654 4681; x_wconf 89' lang='lat' dir='ltr'>imperatore,</span> <span class='ocrx_word' id='word_1_543' title='bbox 1684 4609 1999 4682; x_wconf 90' lang='lat' dir='ltr'>recipiendi</span> 
     </span>
    </p>
   </div>
   <div class='ocr_carea' id='block_1_80' title="bbox 350 4697 2000 4772">
    <p class='ocr_par' dir='ltr' id='par_1_80' title="bbox 350 4697 2000 4772">
     <span class='ocr_line' id='line_1_80' title="bbox 350 4697 2000 4772; baseline -0.001 -17"><span class='ocrx_word' id='word_1_544' title='bbox 350 4697 610 4772; x_wconf 88' lang='lat' dir='ltr'>corporis</span> <span class='ocrx_word' id='word_1_545' title='bbox 639 4699 768 4770; x_wconf 90' lang='lat' dir='ltr'>ejus</span> <span class='ocrx_word' id='word_1_546' title='bbox 801 4715 978 4755; x_wconf 88' lang='lat' dir='ltr'>causa</span> <span class='ocrx_word' id='word_1_547' title='bbox 1001 4699 1314 4754; x_wconf 88' lang='lat' dir='ltr'>secundam</span> <span class='ocrx_word' id='word_1_548' title='bbox 1347 4699 1418 4754; x_wconf 89' lang='lat' dir='ltr'>ad</span> <span class='ocrx_word' id='word_1_549' title='bbox 1451 4699 1768 4754; x_wconf 89' lang='lat' dir='ltr'>Maximum</span> <span class='ocrx_word' id='word_1_550' title='bbox 1800 4716 2000 4755; x_wconf 88' lang='lat' dir='ltr'>susce-</span> 
     </span>
    </p>
   </div>
   <div class='ocr_carea' id='block_1_81' title="bbox 348 4786 1998 4861">
    <p class='ocr_par' dir='ltr' id='par_1_81' title="bbox 348 4786 1998 4861">
     <span class='ocr_line' id='line_1_81' title="bbox 348 4786 1998 4861; baseline 0.002 -20"><span class='ocrx_word' id='word_1_551' title='bbox 348 4787 436 4860; x_wconf 88' lang='lat' dir='ltr'>pit</span> <span class='ocrx_word' id='word_1_552' title='bbox 465 4786 837 4860; x_wconf 88' lang='lat' dir='ltr'>legationem.</span> <span class='ocrx_word' id='word_1_553' title='bbox 869 4789 1034 4859; x_wconf 88' lang='lat' dir='ltr'>Apud</span> <span class='ocrx_word' id='word_1_554' title='bbox 1072 4805 1244 4859; x_wconf 89' lang='lat' dir='ltr'>quem</span> <span class='ocrx_word' id='word_1_555' title='bbox 1287 4804 1464 4860; x_wconf 88' lang='lat' dir='ltr'>quam</span> <span class='ocrx_word' id='word_1_556' title='bbox 1503 4792 1840 4844; x_wconf 90' lang='lat' dir='ltr'>constanter</span> <span class='ocrx_word' id='word_1_557' title='bbox 1868 4805 1998 4861; x_wconf 87' lang='lat' dir='ltr'>ege-</span> 
     </span>
    </p>
   </div>
   <div class='ocr_carea' id='block_1_82' title="bbox 351 4874 2000 4950">
    <p class='ocr_par' dir='ltr' id='par_1_82' title="bbox 351 4874 2000 4950">
     <span class='ocr_line' id='line_1_82' title="bbox 351 4874 2000 4950; baseline 0.001 -20"><span class='ocrx_word' id='word_1_558' title='bbox 351 4876 448 4943; x_wconf 88' lang='lat' dir='ltr'>rit,</span> <span class='ocrx_word' id='word_1_559' title='bbox 481 4877 580 4949; x_wconf 92' lang='lat' dir='ltr'>qui</span> <span class='ocrx_word' id='word_1_560' title='bbox 612 4874 862 4932; x_wconf 91' lang='lat' dir='ltr'>voluerit</span> <span class='ocrx_word' id='word_1_561' title='bbox 908 4892 1274 4947; x_wconf 86' lang='lat' dir='ltr'>cognoscere,</span> <span class='ocrx_word' id='word_1_562' title='bbox 1309 4876 1495 4948; x_wconf 88' lang='lat' dir='ltr'>ipsius</span> <span class='ocrx_word' id='word_1_563' title='bbox 1539 4877 1848 4949; x_wconf 89' lang='lat' dir='ltr'>legationis</span> <span class='ocrx_word' id='word_1_564' title='bbox 1878 4878 2000 4950; x_wconf 91' lang='lat' dir='ltr'>epi-</span> 
     </span>
    </p>
   </div>
   <div class='ocr_carea' id='block_1_83' title="bbox 354 4964 2002 5036">
    <p class='ocr_par' dir='ltr' id='par_1_83' title="bbox 354 4964 2002 5036">
     <span class='ocr_line' id='line_1_83' title="bbox 354 4964 2002 5036; baseline 0.001 -16"><span class='ocrx_word' id='word_1_565' title='bbox 354 4964 563 5020; x_wconf 88' lang='lat' dir='ltr'>stolam</span> <span class='ocrx_word' id='word_1_566' title='bbox 592 4967 662 5021; x_wconf 88' lang='lat' dir='ltr'>ad</span> <span class='ocrx_word' id='word_1_567' title='bbox 694 4965 1172 5021; x_wconf 84' lang='lat' dir='ltr'>Valentinianum</span> <span class='ocrx_word' id='word_1_568' title='bbox 1199 4965 1495 5036; x_wconf 89' lang='lat' dir='ltr'>juniorem</span> <span class='ocrx_word' id='word_1_569' title='bbox 1526 4965 1722 5021; x_wconf 89' lang='lat' dir='ltr'>datam</span> <span class='ocrx_word' id='word_1_570' title='bbox 1753 4983 1886 5021; x_wconf 88' lang='lat' dir='ltr'>cum</span> <span class='ocrx_word' id='word_1_571' title='bbox 1924 4968 2002 5022; x_wconf 84' lang='lat' dir='ltr'>le-</span> 
     </span>
    </p>
   </div>
   <div class='ocr_carea' id='block_1_84' title="bbox 355 5053 2002 5128">
    <p class='ocr_par' dir='ltr' id='par_1_84' title="bbox 355 5053 2002 5128">
     <span class='ocr_line' id='line_1_84' title="bbox 355 5053 2002 5128; baseline 0.003 -21"><span class='ocrx_word' id='word_1_572' title='bbox 355 5053 504 5125; x_wconf 91' lang='lat' dir='ltr'>gerit</span> <span class='ocrx_word' id='word_1_573' title='bbox 532 5053 724 5126; x_wconf 88' lang='lat' dir='ltr'>(epist.</span> <span class='ocrx_word' id='word_1_574' title='bbox 756 5056 870 5126; x_wconf 66' lang='lat'>24),</span> <span class='ocrx_word' id='word_1_575' title='bbox 903 5053 1275 5128; x_wconf 86' lang='lat' dir='ltr'>approbabit;</span> <span class='ocrx_word' id='word_1_576' title='bbox 1323 5054 1492 5109; x_wconf 89' lang='lat' dir='ltr'>nobis</span> <span class='ocrx_word' id='word_1_577' title='bbox 1540 5055 1696 5110; x_wconf 88' lang='lat' dir='ltr'>enim</span> <span class='ocrx_word' id='word_1_578' title='bbox 1743 5054 2002 5112; x_wconf 88' lang='lat' dir='ltr'>alienum</span> 
     </span>
    </p>
   </div>
   <div class='ocr_carea' id='block_1_85' title="bbox 357 5141 2002 5216">
    <p class='ocr_par' dir='ltr' id='par_1_85' title="bbox 357 5141 2002 5216">
     <span class='ocr_line' id='line_1_85' title="bbox 357 5141 2002 5216; baseline 0.003 -20"><span class='ocrx_word' id='word_1_579' title='bbox 357 5160 390 5196; x_wconf 90' lang='lat' dir='ltr'>a</span> <span class='ocrx_word' id='word_1_580' title='bbox 422 5142 814 5212; x_wconf 86' lang='lat' dir='ltr'>promissione</span> <span class='ocrx_word' id='word_1_581' title='bbox 841 5145 1030 5200; x_wconf 88' lang='lat' dir='ltr'>visum</span> <span class='ocrx_word' id='word_1_582' title='bbox 1063 5146 1152 5199; x_wconf 81' lang='lat' dir='ltr'>est</span> <span class='ocrx_word' id='word_1_583' title='bbox 1190 5141 1352 5198; x_wconf 91' lang='lat' dir='ltr'>illam</span> <span class='ocrx_word' id='word_1_584' title='bbox 1383 5142 1659 5208; x_wconf 88' lang='lat' dir='ltr'>inserere,</span> <span class='ocrx_word' id='word_1_585' title='bbox 1693 5160 1763 5199; x_wconf 91' lang='lat' dir='ltr'>ne</span> <span class='ocrx_word' id='word_1_586' title='bbox 1794 5145 2002 5216; x_wconf 91' lang='lat' dir='ltr'>adjun-</span> 
     </span>
    </p>
   </div>
   <div class='ocr_carea' id='block_1_86' title="bbox 357 5229 2002 5304">
    <p class='ocr_par' dir='ltr' id='par_1_86' title="bbox 357 5229 2002 5304">
     <span class='ocr_line' id='line_1_86' title="bbox 357 5229 2002 5304; baseline 0.004 -20"><span class='ocrx_word' id='word_1_587' title='bbox 357 5233 462 5284; x_wconf 65' lang='lat' dir='ltr'>ctaa</span> <span class='ocrx_word' id='word_1_588' title='bbox 493 5229 756 5300; x_wconf 73' lang='lat' dir='ltr'>epistolae</span> <span class='ocrx_word' id='word_1_589' title='bbox 803 5233 1104 5304; x_wconf 88' lang='lat' dir='ltr'>prolixitas</span> <span class='ocrx_word' id='word_1_590' title='bbox 1134 5231 1440 5288; x_wconf 91' lang='lat' dir='ltr'>fastidium</span> <span class='ocrx_word' id='word_1_591' title='bbox 1486 5230 1702 5304; x_wconf 85' lang='lat' dir='ltr'>legenti</span> <span class='ocrx_word' id='word_1_592' title='bbox 1753 5233 2002 5290; x_wconf 74' lang='lat' dir='ltr'>afferret.</span> 
     </span>
    </p>
   </div>
   <div class='ocr_carea' id='block_1_87' title="bbox 433 5369 2008 5445">
    <p class='ocr_par' dir='ltr' id='par_1_87' title="bbox 433 5369 2008 5445">
     <span class='ocr_line' id='line_1_87' title="bbox 433 5369 2008 5445; baseline 0.007 -22"><span class='ocrx_word' id='word_1_593' title='bbox 433 5369 544 5441; x_wconf 88' lang='grc'>(12)</span> <span class='ocrx_word' id='word_1_594' title='bbox 578 5369 792 5428; x_wconf 90' lang='lat' dir='ltr'>Omnes</span> <span class='ocrx_word' id='word_1_595' title='bbox 821 5375 958 5432; x_wconf 90' lang='lat' dir='ltr'>edit.</span> <span class='ocrx_word' id='word_1_596' title='bbox 992 5392 1125 5431; x_wconf 90' lang='lat' dir='ltr'>cum</span> <span class='ocrx_word' id='word_1_597' title='bbox 1172 5376 1368 5432; x_wconf 90' lang='lat' dir='ltr'>codice</span> <span class='ocrx_word' id='word_1_598' title='bbox 1407 5391 1524 5431; x_wconf 91' lang='lat' dir='ltr'>uno</span> <span class='ocrx_word' id='word_1_599' title='bbox 1555 5373 1642 5431; x_wconf 90' lang='lat' dir='ltr'>vel</span> <span class='ocrx_word' id='word_1_600' title='bbox 1691 5375 1892 5445; x_wconf 89' lang='lat' dir='ltr'>altero,</span> <span class='ocrx_word' id='word_1_601' title='bbox 1925 5380 2008 5434; x_wconf 82' lang='lat' dir='ltr'>ita</span> 
     </span>
    </p>
   </div>
   <div class='ocr_carea' id='block_1_88' title="bbox 359 5445 2006 5514">
    <p class='ocr_par' dir='ltr' id='par_1_88' title="bbox 359 5445 2006 5514">
     <span class='ocr_line' id='line_1_88' title="bbox 359 5445 2006 5514; baseline 0.005 -16"><span class='ocrx_word' id='word_1_602' title='bbox 359 5451 561 5514; x_wconf 17' lang='lat' dir='ltr'>optare,</span> <span class='ocrx_word' id='word_1_603' title='bbox 577 5458 634 5497; x_wconf 87' lang='lat' dir='ltr'>se</span> <span class='ocrx_word' id='word_1_604' title='bbox 659 5445 903 5513; x_wconf 84' lang='lat' dir='ltr'>torqueri</span> <span class='ocrx_word' id='word_1_605' title='bbox 921 5462 1007 5501; x_wconf 88' lang='lat' dir='ltr'>eos</span> <span class='ocrx_word' id='word_1_606' title='bbox 1028 5465 1046 5500; x_wconf 92' lang='lat'><strong><em>:</em></strong></span> <span class='ocrx_word' id='word_1_607' title='bbox 1070 5449 1258 5502; x_wconf 65' lang='lat' dir='ltr'>caeteri</span> <span class='ocrx_word' id='word_1_608' title='bbox 1285 5464 1428 5503; x_wconf 89' lang='lat' dir='ltr'>mss.</span> <span class='ocrx_word' id='word_1_609' title='bbox 1454 5464 1686 5503; x_wconf 88' lang='lat' dir='ltr'>summo</span> <span class='ocrx_word' id='word_1_610' title='bbox 1718 5466 2006 5507; x_wconf 88' lang='lat' dir='ltr'>consensu</span> 
     </span>
    </p>
   </div>
   <div class='ocr_carea' id='block_1_89' title="bbox 361 5513 1012 5586">
    <p class='ocr_par' dir='ltr' id='par_1_89' title="bbox 361 5513 1012 5586">
     <span class='ocr_line' id='line_1_89' title="bbox 361 5513 1012 5586; baseline 0.002 -16"><span class='ocrx_word' id='word_1_611' title='bbox 361 5513 695 5586; x_wconf 76' lang='lat' dir='ltr'>repudiarit,</span> <span class='ocrx_word' id='word_1_612' title='bbox 725 5519 909 5585; x_wconf 78' lang='lat' dir='ltr'>aptare</span> <span class='ocrx_word' id='word_1_613' title='bbox 937 5533 1012 5573; x_wconf 80' lang='lat' dir='ltr'>se.</span> 
     </span>
    </p>
   </div>
   <div class='ocr_carea' id='block_1_90' title="bbox 433 5585 2007 5663">
    <p class='ocr_par' dir='ltr' id='par_1_90' title="bbox 433 5585 2007 5663">
     <span class='ocr_line' id='line_1_90' title="bbox 433 5585 2007 5663; baseline 0.005 -21"><span class='ocrx_word' id='word_1_614' title='bbox 433 5585 547 5660; x_wconf 82' lang='lat' dir='ltr'>(l3)</span> <span class='ocrx_word' id='word_1_615' title='bbox 579 5585 666 5644; x_wconf 88' lang='lat' dir='ltr'>Ita</span> <span class='ocrx_word' id='word_1_616' title='bbox 715 5603 859 5644; x_wconf 87' lang='lat' dir='ltr'>mss.</span> <span class='ocrx_word' id='word_1_617' title='bbox 921 5588 1058 5644; x_wconf 88' lang='lat' dir='ltr'>edit.</span> <span class='ocrx_word' id='word_1_618' title='bbox 1091 5605 1123 5644; x_wconf 92' lang='lat' dir='ltr'>e</span> <span class='ocrx_word' id='word_1_619' title='bbox 1171 5589 1480 5658; x_wconf 89' lang='lat' dir='ltr'>contrario,</span> <span class='ocrx_word' id='word_1_620' title='bbox 1512 5592 1610 5663; x_wconf 84' lang='lat' dir='ltr'>qui</span> <span class='ocrx_word' id='word_1_621' title='bbox 1666 5593 2007 5651; x_wconf 82' lang='lat' dir='ltr'>tractandam</span> 
     </span>
    </p>
   </div>
   <div class='ocr_carea' id='block_1_91' title="bbox 2100 3275 3747 3351">
    <p class='ocr_par' dir='ltr' id='par_1_91' title="bbox 2100 3275 3747 3351">
     <span class='ocr_line' id='line_1_91' title="bbox 2100 3275 3747 3351; baseline 0.002 -22"><span class='ocrx_word' id='word_1_622' title='bbox 2100 3275 2262 3330; x_wconf 90' lang='lat' dir='ltr'>Tunc</span> <span class='ocrx_word' id='word_1_623' title='bbox 2291 3291 2353 3330; x_wconf 89' lang='lat' dir='ltr'>se</span> <span class='ocrx_word' id='word_1_624' title='bbox 2384 3275 2633 3331; x_wconf 89' lang='lat' dir='ltr'>missum</span> <span class='ocrx_word' id='word_1_625' title='bbox 2656 3294 2689 3332; x_wconf 90' lang='lat' dir='ltr'>a</span> <span class='ocrx_word' id='word_1_626' title='bbox 2709 3277 2943 3333; x_wconf 90' lang='lat' dir='ltr'>Justina</span> <span class='ocrx_word' id='word_1_627' title='bbox 2971 3283 3283 3351; x_wconf 90' lang='lat' dir='ltr'>postquam</span> <span class='ocrx_word' id='word_1_628' title='bbox 3307 3279 3611 3335; x_wconf 88' lang='lat' dir='ltr'>confessus</span> <span class='ocrx_word' id='word_1_629' title='bbox 3641 3282 3747 3348; x_wconf 87' lang='lat' dir='ltr'>est,</span> 
     </span>
    </p>
   </div>
   <div class='ocr_carea' id='block_1_92' title="bbox 2100 3363 3750 3441">
    <p class='ocr_par' dir='ltr' id='par_1_92' title="bbox 2100 3363 3750 3441">
     <span class='ocr_line' id='line_1_92' title="bbox 2100 3363 3750 3441; baseline 0.003 -23"><span class='ocrx_word' id='word_1_630' title='bbox 2100 3363 2405 3419; x_wconf 89' lang='lat' dir='ltr'>brachium</span> <span class='ocrx_word' id='word_1_631' title='bbox 2437 3366 2588 3436; x_wconf 91' lang='lat' dir='ltr'>quod</span> <span class='ocrx_word' id='word_1_632' title='bbox 2623 3365 2822 3438; x_wconf 90' lang='lat' dir='ltr'>inique</span> <span class='ocrx_word' id='word_1_633' title='bbox 2853 3382 2986 3422; x_wconf 92' lang='lat' dir='ltr'>cum</span> <span class='ocrx_word' id='word_1_634' title='bbox 3019 3367 3446 3436; x_wconf 87' lang='lat' dir='ltr'>extenderetur,</span> <span class='ocrx_word' id='word_1_635' title='bbox 3479 3367 3750 3441; x_wconf 87' lang='lat' dir='ltr'>obrigue-</span> 
     </span>
    </p>
   </div>
   <div class='ocr_carea' id='block_1_93' title="bbox 2102 3455 3052 3518">
    <p class='ocr_par' dir='ltr' id='par_1_93' title="bbox 2102 3455 3052 3518">
     <span class='ocr_line' id='line_1_93' title="bbox 2102 3455 3052 3518; baseline 0.005 -11"><span class='ocrx_word' id='word_1_636' title='bbox 2102 3457 2212 3518; x_wconf 90' lang='lat' dir='ltr'>rat,</span> <span class='ocrx_word' id='word_1_637' title='bbox 2245 3458 2516 3508; x_wconf 89' lang='lat' dir='ltr'>sanatum</span> <span class='ocrx_word' id='word_1_638' title='bbox 2551 3459 2640 3510; x_wconf 88' lang='lat' dir='ltr'>est</span> <span class='ocrx_word' id='word_1_639' title='bbox 2670 3455 3052 3512; x_wconf 82' lang='lat' dir='ltr'>confessione.</span> 
     </span>
    </p>
   </div>
   <div class='ocr_carea' id='block_1_94' title="bbox 2171 3542 3751 3616">
    <p class='ocr_par' dir='ltr' id='par_1_94' title="bbox 2171 3542 3751 3616">
     <span class='ocr_line' id='line_1_94' title="bbox 2171 3542 3751 3616; baseline 0.003 -20"><span class='ocrx_word' id='word_1_640' title='bbox 2171 3544 2260 3596; x_wconf 86' lang='grc'>21.</span> <span class='ocrx_word' id='word_1_641' title='bbox 2295 3542 2582 3599; x_wconf 87' lang='lat' dir='ltr'>Periclem</span> <span class='ocrx_word' id='word_1_642' title='bbox 2638 3547 2870 3616; x_wconf 83' lang='lat' dir='ltr'>tempus</span> <span class='ocrx_word' id='word_1_643' title='bbox 2901 3560 3035 3599; x_wconf 91' lang='lat' dir='ltr'>cum</span> <span class='ocrx_word' id='word_1_644' title='bbox 3084 3544 3173 3598; x_wconf 92' lang='lat' dir='ltr'>vir</span> <span class='ocrx_word' id='word_1_645' title='bbox 3229 3543 3476 3600; x_wconf 86' lang='lat' dir='ltr'>illustris</span> <span class='ocrx_word' id='word_1_646' title='bbox 3527 3544 3751 3600; x_wconf 90' lang='lat' dir='ltr'>Probus</span> 
     </span>
    </p>
   </div>
   <div class='ocr_carea' id='block_1_95' title="bbox 2103 3632 3750 3706">
    <p class='ocr_par' dir='ltr' id='par_1_95' title="bbox 2103 3632 3750 3706">
     <span class='ocr_line' id='line_1_95' title="bbox 2103 3632 3750 3706; baseline 0.002 -21"><span class='ocrx_word' id='word_1_647' title='bbox 2103 3647 2348 3702; x_wconf 88' lang='lat' dir='ltr'>puerum</span> <span class='ocrx_word' id='word_1_648' title='bbox 2407 3649 2580 3687; x_wconf 89' lang='lat' dir='ltr'>suum</span> <span class='ocrx_word' id='word_1_649' title='bbox 2644 3632 2956 3701; x_wconf 90' lang='lat' dir='ltr'>notarium,</span> <span class='ocrx_word' id='word_1_650' title='bbox 3018 3633 3116 3705; x_wconf 90' lang='lat' dir='ltr'>qui</span> <span class='ocrx_word' id='word_1_651' title='bbox 3175 3634 3384 3706; x_wconf 89' lang='lat' dir='ltr'>spiritu</span> <span class='ocrx_word' id='word_1_652' title='bbox 3445 3634 3750 3688; x_wconf 86' lang='lat' dir='ltr'>immundo</span> 
     </span>
    </p>
   </div>
   <div class='ocr_carea' id='block_1_96' title="bbox 2104 3720 3755 3795">
    <p class='ocr_par' dir='ltr' id='par_1_96' title="bbox 2104 3720 3755 3795">
     <span class='ocr_line' id='line_1_96' title="bbox 2104 3720 3755 3795; baseline 0.003 -22"><span class='ocrx_word' id='word_1_653' title='bbox 2104 3720 2355 3792; x_wconf 86' lang='lat' dir='ltr'>graviter</span> <span class='ocrx_word' id='word_1_654' title='bbox 2381 3722 2717 3790; x_wconf 90' lang='lat' dir='ltr'>vexabatur,</span> <span class='ocrx_word' id='word_1_655' title='bbox 2741 3722 3046 3778; x_wconf 88' lang='lat' dir='ltr'>direxisset</span> <span class='ocrx_word' id='word_1_656' title='bbox 3075 3723 3143 3777; x_wconf 90' lang='lat' dir='ltr'>ad</span> <span class='ocrx_word' id='word_1_657' title='bbox 3179 3723 3543 3795; x_wconf 89' lang='lat' dir='ltr'>episcopum,</span> <span class='ocrx_word' id='word_1_658' title='bbox 3567 3738 3755 3795; x_wconf 57' lang='lat' dir='ltr'>egreso</span> 
     </span>
    </p>
   </div>
   <div class='ocr_carea' id='block_1_97' title="bbox 2105 3809 3752 3874">
    <p class='ocr_par' dir='ltr' id='par_1_97' title="bbox 2105 3809 3752 3874">
     <span class='ocr_line' id='line_1_97' title="bbox 2105 3809 3752 3874; baseline 0.002 -10"><span class='ocrx_word' id='word_1_659' title='bbox 2105 3827 2235 3865; x_wconf 90' lang='lat' dir='ltr'>sum</span> <span class='ocrx_word' id='word_1_660' title='bbox 2268 3826 2335 3865; x_wconf 81' lang='lat' dir='ltr'>ex</span> <span class='ocrx_word' id='word_1_661' title='bbox 2365 3810 2509 3865; x_wconf 89' lang='lat' dir='ltr'>urbe</span> <span class='ocrx_word' id='word_1_662' title='bbox 2553 3810 2780 3865; x_wconf 90' lang='lat' dir='ltr'>dimisit</span> <span class='ocrx_word' id='word_1_663' title='bbox 2836 3809 3128 3874; x_wconf 89' lang='lat' dir='ltr'>diabolus,</span> <span class='ocrx_word' id='word_1_664' title='bbox 3161 3812 3376 3867; x_wconf 89' lang='lat' dir='ltr'>timens</span> <span class='ocrx_word' id='word_1_665' title='bbox 3429 3813 3501 3867; x_wconf 88' lang='lat' dir='ltr'>ad</span> <span class='ocrx_word' id='word_1_666' title='bbox 3559 3812 3752 3867; x_wconf 89' lang='lat' dir='ltr'>virum</span> 
     </span>
    </p>
   </div>
   <div class='ocr_carea' id='block_1_98' title="bbox 2105 3899 3756 3972">
    <p class='ocr_par' dir='ltr' id='par_1_98' title="bbox 2105 3899 3756 3972">
     <span class='ocr_line' id='line_1_98' title="bbox 2105 3899 3756 3972; baseline 0.001 -19"><span class='ocrx_word' id='word_1_667' title='bbox 2105 3903 2372 3954; x_wconf 87' lang='lat' dir='ltr'>sanctum</span> <span class='ocrx_word' id='word_1_668' title='bbox 2405 3899 2662 3972; x_wconf 90' lang='lat' dir='ltr'>perduci.</span> <span class='ocrx_word' id='word_1_669' title='bbox 2693 3901 2881 3972; x_wconf 90' lang='lat' dir='ltr'>Atque</span> <span class='ocrx_word' id='word_1_670' title='bbox 2926 3899 3004 3955; x_wconf 88' lang='lat' dir='ltr'>ita</span> <span class='ocrx_word' id='word_1_671' title='bbox 3053 3916 3198 3972; x_wconf 87' lang='lat' dir='ltr'>puer</span> <span class='ocrx_word' id='word_1_672' title='bbox 3229 3902 3487 3972; x_wconf 90' lang='lat' dir='ltr'>quandiu</span> <span class='ocrx_word' id='word_1_673' title='bbox 3531 3901 3756 3956; x_wconf 86' lang='lat' dir='ltr'>Medio-</span> 
     </span>
    </p>
   </div>
   <div class='ocr_carea' id='block_1_99' title="bbox 2102 3987 3755 4061">
    <p class='ocr_par' dir='ltr' id='par_1_99' title="bbox 2102 3987 3755 4061">
     <span class='ocr_line' id='line_1_99' title="bbox 2102 3987 3755 4061; baseline 0.001 -19"><span class='ocrx_word' id='word_1_674' title='bbox 2102 3987 2222 4042; x_wconf 89' lang='lat' dir='ltr'>lani</span> <span class='ocrx_word' id='word_1_675' title='bbox 2255 3989 2407 4060; x_wconf 89' lang='lat' dir='ltr'>apud</span> <span class='ocrx_word' id='word_1_676' title='bbox 2441 3988 2778 4061; x_wconf 80' lang='lat' dir='ltr'>epis00pum</span> <span class='ocrx_word' id='word_1_677' title='bbox 2834 3988 2958 4057; x_wconf 89' lang='lat' dir='ltr'>fuit,</span> <span class='ocrx_word' id='word_1_678' title='bbox 2995 3989 3156 4045; x_wconf 92' lang='lat' dir='ltr'>nulla</span> <span class='ocrx_word' id='word_1_679' title='bbox 3186 3990 3242 4043; x_wconf 90' lang='lat' dir='ltr'>in</span> <span class='ocrx_word' id='word_1_680' title='bbox 3277 3989 3374 4044; x_wconf 95' lang='lat' dir='ltr'>illo</span> <span class='ocrx_word' id='word_1_681' title='bbox 3410 3989 3623 4045; x_wconf 89' lang='lat' dir='ltr'>diaboli</span> <span class='ocrx_word' id='word_1_682' title='bbox 3655 3990 3755 4044; x_wconf 90' lang='lat' dir='ltr'>do-</span> 
     </span>
    </p>
   </div>
   <div class='ocr_carea' id='block_1_100' title="bbox 2105 4076 3757 4150">
    <p class='ocr_par' dir='ltr' id='par_1_100' title="bbox 2105 4076 3757 4150">
     <span class='ocr_line' id='line_1_100' title="bbox 2105 4076 3757 4150; baseline 0.001 -18"><span class='ocrx_word' id='word_1_683' title='bbox 2105 4076 2348 4132; x_wconf 89' lang='lat' dir='ltr'>minatio</span> <span class='ocrx_word' id='word_1_684' title='bbox 2379 4076 2650 4150; x_wconf 89' lang='lat' dir='ltr'>apparuit</span> <span class='ocrx_word' id='word_1_685' title='bbox 2679 4095 2690 4132; x_wconf 90' lang='lat'><strong>:</strong></span> <span class='ocrx_word' id='word_1_686' title='bbox 2725 4079 2824 4132; x_wconf 91' lang='lat' dir='ltr'>sed</span> <span class='ocrx_word' id='word_1_687' title='bbox 2859 4077 2954 4132; x_wconf 90' lang='lat' dir='ltr'>ubi</span> <span class='ocrx_word' id='word_1_688' title='bbox 2990 4093 3262 4150; x_wconf 87' lang='lat' dir='ltr'>egressus</span> <span class='ocrx_word' id='word_1_689' title='bbox 3292 4079 3616 4136; x_wconf 90' lang='lat' dir='ltr'>Mediolano</span> <span class='ocrx_word' id='word_1_690' title='bbox 3647 4082 3757 4144; x_wconf 88' lang='lat' dir='ltr'>est,</span> 
     </span>
    </p>
   </div>
   <div class='ocr_carea' id='block_1_101' title="bbox 2106 4165 3760 4240">
    <p class='ocr_par' dir='ltr' id='par_1_101' title="bbox 2106 4165 3760 4240">
     <span class='ocr_line' id='line_1_101' title="bbox 2106 4165 3760 4240; baseline 0 -18"><span class='ocrx_word' id='word_1_691' title='bbox 2106 4171 2162 4222; x_wconf 92' lang='lat' dir='ltr'>et</span> <span class='ocrx_word' id='word_1_692' title='bbox 2193 4183 2370 4238; x_wconf 91' lang='lat' dir='ltr'>prope</span> <span class='ocrx_word' id='word_1_693' title='bbox 2401 4166 2607 4221; x_wconf 89' lang='lat' dir='ltr'>urbem</span> <span class='ocrx_word' id='word_1_694' title='bbox 2659 4167 2940 4238; x_wconf 89' lang='lat' dir='ltr'>pervenit,</span> <span class='ocrx_word' id='word_1_695' title='bbox 2974 4165 3126 4222; x_wconf 76' lang='lat' dir='ltr'>idem</span> <span class='ocrx_word' id='word_1_696' title='bbox 3162 4167 3408 4240; x_wconf 87' lang='lat' dir='ltr'>spiritus</span> <span class='ocrx_word' id='word_1_697' title='bbox 3439 4167 3538 4239; x_wconf 91' lang='lat' dir='ltr'>qui</span> <span class='ocrx_word' id='word_1_698' title='bbox 3589 4167 3760 4223; x_wconf 90' lang='lat' dir='ltr'>illum</span> 
     </span>
    </p>
   </div>
   <div class='ocr_carea' id='block_1_102' title="bbox 2106 4254 3758 4328">
    <p class='ocr_par' dir='ltr' id='par_1_102' title="bbox 2106 4254 3758 4328">
     <span class='ocr_line' id='line_1_102' title="bbox 2106 4254 3758 4328; baseline -0.001 -18"><span class='ocrx_word' id='word_1_699' title='bbox 2106 4259 2277 4311; x_wconf 89' lang='lat' dir='ltr'>antea</span> <span class='ocrx_word' id='word_1_700' title='bbox 2306 4254 2612 4326; x_wconf 89' lang='lat' dir='ltr'>habuerat,</span> <span class='ocrx_word' id='word_1_701' title='bbox 2639 4271 2845 4311; x_wconf 84' lang='lat' dir='ltr'>vexare</span> <span class='ocrx_word' id='word_1_702' title='bbox 2876 4272 3012 4310; x_wconf 90' lang='lat' dir='ltr'>eum</span> <span class='ocrx_word' id='word_1_703' title='bbox 3052 4257 3243 4328; x_wconf 74' lang='lat' dir='ltr'>coepit.</span> <span class='ocrx_word' id='word_1_704' title='bbox 3268 4257 3374 4322; x_wconf 90' lang='lat' dir='ltr'>Qui</span> <span class='ocrx_word' id='word_1_705' title='bbox 3406 4273 3537 4311; x_wconf 87' lang='lat' dir='ltr'>cum</span> <span class='ocrx_word' id='word_1_706' title='bbox 3572 4255 3758 4311; x_wconf 88' lang='lat' dir='ltr'>inter-</span> 
     </span>
    </p>
   </div>
   <div class='ocr_carea' id='block_1_103' title="bbox 2107 4342 3755 4417">
    <p class='ocr_par' dir='ltr' id='par_1_103' title="bbox 2107 4342 3755 4417">
     <span class='ocr_line' id='line_1_103' title="bbox 2107 4342 3755 4417; baseline -0.002 -18"><span class='ocrx_word' id='word_1_707' title='bbox 2107 4347 2412 4415; x_wconf 88' lang='lat' dir='ltr'>rogaretur</span> <span class='ocrx_word' id='word_1_708' title='bbox 2467 4344 2538 4398; x_wconf 90' lang='lat' dir='ltr'>ab</span> <span class='ocrx_word' id='word_1_709' title='bbox 2596 4343 2898 4400; x_wconf 82' lang='lat' dir='ltr'>exorcistis</span> <span class='ocrx_word' id='word_1_710' title='bbox 2955 4361 3079 4413; x_wconf 89' lang='lat' dir='ltr'>cur,</span> <span class='ocrx_word' id='word_1_711' title='bbox 3127 4345 3384 4417; x_wconf 89' lang='lat' dir='ltr'>quandiu</span> <span class='ocrx_word' id='word_1_712' title='bbox 3445 4342 3755 4398; x_wconf 84' lang='lat' dir='ltr'>Mediolani</span> 
     </span>
    </p>
   </div>
   <div class='ocr_carea' id='block_1_104' title="bbox 2108 4431 3760 4506">
    <p class='ocr_par' dir='ltr' id='par_1_104' title="bbox 2108 4431 3760 4506">
     <span class='ocr_line' id='line_1_104' title="bbox 2108 4431 3760 4506; baseline -0.001 -19"><span class='ocrx_word' id='word_1_713' title='bbox 2108 4433 2336 4501; x_wconf 86' lang='lat' dir='ltr'>fuisset,</span> <span class='ocrx_word' id='word_1_714' title='bbox 2371 4449 2483 4488; x_wconf 91' lang='lat' dir='ltr'>non</span> <span class='ocrx_word' id='word_1_715' title='bbox 2519 4432 2576 4487; x_wconf 89' lang='lat' dir='ltr'>in</span> <span class='ocrx_word' id='word_1_716' title='bbox 2607 4431 2708 4488; x_wconf 92' lang='lat' dir='ltr'>illo</span> <span class='ocrx_word' id='word_1_717' title='bbox 2739 4434 3114 4506; x_wconf 89' lang='lat' dir='ltr'>apparuisset</span> <span class='ocrx_word' id='word_1_718' title='bbox 3145 4453 3158 4490; x_wconf 92' lang='lat'>:</span> <span class='ocrx_word' id='word_1_719' title='bbox 3193 4434 3493 4490; x_wconf 89' lang='lat' dir='ltr'>confessus</span> <span class='ocrx_word' id='word_1_720' title='bbox 3521 4435 3612 4487; x_wconf 91' lang='lat' dir='ltr'>est</span> <span class='ocrx_word' id='word_1_721' title='bbox 3637 4431 3760 4486; x_wconf 88' lang='lat' dir='ltr'>dia-</span> 
     </span>
    </p>
   </div>
   <div class='ocr_carea' id='block_1_105' title="bbox 2032 4519 3760 4604">
    <p class='ocr_par' dir='ltr' id='par_1_105' title="bbox 2032 4519 3760 4604">
     <span class='ocr_line' id='line_1_105' title="bbox 2032 4519 3760 4604; baseline -0.001 -27"><span class='ocrx_word' id='word_1_722' title='bbox 2032 4540 2076 4604; x_wconf 80' lang='lat' dir='ltr'>D</span> <span class='ocrx_word' id='word_1_723' title='bbox 2109 4521 2279 4578; x_wconf 88' lang='lat' dir='ltr'>holus</span> <span class='ocrx_word' id='word_1_724' title='bbox 2307 4520 2576 4577; x_wconf 87' lang='lat' dir='ltr'>timuisse</span> <span class='ocrx_word' id='word_1_725' title='bbox 2625 4539 2686 4577; x_wconf 92' lang='lat' dir='ltr'>se</span> <span class='ocrx_word' id='word_1_726' title='bbox 2734 4522 3132 4590; x_wconf 90' lang='lat' dir='ltr'>Ambrosium,</span> <span class='ocrx_word' id='word_1_727' title='bbox 3166 4526 3222 4579; x_wconf 90' lang='lat' dir='ltr'>et</span> <span class='ocrx_word' id='word_1_728' title='bbox 3267 4521 3397 4578; x_wconf 91' lang='lat' dir='ltr'>ideo</span> <span class='ocrx_word' id='word_1_729' title='bbox 3447 4519 3760 4576; x_wconf 87' lang='lat' dir='ltr'>recessisse</span> 
     </span>
    </p>
   </div>
   <div class='ocr_carea' id='block_1_106' title="bbox 2109 4609 3759 4684">
    <p class='ocr_par' dir='ltr' id='par_1_106' title="bbox 2109 4609 3759 4684">
     <span class='ocr_line' id='line_1_106' title="bbox 2109 4609 3759 4684; baseline -0.002 -17"><span class='ocrx_word' id='word_1_730' title='bbox 2109 4612 2178 4667; x_wconf 91' lang='lat' dir='ltr'>ad</span> <span class='ocrx_word' id='word_1_731' title='bbox 2209 4615 2464 4683; x_wconf 89' lang='lat' dir='ltr'>tempus,</span> <span class='ocrx_word' id='word_1_732' title='bbox 2499 4615 2674 4682; x_wconf 89' lang='lat' dir='ltr'>atque</span> <span class='ocrx_word' id='word_1_733' title='bbox 2705 4615 3072 4684; x_wconf 84' lang='lat' dir='ltr'>exspectasse</span> <span class='ocrx_word' id='word_1_734' title='bbox 3123 4612 3181 4665; x_wconf 90' lang='lat' dir='ltr'>in</span> <span class='ocrx_word' id='word_1_735' title='bbox 3229 4609 3325 4664; x_wconf 92' lang='lat' dir='ltr'>illo</span> <span class='ocrx_word' id='word_1_736' title='bbox 3374 4610 3500 4665; x_wconf 91' lang='lat' dir='ltr'>loco</span> <span class='ocrx_word' id='word_1_737' title='bbox 3549 4609 3652 4665; x_wconf 90' lang='lat' dir='ltr'>ubi</span> <span class='ocrx_word' id='word_1_738' title='bbox 3685 4609 3759 4665; x_wconf 90' lang='lat' dir='ltr'>ab</span> 
     </span>
    </p>
   </div>
   <div class='ocr_carea' id='block_1_107' title="bbox 2109 4700 3757 4771">
    <p class='ocr_par' dir='ltr' id='par_1_107' title="bbox 2109 4700 3757 4771">
     <span class='ocr_line' id='line_1_107' title="bbox 2109 4700 3757 4771; baseline -0.001 -16"><span class='ocrx_word' id='word_1_739' title='bbox 2109 4700 2206 4756; x_wconf 90' lang='lat' dir='ltr'>illo</span> <span class='ocrx_word' id='word_1_740' title='bbox 2235 4704 2571 4766; x_wconf 89' lang='lat' dir='ltr'>recesserat,</span> <span class='ocrx_word' id='word_1_741' title='bbox 2605 4700 2788 4756; x_wconf 91' lang='lat' dir='ltr'>donec</span> <span class='ocrx_word' id='word_1_742' title='bbox 2819 4705 3238 4756; x_wconf 87' lang='lat' dir='ltr'>reverteretur:</span> <span class='ocrx_word' id='word_1_743' title='bbox 3269 4715 3384 4771; x_wconf 90' lang='lat' dir='ltr'>quo</span> <span class='ocrx_word' id='word_1_744' title='bbox 3416 4702 3757 4766; x_wconf 87' lang='lat' dir='ltr'>revertente,</span> 
     </span>
    </p>
   </div>
   <div class='ocr_carea' id='block_1_108' title="bbox 2108 4789 3141 4862">
    <p class='ocr_par' dir='ltr' id='par_1_108' title="bbox 2108 4789 3141 4862">
     <span class='ocr_line' id='line_1_108' title="bbox 2108 4789 3141 4862; baseline -0.001 -18"><span class='ocrx_word' id='word_1_745' title='bbox 2108 4806 2210 4844; x_wconf 90' lang='lat' dir='ltr'>vas</span> <span class='ocrx_word' id='word_1_746' title='bbox 2242 4789 2396 4861; x_wconf 92' lang='lat' dir='ltr'>quod</span> <span class='ocrx_word' id='word_1_747' title='bbox 2429 4789 2786 4857; x_wconf 87' lang='lat' dir='ltr'>deseruerat,</span> <span class='ocrx_word' id='word_1_748' title='bbox 2818 4789 3141 4862; x_wconf 87' lang='lat' dir='ltr'>repetisset.</span> 
     </span>
    </p>
   </div>
   <div class='ocr_carea' id='block_1_109' title="bbox 2178 4877 3759 4950">
    <p class='ocr_par' dir='ltr' id='par_1_109' title="bbox 2178 4877 3759 4950">
     <span class='ocr_line' id='line_1_109' title="bbox 2178 4877 3759 4950; baseline 0 -18"><span class='ocrx_word' id='word_1_749' title='bbox 2178 4881 2268 4933; x_wconf 88' lang='lat'>22.</span> <span class='ocrx_word' id='word_1_750' title='bbox 2301 4877 2601 4933; x_wconf 88' lang='lat' dir='ltr'>Exstincto</span> <span class='ocrx_word' id='word_1_751' title='bbox 2631 4877 2903 4943; x_wconf 86' lang='lat' dir='ltr'>Maximo,</span> <span class='ocrx_word' id='word_1_752' title='bbox 2935 4877 3124 4950; x_wconf 89' lang='lat' dir='ltr'>posito</span> <span class='ocrx_word' id='word_1_753' title='bbox 3156 4877 3486 4934; x_wconf 88' lang='lat' dir='ltr'>Theodosio</span> <span class='ocrx_word' id='word_1_754' title='bbox 3517 4877 3759 4950; x_wconf 89' lang='lat' dir='ltr'>impera-</span> 
     </span>
    </p>
   </div>
   <div class='ocr_carea' id='block_1_110' title="bbox 2111 4965 3761 5041">
    <p class='ocr_par' dir='ltr' id='par_1_110' title="bbox 2111 4965 3761 5041">
     <span class='ocr_line' id='line_1_110' title="bbox 2111 4965 3761 5041; baseline -0.002 -18"><span class='ocrx_word' id='word_1_755' title='bbox 2111 4971 2234 5023; x_wconf 88' lang='lat' dir='ltr'>tore</span> <span class='ocrx_word' id='word_1_756' title='bbox 2264 4965 2593 5034; x_wconf 89' lang='lat' dir='ltr'>Mediolani,</span> <span class='ocrx_word' id='word_1_757' title='bbox 2619 4967 2928 5024; x_wconf 79' lang='lat' dir='ltr'>Ambrosio</span> <span class='ocrx_word' id='word_1_758' title='bbox 2957 4983 3090 5022; x_wconf 91' lang='lat' dir='ltr'>vero</span> <span class='ocrx_word' id='word_1_759' title='bbox 3139 4967 3412 5041; x_wconf 88' lang='lat' dir='ltr'>episcopo</span> <span class='ocrx_word' id='word_1_760' title='bbox 3444 4966 3761 5024; x_wconf 90' lang='lat' dir='ltr'>constituto</span> 
     </span>
    </p>
   </div>
   <div class='ocr_carea' id='block_1_111' title="bbox 2112 5053 3761 5130">
    <p class='ocr_par' dir='ltr' id='par_1_111' title="bbox 2112 5053 3761 5130">
     <span class='ocr_line' id='line_1_111' title="bbox 2112 5053 3761 5130; baseline -0.001 -18"><span class='ocrx_word' id='word_1_761' title='bbox 2112 5056 2404 5130; x_wconf 86' lang='lat' dir='ltr'>Aquileiae,</span> <span class='ocrx_word' id='word_1_762' title='bbox 2436 5056 2496 5111; x_wconf 93' lang='lat' dir='ltr'>in</span> <span class='ocrx_word' id='word_1_763' title='bbox 2549 5056 2814 5129; x_wconf 89' lang='lat' dir='ltr'>partibus</span> <span class='ocrx_word' id='word_1_764' title='bbox 2845 5057 3100 5114; x_wconf 91' lang='lat' dir='ltr'>Orientis</span> <span class='ocrx_word' id='word_1_765' title='bbox 3130 5057 3191 5112; x_wconf 89' lang='lat' dir='ltr'>in</span> <span class='ocrx_word' id='word_1_766' title='bbox 3223 5058 3475 5130; x_wconf 89' lang='lat' dir='ltr'>quodam</span> <span class='ocrx_word' id='word_1_767' title='bbox 3526 5053 3761 5112; x_wconf 90' lang='lat' dir='ltr'>castello</span> 
     </span>
    </p>
   </div>
   <div class='ocr_carea' id='block_1_112' title="bbox 2113 5142 3762 5220">
    <p class='ocr_par' dir='ltr' id='par_1_112' title="bbox 2113 5142 3762 5220">
     <span class='ocr_line' id='line_1_112' title="bbox 2113 5142 3762 5220; baseline -0.002 -18"><span class='ocrx_word' id='word_1_768' title='bbox 2113 5165 2148 5202; x_wconf 92' lang='lat' dir='ltr'>a</span> <span class='ocrx_word' id='word_1_769' title='bbox 2205 5145 2551 5202; x_wconf 89' lang='lat' dir='ltr'>Christianis</span> <span class='ocrx_word' id='word_1_770' title='bbox 2604 5145 2746 5201; x_wconf 88' lang='lat' dir='ltr'>viris</span> <span class='ocrx_word' id='word_1_771' title='bbox 2805 5162 3106 5220; x_wconf 81' lang='lat' dir='ltr'>synagoga</span> <span class='ocrx_word' id='word_1_772' title='bbox 3161 5147 3498 5204; x_wconf 77' lang='lat' dir='ltr'>Judaaorum</span> <span class='ocrx_word' id='word_1_773' title='bbox 3555 5149 3612 5202; x_wconf 89' lang='lat' dir='ltr'>et</span> <span class='ocrx_word' id='word_1_774' title='bbox 3665 5142 3762 5199; x_wconf 86' lang='lat' dir='ltr'>lu-</span> 
     </span>
    </p>
   </div>
   <div class='ocr_carea' id='block_1_113' title="bbox 2115 5233 3759 5301">
    <p class='ocr_par' dir='ltr' id='par_1_113' title="bbox 2115 5233 3759 5301">
     <span class='ocr_line' id='line_1_113' title="bbox 2115 5233 3759 5301; baseline -0.002 -9"><span class='ocrx_word' id='word_1_775' title='bbox 2115 5253 2218 5292; x_wconf 90' lang='lat' dir='ltr'>cus</span> <span class='ocrx_word' id='word_1_776' title='bbox 2247 5234 2791 5292; x_wconf 87' lang='lat' dir='ltr'>Valentinianorum</span> <span class='ocrx_word' id='word_1_777' title='bbox 2832 5233 3105 5292; x_wconf 89' lang='lat' dir='ltr'>incendio</span> <span class='ocrx_word' id='word_1_778' title='bbox 3178 5240 3550 5293; x_wconf 89' lang='lat' dir='ltr'>concremata</span> <span class='ocrx_word' id='word_1_779' title='bbox 3595 5239 3759 5301; x_wconf 79' lang='lat' dir='ltr'>sunt,</span> 
     </span>
    </p>
   </div>
   <div class='ocr_carea' id='block_1_114' title="bbox 2116 5383 2508 5454">
    <p class='ocr_par' dir='ltr' id='par_1_114' title="bbox 2116 5383 2508 5454">
     <span class='ocr_line' id='line_1_114' title="bbox 2116 5383 2508 5454; baseline -0.01 -17"><span class='ocrx_word' id='word_1_780' title='bbox 2116 5383 2378 5454; x_wconf 80' lang='lat' dir='ltr'>episcopo,</span> <span class='ocrx_word' id='word_1_781' title='bbox 2410 5383 2508 5434; x_wconf 80' lang='lat' dir='ltr'>etc.</span> 
     </span>
    </p>
   </div>
   <div class='ocr_carea' id='block_1_115' title="bbox 2187 5448 3762 5524">
    <p class='ocr_par' dir='ltr' id='par_1_115' title="bbox 2187 5448 3762 5524">
     <span class='ocr_line' id='line_1_115' title="bbox 2187 5448 3762 5524; baseline -0.003 -17"><span class='ocrx_word' id='word_1_782' title='bbox 2187 5448 2300 5524; x_wconf 83' lang='grc'>(14)</span> <span class='ocrx_word' id='word_1_783' title='bbox 2333 5451 2550 5506; x_wconf 90' lang='lat' dir='ltr'>Omnes</span> <span class='ocrx_word' id='word_1_784' title='bbox 2579 5448 2744 5524; x_wconf 84' lang='lat' dir='ltr'>edit.,</span> <span class='ocrx_word' id='word_1_785' title='bbox 2765 5465 2822 5505; x_wconf 83' lang='lat' dir='ltr'>se</span> <span class='ocrx_word' id='word_1_786' title='bbox 2850 5450 3168 5522; x_wconf 72' lang='lat' dir='ltr'>reipublicae</span> <span class='ocrx_word' id='word_1_787' title='bbox 3195 5451 3417 5506; x_wconf 85' lang='lat' dir='ltr'>nomine</span> <span class='ocrx_word' id='word_1_788' title='bbox 3440 5449 3762 5521; x_wconf 77' lang='lat' dir='ltr'>praefuisse;</span> 
     </span>
    </p>
   </div>
   <div class='ocr_carea' id='block_1_116' title="bbox 2117 5522 3013 5580">
    <p class='ocr_par' dir='ltr' id='par_1_116' title="bbox 2117 5522 3013 5580">
     <span class='ocr_line' id='line_1_116' title="bbox 2117 5522 3013 5580; baseline -0.006 0"><span class='ocrx_word' id='word_1_789' title='bbox 2117 5522 2324 5580; x_wconf 87' lang='lat' dir='ltr'>omnes</span> <span class='ocrx_word' id='word_1_790' title='bbox 2356 5538 2499 5577; x_wconf 85' lang='lat' dir='ltr'>mss.</span> <span class='ocrx_word' id='word_1_791' title='bbox 2535 5525 2599 5576; x_wconf 89' lang='lat' dir='ltr'>ut</span> <span class='ocrx_word' id='word_1_792' title='bbox 2628 5522 2686 5575; x_wconf 88' lang='lat' dir='ltr'>in</span> <span class='ocrx_word' id='word_1_793' title='bbox 2720 5526 3013 5577; x_wconf 89' lang='lat' dir='ltr'>contextu.</span> 
     </span>
    </p>
   </div>
   <div class='ocr_carea' id='block_1_117' title="bbox 2187 5593 3556 5670">
    <p class='ocr_par' dir='ltr' id='par_1_117' title="bbox 2187 5593 3556 5670">
     <span class='ocr_line' id='line_1_117' title="bbox 2187 5593 3556 5670; baseline -0.001 -20"><span class='ocrx_word' id='word_1_794' title='bbox 2187 5596 2299 5670; x_wconf 78' lang='grc'>(15)</span> <span class='ocrx_word' id='word_1_795' title='bbox 2333 5593 2470 5650; x_wconf 85' lang='lat' dir='ltr'>Mss.</span> <span class='ocrx_word' id='word_1_796' title='bbox 2504 5593 2794 5662; x_wconf 88' lang='lat' dir='ltr'>nonnulli,</span> <span class='ocrx_word' id='word_1_797' title='bbox 2825 5593 2917 5649; x_wconf 86' lang='lat' dir='ltr'>sed</span> <span class='ocrx_word' id='word_1_798' title='bbox 2938 5607 3097 5664; x_wconf 86' lang='lat' dir='ltr'>opere</span> <span class='ocrx_word' id='word_1_799' title='bbox 3124 5593 3556 5649; x_wconf 79' lang='lat' dir='ltr'>crudelissimus.</span> 
     </span>
    </p>
   </div>
  </div>
