4122 6186
349 352 431 411 37
1355 349 1722 408 AUCTOItl‘.‘
1768 345 2129 411 PAULINO,
2179 342 2368 406 EJUS
2414 347 2780 407 NO’I‘ARIO.
3689 358 3768 417 33

349 487 667 558 propterea
696 483 852 554 quod
885 481 1070 538 Judaai
1105 480 1192 537 vel
1223 481 1612 536 Valentiniani
1668 480 2009 533 ἥτιςιιὶξςλιηηιτ
2045 480 2096 543 Α
2135 477 2344 531 Γειέῖυτη
2393 480 2483 531 n‘ni
2521 483 2788 550 cognovit
2833 484 3124 553 sacerdos,
3159 487 3384 558 copiam
3432 487 3769 560 imperatori

355 572 666 630 monachis
688 571 1058 639 Christianis;
1077 569 1623 627 Valentinianorum
1645 569 1802 625 enim
1827 567 2011 624 haere-
2125 565 2485 638 ingrediendi
2517 569 2820 626 ecclesiam
2851 571 3183 647 denegavit:
3206 591 3309 632 nec
3342 577 3503 648 prius
3525 578 3769 651 dignum

363 664 454 720 sis
471 661 868 736 trigintadeos
888 661 1163 717 colit.Sed
1191 659 1624 730 dehujusmodi
1651 660 1797 716 facto
1819 674 2014 715 comes
2117 654 2405 725 jm‘licavit
2437 662 2583 713 cmtu
2619 659 2905 728 Ecclesiae,
2938 662 3024 719 vel
3064 671 3560 723 sacramentorum
3611 686 3770 726 com-

362 753 623 809 Orienlis
651 751 723 807 ad
754 750 1168 824 imperatorem
1221 748 1561 806 relationem
1607 748 1818 804 direxit
1851 766 1862 803 :
1900 764 2018 820 qua
2129 744 2428 813 munione,
2452 763 2628 818 quam
2660 749 2955 820 publicam
2989 759 3183 826 ageret
3213 757 3632 828 pmnitentiam.
3666 759 3772 817 Cui

367 845 622 913 accepta,
645 839 964 913 imperator
992 844 1343 912 praeceperat
1373 843 1435 894 ut
1466 853 1759 912 synagoga
1787 837 1860 893 ab
1889 837 2016 910 epi-
2128 833 2445 906 imperator
2475 841 2673 892 contra
2695 840 2992 896 asserebat
3017 843 3195 898 David
3221 845 3574 904 adulterium
3598 848 3775 904 simul

369 947 545 1004 scopo
592 929 704 985 loci
759 929 1230 997 reasdificaretur,
1261 927 1316 982 in
1353 927 1672 982 monachos
1711 943 1844 982 vero
1893 926 2017 981 vin-
2129 928 2184 979 et
2234 923 2613 980 homicidium
2646 933 3030 1000 perpetrasse.
3065 933 3174 987 Sed
3225 951 3570 1006 responsum
3622 937 3774 997 illico

365 1021 682 1075 dicaretur.
713 1019 824 1076 Sed
870 1019 1050 1090 hujus
1085 1015 1354 1090 praecepti
1386 1021 1554 1072 tenor
1582 1033 1712 1072 cum
1745 1016 1815 1071 ad
1849 1033 2021 1072 aures

360 1107 728 1182 pervenisset
785 1105 1134 1163 venerabilis
1201 1105 1310 1160 viri
1384 1105 1678 1160 Ambrosii
1745 1104 2021 1177 episc0pi,

361 1196 583 1252 direxit
613 1197 684 1252 ad
729 1196 1138 1270 imperatorem
1169 1193 1479 1268 epistolam
1514 1194 1704 1266 (epist.
1747 1195 1854 1266 40),
1889 1194 2029 1266 quia

365 1286 500 1358 ipse
533 1285 591 1341 in
623 1290 883 1358 tempore
914 1299 1216 1341 excurrere
1264 1299 1379 1340 non
1433 1285 1678 1356 poterat,
1713 1299 1830 1354 qua
1857 1281 2028 1338 illum

362 1376 661 1442 convenit,
691 1379 756 1430 ut
804 1375 862 1430 id
915 1376 1070 1447 quod
1121 1374 1192 1430 ab
1240 1373 1445 1430 eodem
1491 1376 1776 1428 statutum
1816 1373 2028 1441 fuerat,

371 1470 760 1534 revocaretur,
797 1465 1131 1538 servarique
1162 1463 1273 1519 sibi
1317 1463 1526 1518 debere
1557 1464 1628 1518 ab
1680 1481 1747 1520 eo
1791 1466 2030 1522 audien-

373 1554 681 1628 tiam,quia
708 1553 756 1610 si
788 1554 1002 1627 dignus
1029 1571 1145 1609 non
1167 1556 1323 1612 esset
1342 1553 1443 1624 qui
1500 1554 1571 1612 ab
1592 1553 1690 1611 illo
1711 1559 2031 1629 audiretur,

362 1643 588 1715 dignus
648 1642 823 1699 etiam
873 1659 989 1698 non
1039 1648 1194 1699 esset
1239 1644 1334 1715 qui
1395 1662 1498 1716 pro
1559 1645 1653 1702 illo
1705 1665 1739 1703 a
1786 1647 2033 1703 Domino

362 1733 695 1799 audiretur,
719 1732 801 1789 vel
828 1732 919 1787 cui
959 1749 1098 1788 suas
1125 1738 1456 1805 preces,aut
1477 1735 1567 1790 cui
1593 1752 1702 1790 sua
1722 1741 1852 1792 vota
1875 1753 2034 1791 com-

2133 1016 2220 1068 est
2254 1031 2265 1069 :
2304 1013 2409 1081 Qui
2437 1023 2647 1070 secutus
2698 1033 2751 1072 es
2799 1027 3095 1089 errantem,
3127 1038 3351 1094 sequere
3394 1029 3776 1097 corrigentem.

2136 1103 2295 1166 Quod
2349 1103 2446 1158 ubi
2499 1104 2719 1160 audivit
2770 1106 3655 1187 clementissimusimperator,
3702 1117 3782 1174 ita

2138 1193 2394 1264 suscepit
2425 1193 2642 1264 animo,
2676 1199 2738 1249 ut
2770 1195 3062 1267 publicam
3095 1201 3493 1270 pmnitcntiam
3530 1224 3643 1262 non
3679 1209 3782 1264 ab-

2138 1280 2399 1336 horreret
2435 1299 2446 1336 :
2481 1285 2649 1355 cujus
2699 1285 3072 1342 correctionis
3120 1291 3410 1360 profectus
3459 1297 3781 1353 secundam

2142 1369 2226 1424 illi
2259 1371 2481 1442 paravit
2508 1373 2830 1429 victoriam.

2212 1488 2302 1541 25.
2326 1487 2433 1543 Per
2463 1487 2614 1543 idem
2641 1494 2872 1562 tempus
2902 1491 3016 1546 duo
3053 1494 3441 1563 potentissimi
3467 1503 3524 1554 et
3552 1503 3782 1573 sapien-

2142 1575 2358 1631 tissimi
2391 1577 2493 1630 viri
2526 1577 2836 1633 Persarum
2869 1581 2940 1634 ad
2977 1584 3193 1637 tamam
3227 1585 3544 1642 sacerdotis
3581 1606 3786 1650 venere

2145 1664 2556 1730 Mediolanum,
2591 1667 2916 1724 deierantes
2946 1686 3147 1726 secum
3197 1672 3482 1743 plurimas
3513 1681 3785 1747 quaestio-

2145 1770 2269 1822 nes,
2305 1760 2368 1808 ut
2397 1771 2465 1809 ex
2495 1754 2585 1810 his
2617 1757 2928 1826 probarent
2958 1760 3306 1830 sapientiam
3327 1763 3432 1818 viri
3467 1781 3480 1818 :
3515 1782 3649 1822 cum
3671 1785 3786 1840 quo

367 1823 638 1878 mitteret
671 1839 684 1877 ε
719 1822 1198 1922 ρεξτθῑυωξίίεξω
1231 1839 1448 1922 ἓθξδδθ
1498 1841 1601 1922 Pr?
1647 1825 1748 1880 ίὸῘί
1804 1826 2033 1922 ηιῗεοῂιίυ
2062 1857 2110 1922 Β
2144 1844 2216 1898 ab
2249 1842 2393 1897 hora
2421 1843 2534 1898 diei
2565 1822 2756 1915 prima
2785 1862 2972 1916 usque
3001 1822 3060 1901 in
3091 1847 3295 1906 horam
3331 1853 3558 1910 tertiam
3601 1822 3788 1916 noctis

368 1915 632 1967 mortem
665 1911 964 1979 subire,ne
985 1911 1459 1968 dissimulatione
1500 1913 1590 1968 sui
1630 1913 2029 1986 praevaricato-

368 2019 503 2058 rem
537 2002 752 2057 faceret
781 2001 1216 2075 imperatorem,
1251 2002 1348 2074 qui
1396 2006 1517 2058 tam
1571 2003 1790 2076 injusta
1830 2009 2033 2060 contra

375 2091 705 2148 Ecclesiam
737 2090 1126 2164 praecepisset.

445 2181 535 2236 23.
570 2180 776 2236 Postea
805 2195 939 2236 vero
971 2197 1146 2252 quam
1181 2179 1576 2238 Mediolanum
1622 2199 1888 2240 reversus
1918 2187 2029 2250 est,

371 2272 566 2344 posito
622 2270 977 2343 imperatore
1039 2269 1096 2324 in
1159 2269 1422 2340 ecclesia,
1474 2272 1545 2327 de
1591 2272 1795 2329 eadem
1853 2290 2032 2328 causa

371 2360 653 2416 tractavit
711 2358 768 2414 in
820 2358 1055 2431 populo.
1107 2359 1170 2414 In
1227 2376 1343 2432 quo
1401 2365 1650 2416 tractatu
1708 2361 2031 2418 introduxit

367 2449 619 2506 Domini
651 2465 952 2520 personam
985 2447 1280 2520 loquentis
1311 2448 1648 2522 imperatori
1681 2467 1694 2506 ε
1729 2451 1847 2523 Ego
1877 2457 1932 2506 te
1961 2468 2030 2508 ex

371 2538 592 2594 ultimo
623 2537 1032 2610 imperatorem
1065 2538 1193 2606 feci,
1248 2555 1354 2610 ego
1387 2538 1491 2594 tibi
1545 2539 1863 2596 exercitum
1913 2540 2028 2595 ini-

371 2629 516 2683 mici
547 2627 631 2683 tui
668 2627 900 2692 tradidi,
935 2643 1041 2699 ego
1090 2626 1196 2682 tibi
1245 2627 1444 2700 cepias
1492 2645 1639 2700 quas
1687 2628 1782 2685 ille
1826 2630 2026 2686 adver-

373 2734 513 2774 sum
543 2721 600 2772 te
628 2716 903 2772 exercitui
936 2733 1042 2771 suo
1068 2718 1645 2789 prmparaverat,dedi
1668 2734 1808 2792 ;cgo
1830 2718 2028 2774 inimi-

373 2823 514 2862 cum
545 2811 709 2862 tuum
735 2805 796 2860 in
819 2809 1160 2876 potestatem
1187 2811 1346 2860 tuam
1372 2806 1696 2880 redegi,ego
1719 2808 1788 2863 de
1805 2807 2029 2864 semine

375 2900 482 2951 tuo
532 2911 712 2967 supra
758 2893 974 2950 solium
1029 2894 1190 2967 regni
1239 2895 1539 2961 constitui,
1572 2912 1678 2968 ego
1727 2901 1783 2952 te
1827 2897 2029 2952 trium-

377 2984 561 3057 phare
590 2983 716 3039 sine
745 2983 945 3039 labore
978 2983 1083 3039 feci
1120 3001 1133 3038 :
1167 2988 1223 3040 et
1255 2989 1314 3040 tu
1345 2985 1416 3040 de
1448 3001 1540 3039 me
1580 2984 1835 3041 inimicis
1883 2986 2030 3042 meis

379 3074 566 3129 donas
584 3071 946 3144 triumphos!
974 3071 1074 3127 Cui
1093 3072 1468 3128 descendenti
1490 3073 1560 3128 de
1580 3073 1832 3130 exhedra
1851 3073 2030 3146 impe-

379 3168 544 3218 rator
563 3163 642 3217 ait
665 3179 678 3218 :
703 3161 916 3217 Contra
939 3178 1044 3217 nos
1067 3161 1422 3234 proposuisti
1447 3162 1934 3236 hodie,epi500pe.
1955 3168 2030 3218 At

2143 1948 2245 2004 per
2265 1932 2636 2004 interpretem
2670 1933 3138 2005 disputaverunt,
3163 1938 3642 2016 admirantesque
3667 1947 3788 2004 dis-

2140 2027 2441 2076 cesserunt
2471 2021 2542 2077 ab
2577 2038 2664 2077 eo.
2698 2023 2767 2076 Et
2800 2028 2862 2078 ut
2892 2040 2955 2079 se
2988 2027 3303 2096 probarent
3349 2047 3465 2086 non
3497 2033 3570 2088 ob
3614 2035 3789 2093 aliam

2140 2125 2381 2164 causam
2413 2110 2661 2174 venisse,
2697 2111 2808 2167 nisi
2863 2119 2926 2166 ut
2975 2121 3129 2170 certo
3177 2117 3396 2175 certius
3447 2133 3684 2180 nossent
3713 2126 3792 2181 vi-

2141 2215 2294 2266 rum,
2322 2216 2497 2270 quem
2531 2200 2686 2255 fama
2715 2209 3152 2274 compererant;
3183 2205 3296 2261 alia
3322 2208 3414 2264 die
3444 2210 3790 2271 valefacien-

2141 2293 2226 2343 tes
2267 2289 2624 2359 imperatori,
2660 2291 2897 2362 profecti
2956 2299 3097 2347 sunt
3144 2294 3216 2349 ad
3265 2298 3470 2354 urbem
3520 2301 3787 2372 Romam,

2140 2377 2257 2432 illic
2290 2378 2546 2433 volentes
2605 2395 2954 2450 cognoscere
3008 2383 3326 2453 potentiam
3387 2387 3633 2448 illustris
3685 2392 3790 2448 viri

2138 2465 2330 2532 Probi,
2361 2484 2477 2537 qua
2509 2469 2762 2539 cognita,
2796 2470 2867 2523 ad
2902 2471 3137 2542 propria
3160 2484 3518 2533 remearunt.

2208 2593 2296 2645 26.
2331 2591 2440 2646 Sed
2483 2607 2716 2663 egresso
2761 2593 3089 2650 Theodosio
3120 2597 3190 2651 de
3224 2598 3390 2654 Italia
3419 2605 3475 2656 et
3505 2602 3791 2662 Constan-
3835 2581 3839 2588 Ι

2137 2679 2379 2750 tinopoli
2448 2680 2783 2748 constituto,
2844 2681 3251 2741 Valentiniano
3307 2689 3572 2760 Augusto
3637 2693 3792 2750 intra

2139 2767 2356 2824 Gallias
2387 2769 2595 2840 posito,
2629 2769 2850 2825 directa
2878 2769 3088 2842 legatio
3117 2772 3229 2845 (18)
3259 2779 3348 2831 est
3395 2777 3504 2834 sub
3553 2781 3789 2838 nomine

2139 2865 2376 2915 senatus
2426 2875 2460 2914 a
2495 2859 2842 2931 Symmacho
2874 2864 3013 2915 tunc
3044 2863 3312 2932 praefecto
3366 2867 3528 2923 urbis
3573 2869 3643 2925 de
3695 2887 3786 2927 re-

2140 2950 2389 3026 petenda
2418 2965 2519 3003 ara
2550 2947 2821 3004 Victorias
2843 2953 2900 3004 et
2919 2951 3257 3023 sumptibus
3288 2959 3788 3018 caeremoniarum.

2139 3041 2250 3096 Sed
2315 3039 2410 3094 ubi
2467 3037 2750 3109 comperit
2796 3039 3087 3106 sacerdos,
3121 3040 3304 3098 misso
3337 3043 3530 3104 libello
3562 3049 3630 3103 ad
3680 3049 3789 3106 im-

2139 3133 2464 3203 peratorem
2516 3126 2706 3199 (epist.
2753 3127 2818 3180 17
2864 3131 2920 3181 et
2968 3128 3077 3199 18),
3129 3130 3443 3201 postulavit
3493 3141 3556 3190 ut
3603 3139 3675 3193 ad
3728 3155 3788 3196 se

376 3213 2028 3325 Ξῇἐῖτὲἐρὸιῖἁὶἷιῖοῖι⁷⁷εὲ’ξςὲἐιὶιῖέίίῥξηὶῖιῖἐὲᾙῌιῐοτᾗ)ἔὸ
2060 3227 2103 3294 C
2142 3215 2463 3325 τθ¹⁸ίί⁰⁰ξῖ
2499 3213 2851 3315 θκθπξωθνίδ
2906 3215 3316 3325 dirigere“?
3357 3225 3600 3325 “quib”?
3663 3227 3791 3325 ῗυεθ

379 3340 567 3396 fuisse
596 3339 874 3396 locutum.
907 3341 1066 3395 Tunc
1097 3340 1414 3412 imperator
1446 3359 1458 3396 :
1495 3341 1575 3397 Re
1618 3358 1777 3411 vera,
1821 3342 2034 3414 inquit,

383 3429 533 3484 dure
555 3446 940 3502 praeceperam
964 3433 1166 3485 contra
1182 3429 1524 3502 episc0pum
1551 3431 1621 3487 de
1638 3447 1935 3504 synagoga
1956 3449 2038 3488 re-

377 3517 644 3590 paranda
671 3534 684 3574 :
712 3518 772 3573 in
805 3517 1123 3573 monachos
1157 3535 1287 3573 vero
1318 3517 1733 3576 vindicandum
1757 3522 2033 3593 esse(16).

379 3607 466 3662 Ita
497 3612 555 3662 et
592 3623 627 3661 a
658 3605 973 3662 comitibus
1003 3606 1102 3677 qui
1134 3606 1193 3662 in
1230 3611 1489 3679 tempore
1517 3608 1758 3664 aderant
1807 3611 2037 3667 diceba-

384 3700 503 3750 tur.
539 3695 763 3759 Quibus
812 3695 1123 3767 episcopus
1183 3712 1196 3748 :
1249 3696 1367 3768 Ego
1415 3695 1653 3768 quidem
1687 3715 1821 3754 cum
1852 3699 2036 3772 impe-

384 3787 582 3838 ratore
608 3799 764 3838 nunc
797 3800 926 3855 ago,
956 3783 1260 3839 vobiscum
1303 3801 1436 3840 vero
1486 3784 1628 3840 mihi
1661 3786 1830 3843 aliter
1861 3804 2040 3860 agen-

386 3873 534 3928 dum
584 3877 693 3928 est.
728 3874 912 3944 Atque
965 3873 1047 3927 ita
1089 3871 1336 3928 obtinuit
1384 3877 1448 3928 ut
1493 3873 1593 3930 illa
1643 3892 1769 3947 quas
1821 3881 2041 3934 statuta

384 3963 1100 4027 fuerant,revocarentur:
1135 3977 1241 4017 nec
1263 3963 1428 4034 prius
1449 3964 1521 4019 ad
1550 3963 1730 4021 altare
1770 3967 2040 4025 accedere

379 4049 590 4115 voluit,
622 4049 737 4104 nisi
766 4049 879 4104 fide
909 4066 1017 4105 sua
1043 4049 1362 4121 imperator
1405 4049 1573 4109 illum
1616 4069 1787 4126 agere
1833 4057 2042 4117 debere

378 4139 592 4206 voluit,
626 4137 738 4194 nisi
772 4138 884 4193 ﬁde
913 4155 1021 4194 sua
1051 4139 1367 4211 imperator
1413 4140 1583 4198 illum
1629 4161 1800 4216 agere
1829 4147 2039 4205 debere

377 4232 718 4284 testaretur.
753 4227 856 4282 Cui
896 4228 1206 4301 episcopus
1240 4245 1253 4285 :
1283 4231 1424 4299 Ergo
1472 4247 1571 4302 ago
1615 4233 1724 4303 ﬁde
1770 4243 1882 4291 tua.
1930 4238 2039 4294 Be-

379 4317 626 4390 spondit
663 4317 980 4389 imperator
1013 4319 1165 4388 :Age
1213 4317 1319 4389 ﬁde
1363 4335 1505 4376 mea.
1547 4321 1671 4384 Qua
1718 4326 2037 4396 sponsione

377 4404 610 4472 iterata,
629 4406 754 4477 jam
784 4422 1030 4463 securus
1059 4407 1286 4480 peregit
1305 4409 1576 4466 sacerdos
1597 4411 1795 4469 divina
1815 4420 2037 4487 myste-

379 4495 490 4550 ria.
527 4494 656 4549 Haec
686 4500 883 4550 autem
915 4495 1135 4568 scripta
1164 4501 1304 4551 sunt
1341 4497 1400 4553 in
1433 4498 1683 4570 epistola
1730 4518 1908 4573 quam
1960 4505 2034 4559 ad

2146 3325 2250 3381 pro
2281 3305 2547 3378 partibus
2579 3304 2701 3359 suis
2733 3321 3125 3376 responsurus
3157 3314 3327 3364 esset.
3353 3311 3477 3375 Qua
3512 3313 3792 3374 relatione

2146 3401 2400 3468 accepta,
2437 3393 2950 3466 praeclarissimum
3004 3395 3268 3453 libellum
3323 3403 3694 3476 conscripsit,
3727 3411 3794 3462 ut

2147 3491 2346 3542 contra
2377 3482 2521 3538 nihil
2555 3500 2816 3554 unquam
2866 3485 3108 3540 auderet
3136 3487 3524 3560 Symmachus
3554 3493 3642 3551 vir
3671 3495 3789 3552 elo-

2147 3573 2571 3647 quentissimus
2609 3573 2960 3643 respondere
2990 3590 3003 3628 :
3038 3575 3139 3629 sed
3186 3583 3497 3651 postquam
3530 3589 3791 3656 auguste

2148 3663 2442 3720 memoriae
2495 3660 2965 3717 Valentiniamus
3040 3663 3098 3718 in
3176 3665 3487 3724 Viennensi
3561 3673 3792 3730 civitate

2149 3755 2295 3826 (quae
2320 3755 2411 3807 est
2439 3749 2760 3806 Galliarum
2791 3749 3014 3822 civitas)
3041 3753 3218 3808 vitam
3253 3755 3463 3825 ﬁnivit;
3500 3760 3792 3834 Eugenius

2149 3841 2408 3913 suscepit
2454 3839 2788 3910 imperium,
2823 3840 2921 3910 qui
2955 3841 3053 3896 ubi
3094 3841 3382 3914 imperare
3427 3849 3617 3920 coepit,
3676 3869 3790 3907 non

2151 3931 2336 3988 multo
2368 3934 2518 4002 post,
2552 3928 2884 4000 petentibus
2932 3929 3204 3985 Flaviano
3255 3937 3392 3989 tunc
3440 3938 3704 4008 prisfecto
3736 3924 3818 3996 et,

2149 4023 2468 4093 Arbogaste
2499 4019 2728 4086 comite,
2759 4034 2918 4072 aram
2949 4018 3214 4076 Victoria
3263 4025 3320 4077 et
3366 4030 3638 4097 sumptus
3686 4045 3791 4084 caa-

2149 4110 2568 4177 remoniarum,
2605 4107 2758 4179 quod
2791 4106 3237 4165 Valentinianus
3275 4119 3534 4185 augustae
3567 4132 3787 4176 memo-

2149 4202 2246 4258 ria:
2277 4199 2468 4256 adhuc
2497 4197 2915 4268 injunioribus
2967 4199 3137 4255 annis
3184 4203 3560 4271 constitutus,
3590 4211 3791 4279 peten-

2147 4292 2304 4347 tibus
2335 4290 2738 4360 denegaverat,
2771 4287 2986 4343 oblitus
3017 4288 3151 4344 fidei
3188 4307 3305 4345 suae
3335 4295 3643 4352 concessit.

2215 4409 2304 4461 27.
2340 4405 2460 4460 Hoc
2506 4403 2604 4458 ubi
2655 4403 2922 4475 cognovit
2979 4406 3272 4476 sacerdos,
3325 4408 3599 4467 derelicta
3652 4414 3791 4471 civi-

2142 4500 2262 4554 tate
2291 4491 2805 4560 Mediolanensi,ad
2838 4509 3015 4564 quam
3045 4492 3143 4549 ille
3201 4497 3471 4554 festinato
3505 4501 3787 4572 veniebat,

377 4599 723 4655 germanam
753 4600 920 4639 suam
954 4584 1089 4639 fecit
1119 4583 1443 4658 (episLM):
1477 4587 1536 4642 in
1568 4604 1684 4659 qua
1716 4592 2028 4647 tractatum
2060 4595 2106 4660 D
2140 4588 2211 4643 ad
2243 4583 2669 4642 Bononiensem
2721 4580 3010 4638 civitatem
3059 4585 3384 4658 emigravit,
3429 4593 3605 4662 atque
3654 4591 3790 4648 inde

378 4671 652 4739 inseruit,
686 4689 863 4744 quem
895 4672 1096 4728 eodem
1129 4673 1221 4728 die
1254 4673 1459 4730 habuit
1487 4675 1557 4731 de
1586 4676 1796 4733 baculo
1825 4695 2028 4748 nuceo,

381 4759 490 4830 qui
521 4776 555 4814 a
585 4760 869 4833 prepheta
897 4761 1152 4817 Jeremia
1173 4761 1334 4818 visus
1365 4780 1493 4820 esse
1522 4765 1894 4824 describitur.

450 4849 546 4902 24.
583 4851 690 4904 Per
747 4849 903 4906 idem
953 4855 1204 4923 tempus,
1251 4868 1430 4908 causa
1486 4853 2028 4913 Thessalonicensis

375 4936 640 4993 civitatis
687 4955 803 4995 non
858 4938 1104 4994 minima
1159 4943 1445 4997 successit
1493 4942 1790 5000 tribulatio
1839 4963 2029 5002 sacer-

376 5026 528 5093 doti,
577 5043 710 5082 cum
754 5027 1043 5084 civitatem
1096 5046 1241 5101 pene
1292 5030 1543 5088 deletam
1601 5034 2027 5106 comperisset;

375 5116 736 5188 promiserat
759 5117 916 5172 enim
942 5117 1026 5172 illi
1050 5119 1367 5191 imperator
1398 5137 1460 5177 se
1490 5121 1719 5178 veniam
1751 5124 2028 5182 daturum

374 5203 608 5260 civibus
653 5206 1004 5278 supradicta:
1037 5207 1288 5265 civitatis
1321 5228 1334 5266 :
1370 5209 1470 5266 sed
1503 5212 1810 5283 agentibus
1851 5215 2028 5270 comi-

370 5293 539 5348 tibus
593 5291 816 5351 occulte
865 5312 999 5351 cum
1050 5296 1419 5368 imperatore,
1476 5300 1782 5372 ignorante
1839 5319 2029 5360 sacer-

373 5382 730 5454 dote,usque
758 5384 819 5439 in
850 5384 1058 5442 horam
1088 5387 1319 5442 tertiam
1351 5387 1544 5460 gladio
1577 5388 1909 5464 civitas(t7)
1942 5397 2031 5450 est

371 5470 799 5544 donata,atque
827 5472 1069 5544 plurimi
1100 5475 1433 5548 interempti
1471 5477 1830 5536 innocentes.
1865 5481 2027 5546 Quod

448 5594 566 5666 (l6)
587 5595 680 5672 ita
702 5613 872 5666 mss.;
901 5599 1038 5672 edit.
1068 5616 1225 5672 vero,
1241 5601 1635 5660 vindicandum
1661 5619 1777 5660 esse
1804 5621 1839 5660 a
1863 5608 2030 5663 comi-

371 5667 549 5723 tibus.
585 5667 779 5725 Minus
811 5671 1113 5728 concinne.

447 5737 566 5818 (17)
598 5739 738 5800 Mss.
764 5740 1008 5820 aliquot,
1033 5745 1095 5802 in
1113 5744 1306 5805 horam
1325 5746 1542 5804 tertiam
1562 5745 1640 5805 eis
1666 5747 1880 5825 civitas,
1913 5753 2022 5810 etc.

2141 4673 2474 4732 Faventiam
2507 4686 2693 4742 usque
2727 4671 2997 4744 perrexit.
3032 4671 3139 4728 Ubi
3172 4691 3304 4730 cum
3338 4675 3660 4749 aliquantis
3687 4681 3787 4736 de-

2141 4769 2298 4838 geret
2328 4762 2554 4828 diebus,
2601 4759 2880 4816 invitatus
2923 4777 2956 4816 a
2998 4761 3364 4834 Florentinis,
3397 4767 3470 4822 ad
3511 4767 3784 4824 Tusciam

2143 4870 2328 4925 usque
2383 4849 2703 4918 descendit,
2749 4849 3049 4907 declinans
3109 4855 3300 4926 magis
3356 4855 3621 4926 sacrilegi
3679 4855 3787 4912 viri

2142 4946 2586 5014 aspectum,non
2619 4939 2943 4996 formidans
2967 4939 3311 5013 imperantis
3342 4941 3784 5012 injuriam;nam

2140 5036 2196 5088 et
2236 5029 2541 5102 epistolam
2573 5029 2644 5083 ad
2675 5030 2947 5085 eumdem
2987 5030 3142 5085 dedit
3171 5029 3358 5101 (epist.
3392 5031 3505 5102 57),
3555 5029 3615 5086 in
3669 5050 3788 5106 qua

2141 5118 2408 5176 convenit
2439 5117 2855 5173 conscientiam
2888 5117 3145 5184 illius,de
3176 5134 3294 5188 qua
3321 5134 3506 5189 pauca
3535 5121 3606 5175 de
3639 5122 3788 5178 inul-

2139 5209 2216 5265 tis
2247 5208 2517 5281 ponenda
2546 5205 2704 5262 duxi.
2751 5208 2870 5263 Etsi
2915 5205 3260 5276 imperatoris
3301 5211 3540 5278 potestas
3579 5226 3787 5281 magna

2137 5299 2228 5365 sit,
2278 5301 2462 5352 tamen
2520 5295 2818 5364 considera,
2868 5296 3180 5365 imperator,
3223 5301 3460 5366 quantus
3503 5300 3575 5354 sit
3621 5300 3780 5356 Deus.

2141 5387 2313 5446 Corda
2359 5389 2644 5442 hominum
2692 5383 2856 5451 videt,
2904 5384 3288 5440 conscientiam
3333 5388 3650 5444 interiorem
3695 5390 3784 5444 in-

2137 5483 2392 5549 terrogat,
2425 5477 2575 5532 novit
2605 5473 2792 5529 omnia
2839 5479 3132 5544 antequam
3175 5474 3332 5546 ﬁant,
3364 5478 3514 5532 novit
3563 5477 3785 5534 interna

2209 5604 2319 5678 (18)
2353 5601 2568 5684 ρωῐιρε
2599 5597 2762 5684 edit.,
2795 5595 3005 5684 directa
3031 5599 3225 5684 relatio
3253 5600 3778 5684 est._9mpes_mss_.

2135 5670 2345 5806 (green
2371 5674 2568 5745 legatio
2595 5677 2705 5736 est;
2737 5685 2864 5748 quae
2908 5670 3248 5731 relationem
3291 5671 3516 5732 scilicet
3551 5673 3782 5733 ott'crret

2183 5763 2368 5810 aerari.
