4122 6186
421 389 500 444 39
1766 377 1948 436 Vl'l‘A
1998 381 2060 436 S.
2110 377 2481 439 AMBHOSH
3753 383 3826 441 40

418 518 650 591 pectoris
709 517 812 572 tui.
863 516 974 587 Ipsi
1017 515 1149 586 falli
1190 529 1282 571 vos
1306 528 1417 568 non
1457 510 1742 584 patimini,
1791 513 1842 565 et
1900 509 2072 565 Deum
2099 511 2154 577 Α
2183 515 2368 566 scant.
2403 512 2548 567 Nam
2578 515 2635 567 et
2666 527 2792 580 nos,
2818 511 3098 567 referente
3122 511 3338 582 juvene
3357 509 3615 581 quodam
3645 512 3821 569 Arbo-

418 609 588 664 vuttis
618 607 835 663 celare?
881 605 998 663 Non
1039 603 1234 661 cecidit
1280 603 1340 657 in
1397 601 1647 654 animum
1701 602 1860 654 tuum
1905 598 2069 671 quid-

420 695 626 770 quam?
682 695 742 751 Si
801 695 892 750 illi
943 694 1174 766 agebant
1241 699 1351 747 tam
1402 692 1831 762 perseveranter,
1890 703 2072 744 nonne

421 793 576 842 tuum
603 785 734 858 fuit,
765 784 1081 857 imperator,
1106 796 1206 854 pro
1239 780 1332 835 Dei
1359 779 1567 834 summi
1615 786 1664 833 et
1704 777 1821 833 veri
1864 779 1914 834 et
1964 777 2073 832 viri

424 875 775 931 veneratione
815 870 1249 945 perseverantius
1303 867 1578 932 obsistere,
1612 869 1664 921 et
1691 881 1892 936 negare
1932 864 2072 937 quod

421 966 540 1020 erat
571 965 632 1019 in
652 963 920 1034 injuriam
945 972 1120 1015 sacra
1149 957 1286 1026 legis
1315 955 1510 1028 (Num.
1564 956 1639 1024 7).
1693 955 1761 1010 Et
1803 953 2018 1010 iterum
2053 970 2066 1010 :

423 1055 692 1124 Quoniam
741 1053 916 1120 igitur
965 1050 1100 1102 meis
1147 1046 1368 1102 vocibus
1397 1050 1446 1101 et
1475 1044 1621 1117 apud
1649 1045 1816 1100 Deum
1847 1048 1896 1100 et
1925 1043 2071 1116 apud

419 1159 603 1200 omnes
631 1141 876 1197 homines
906 1147 1135 1194 teneor:
1167 1134 1310 1191 illud
1355 1135 1499 1191 mihi
1542 1150 1653 1191 non
1703 1135 1865 1190 licere
1902 1133 2066 1188 intel-

422 1235 553 1301 lexi,
599 1229 754 1285 aliud
795 1245 908 1282 non
939 1234 1204 1298 oportere,
1255 1225 1369 1280 nisi
1416 1227 1476 1279 ut
1523 1224 1858 1280 consulerem
1902 1221 2064 1291 mihi,

419 1323 550 1394 quia
579 1336 688 1376 non
715 1319 876 1390 potui
904 1317 1024 1372 tibi.

485 1409 664 1465 28.1n
696 1406 1034 1479 supradicta
1064 1405 1260 1476 itaque
1305 1402 1536 1459 civitate
1576 1401 2064 1469 Florentinorum,

417 1515 551 1555 cum
580 1497 642 1552 in
672 1497 847 1551 domo
877 1492 1189 1549 clarissimi
1222 1493 1521 1564 quondam
1551 1491 1661 1547 viri
1685 1490 1974 1558 Decentis,
2009 1494 2068 1546 et

415 1586 571 1660 quod
602 1589 692 1642 est
719 1579 1338 1655 amplius,Christiani,
1360 1583 1643 1648 maneret,
1675 1578 1834 1635 filius
1855 1579 2063 1650 ipsius,

414 1673 786 1747 Pan80pbius
817 1671 1076 1741 nomine,
1105 1671 1423 1727 admodum
1453 1669 1753 1743 parvulus,
1787 1686 1921 1726 cum
1945 1669 2063 1742 spi-

415 1765 533 1821 ritu
561 1762 867 1819 immundo
898 1759 1207 1820 laboraret.
1241 1759 1529 1832 frequenti
1579 1758 1838 1815 oratione
1868 1762 1925 1814 et
1955 1759 2064 1814 im-

415 1853 708 1928 positione
756 1838 970 1907 manus
1014 1849 1333 1906 sacerdotis
1378 1848 1566 1921 ipsius
1615 1852 1706 1905 est
1755 1851 1998 1904 sanatus
2047 1866 2059 1904 :

415 1944 516 2001 sed
545 1947 679 2016 post
707 1941 1038 2014 aliquantae
1081 1939 1207 1995 dies
1253 1939 1449 1995 subita
1489 1937 1833 1993 infirmitate
1873 1951 2063 1993 corre-

415 2037 552 2105 ptus
602 2031 927 2087 infantulus
979 2027 1269 2086 exhalavit
1321 2026 1614 2099 spiritum.
1649 2025 1832 2097 Cujus
1879 2029 2064 2081 mater

413 2121 582 2178 valde
610 2120 903 2193 religiosa,
938 2122 994 2175 et
1024 2117 1197 2190 plena
1225 2116 1339 2173 ﬁde
1370 2133 1436 2172 ac
1461 2116 1670 2172 timore
1711 2114 1836 2186 Dei,
1868 2113 2063 2170 ablato

415 2211 516 2267 illo
545 2211 615 2266 de
645 2210 945 2282 superiore
976 2211 1139 2280 parte
1172 2206 1482 2274 domus,ad
1520 2204 1795 2260 inferiora
1823 2203 2061 2260 descen-

415 2305 522 2369 dit,
555 2319 622 2358 ac
665 2302 725 2355 in
778 2299 923 2354 lecto
971 2295 1311 2362 sacerdotis,
1364 2295 1490 2366 ipso
1539 2295 1799 2360 absente,
1835 2309 2063 2364 compo-

415 2393 554 2450 suit.
609 2391 789 2455 Quem
849 2403 983 2443 cum
1050 2389 1344 2441 revertens
1409 2383 1679 2438 sacerdos
1736 2381 1796 2436 in
1853 2380 2062 2437 lectulo

414 2481 750 2546 invenisset,
782 2481 906 2532 erat
933 2476 1090 2531 enim
1122 2473 1221 2529 illo
1250 2473 1309 2528 in
1339 2477 1599 2544 tempore
1628 2475 1790 2527 extra
1820 2471 2062 2527 domum

415 2571 662 2645 positus,
694 2568 1008 2624 miseratus
1051 2568 1300 2619 matrem
1358 2567 1414 2617 et
1466 2561 1640 2616 fidem
1687 2559 1873 2632 ipsius
1925 2577 2061 2615 con-

415 2658 755 2732 templatus,
788 2654 978 2710 Eliseo
1012 2652 1243 2720 similis,
1279 2667 1458 2722 supra
1483 2666 1698 2722 corpus
1730 2649 1972 2704 infantis
2003 2665 2064 2704 se

414 2749 538 2821 ipse
585 2743 931 2818 composuit,
983 2747 1159 2813 atque
1217 2740 1436 2796 orando
1499 2737 1713 2794 meruit
1761 2742 1826 2793 ut
1867 2737 2063 2792 vivum

414 2837 681 2893 redderet
703 2830 1078 2902 matri,quem
1112 2833 1407 2883 mortuum
1431 2827 1757 2894 invenerat;
1793 2825 1864 2880 ad
1888 2841 2064 2896 quem

413 2925 589 2982 etiam
621 2920 980 2978 infantulum
1012 2916 1277 2973 libellum
1306 2914 1748 2987 consoripsit,ut
1777 2915 1929 2986 quod
1964 2929 2067 2986 per

416 3013 602 3070 atatis
631 3008 938 3065 infantiam
972 3007 1120 3062 scire
1151 3022 1268 3060 non
1299 3008 1548 3077 poterat,
1581 3002 1824 3076 legendo
1851 3019 2062 3075 cogno-

416 3104 620 3158 sceret.
652 3099 1068 3154 Verumtamen
1103 3095 1321 3149 factum
1355 3093 1591 3164 scriptis
1621 3091 1744 3149 suis
1776 3109 1889 3147 non
1912 3107 2066 3147 com-

415 3187 804 3246 memoravit:
840 3185 938 3241 sed
991 3200 1106 3256 quo
1157 3183 1362 3238 affectu
1406 3181 1780 3239 declinaverit
1810 3198 2062 3237 comme-

415 3294 664 3345 morare,
697 3292 814 3331 non
847 3278 937 3330 est
969 3277 1234 3328 nostrum
1253 3271 1542 3343 judicare.

482 3369 573 3424 29.
603 3368 667 3422 In
699 3364 900 3422 eadem
931 3362 1107 3418 etiam
1138 3360 1364 3417 civitate
1403 3359 1707 3416 basilicam
1741 3359 2060 3428 constituit,

414 3458 475 3513 in
502 3473 618 3528 qua
648 3452 919 3527 deposuit
949 3450 1225 3521 reliquias
1247 3454 1570 3522 martyrum
1593 3448 1798 3507 Vitalis
1819 3454 1875 3505 et
1897 3449 2060 3520 Agri-

415 3545 574 3613 cola,
608 3559 857 3616 quorum
891 3556 1135 3613 corpora
1164 3540 1221 3594 in
1256 3537 1605 3594 Bononiensi
1639 3537 1867 3594 civitate
1918 3537 2065 3593 leva-

412 3639 574 3691 verat
603 3632 849 3704 (Ex/tori.
892 3633 1032 3701 Virg.
1068 3646 1200 3701 pag.
1233 3629 1390 3698 277);
1444 3627 1636 3700 posita
1683 3628 1840 3683 enim
1899 3632 2064 3682 erant

415 3739 658 3796 corpora
688 3724 1012 3793 martyrum
1045 3718 1198 3773 inter
1227 3734 1470 3789 corpora
1505 3717 1840 3773 Judaorum
1895 3733 1906 3770 :
1959 3731 2062 3772 nec

415 3818 540 3869 erat
585 3810 885 3884 cognitum
937 3806 1151 3881 populo
1205 3806 1557 3877 Christiano,
1597 3805 1709 3861 nisi
1765 3821 1826 3861 se
1877 3804 2064 3860 sancti

416 3905 701 3974 martyres
729 3897 1014 3955 sacerdoti
1043 3895 1232 3969 ipsius
1262 3894 1533 3952 Ecclesia
1563 3893 2060 3964 revelassent(l9).

414 3993 548 4056 Qua
599 4006 732 4046 cum
788 3989 1217 4060 deponerentur
1265 3985 1376 4040 sub
1424 3984 1613 4049 altari,
1656 3983 1811 4056 quod
1865 3987 1954 4038 est
2003 3983 2063 4039 in

415 4081 616 4136 eadem
646 4076 890 4134 basilica
920 4075 1334 4140 constitutum,
1358 4089 1572 4146 magna
1592 4072 1712 4128 illic
1741 4071 1920 4128 totius
1950 4072 2065 4144 ple-

414 4169 504 4224 bis
534 4171 748 4224 sancta
783 4163 981 4220 latitia
1010 4167 1184 4235 atque
1215 4160 1523 4218 exsultatio
1577 4161 1706 4227 fuit,
1743 4178 1910 4233 pana
1947 4161 2063 4217 da-

417 4272 658 4314 monum
691 4252 1095 4310 confitentium
1126 4256 1448 4324 martyrum
1483 4250 1708 4306 merita.

485 4347 572 4402 30.
605 4345 714 4399 Per
743 4343 898 4398 idem
940 4345 1172 4413 tempus
1222 4341 1575 4413 Arbogastes
1617 4356 1811 4396 comes
1860 4339 2058 4396 adver-

415 4449 548 4491 sum
597 4436 828 4503 gentem
884 4447 1075 4496 suam,
1117 4429 1225 4485 hoc
1273 4433 1362 4484 est
1415 4429 1788 4496 Francorum,
1841 4427 2061 4485 bellum

416 4521 841 4595 paravit,atque
871 4518 1187 4591 pugnando
1218 4534 1331 4573 non
1355 4534 1592 4590 parvam
1623 4517 2060 4572 multitudinem

2047 1888 2142 1955 ’Β

2179 599 2362 673 gastis
2393 600 2712 656 admodum
2762 599 3052 673 religioso,
3104 599 3502 672 cognovimus,
3539 598 3639 672 qui
3686 605 3824 658 tunc

2178 687 2476 757 interfuit;
2521 693 2647 745 erat
2694 688 2873 756 enim,
2924 688 2984 744 in
3040 693 3300 760 tempore
3331 703 3446 760 quo
3477 687 3598 744 hac
3627 687 3826 762 loque-

2179 777 2396 834 bantur
2424 778 2560 850 (20),
2592 777 2711 834 vini
2743 777 3032 832 minister.

2247 867 2644 922 31.Profectus
2665 866 2862 938 itaque
2883 865 3154 922 sacerdos
3186 864 3256 920 de
3283 863 3506 921 Tuscia
3539 866 3823 938 partibus,

2180 955 2574 1011 Mediolanum
2607 954 2932 1023 revertitur,
2957 955 3084 1026 jam
3125 953 3262 1010 inde
3304 970 3539 1026 egresso
3568 955 3825 1030 Eugenio

2179 1048 2381 1100 contra
2409 1045 2821 1113 Theodosium;
2841 1043 2922 1099 ibi
2943 1042 3257 1100 Christiani
3279 1043 3650 1116 imperatoris
3680 1062 3824 1117 pra-

2175 1132 2544 1190 stolabantur
2599 1134 2935 1202 adventum,
2981 1149 3225 1189 securus
3286 1133 3356 1188 de
3404 1133 3502 1188 Dei
3562 1135 3824 1208 potentia

2177 1224 2332 1295 quod
2365 1240 2479 1280 non
2513 1224 2764 1279 lraderet
2807 1223 3136 1279 credentem
3168 1221 3227 1278 in
3261 1239 3321 1278 se
3351 1221 3692 1279 hominibus
3731 1224 3818 1280 in-

2167 1310 2372 1383 justis,
2422 1329 2526 1368 nec
2574 1311 2929 1385 relinqueret
2976 1311 3198 1384 virgam
3249 1317 3618 1383 peccatorum
3650 1329 3827 1386 super

2176 1407 2392 1458 sortem
2430 1404 2756 1474 justorum,
2788 1419 2860 1459 ne
2907 1403 3282 1459 extenderent
3319 1403 3468 1474 justi
3501 1403 3572 1458 ad
3605 1403 3825 1476 iniqui-

2174 1495 2323 1548 tates
2383 1510 2596 1549 manus
2652 1509 2791 1549 suas
2860 1493 3034 1564 (Psal.
3093 1509 3275 1559 cxxw,
3334 1493 3412 1563 3).
3473 1492 3827 1551 Promiserat

2175 1581 2331 1639 enim
2363 1582 2718 1654 Arbogastes
2767 1587 2907 1638 tunc
2954 1597 3171 1650 comes,
3224 1585 3280 1637 et
3326 1580 3632 1638 Flavianus
3679 1599 3823 1654 pra-

2176 1673 2365 1728 fectus
2396 1671 2723 1728 Mediolano
2752 1671 3138 1744 egredientes,
3171 1687 3303 1726 cum
3333 1673 3579 1728 victores
3610 1672 3825 1729 reversi

2175 1761 2697 1827 essent,stabulum
2730 1776 2792 1817 se
2822 1777 2950 1816 esse
2981 1760 3240 1816 facturos
3266 1759 3324 1815 in
3356 1760 3601 1816 basilica
3643 1760 3825 1818 eccle-

2174 1849 2272 1906 sia
2303 1849 2752 1906 Mediolanensis
2783 1853 2959 1922 atque
2991 1848 3232 1904 clericos
3263 1849 3375 1904 sub
3408 1849 3592 1905 armis
3614 1851 3825 1922 proba-

2171 1943 2381 1996 turos:
2416 1939 2516 1995 sed
2568 1939 2887 1995 miserandi
2943 1938 3213 1994 homines
3266 1955 3400 1994 cum
3459 1939 3827 1997 damonibus

2172 2029 2298 2085 suis
2349 2027 2501 2084 male
2551 2028 2772 2085 creduli
2828 2032 2990 2094 sunt,
3024 2032 3081 2084 et
3126 2027 3397 2100 aperiunt
3445 2045 3510 2084 os
3561 2045 3735 2086 suum
3763 2029 3824 2085 iu

2172 2118 2598 2190 blasphemiam
2633 2117 2786 2190 apud
2817 2117 3001 2174 Deum
3032 2117 3168 2188 (2i).
3201 2134 3365 2189 spem
3416 2117 3530 2174 sibi
3572 2117 3824 2175 victoria

2174 2207 2539 2263 ademerunt.
2573 2210 2760 2262 Causa
2815 2211 3012 2262 autem
3070 2205 3480 2262 commotionis
3537 2205 3660 2262 hac
3691 2207 3822 2276 fuit,

2173 2297 2312 2368 quia
2344 2313 2591 2352 munera
2619 2295 2992 2368 imperatoris
3017 2294 3118 2366 qui
3151 2311 3212 2352 se
3243 2294 3546 2367 sacrilegio
3579 2295 3826 2353 miscue-

2173 2390 2282 2452 rat,
2314 2385 2386 2442 ab
2427 2385 2687 2441 Ecclesia
2711 2385 3116 2456 respuebatur,
3149 2401 3256 2440 nec
3302 2385 3507 2439 orandi
3559 2384 3643 2439 illi
3687 2401 3822 2440 cum

2172 2473 2428 2532 Ecclesia
2484 2474 2733 2530 societas
2785 2472 3169 2529 tribuebatur.
3222 2473 3333 2528 Sed
3394 2473 3681 2530 Dominus
3720 2475 3825 2546 qui

2173 2563 2495 2620 Ecclesium
2527 2579 2697 2619 suam
2728 2562 2879 2618 tueri
2933 2561 3328 2630 consuevit,de
3358 2561 3502 2618 calo
3523 2561 3821 2633 jaculatus

2173 2658 2262 2710 est
2281 2652 2779 2724 judicium,atque
2800 2668 3034 2708 omnem
3055 2651 3357 2706 victoriam
3387 2651 3457 2706 ad
3480 2651 3818 2724 religiosum

2173 2742 2585 2812 imperatorem
2615 2739 2918 2796 transtulit
2949 2739 3676 2796 Theodosium.Exstincto
3709 2741 3820 2796 ita-

2173 2847 2286 2902 que
2317 2829 2577 2902 Eugenio
2609 2828 3082 2901 satellitibusque
3113 2830 3405 2900 ejus,cum
3435 2829 3653 2901 scripta
3673 2830 3822 2886 acci-

2174 2923 2336 2992 peret
2377 2918 2764 2991 imperatoris,
2793 2935 2908 2974 non
2967 2917 3053 2972 illi
3103 2917 3216 2974 alia
3267 2935 3407 2973 cura
3464 2919 3654 2989 major
3713 2918 3824 2974 fuit

2174 3024 2351 3080 quam
2382 3012 2448 3064 ut
2479 3024 2581 3080 pro
2612 3007 2686 3063 iis
2713 3008 3264 3078 interveniret,quos
3289 3007 3820 3063 reatusinvenerat.

2175 3097 2524 3154 Obsecratus
2554 3101 2643 3152 est
2673 3097 2862 3170 primo
2895 3096 3129 3168 scriptis
3177 3095 3586 3168 imperatorem
3637 3095 3823 3153 misso

2174 3185 2418 3241 diacono
2450 3185 2628 3257 (epist.
2661 3185 2726 3239 61
2760 3189 2818 3240 et
2843 3184 2935 3255 62)
2971 3201 2985 3238 :
3021 3188 3224 3256 postea
3269 3200 3404 3239 vero
3453 3199 3630 3254 quam
3663 3182 3824 3239 dire-

2173 3277 2303 3330 ctus
2332 3277 2423 3329 est
2457 3274 2717 3330 Joannes
2765 3277 2905 3328 tunc
2951 3273 3228 3328 tribunus
3276 3277 3334 3328 et
3385 3271 3668 3343 notarius,
3718 3274 3823 3344 qui

2173 3380 2329 3419 nunc
2369 3363 2675 3435 prafectus
2718 3365 2824 3430 est,
2859 3363 2930 3418 ad
2979 3362 3290 3418 tuitionem
3340 3378 3544 3417 eorum
3594 3361 3694 3434 qui
3741 3361 3819 3417 ad

2172 3451 2479 3508 ecclesiam
2504 3452 2904 3525 confugerant,
2937 3451 3112 3506 etiam
3142 3453 3266 3523 ipse
3304 3450 3636 3522 Aquileiam
3685 3466 3822 3523 per-

2172 3542 2318 3596 rexit
2345 3545 2690 3614 precaturus
2721 3557 2822 3613 pro
2852 3540 2956 3607 eis,
2988 3539 3200 3611 quibus
3227 3539 3393 3594 facile
3425 3539 3595 3595 venia
3633 3539 3820 3612 impe-

2172 3636 2324 3687 trata
2352 3635 2470 3698 est;
2500 3630 2636 3702 quia
2666 3630 2788 3702 ipse
2831 3628 3200 3685 Christianus
3248 3629 3564 3699 imperator
3611 3644 3820 3702 provo-

2173 3719 2334 3775 lutus
2363 3719 2613 3791 pedibus
2643 3719 2964 3775 sacerdotis
2993 3718 3320 3774 testabatur
3348 3717 3572 3773 meritis
3602 3722 3659 3772 et
3686 3733 3824 3773 ora-

2173 3809 2432 3865 tionibus
2462 3809 2588 3879 ejus
2619 3824 2680 3864 se
2711 3823 2840 3864 esse
2870 3812 3186 3863 servatum.

2243 3899 2329 3954 32.
2368 3897 2682 3953 Revertens
2746 3897 2945 3969 itaque
2975 3897 3046 3953 de
3075 3897 3217 3953 urbe
3273 3895 3653 3969 Aquileiensi,
3704 3911 3826 3952 uno

2173 3986 2265 4043 die
2296 3986 2594 4060 pracessit
2623 3986 3033 4058 imperatorem
3059 4004 3072 4042 :
3098 4002 3204 4042 nec
3226 3985 3326 4042 diu
3351 3984 3828 4042 clementissima

2172 4077 2466 4132 memoria
2497 4075 2862 4132 Theodosius
2902 4075 3222 4148 imperator
3252 4075 3541 4146 susceptis
3580 4071 3718 4129 filiis
3760 4073 3828 4132 in

2170 4164 2431 4222 Ecclesia
2474 4167 2531 4220 et
2578 4164 2810 4220 traditis
2841 4163 3147 4230 sacerdoti,
3197 4163 3254 4220 in
3306 4163 3415 4220 hac
3462 4161 3593 4219 luce
3643 4162 3753 4217 fuit
3807 4180 3823 4220 :

2171 4258 2305 4326 post
2334 4254 2504 4325 cujus
2535 4252 2760 4309 obitum
2810 4253 2926 4308 fere
2972 4251 3293 4308 triennium
3324 4251 3663 4325 supervixit.
3697 4251 3827 4316 Quo

2172 4343 2232 4398 in
2263 4347 2522 4415 tempore
2570 4342 2757 4398 sancti
2808 4341 3036 4398 Nazarii
3082 4342 3357 4414 martyris
3397 4357 3630 4414 corpus,
3661 4341 3824 4412 quod

2170 4435 2293 4488 erat
2321 4431 2382 4486 in
2413 4431 2579 4487 horto
2610 4430 2870 4503 positum
2901 4434 3064 4486 extra
3101 4430 3416 4494 civitatem,
3446 4428 3699 4484 levatum
3745 4429 3822 4485 ad

2169 4520 2474 4576 basilicam
2507 4519 2906 4592 apostolorum
2956 4536 3083 4591 qua
3139 4524 3227 4576 est
3267 4518 3327 4574 in
3379 4517 3640 4573 Romana
3679 4517 3820 4588 (22),

417 4628 596 4668 manu
627 4608 800 4673 fudit,
827 4625 959 4662 cum
993 4607 1246 4663 residuis
1277 4623 1410 4662 vero
1442 4623 1644 4679 pacem
1675 4605 2060 4662 ﬁrmavit.Sed
2091 4630 2138 4694 D
2171 4608 2491 4666 transtulit.
2525 4609 2796 4666 Vidimus
2829 4613 3025 4665 autem
3057 4609 3117 4663 in
3149 4606 3557 4680 sepulcro,quo
3581 4605 3825 4675 jacebat

413 4717 549 4757 cum
579 4700 641 4754 in
673 4696 932 4753 convivio
963 4713 996 4752 a
1027 4696 1264 4769 regibus
1294 4696 1488 4768 gentis
1519 4713 1636 4752 sua
1668 4697 2056 4768 interrogare-

409 4794 509 4845 tur
529 4791 730 4844 utrum
750 4786 924 4842 sciret
944 4785 1350 4855 Ambrosium;
1383 4790 1438 4841 et
1463 4785 1863 4857 respondisset
1886 4801 2059 4841 nosse

412 4893 475 4935 se
503 4878 715 4945 virum,
744 4879 801 4932 et
830 4874 992 4948 diligi
1025 4875 1096 4930 ab
1128 4891 1216 4943 eo,
1241 4877 1415 4946 atque
1446 4875 1779 4947 frequenter
1799 4891 1934 4930 cum
1959 4873 2058 4930 illo

414 4965 703 5022 convivari
765 4962 1026 5030 solitum,
1079 4962 1303 5018 audivit
1335 4979 1347 5019 :
1379 4963 1513 5020 Ideo
1566 4964 1775 5034 vincis,
1837 4980 2054 5030 comes,

417 5055 555 5126 quia
585 5055 656 5109 ab
689 5053 788 5109 illo
828 5053 950 5108 viro
1001 5051 1282 5124 diligeris,
1316 5052 1416 5124 qui
1467 5052 1607 5109 dicit
1653 5051 1760 5108 soli
1794 5071 1806 5108 :
1841 5053 1960 5122 Sta,
2001 5057 2060 5108 et

416 5145 551 5197 stat.
583 5142 744 5205 Quod
769 5157 874 5214 ego
906 5142 1033 5198 ideo
1065 5140 1254 5215 posui,
1278 5146 1342 5196 ut
1370 5143 1538 5213 cujus
1572 5143 1739 5199 fama
1771 5142 1944 5198 fuerit
1971 5142 2058 5196 vir

417 5234 654 5286 sanctus
684 5231 860 5286 etiam
883 5232 1037 5304 apud
1058 5231 1334 5288 barbaras
1357 5236 1579 5304 gentes,
1608 5229 1866 5304 legentes
1887 5247 2060 5305 agno-

488 5388 600 5472 (l9)
631 5389 1195 5474 Eademleditscum
1227 5393 1354 5448 cod.
1387 5407 1504 5474 uno
1545 5390 1762 5474 Germ.,
1794 5390 2058 5448 sacerdoti

416 5461 918 5547 ipsareqelassent;
947 5463 1136 5518 cateri
1170 5480 1312 5520 mss.
1350 5463 1503 5547 ut‘in
1531 5466 1824 5547 contextu.

489 5532 601 5604 (20)
632 5532 716 5586 Ita
747 5549 890 5586 mss.
925 5550 1040 5589 uno
1069 5541 1339 5608 excepto;
1373 5535 1510 5592 edit.
1545 5539 1736 5591 autem
1779 5551 1913 5592 cum
1962 5552 2057 5592 eo-

417 5603 706 5678 dem,un
736 5603 854 5662 haec
884 5603 1218 5678 loquebatur.

488 5675 875 5752 (21)“οωιιθο
922 5675 1087 5751 edit.,
1134 5681 1323 5737 contra
1368 5678 1571 5748 Deum;
1629 5694 1834 5740 omnes
1885 5693 2055 5747 mss.,

2169 4715 2382 4770 corpus
2413 4698 2688 4769 martyris
2715 4697 2841 4769 (qui
2891 4697 3124 4770 quando
3157 4696 3234 4752 sit
3273 4710 3504 4767 passus,
3539 4709 3728 4765 usque
3757 4693 3820 4750 in

2167 4787 2516 4843 hodiernum
2531 4786 2678 4843 scire
2693 4803 2810 4843 non
2830 4782 3527 4859 possumus)sanguinem
3545 4783 3820 4855 martyris

2169 4876 2251 4932 ita
2307 4879 2618 4944 recentem,
2675 4875 2846 4948 quasi
2901 4875 3106 4932 eodem
3155 4872 3247 4929 die
3309 4873 3519 4929 fuisset
3574 4871 3816 4928 effusus.

2168 4964 2356 5036 Caput
2383 4963 2558 5020 etiam
2591 4963 2799 5036 ipsius,
2833 4963 2988 5035 quod
3021 4962 3093 5019 ab
3123 4961 3324 5035 impiis
3373 4962 3563 5018 fuerat
3593 4957 3816 5014 abscis-

2169 5069 2325 5120 sum,
2353 5052 2435 5108 ita
2464 5053 2758 5124 integrum
2790 5056 2966 5126 atque
2994 5051 3401 5124 incorruptum
3433 5065 3567 5106 cum
3589 5044 3818 5118 capillis

2169 5141 2380 5214 capitis
2427 5146 2603 5212 atque
2660 5141 2861 5208 barba,
2911 5145 2980 5197 ut
3034 5140 3205 5198 nobis
3259 5140 3554 5198 videretur
3608 5134 3814 5191 eodem

2169 5235 2430 5303 tempore
2475 5245 2591 5302 quo
2621 5227 2944 5298 levabatur,
2977 5228 3164 5286 lotum
3208 5234 3382 5302 atque
3427 5225 3817 5300 compositum

2166 5389 2313 5464 apud
2342 5391 2533 5464 Deum.

2238 5464 2353 5536 (22)
2379 5463 2594 5520 Omnes
2641 5461 2803 5536 edit_.,
2837 5477 2958 5534 qua
3002 5466 3083 5518 est
3126 5463 3582 5536 Romanaitnss.
3614 5473 3819 5536 econ-

2166 5528 2366 5602 trario,
2397 5548 2523 5608 quae
2546 5535 2716 5608 est_in
2746 5528 3010 5599 Romana,
3054 5528 3554 5608 regione__scilicet
3578 5545 3592 5598 ;
3617 5528 3675 5586 id
3706 5531 3815 5595 est,

2166 5600 2358 5683 prope
2373 5600 2604 5684 portam
2635 5605 2968 5666 Romanam.
2987 5600 3155 5661 urbis
3186 5600 3520 5660 Mediolani.
