4122 6186
244 283 304 344 41

1216 282 1568 346 AUCTORE
1610 278 1949 351 PAULINO
2012 281 2185 343 EJUS
2225 283 2583 347 NOTARIO.
2696 246 2699 249 ’
3522 289 3587 354 :2

242 414 296 476 in
322 411 870 510 sepulcro.Et_quid
901 412 2149 510 mirum,.quandoquidempomi-AStilico
2191 436 2411 510 comes,
2442 422 2800 510 Aptenitentia
2842 432 3032 487 motus
3089 434 3199 499 est,
3244 426 3328 489 ita
3383 437 3447 489 ut
3484 448 3591 510 per

241 522 339 564 nus
360 502 415 563 in
446 501 763 582 Evangelia
794 510 934 564 ante
976 500 1270 583 promisit,
1323 502 1478 582 quod
1510 503 1758 583 capillus
1789 503 1865 565 de

240 592 413 670 capite
459 609 665 654 eorum
717 610 836 651 non
883 589 1106 670 peribit
1139 590 1307 671 (Luc.
1341 607 1462 667 XXI,
1494 592 1639 670 18)?
1669 593 1861 655 Etiam

240 680 404 742 odore
431 687 591 740 tanto
623 679 837 760 repleti
871 698 1097 761 sumus,
1133 690 1196 741 ut
1227 682 1495 743 omnium
1529 690 1863 744 aromatum

237 768 478 831 vinceret
505 769 874 833 suavitatem.

310 860 402 922 33.
434 859 554 931 Quo
587 859 779 920 levato
806 875 1058 941 corpore
1088 860 1375 941 martyris,
1427 868 1486 923 et
1543 860 1603 922 in
1652 861 1863 924 lectica

236 949 562 1023 composito,
620 948 813 1010 statim
848 949 920 1010 ad
952 957 1221 1011 sanctum
1249 950 1486 1012 Celsum
1519 960 1856 1031 martyrem,

235 1036 396 1118 quiin
426 1039 639 1100 eodem
676 1039 846 1099 horto
879 1039 1105 1119 positus
1137 1048 1249 1119 est,
1279 1058 1411 1099 cum
1445 1048 1647 1100 sancto
1666 1057 1868 1102 secere

235 1128 355 1188 dote
382 1128 451 1188 ad
485 1126 817 1188 orationem
880 1128 1274 1207 perreximus.
1311 1126 1621 1208 Nunquam
1655 1138 1856 1190 tamen

235 1214 386 1278 illum
418 1225 588 1277 antea
618 1234 824 1277 orasse
851 1216 910 1277 in
938 1217 1145 1278 eodem
1180 1218 1309 1278 loco
1340 1226 1709 1297 compertum
1748 1219 1855 1279 ba-

233 1304 445 1367 bemus
458 1305 558 1366 sed
580 1307 692 1370 hoc
711 1305 1074 1385 eratsignum
1096 1309 1334 1368 revelati
1360 1307 1628 1387 corporis
1648 1317 1858 1389 marty-

230 1394 329 1474 ris,
363 1395 415 1456 si
437 1408 675 1456 sanctus
707 1396 999 1457 Sacerdos
1028 1395 1103 1458 ad
1139 1396 1358 1471 locum,
1392 1397 1464 1457 ad
1496 1416 1674 1477 quem
1707 1416 1859 1459 nun-

230 1502 397 1563 quam
428 1494 589 1545 antea
618 1484 833 1558 fuerat,
864 1493 1094 1545 oratum
1127 1484 1293 1548 isset.
1326 1486 1717 1564 Cognovimus
1765 1494 1856 1548 ta-

1949 503 2327 600 multosdies
2348 508 2714 600 satisfaceret
2740 513 3070 589 Sacerdoti,
3099 523 3157 576 et
3176 516 3425 579 illaesum
3449 503 3587 600 qui-

1946 594 2099 691 dem‘
2131 597 2295 691 illum
2327 598 2425 679 qui
2466 599 2691 691 ablatus
2741 602 2950 680 fuerat,
2996 604 3263 671 dimisit:
3298 609 3399 669 sed
3453 594 3589 691 quia

1944 686 2420 762 gravissimorum
2455 689 2771 751 criminum
2797 702 2921 755 erat
2941 706 3167 758 reus.et
3195 697 3372 760 aliter
3390 686 3589 761 emen-

1944 772 2073 833 dari
2109 793 2225 834 non
2251 784 2498 856 poterat,
2526 778 2598 839 ad
2621 781 2891 842 exsilium
2921 782 3265 863 destinavit,
3300 807 3419 849 non
3442 789 3589 850 mul-

1942 867 1999 921 to
2032 871 2164 942 post
2185 864 2554 943 indulgentia
2576 876 2997 951 prosequente.

2020 952 2118 1011 35.
2156 954 2271 1015 Per
2302 955 2458 1015 idem
2485 966 2715 1047 tempus
2746 979 2883 1021 cum
2932 961 3006 1023 ad
3039 964 3317 1042 palatium
3374 986 3587 1047 perge-

1939 1049 2051 1136 ret,
2083 1061 2337 1136 cumque
2386 1063 2490 1125 pro
2541 1046 2672 1136 loco
2717 1048 2908 1136 iofticii
2959 1052 3144 1115 nostri
3175 1046 3585 1136 sequeremur,

1942 1128 2253 1192 Theodulo
2279 1140 2416 1194 tunc
2441 1135 2938 1218 notario(26),qui
2972 1149 3174 1219 postea
3194 1128 3428 1204 su'mma
3450 1128 3585 1206 cum

1940 1222 2126 1313 gratia
2158 1221 2550 1313 Mutinensem
2576 1224 2725 1286 rexit
2758 1228 3094 1305 ecclesiam,
3139 1250 3273 1292 cum
3296 1251 3433 1294 casu
3460 1233 3590 1313 qui-

1939 1308 2073 1369 dam
2107 1310 2262 1400 pede
2288 1320 2443 1373 esset
2464 1312 2685 1393 lapsus,
2718 1323 2893 1395 atque
2927 1326 3255 1395 prostratus
3276 1308 3507 1400 jaceret
3525 1321 3585 1382 in

1944 1404 2122 1476 terra,
2180 1398 2401 1461 ridenti
2433 1401 2654 1462 factum
2689 1420 3013 1465 conversus
3044 1398 3335 1468 Sacerdos
3363 1410 3445 1470 ait
3474 1428 3488 1469 :
3520 1408 3590 1470 Et

1941 1492 2000 1577 tu
2033 1487 2131 1564 qui
2185 1497 2329 1559 stas,
2386 1489 2519 1551 vide
2582 1509 2657 1552 ne
2713 1491 2888 1553 cadas
2947 1495 2998 1572 (Ι
3028 1493 3169 1556 Cor.
3202 1511 3264 1569 Χ,
3300 1497 3428 1577 12).
3462 1496 3588 1568 Quo

227 1591 359 1633 men
381 1591 458 1673 na.
491 1574 833 1635 custodibus
884 1574 997 1635 loci
1029 1573 1402 1673 ipsius,quod
1453 1594 1488 1636 a
1520 1574 1858 1654 parentibus
1884 1624 1920 1673 Β
1943 1573 2125 1673 dicto,
2150 1578 2343 1639 statim
2380 1579 2429 1640 is
2462 1579 2563 1659 qui
2592 1580 2853 1642 alienum
2885 1583 3112 1663 lapsum
3146 1573 3390 1666 riserat,
3415 1603 3588 1647 suum

226 1662 338 1723 suis
376 1662 491 1723 illis
523 1663 802 1724 traditum
832 1665 928 1732 sit,
971 1680 1087 1725 non
1149 1662 1459 1725 discedere
1490 1664 1565 1725 de
1595 1664 1725 1725 loco
1757 1664 1858 1726 illo
1884 1662 1919 1673 ”
1942 1663 2151 1727 doluit.

225 1770 323 1829 per
342 1770 575 1813 omnem
609 1754 1054 1830 generationem
1088 1760 1145 1814 et
1178 1754 1521 1833 progeniem
1571 1771 1855 1834 suorum;

225 1858 290 1900 eo
319 1840 470 1920 quod
506 1841 768 1903 thesauri
803 1842 1001 1921 magni
1032 1842 1091 1903 in
1123 1842 1334 1903 eodem
1369 1843 1496 1904 loco
1555 1843 1724 1923 positi
1757 1860 1859 1904 es-

222 1929 591 1991 sent.Etvere
615 1932 804 2010 magni
833 1932 1268 2012 thesauri,quos
1298 1951 1414 1993 non
1439 1950 1860 2012 aarugo,neque

223 2018 368 2081 tinea
401 2022 982 2100 exterminat,neque
1012 2021 1173 2082 fures
1201 2020 1565 2082 et‘fodiuntet
1595 2022 1864 2083 furantur

220 2109 452 2186 (Matth.
485 2126 568 2179 γι.
604 2113 727 2183 19);
778 2111 916 2187 quia
947 2119 1146 2172 custos
1194 2129 1399 2171 eorum
1450 2110 1716 2173 Christus
1746 2121 1857 2185 est,

223 2207 275 2257 et
293 2200 448 2259 locus
470 2217 677 2260 eorum
704 2200 837 2260 aula
852 2198 1353 2278 coelestis,quibus
1364 2197 1572 2262 Vivere
1588 2200 1864 2262 Christus

221 2288 416 2365 fuit,et
436 2290 599 2350 mori
616 2286 1653 2368 lucrum(P/tilipp.1,21).Translato
1670 2294 1864 2370 itaque

224 2394 461 2453 corpore
512 2378 774 2457 Martyris
823 2376 901 2438 ad
950 2376 1256 2438 basilicam
1307 2377 1727 2456 Apostolorum
1760 2380 1866 2443 ubi

226 2464 444 2541 pridem
473 2475 815 2527 sanctorum
847 2465 1372 2545 apostolorum(23;
1393 2465 1661 2546 reliquiae
1693 2485 1862 2527 sum-

226 2571 309 2613 ma
334 2554 599 2616 omnium
632 2553 944 2616 devotione
975 2554 1260 2633 depositae
1290 2554 1546 2628 fuerant,
1579 2574 1714 2616 cum
1745 2563 1862 2617 tra-

226 2650 397 2705 ctaret
424 2643 762 2724 episcopus,
799 2643 1036 2724 quidem
1070 2643 1146 2704 de
1178 2642 1394 2723 populo
1438 2643 1700 2723 repletus
1731 2643 1860 2724 Spi-

222 2734 328 2795 ritu
349 2733 678 2804 immundo,
714 2736 975 2797 clamare
1002 2736 1180 2816 coepit
1209 2753 1273 2796 se
1323 2735 1587 2815 torqueri
1617 2735 1690 2797 ab
1712 2736 1860 2797 Am-

222 2822 515 2887 brosio.At
538 2825 641 2886 ille
662 2841 984 2887 conversus
1025 2824 1097 2885 ad
1130 2843 1265 2886 eum
1314 2824 1394 2885 ait
1426 2842 1442 2887 :
1476 2822 1859 2901 Obmutesce,

220 2910 468 2989 diabole;
496 2912 635 2993 quia
666 2931 783 2973 non
831 2924 891 2974 te
923 2920 1155 2994 torquet
1182 2910 1551 2983 Ambrosius,
1577 2912 1682 2974 sed
1714 2913 1864 2975 fides

218 2985 546 3063 sanctorum
567 3011 625 3064 et
653 3002 876 3065 invidia
904 2985 1336 3082 tum-quoniam
1384 3001 1528 3063 illuc
1557 3001 1721 3063 vides
1749 3020 1851 3065 as-
1881 2985 1919 3036 C

216 3090 472 3152 cendere
503 3091 797 3165 homines,
831 3092 990 3152 unde
1016 3101 1079 3154 tu
1128 3090 1395 3170 deiectus
1425 3107 1513 3165 es;
1545 3109 1680 3151 nam
1708 3092 1853 3152 Am-

213 3178 448 3241 brosius
474 3182 661 3242 nescit
689 3179 1042 3252 inﬂari.Quo
1071 3180 1251 3253 dicto,
1286 3179 1387 3241 ille
1410 3181 1508 3261 qui
1538 3180 1849 3255 clamabat,

216 3267 523 3344 obmutuit,
556 3278 1001 3350 prostratusque
1048 3269 1110 3330 in
1160 3278 1380 3331 terram
1438 3278 1547 3351 est,
1584 3289 1695 3331 nec
1720 3288 1853 3331 am-

212 3358 361 3437 plius
394 3377 598 3420 vocem
632 3377 748 3439 qua
770 3358 1118 3439 obstrepere
1148 3368 1366 3440 posset,
1403 3359 1623 3421 emisit.

285 3447 515 3511 3i.Per
534 3448 688 3508 idem
707 3456 939 3528 tempus
961 3467 1093 3509 cum
1112 3449 1456 3510 consulatus
1473 3448 1564 3510 sui
1586 3458 1856 3530 tempore

206 3536 535 3618 imperator
554 3536 846 3598 Honorius
866 3537 925 3598 in
947 3537 1097 3599 urbe
1119 3537 1857 3620 Mediolanensium,Liby-

206 3645 413 3687 carum
432 3626 692 3688 ferarum
711 3627 1021 3689 exhiberet
1041 3646 1277 3702 munus,
1303 3627 1444 3689 illuc
1470 3627 1685 3708 populo
1704 3648 1851 3691 con-

204 3716 656 3790 currente,data
687 3720 856 3797 c0pia
873 3724 963 3778 est
984 3715 1183 3778 missis
1230 3716 1521 3779 militibus
1554 3716 1682 3796 (24)
1717 3727 1855 3780 tunc

200 3804 272 3865 ab
313 3805 615 3868 Stilicone
664 3808 882 3867 comite
936 3805 1174 3868 hortatu
1208 3804 1447 3867 Eusebii
1478 3807 1758 3886 praefecti,
1792 3818 1859 3872 ut

201 3891 565 3956 Cresconius
602 3894 841 3976 quidam
889 3894 964 3955 de
1020 3894 1286 3957 Ecclesia
1314 3904 1653 3976 raperetur;
1678 3915 1852 3976 quem

196 3984 646 4062 confugientem
671 3984 745 4045 ad
777 3984 960 4045 altare
992 3984 1225 4047 Domini
1256 3995 1494 4046 sanctus
1528 3983 1855 4065 Episcopus

196 4089 323 4132 sum
344 4072 725 4153 clericis,qui
754 4073 815 4134 in
842 4082 1110 4154 tempore
1130 4072 1851 4154 aderent,defendendum

195 4161 629 4225 circumdedit.
663 4160 778 4223 Sed
811 4162 1123 4223 multitudo
1171 4162 1444 4236 militum,
1481 4181 1611 4243 quae
1668 4163 1851 4225 duces

2022 1754 2123 1815 36.
2156 1752 2269 1815 Per
2294 1754 2451 1818 idem
2486 1765 2721 1839 tempus
2779 1761 3005 1838 Frigitil
3062 1761 3330 1840 quaedam
3387 1760 3625 1841 reginae

1940 1841 2521 1919 Marcomannorum,
2548 1866 2681 1909 cum
2714 1867 2747 1909 a
2777 1850 3031 1929 quodam
3074 1850 3409 1912 Christiano
3441 1852 3589 1927 viro,

1942 1932 2041 2009 qui
2074 1933 2147 1992 ad
2180 1933 2339 1994 illam
2372 1935 2525 1997 forte
2546 1937 2621 1997 de
2652 1936 2830 1999 Italiae
2857 1938 3119 2019 partibus
3148 1940 3592 2009 advenerat.re-

1948 2020 2178 2082 ferente
2209 2023 2322 2083 sibi
2352 2025 2582 2085 audiret
2611 2024 2823 2087 famam
2883 2027 3015 2101 viri,
3048 2028 3279 2091 Christo
3311 2030 3587 2103 credidit,

1947 2109 2115 2200 cujus
2144 2110 2308 2172 illum
2339 2114 2637 2176 servulum
2667 2126 3114 2195 recognoverat,
3143 2117 3454 2200 missisque
3478 2126 3591 2180 Me-

1948 2196 2247 2261 diolanum
2282 2203 2633 2265 muneribus
2652 2205 2725 2265 ad
2749 2203 3077 2268 Ecclesiam
3099 2225 3205 2287 per
3228 2196 3447 2287 legatos
3479 2226 3590 2287 po-

1948 2288 2276 2361 stulavit,ut
2298 2292 2532 2371 scriptis
2553 2291 2742 2373 ipsius
2761 2294 3016 2371 qualiter
3033 2297 3283 2359 credere
3321 2296 3588 2373 deberet,

1948 2375 2480 2442 informaretur.Ad
2500 2401 2677 2462 quam
2718 2382 2817 2445 ille
2851 2383 3158 2463 epistolam
3186 2385 3590 2466 fecitprtecla-

1945 2483 2071 2528 ram
2096 2467 2155 2527 in
2181 2470 2418 2529 modum
2443 2471 2809 2546 catechismi,
2836 2473 2897 2533 in
2926 2491 3046 2552 qua
3074 2474 3251 2535 etiam
3283 2474 3592 2539 admonuit

1947 2562 2009 2614 ut
2040 2556 2319 2618 suaderet
2368 2558 2486 2618 viro
2544 2560 2826 2621 Romanis
2880 2579 3087 2641 pacem
3135 2580 3421 2624 servare:
3475 2581 3593 2643 qua

1944 2652 2185 2723 accepta
2220 2646 2488 2725 epistola,
2515 2647 2729 2709 mulier
2756 2652 2941 2710 suasit
2962 2650 3109 2717 viro.
3138 2658 3198 2711 ut
3220 2669 3352 2711 cum
3373 2651 3589 2730 populo

1944 2751 2050 2793 suo
2081 2752 2145 2793 se
2170 2734 2457 2796 Romanis
2490 2736 2774 2799 traderet.
2810 2734 2949 2809 Quae
2994 2756 3129 2798 cum
3160 2738 3420 2799 venisset
3455 2742 3587 2801 Me-

1944 2821 2270 2903 diolanum,
2306 2824 2624 2903 plurimum
2668 2824 2857 2886 doluit
2886 2826 3040 2907 quod
3073 2835 3341 2887 sanctum
3371 2830 3586 2888 Sacer-

1944 2910 2165 2981 dotem,
2233 2914 2307 2973 ad
2359 2931 2533 2993 quem
2588 2914 2914 2987 festinarat,
2952 2914 3196 2975 minime
3242 2914 3587 2994 reperisset;

1937 2998 2062 3078 jam
2095 3002 2250 3062 enim
2285 3000 2359 3061 de
2390 3002 2499 3063 hac
2525 3001 2659 3064 luce
2689 3003 3059 3082 migraverat.

2018 3090 2115 3153 37.
2142 3088 2537 3170 Temporibus
2570 3110 2706 3153 vero
2730 3090 3014 3167 Gratiani,
3048 3099 3288 3154 utretro
3318 3093 3587 3172 redeam,

1935 3196 2069 3237 cum
2093 3179 2164 3238 ad
2192 3180 2527 3259 praetorium
2561 3180 2890 3243 Macedonii
2924 3191 3063 3244 tunc
3086 3182 3345 3259 magistri
3363 3183 3587 3244 ofﬁcio-

1935 3284 2064 3326 rum
2086 3285 2192 3347 pro
2218 3269 2473 3347 quodam
2506 3270 2957 3331 intercededum
2988 3271 3365 3351 perrexisset,
3410 3278 3586 3350 atque

1940 3372 2007 3414 ex
2041 3364 2337 3435 praecepto
2379 3357 2701 3435 supradicti
2742 3357 2845 3418 viri
2876 3359 3035 3419 fores
3067 3358 3580 3419 invenissetclau-

1937 3460 2176 3516 sas,nec
2204 3445 2436 3522 copiam
2463 3445 2792 3524 igrediendi
2817 3446 3062 3526 adeptus
3093 3454 3270 3520 esset,
3297 3448 3394 3507 ait:
3431 3445 3501 3508 Et
3526 3454 3585 3507 tu

1937 3532 2180 3612 quidem
2212 3533 2414 3594 venies
2437 3536 2511 3595 ad
2546 3536 2857 3596 ecclesiam
2894 3554 3003 3597 nec
3031 3536 3248 3597 clausis
3260 3535 3460 3613 januis
3488 3535 3585 3595 in-

1937 3623 2141 3683 venies
2176 3641 2293 3702 qua
2331 3622 2685 3701 ingrediaris
2717 3624 2835 3703 (27)
2870 3623 3038 3695 Quod
3071 3624 3290 3685 factum
3310 3634 3591 3703 est;mor-

1939 3720 2035 3772 tuo
2077 3712 2235 3773 enim
2294 3713 2593 3786 Gratiano,
2659 3714 3009 3791 confugiens
3073 3714 3452 3775 Macedonius
3515 3715 3589 3776 ad

1940 3802 2277 3877 ecclesiam,
2306 3802 2644 3882 patentibus
2666 3803 2867 3882 januis
2891 3803 3115 3864 aditum
3166 3805 3433 3884 reperire
3466 3822 3589 3865 non

1939 3898 2189 3970 poterat.

2019 3979 2117 4043 38.
2141 3978 2245 4040 Vir
2273 3988 2471 4042 autem
2496 3981 2622 4060 ipse
2641 3979 3003 4042 venerabilis
3026 3981 3359 4061 Episcopus
3385 3981 3586 4042 multae

1935 4067 2371 4131 abstinentiwet
2389 4070 2719 4149 vigiliarum
2741 4071 3588 4150 multarumetlaborumquo-
3656 4082 3657 4089 ‘

1933 4158 2151 4219 tidiano
2157 4159 2387 4239 jejunio
2404 4165 3052 4241 maceranscorpus,cui
3070 4160 3397 4242 prandendi
3415 4179 3588 4220 num-

194 4268 338 4346 suos
371 4250 847 4333 habebat(‘25)de
874 4251 1122 4346 perfidia
1140 4252 1852 4346 Arianorum,_praevaluit
1875 4266 2110 4346 Dquam
2143 4250 2509 4346 consuetudo
2539 4249 2669 4346 fuit,
2702 4251 2816 4346 nisi
2847 4249 2945 4346 die
2993 4248 3256 4346 Sahbati,
3289 4262 3344 4312 et
3375 4248 3584 4311 Domi-

191 4339 521 4403 adversum
557 4360 801 4421 paucos;
834 4350 1031 4423 atque,
1063 4341 1255 4405 ablato
1277 4342 1620 4417 Cresconio,
1656 4342 1855 4403 exsnl-
1875 4337 1913 4346 ”’
1937 4337 2273 4411 minico,vel
2292 4357 2424 4400 cum
2444 4340 2701 4399 natalitia
2715 4339 3244 4401 celeberrimorum
3264 4348 3584 4420 martyrum

188 4438 395 4493 tantes
453 4431 527 4493 ad
582 4431 1084 4512 amphitheatrum
1132 4439 1529 4505 reverterunt,
1576 4431 1858 4494 Ecclesiae

185 4521 439 4583 luctum
461 4537 581 4581 non
612 4520 911 4583 modicum
941 4521 1373 4602 relinquentes;
1414 4539 1551 4583 nam
1581 4521 1858 4584 sacerdos

184 4618 542 4690 prostratus
568 4618 706 4672 ante
733 4609 918 4676 altare
937 4610 1174 4673 Domini
1196 4610 1409 4673 factum
1433 4609 1535 4672 diu
1557 4608 1859 4672 flevit.Sed

176 4701 242 4762 in
276 4711 572 4777 tempore
599 4718 733 4762 cum
754 4702 1167 4780 revertissent,
1203 4707 1263 4762 et
1281 4699 1727 4763 renuntiassent
1757 4699 1853 4777 iis,

179 4809 213 4851 a
247 4789 496 4872 quibus
524 4790 761 4853 fuerant
785 4790 1065 4854 destinati
1088 4790 1325 4872 milites,
1359 4789 1589 4851 dimissi
1620 4790 1859 4871 leopar-

178 4880 243 4941 di
277 4880 459 4943 saltu
507 4879 692 4943 celeri
735 4880 807 4943 ad
856 4880 1133 4943 eumdem
1188 4880 1407 4948 locum.
1442 4880 1502 4942 in
1529 4898 1645 4960 quo
1675 4880 1859 4942 sede-

174 4978 332 5032 rant
389 4969 503 5052 qui
535 4971 609 5032 de
657 4970 924 5033 Ecclesia
977 4968 1437 5051 triumphabant,
1467 4968 1859 5032 ascendentes

1939 4424 2390 4489 essent.0randi
2420 4428 2601 4490 etiam
2623 4428 2939 4489 assiduitas
2971 4447 3181 4508 magna
3209 4428 3305 4491 die
3336 4447 3404 4491 ac
3435 4448 3585 4492 noc-

1942 4524 2034 4579 te:
2056 4534 2169 4578 nec
2191 4534 2432 4597 operam
2456 4516 2790 4578 declinabat
2810 4517 3112 4579 scribendi
3138 4517 3375 4599 propria
3408 4537 3586 4580 manu

1942 4605 2271 4678 libros,nisi
2300 4624 2434 4667 cum
2460 4606 2656 4687 aliqua
2675 4605 3023 4669 infirmitate
3051 4625 3270 4688 corpus
3301 4608 3431 4687 ejus
3454 4609 3586 4671 atti-

1942 4696 2487 4776 neretur(28).Erat
2518 4697 2696 4757 etiam
2725 4695 2786 4756 in
2816 4695 2918 4757 illo
2948 4696 3287 4758 sollicitudo
3317 4698 3582 4759 omnium

1940 4784 2365 4868 Ecclesiarum,
2420 4785 2854 4849 interveniendi
2935 4786 3111 4849 etiam
3164 4805 3376 4866 magna
3431 4786 3581 4848 assi-

1943 4875 2140 4939 duitas
2174 4883 2234 4937 et
2280 4874 2630 4937 constantia.
2662 4873 2731 4936 In
2763 4874 2945 4938 rebus
2974 4876 3149 4938 etiam
3202 4877 3413 4937 divinis
3465 4876 3580 4935 im-

1944 4965 2179 5049 plendis
2198 4965 2577 5045 fortissimus,
2606 4964 2667 5026 in
2699 4974 2920 5027 tantum
2953 4975 3016 5027 ut
3046 4966 3198 5046 quod
3228 4966 3435 5026 solitus
3458 4972 3584 5025 erat

174 5061 469 5138 graviter
495 5060 745 5122 laniatus
770 5060 1163 5141 reliquerunt.
1196 5060 1368 5133 Quod
1411 5057 1513 5120 ubi
1550 5056 1691 5120 vitit
1720 5067 1859 5121 tunc
1943 5058 2102 5120 circa
2149 5056 2531 5137 baptizandus
2560 5056 2722 5117 solus
2770 5056 3047 5137 implere,
3088 5056 3350 5134 quinque
3381 5066 3584 5136 postea

265 5222 421 5301 (2'23)
456 5226 590 5282 Mss.
626 5221 865 5303 aliquot,
900 5219 1003 5282 ubi
1027 5221 1235 5301 pridie
1262 5227 1603 5283 sunt'torem
1634 5228 1863 5299 aposto-

167 5306 229 5362 11.;
239 5322 409 5365 rum
425 5351 438 5362 .

269 5359 539 5461 lta
569 5381 707 5444 edit.
742 5380 877 5445 Gill.
913 5400 979 5443 ac
1004 5359 1205 5462 plures
1233 5398 1374 5462 mss_.
1422 5381 1520 5442 alii
1566 5379 1859 5462 nonnulli,

1952 5217 2291 5301 Theodorus
2317 5228 2458 5283 tunc
2485 5223 2784 5301 notarius,
2820 5239 2935 5280 non
2968 5218 3141 5301 bene.

2025 5297 2149 5377 (27)
2180 5299 2401 5362 Omnes
2432 5301 2574 5364 edit.
2609 5320 2741 5363 cum
2764 5297 2879 5361 uno
2908 5298 3040 5360 cod.
3060 5297 3254 5378 Colb.,
3278 5315 3461 5377 quam
3478 5317 3587 5361 nec

1947 5386 2011 5441 tu
2040 5380 2413 5457 ingrcdiere,
2434 5384 2641 5460 ianuis
2664 5382 2799 5442 licet
2825 5397 2945 5441 non
2971 5381 3234 5460 clausis;
3263 5379 3395 5439 cod.
3434 5397 3591 5441 unus

164 5459 339 5526 (lata
378 5468 563 5542 copia
588 5470 671 5524 est
692 5462 938 5542 injustis
961 5459 1258 5525 Militibus
1283 5480 1302 5537 ;
1329 5459 1499 5522 Rom.
1528 5459 1698 5536 edit.,
1724 5463 1867 5522 data
1951 5461 2180 5535 Germ,
2238 5459 2599 5542 apertisque,
2630 5463 2873 5539 januis,
2910 5476 3057 5542 _non
3130 5459 3402 5522 invenies
3472 5476 3591 5540 qua

298 5546 369 5605 ia
412 5551 507 5604 est
544 5542 860 5605 militibus.

256 5623 417 5785 (25;
458 5624 607 5714 Mss.
640 5623 885 5706 aliquot,
919 5642 1047 5703 qua:
1077 5623 1224 5686 duos
1253 5623 1432 5686 duces
1464 5621 1737 5685 habebat.

256 5705 385 5785 L26
446 5702 694 5776 Quidam
720 5723 889 5778 mss.,
917 5704 1221 5768 Theodoro
1237 5710 1380 5767 tunc
1394 5706 1634 5766 notario
1660 5719 1730 5777 ;u

252 5705 385 5785 (26

544 5842 804 5906 Parnm.
850 5842 963 5907 Ira.
1012 5842 1174 5907 XIV.

446 5701 694 5776 Quidam
720 5701 889 5778 mss.,
917 5701 1221 5768 Theodoro
1237 5710 1380 5767 tunc
1394 5706 1634 5766 notario
1660 5717 1867 5777 ;unus,

1954 5539 2379 5621 ingrediaris;
2411 5539 2606 5602 caeteri
2638 5558 2759 5600 mss
2816 5546 2880 5621 ut
2907 5539 2969 5601 in
2999 5546 3307 5602 contextu.

2039 5620 2159 5702 1‘28)
2194 5623 2280 5684 Ita
2311 5638 2453 5702 mss.
2504 5628 2776 5702 septem;
2834 5620 3035 5686 Germ.
3094 5638 3232 5684 vero
3283 5638 3465 5695 unus,
3526 5639 3595 5683 ac

1957 5700 2099 5764 edit.
2136 5700 2351 5780 corpus
2378 5700 2503 5779 eius
2531 5700 2969 5766 attenuentur.

3163 5839 3201 5895 2
