4122 6186
267 355 354 422 45

1288 357 1639 423 AUGTORE
1680 350 2019 421 PAULINO
2060 357 2237 422 EJUS
2279 363 2638 428 NOTARIO.

3568 376 3649 440 46

267 490 614 583 tribunatus
636 491 778 583 (31),
810 493 873 583 in
903 500 1128 556 tantum
1159 499 1225 556 ut
1252 500 1598 583 tenerentur
1627 494 1924 564 homines,
1946 494 1989 545 Α
2011 507 2168 554 nunc
2199 513 2383 576 usque
2414 499 2851 563 Bononiensem
2882 502 3031 583 regit
3051 503 3374 570 Ecclesiam
3401 526 3415 573 :
3444 512 3650 577 Castus

267 581 377 662 qui
407 581 481 643 ad
512 581 969 644 ministrantium
1005 583 1329 665 pergebant
1362 606 1377 645 :
1407 582 1512 646 sed
1545 582 1647 646 ubi
1673 584 1744 645 ad
1778 602 1918 665 per-

268 690 480 733 sonam
512 674 667 734 servi
708 672 800 734 sui
845 673 1112 753 pervenit
1143 692 1346 736 comes
1377 672 1607 754 Stilico,
1643 673 1830 735 noluit
1859 674 1918 734 in

267 778 412 822 eum
447 759 1064 824 vindicare.Homines
1093 764 1270 824 etiam
1291 763 1391 844 qui
1411 761 1644 843 decepti
1664 763 1917 844 fuerant,

266 848 607 912 interventu
641 849 979 914 Sacerdotis
1002 852 1250 925 dimi-tit,
1285 853 1362 914 de
1390 852 1517 933 ipso
1560 871 1698 914 vero
1746 870 1916 915 servo

268 937 576 1003 Sacerdoti
595 949 840 1020 questus
871 949 982 1005 est.
1009 941 1196 1014 Quem
1218 941 1552 1004 virsanctus
1573 959 1707 1005 cum
1731 941 1807 1003 de
1821 941 1918 1003 ba-

265 1026 439 1089 silica
473 1027 864 1091 Ambrosiana
895 1030 1706 1110 egrederetur,requirifecit,
1739 1041 1919 1112 atque

261 1116 338 1177 ad
370 1134 437 1177 se
470 1117 734 1198 perduci.
770 1116 955 1189 Quem
988 1138 1120 1181 cum
1151 1119 1595 1199 interrogasset,
1629 1135 1686 1182 et
1708 1119 1917 1200 depre-

260 1202 576 1268 hendisset
603 1215 904 1270 auctorem
939 1209 1084 1270 tanti
1110 1209 1443 1290 ﬂag’ttii,ait:
1479 1209 1728 1290 Oportet
1749 1208 1916 1270 illum

263 1293 422 1354 tradi
453 1293 683 1358 Satana
731 1296 792 1358 in
847 1295 1151 1360 interitum
1202 1299 1396 1360 carnis
1429 1317 1501 1360 ne
1533 1298 1676 1360 talia
1701 1297 1916 1378 aliquis

260 1385 324 1444 in
358 1393 664 1464 posterum
692 1385 907 1448 audeat
936 1386 1252 1450 admittere
1281 1386 1340 1461 (Ι
1360 1390 1496 1450 Cor.
1528 1403 1589 1465 ν,
1619 1389 1702 1461 5).
1727 1385 1915 1460 Quem

259 1474 482 1536 eodem
514 1484 815 1538 momento
855 1497 988 1538 cum
1021 1477 1216 1540 adhuc
1275 1496 1470 1540 sermo
1529 1486 1687 1539 esset
1719 1479 1779 1537 in
1813 1494 1918 1538 ore

257 1563 625 1640 Sacerdotis,
641 1564 882 1646 spiritus
899 1566 1242 1628 immundus
1256 1576 1558 1648 arreptum
1576 1566 1916 1648 discerpere

258 1651 445 1732 capit
467 1673 480 1714 :
505 1671 621 1733 quo
653 1653 798 1728 viso,
823 1673 942 1716 non
960 1654 1206 1717 minimo
1239 1654 1451 1717 timore
1479 1654 1689 1735 repleti
1711 1673 1916 1717 sumus

258 1749 319 1803 et
343 1741 761 1806 admiratione.
793 1741 1004 1806 Multos
1054 1744 1234 1806 etiam
1277 1744 1491 1808 diebus
1540 1743 1682 1824 illis,
1716 1745 1912 1824 impo-

2002 589 2197 643 autem
2233 598 2288 646 et
2312 585 2609 650 Polemius
2640 590 2845 651 nutriti
2891 592 2965 654 ab
3014 593 3323 662 Ambrosio
3347 597 3520 663 bona
3546 620 3647 665 ar-

2003 668 2165 731 boris
2195 671 2334 734 boni
2361 675 2609 751 fructus,
2664 677 2722 739 in
2757 679 3022 745 Ecclesia
3051 684 3482 751 Mediolanensi
3511 690 3642 754 dia-

2003 758 2159 819 conii
2191 760 2524 842 funguntur
2546 766 2764 832 officio.

2083 848 2182 943 in.
2213 848 2278 911 In
2311 855 2519 916 eodem
2551 863 2744 918 tamen
2775 857 2904 920 loco
2948 858 3008 920 in
3062 879 3177 942 quo
3225 864 3465 943 jacebat
3494 869 3642 932 sicut

1998 935 2299 1029 referente
2327 955 2533 1005 sancto
2559 944 2832 1007 Bassiano
2865 935 3142 1029 episcopo
3169 935 3502 1017 Landensis
3530 957 3648 1019 Ec-

2001 1024 2214 1101 clesia,
2265 1030 2365 1110 qui
2394 1030 2466 1092 ab
2523 1031 2734 1094 eodem
2783 1024 3088 1111 audierat,
3123 1034 3465 1115 didicimus)
3508 1061 3643 1107 cum

1999 1126 2195 1207 oraret
2224 1137 2341 1180 una
2369 1140 2500 1182 cum
2533 1121 2876 1202 supradicto
2908 1123 3238 1207 sacerdote,
3263 1126 3491 1191 viderat
3522 1133 3645 1194 Do-

2001 1205 2226 1268 minum
2256 1207 2287 1271 J
2295 1227 2458 1272 esum
2491 1209 2803 1274 advenisse
2823 1211 2894 1273 ad
2921 1229 3006 1287 se,
3042 1221 3100 1275 et
3119 1205 3481 1279 arridentem
3501 1219 3639 1282 sibi:

1997 1311 2108 1355 nec
2143 1299 2351 1358 multos
2382 1307 2514 1379 post
2535 1298 2664 1361 dies
2695 1298 2864 1361 nobis
2891 1299 3120 1362 ablatus
3150 1311 3259 1367 est.
3280 1301 3398 1366 Sed
3429 1307 3641 1370 eodem

2001 1389 2266 1464 tempore
2303 1407 2414 1467 quo
2448 1387 2717 1469 migravit
2746 1389 2818 1450 ad
2845 1389 3189 1466 Dominum,
3222 1391 3296 1453 ab
3315 1393 3460 1457 hora
3478 1395 3644 1459 circi-

2000 1475 2428 1566 terundecima
2481 1477 2599 1540 diei
2663 1497 2850 1560 usque
2879 1479 2952 1541 ad
2986 1479 3140 1541 illam
3180 1481 3410 1564 horam,
3438 1484 3500 1546 in
3531 1503 3647 1566 qua

1999 1563 2199 1625 emisit
2214 1565 2794 1649 Spiritum,expansis
2813 1568 3088 1632 manibus
3111 1569 3173 1630 in
3196 1563 3438 1633 modum
3450 1563 3648 1636 cru—cis

1998 1653 2226 1716 oravit:
2265 1674 2370 1718 nos
2418 1675 2555 1719 vero
2605 1657 2758 1719 labia
2787 1657 2950 1722 illius
3002 1659 3225 1722 moveri
3271 1659 3642 1739 videbamus,

1999 1759 2197 1804 vocem
2229 1754 2426 1806 autem
2460 1764 2577 1808 non
2611 1746 3022 1810 audiebamus.
3077 1747 3411 1810 Honoratus
3469 1750 3648 1812 etiam

256 1839 444 1920 nente
463 1830 561 1892 illo
592 1833 1315 1914 manus,etimperanteab
1337 1815 1914 1914 Spiritibusimmun-
1937 1815 1974 1864 Β
1996 1832 2278 1920 sacerdos
2307 1832 2588 1897 Ecclesia
2614 1834 2899 1898 Vercellis
2956 1856 3090 1899 cum
3145 1837 3207 1898 in
3239 1838 3649 1920 superioribus

260 1918 360 1982 dis
389 1920 644 1982 vidimus
671 1938 805 1984 esse
835 1930 1142 2003 purgatos.

336 2009 443 2070 44.
479 2011 597 2073 Per
623 2009 780 2072 idem
807 2018 1039 2092 tempus
1062 2011 1376 2076 Nicentius
1425 2011 1664 2093 quidam
1696 2029 1766 2074 ex
1797 2011 1909 2074 tri-

255 2097 421 2177 buno
453 2107 512 2161 et
532 2099 762 2161 notario
790 2098 935 2174 (32),
967 2099 1069 2182 qui
1121 2101 1200 2162 ita
1257 2100 1475 2182 pedum
1507 2101 1711 2163 dolere
1741 2110 1911 2164 tene-

255 2187 455 2269 batur,
488 2198 552 2249 ut
582 2207 714 2251 raro
747 2190 805 2250 in
832 2189 1070 2271 publico
1114 2189 1440 2264 videretur;
1476 2209 1612 2251 cum
1631 2191 1706 2252 ad
1729 2191 1914 2253 altare

253 2277 634 2359 accessisset,
667 2286 728 2338 ut
747 2287 1119 2341 sacramenta
1138 2278 1498 2360 perciperet,
1535 2278 1913 2361 calcatusque

258 2385 395 2430 casu
423 2386 461 2429 a
485 2365 808 2429 Sacerdote
866 2368 1277 2441 exclamasset,
1337 2367 1559 2429 audivit
1592 2388 1607 2429 :
1634 2367 1824 2440 Vade,
1855 2376 1915 2433 et

257 2456 474 2518 amodo
500 2456 698 2519 salvus
719 2457 862 2520 eris.
887 2458 1008 2520 Nec
1040 2476 1105 2518 se
1126 2455 1382 2538 amplius
1411 2455 1672 2518 doluisse
1702 2457 1910 2539 pedes,

256 2554 528 2626 tempore
558 2564 674 2627 quo
704 2554 945 2608 sanctus
975 2544 1266 2609 Sacerdos
1296 2545 1368 2608 de
1399 2545 1510 2608 hac
1530 2545 1660 2608 luce
1690 2545 1910 2626 migra-

255 2635 361 2716 vit,
398 2636 698 2718 lacrymis,
734 2635 1084 2698 testabatur.

334 2727 439 2789 45.
462 2723 576 2787 Sed
593 2732 724 2805 post
743 2723 871 2786 dies
886 2726 1018 2803 hos,
1028 2723 1297 2787 ordinato
1313 2723 1622 2790 sacerdote
1632 2722 1914 2788 Ecclesia

255 2813 802 2890 Ticincnsi,incidit
834 2813 895 2875 in
927 2813 1538 2895 infirmitatem,quam
1561 2834 1694 2877 cum
1722 2814 1912 2895 pluri-

255 2902 372 2965 mis
419 2902 634 2967 diebus
675 2901 1045 2966 detineretur
1073 2903 1134 2964 in
1167 2903 1406 2979 lectulo,
1459 2921 1660 2965 comes
1704 2902 1912 2965 Stilico

253 2993 480 3055 dixisse
508 2992 694 3055 fertur
715 2991 898 3073 quod,
927 2999 1085 3054 tanto
1133 2992 1260 3054 viro
1309 2993 1636 3056 recedente
1665 2992 1741 3055 de
1772 3011 1913 3054 cor-

252 3099 426 3162 pore,
460 3081 734 3144 interitus
762 3083 1103 3145 immineret
1123 3081 1332 3146 Italia.
1370 3081 1540 3146 Unde
1573 3081 1914 3146 convocatis

1997 1917 2207 1982 domus
2263 1941 2329 1984 se
2383 1923 2454 1983 ad
2506 1925 2942 2006 quiescendum
2982 1917 3436 2010 composuisset,
3475 1929 3647 1993 tertio

1993 2027 2198 2100 vocem
2232 2013 2496 2075 vocantis
2518 2031 2582 2076 se
2611 2014 3406 2096 audivit,dicentisque_sibi:
3432 2016 3643 2100 Surge,

1995 2097 2376 2181 festina,quia
2409 2102 2583 2164 modo
2604 2110 3076 2168 estrecessurus.
3108 2103 3220 2178 Qui
3242 2097 3643 2184 descendens,

1997 2187 2208 2278 obtulit
2263 2199 2466 2253 sancto
2518 2190 2755 2254 Domini
2813 2211 3067 2275 corpus:
3105 2212 3220 2274 quo
3271 2204 3515 2278 accepto
3545 2196 3649 2258 ubi

1995 2277 2250 2354 glutivit,
2283 2279 2481 2342 emisit
2507 2281 2778 2362 spiritum
2810 2285 2952 2355 (33),
2991 2281 3210 2344 bonum
3239 2282 3509 2346 viaticum
3541 2304 3644 2349 se-

1997 2383 2128 2426 cum
2163 2367 2396 2447 ferens;
2431 2379 2494 2431 ut
2536 2369 2598 2432 in
2628 2370 2847 2434 virtute
2889 2389 3042 2434 esca
3087 2371 3286 2434 anima
3335 2372 3640 2451 refectior,

1995 2454 2342 2532 angelorum
2403 2476 2564 2519 nunc
2594 2459 2916 2534 consortio,
2952 2477 3199 2540 quarum
3251 2460 3370 2522 vita
3417 2461 3558 2525 vixit
3587 2463 3648 2526 in

1995 2543 2259 2618 terris,et
2285 2545 2425 2609 Elia
2451 2542 2736 2608 societate
2761 2547 3016 2624 latetur;
3047 2548 3185 2629 quia
3219 2561 3282 2610 ut
3307 2547 3464 2613 Elias
3493 2571 3648 2615 nun-

1994 2649 2172 2711 quam
2206 2633 2447 2713 regibus
2491 2634 2582 2696 vel
2612 2634 2749 2696 ullis
2804 2636 3221 2715 potestatibus,
3254 2636 3333 2698 ita
3371 2650 3482 2702 nec
3532 2640 3647 2705 iste

1996 2739 2102 2801 pro
2138 2721 2244 2784 Dei
2276 2721 2486 2785 timore
2517 2723 2678 2804 loqui
2710 2723 2929 2785 veritus
2959 2731 3068 2786 est.

2076 2809 2176 2874 48.
2213 2815 2406 2892 Atque
2437 2811 2576 2874 inde
2596 2811 2669 2873 ad
2692 2811 3019 2875 Ecclesiam
3041 2812 3328 2894 majorem
3352 2816 3647 2881 anteluca-

1995 2916 2072 2959 na
2107 2899 2226 2976 (34)
2257 2900 2403 2962 hora
2417 2919 2532 2982 qua
2555 2899 2872 2963 defunctus
2901 2909 2990 2964 est
3019 2918 3236 2983 corpus
3263 2901 3452 2985 ipsius
3502 2925 3643 2988 por-

1994 2996 2180 3051 tatum
2204 2997 2317 3068 est;
2337 2991 2540 3071 ibique
2553 2992 2760 3052 eadem
2791 2990 2900 3052 fuit
2929 2998 3250 3072 nocte,qua
3279 2991 3646 3073 vigilavimus

1994 3078 2057 3139 in
2088 3078 2349 3141 Pascha:
2377 3097 2553 3160 quem
2592 3079 2834 3160 plurimi
2867 3079 3120 3142 infantes
3141 3079 3416 3162 baptizati
3445 3103 3581 3147 cum
3611 3105 3648 3149 a

250 3173 325 3234 ad
351 3191 419 3235 se
453 3171 753 3235 nobilibus
798 3173 942 3234 viris
973 3172 1130 3234 illius
1159 3172 1437 3246 civitatis,
1487 3190 1637 3254 quos
1686 3171 1851 3252 diligi
1875 3181 1967 3234 aC
1991 3167 2151 3232 fonte
2181 3168 2476 3241 venirent,
2511 3169 2806 3245 viderunt,
2831 3169 2914 3230 ita
2941 3176 3008 3232 ut
3033 3169 3215 3251 aliqui
3244 3170 3552 3236 sedentem
3583 3175 3646 3237 in

253 3268 466 3323 sancto
496 3263 815 3326 Sacerdote
839 3269 1212 3341 cognoverat,
1248 3261 1463 3342 partim
1494 3261 1911 3324 interminatus

255 3359 346 3413 est
375 3349 521 3425 illis,
552 3350 762 3431 partim
787 3349 1004 3412 blando
1035 3369 1315 3413 sermone
1346 3351 1659 3432 persuasit,
1684 3358 1748 3412 ut
1777 3367 1908 3432 per-

253 3447 469 3520 gerent
497 3440 574 3502 ad
601 3447 869 3502 sanctum
907 3438 1315 3522 sacerdotem,
1334 3439 1776 3521 suaderentque
1795 3439 1906 3522 illi,

253 3539 314 3591 ut
363 3529 483 3592 sibi
541 3528 771 3592 vivendi
827 3536 1056 3610 peteret
1100 3548 1136 3592 a
1192 3527 1443 3591 Domino
1488 3539 1905 3602 commeatum,

253 3618 428 3691 Quod
462 3617 565 3679 ille
592 3616 695 3678 ubi
717 3616 792 3679 ab
825 3615 944 3678 illis
977 3616 1218 3694 audivit,
1279 3617 1590 3698 respondit
1624 3639 1637 3677 :
1674 3617 1803 3680 Non
1831 3619 1910 3680 ita

250 3705 411 3768 inter
437 3723 543 3766 vos
569 3703 708 3786 vixi,
769 3713 833 3765 ut
879 3705 1096 3786 pudeat
1150 3723 1246 3766 me
1290 3705 1530 3768 vivere:
1563 3723 1674 3768 nec
1725 3706 1906 3769 timeo

253 3795 435 3870 mori;
461 3793 599 3876 quia
631 3792 944 3855 Dominum
977 3792 1198 3856 bonum
1229 3793 1540 3857 habemus.

335 3885 440 3947 46.
478 3886 591 3946 Per
618 3881 775 3944 idem
805 3891 920 3944 tem
931 3901 1039 3963 pus
1059 3901 1193 3945 cum
1220 3882 1280 3944 in
1299 3891 1562 3945 extrema
1584 3890 1750 3964 parte
1784 3902 1920 3964 por-

251 3975 400 4035 ticus
428 3974 491 4034 in
522 3990 639 4053 qua
651 3970 888 4051 jacebat
919 3972 980 4033 in
1009 3991 1127 4034 uno
1156 3971 1326 4054 positi
1354 3974 1912 4054 Castus,Polemius,

248 4061 552 4125 Venerius
576 4068 634 4122 et
662 4060 826 4123 Felix
870 4070 1010 4123 tunc
1055 4061 1290 4124 diaconi
1341 4080 1542 4125 secum
1588 4071 1916 4134 tractarem

248 4170 395 4214 voce
425 4153 508 4213 ita
539 4168 769 4232 pressa,
801 4159 863 4213 ut
890 4150 984 4212 vix
1013 4169 1078 4214 se
1135 4151 1388 4214 invicem
1441 4152 1740 4222 audirent,
1775 4153 1910 4235 quis

249 4248 382 4324 post
413 4239 641 4302 obitum
669 4238 828 4301 illius
859 4239 1173 4321 episcopus
1229 4239 1592 4303 ordinandus
1623 4251 1907 4318 esset,at-

1993 3257 2279 3320 cathedra
2307 3259 2368 3320 in
2399 3257 2680 3321 tribunali
2713 3257 3000 3332 dicerent,
3025 3258 3126 3320 alii
3156 3277 3296 3321 vero
3325 3261 3642 3325 ambulan-

1993 3353 2112 3408 tem
2169 3348 2293 3410 suis
2349 3347 2688 3428 parentihus
2745 3347 2926 3426 digito
2957 3348 3342 3410 ostenderent
3375 3370 3390 3413 :
3423 3351 3529 3414 sed
3560 3351 3646 3420 illi

1993 3435 2266 3499 videntes
2290 3437 2496 3500 videre
2525 3457 2643 3499 non
2676 3445 2968 3516 poterant,
3001 3437 3142 3516 quia
3175 3437 3491 3502 mundatos
3511 3460 3648 3504 ocu-

1994 3524 2084 3586 los
2106 3526 2224 3599 (35)
2255 3545 2374 3588 non
2407 3525 2738 3589 habebant:
2771 3525 3016 3608 plurimi
3044 3535 3241 3588 autem
3274 3528 3506 3591 stellam
3537 3549 3644 3594 su-
3719 3599 3732 3603 _

1993 3632 2100 3696 pra
2117 3634 2332 3696 corpus
2347 3615 2476 3696 ejus
2496 3634 2562 3677 se
2581 3614 2795 3678 vidisse
2817 3614 3282 3680 narrabant.Sed
3306 3617 3649 3684 lucescente

1990 3705 2088 3766 die
2141 3703 2469 3778 Dominico,
2500 3722 2632 3765 cum
2684 3721 2901 3782 corpus
2930 3703 3406 3786 ipsius,perautis
3439 3726 3646 3772 sacra-

1991 3795 2206 3855 mentis
2237 3793 2472 3867 divinis,
2519 3792 2595 3854 de
2627 3791 2904 3854 Ecclesia
2947 3793 3262 3867 levaretur,
3297 3798 3652 3876 portandum

2002 3884 2072 3943 ad
2108 3882 2410 3944 basilicam
2455 3881 3000 3957 Ambrosianam,in
3037 3900 3153 3962 qua
3181 3885 3407 3963 positus
3427 3896 3540 3960 est,
3573 3888 3654 3952 ita

1999 3971 2081 4035 ibi
2134 3972 2470 4034 damonum
2511 3971 2686 4035 turba
2715 3968 3007 4033 clamabat
3030 3990 3096 4034 se
3123 3971 3325 4034 abillo
3359 3977 3648 4058 torqueri,

1996 4070 2061 4123 ut
2089 4062 2341 4141 ejulatus
2411 4080 2618 4124 eorum
2652 4060 2795 4123 ferri
2828 4079 2947 4122 non
2979 4069 3246 4142 possent.
3282 4060 3422 4134 Qua
3467 4066 3653 4143 gratia

1992 4151 2332 4214 Sacerdotis
2357 4170 2472 4216 non
2503 4151 2693 4213 solum
2727 4153 2786 4212 in
2816 4150 2935 4213 illo
2965 4149 3118 4227 loco,
3151 4167 3359 4213 verum
3390 4152 3651 4217 etiamin

1992 4241 2266 4321 plurimis
2301 4240 2626 4321 provinciis
2661 4259 2849 4322 usque
2879 4240 2941 4301 in
2984 4240 3344 4302 hodiernum
3396 4252 3596 4306 manet
3628 4265 3645 4307 :

259 4348 375 4412 que
397 4348 536 4391 cum
568 4328 644 4391 de
672 4327 914 4390 nomine
943 4329 1129 4390 sancti
1154 4329 1538 4411 loquerentur
1563 4331 1907 4412 Simplicia—
1983 4331 2286 4410 jactabant
2307 4333 2480 4394 etiam
2508 4329 2693 4393 turba
2712 4331 2972 4392 virorum
2991 4347 3060 4392 ac
3085 4328 3399 4393 mulierum
3425 4334 3643 4417 oraria,

255 4420 342 4510 ni,
376 4430 652 4510 tanquam
675 4417 993 4482 interesset
1023 4419 1653 4510 tr_actatui,cumlonge
1682 4421 1907 4502 positus
1927 4459 1971 4510 Β
1991 4421 2080 4510 vel
2113 4421 2482 4510 semicinctia
2508 4439 2635 4502 sua,
2668 4429 2732 4481 ut
2761 4437 2978 4510 corpus
3031 4418 3228 4510 Sancti
3275 4418 3648 4501 aliquatenus
3712 4429 3713 4432 “

254 4508 332 4570 ab
384 4508 535 4590 ipsis
587 4508 833 4588 jaceret,
883 4507 1218 4590 approbans
1268 4508 1612 4571 exclamavit
1679 4511 1900 4577 tertio:

1989 4509 2066 4572 ab
2123 4510 2266 4590 ipsis
2329 4509 2797 4590 contingeretur.
2831 4509 2976 4571 Erat
3032 4505 3194 4569 enim
3226 4511 3643 4590 exsequiarum

253 4598 476 4674 Senex,
504 4600 612 4662 sed
644 4597 860 4660 bonus.
906 4597 1049 4660 Erat
1104 4599 1268 4662 enim
1323 4598 1749 4678 Simplicianus
1800 4601 1905 4664 avi
1991 4599 2162 4662 turba
2219 4597 2673 4662 innumerabilis
2721 4596 2900 4660 totius
2956 4595 3276 4676 dignitatis,
3342 4599 3640 4682 totiusque

252 4696 548 4752 maturus.
578 4690 706 4762 Qua
725 4705 868 4750 voce
896 4687 1580 4770 audita,expavescentes
1603 4689 1902 4768 fugerunt;
1987 4707 2166 4750 sexus
2193 4691 2580 4769 omniumque
2603 4705 2756 4769 pene
2787 4694 3026 4750 atatum
3061 4703 3178 4746 non
3209 4684 3400 4747 solum
3441 4687 3636 4750 chris-

250 4777 540 4840 defuncto
570 4783 763 4840 tamen
791 4795 884 4848 eo,
922 4794 1042 4838 non
1099 4776 1253 4839 alius
1280 4777 1372 4839 illi
1402 4777 1688 4840 successit
1713 4777 1773 4840 in
1804 4798 1904 4842 sa-
1988 4778 2305 4860 tianorum,
2353 4780 2459 4840 sed
2519 4777 2696 4840 etiam
2749 4775 3090 4840 Judaorum
3121 4786 3182 4837 et
3221 4793 3579 4855 paganorum
3619 4796 3634 4837 ;

252 4867 590 4930 cerdotium
621 4867 736 4928 nisi
765 4865 818 4927 is
845 4883 1022 4947 quem
1065 4865 1165 4928 ille
1215 4865 1440 4930 bonum
1489 4885 1696 4929 senem
1751 4869 1906 4932 trina
1987 4867 2212 4947 majore
2245 4877 2439 4930 tamen
2461 4867 2648 4947 gratia
2677 4865 2822 4928 ordo
2858 4865 3236 4946 pracedebat
3267 4880 3496 4940 eorum,
3530 4863 3633 4944 qui

251 4975 396 5020 voce
425 4957 784 5038 signaverat.
818 4954 924 5019 Cui
953 4954 1336 5038 Simpliciano
1379 4955 1688 5032 Venerius,
1725 4976 1900 5040 quem
1985 4955 2221 5017 fuerant
2249 4956 2546 5038 baptizati.
3412 4959 3414 4961 ’

254 5065 437 5129 supra
479 5046 963 5119 memoravimus,
1021 5062 1328 5109 successor
1384 5045 1526 5109 fuit:
1560 5044 1720 5108 Felix
1764 5066 1902 5111 vero
2066 5046 2164 5107 49.
2203 5046 2421 5109 Eadem
2454 5066 2596 5108 vero
2626 5066 2740 5128 qua
2773 5044 2918 5106 obiit
2948 5043 3045 5106 die
3077 5040 3248 5114 (sicut
3278 5045 3471 5100 textus
3500 5039 3633 5122 epi-

332 5218 456 5295 tb‘l}
490 5213 573 5276 lta
607 5233 746 5276 mss.
781 5213 940 5276 i'idit.
970 5233 1131 5289 vero,
1158 5217 1359 5294 facem
1389 5214 1678 5294 epistolas
1711 5218 1907 5279 Iribu-
1991 5222 2154 5287 tum;
2188 5219 2396 5276 otnnes
2429 5235 2570 5278 mss.
2607 5225 2665 5277 ut
2699 5234 2804 5276 nos
2836 5213 2894 5274 in
2934 5219 3110 5295 textu.

258 5291 447 5358 natus
469 5305 840 5375 compertum
877 5304 986 5355 est.
1158 5291 1166 5294 ⁷
1424 5291 1433 5294 ⁷
2006 5374 2012 5375 ί
2070 5295 2191 5372 (3-4)
2246 5297 2468 5358 Omnes
2525 5297 2692 5365 edit.,
2754 5301 2896 5355 ante
2953 5293 3172 5375 luclmti
3227 5291 3371 5351 Ιιονα
3416 5309 3633 5372 corpus

331 5377 455 5454 (3‘2)
490 5369 734 5438 Eras.el
762 5375 899 5438 Gill.
927 5394 1060 5437 cum
1087 5385 1249 5454 parte
1279 5395 1417 5437 mss.
1457 5380 1529 5437 ita
1550 5378 1661 5438 hoc
1689 5397 1903 5439 nomen
1992 5369 2226 5452 ipsius:
2265 5378 2461 5455 plures
2485 5396 2651 5446 mss,
2680 5377 3126 5435 (mre/umnam
3150 5369 3362 5432 horam
3391 5369 3634 5433 :onines

255 5459 528 5517 scribunt
557 5477 571 5535 ;
610 5457 754 5515 odit.
785 5464 980 5535 autem
1008 5457 1180 5518 ltum.
1207 5475 1338 5516 cum
1371 5457 1504 5519 aliis
1528 5477 1699 5534 tnss.,
1725 5457 1903 5520 Nirc—
1993 5474 2126 5514 veru
2161 5457 2496 5525 restituunt,
2531 5475 2645 5535 qua
2679 5457 2988 5532 defunctus
3019 5462 3124 5513 est.

256 5540 369 5600 tius
399 5534 678 5616 quidam.
715 5534 1006 5597 Continuo
1040 5554 1178 5596 vero
1203 5545 1332 5616 post
1350 5556 1451 5616 pro
1474 5555 1553 5599 ea;
1581 5537 1826 5600 tribuno
1846 5548 1901 5600 «ει
2010 5613 2023 5616 _
2067 5535 2343 5616 (35}Mss.
2371 5534 2610 5616 aliqum.
2635 5535 2743 5595 alii
2767 5534 3416 5616 veroasceudeutem...
3441 5541 3636 5616 osten-

255 5613 518 5695 [tofm—10,
559 5615 731 5676 habet
754 5617 888 5678 cod.
927 5613 1480 5678 [iocanti-ibimus
1511 5622 1900 5681 etnolarius.
1986 5613 2194 5676 darem
2222 5617 2328 5678 sed
2375 5613 2758 5695 nullipraeter
2802 5619 3041 5675 nouiter
3069 5615 3415 5693 baptizatos
3436 5613 3638 5677 videre

252 5692 419 5758 Unus
450 5696 684 5775 Germ,
721 5714 800 5756 ex
833 5696 1084 5757 tribuno
1113 5699 1411 5775 notarius.
1984 5703 2268 5773 poterant
2299 5717 2311 5771 ;
2345 5698 2488 5775 quia
2524 5692 2643 5757 tam
2678 5695 2928 5755 mundos
2956 5692 3182 5768 oculos,
3217 5703 3332 5754 etc.

331 5777 458 5857 (33]
486 5773 712 5840 Omnes
731 5775 902 5856 cdit.,
927 5775 1094 5849 Quod
1111 5774 1214 5836 ubi
1235 5779 1685 5858 acrepit,emisit
1707 5778 1904 5857 spiri-
