4172 6182
490 332 564 394 47
1829 319 2013 383 νΙΤΑ
2059 312 2119 374 8.

2235 312 2529 379 ΗΒΒΟΞΙΙ
3800 304 3879 365 48

488 463 652 525 stolas
701 463 983 544 loquitur,
1019 480 1151 544 quas
1178 480 1213 525 a
1242 474 1586 523 successore
1646 453 1776 544 ejus
1805 445 2193 544 venerabiliA
2218 442 2293 505 de
2314 443 2497 544 turba
2523 450 2895 544 precaretur,
2945 451 3010 544 ut
3068 441 3227 506 scire
3285 441 3386 522 qui
3428 445 3642 544 1essent
3670 437 3711 498 ii
3737 436 3877 544 viii,

487 553 613 614 viro
633 525 1014 633 Simpliciano
1040 525 1324 631 suscepta
1357 555 1446 609 est
1476 545 1549 606 de
1584 525 1845 624 partibus
1872 537 2138 633 Orientis
2221 530 2888 633 audierit,Ambrosinm
2922 532 3174 612 ejusque
3204 526 3679 633 consortesQuo
3700 525 3877 633 audi-

486 640 559 703 ad
590 619 786 722 ipsum
818 650 1102 723 tanquam
1133 619 1327 702 adhuc
1354 619 1662 696 nobiscum
1697 633 1991 723 viventem
2042 628 2135 689 di-
2221 633 2279 684 to
2312 626 2655 723 nomin_e,cu
2671 622 3179 723 mndepre-c-aretur
3207 628 3269 681 ut
3298 619 3503 723 lumen
3550 619 3874 723 reciperet.

486 704 672 802 recta,
704 749 837 811 quae
870 704 1026 792 nu'nc
1050 746 1238 807 usque
1270 724 1587 789 Mediolani
1631 722 1884 784 habetur
1912 720 1972 811 in
2004 736 2137 811 mo-
2221 710 2446 811 ριξςὶίνίι
2469 711 2543 772 ab
2562 729 2647 811 eo
2674 727 2688 773 :
2936 706 3356 811 Mediolanum,
3384 715 3451 811 et
3478 704 3876 811 occurre‘l'ra-

487 792 771 889 nasterio)
828 792 1175 901 quibusdam
1207 814 1458 880 .sanctis
1500 812 1647 875 viris
1695 809 1977 901 apparuit
1992 807 2135 901 (3_6),
2221 798 2431 901 tribus.
2460 800 2742 901 προὶξ.ᾳυί
2773 795 3141 901 illonventuri
3171 805 3331 897 sunt,
3364 795 3689 901 designans
3717 792 3877 855 diem

487 926 663 969 orans
720 895 863 969 cum’
900 907 1105 975 illis,et
1149 903 1466 983 imponens
1516 901 1635 963 illis
1694 916 1925 972 manus;
1965 895 2143 959 habet

489 997 646 1058 enim
682 996 836 1057 diem
869 992 1120 1073 epistola
1149 1010 1281 1073 qua:
1310 991 1538 1054 directa
1569 999 1682 1064 est,
1716 1007 1831 1070 qua
1861 988 2030 1064 lecta,
2054 986 2141 1047 in-

488 1085 756 1147 venimus
778 1082 946 1142 illum
979 1080 1137 1143 diem
1167 1098 1324 1159 esse,
1355 1099 1474 1161 quo
1506 1080 1608 1140 ille
1641 1080 1957 1140 defunctus
1983 1084 2095 1138 est.

567 1172 666 1234 50.
701 1169 861 1231 Intra
891 1170 1165 1231 Tusciam
1197 1171 1371 1231 etiam
1410 1169 1470 1229 in
1511 1171 1743 1230 civitate
1773 1165 2135 1233 Florentina.

489 1261 585 1322 ubi
619 1277 775 1320 nunc
798 1259 886 1319 vir
914 1268 1153 1320 sanctus
1182 1257 1476 1319 Zenobius
1500 1258 1813 1337 episcopus
1865 1262 1973 1317 est.
2002 1253 2139 1335 quia

486 1350 839 1429 promiserat
870 1346 1212 1425 petentibus
1244 1347 1361 1407 illis
1395 1364 1498 1407 eos
1522 1364 1583 1406 se
1616 1345 1829 1424 saepius
1861 1342 2138 1405 visitatu-

483 1456 614 1498 rum
648 1436 790 1508 (37),
818 1436 1162 1515 frequenter
1190 1436 1263 1495 ad
1290 1436 1473 1496 altare
1495 1434 1650 1514 quod
1685 1444 1774 1495 est
1797 1434 1856 1493 in
1894 1432 2142 1493 basilica

482 1526 895 1604 Ambrosiana,
929 1542 1063 1604 qua;
1098 1524 1314 1585 ibidem
1346 1523 1419 1584 ab
1472 1524 1599 1603 ipso
1661 1525 1976 1584 constituta
2025 1529 2135 1593 est,

484 1615 668 1675 visum
704 1632 896 1687 orare,
934 1614 1058 1692 ipso
1094 1621 1298 1673 sancto
1354 1613 1477 1673 viro
1535 1611 1847 1673 sacerdote
1880 1608 2141 1671 Zenobio

486 1702 807 1774 referente,
868 1702 1216 1762 didicimus.
1252 1703 1315 1760 In
1378 1700 1585 1763 eadem
1643 1699 1819 1761 etiam
1870 1699 2048 1759 domo
2080 1696 2139 1758 in

2225 896 2283 950 et
2312 889 2569 969 recipies
2599 889 2826 951 lumen.
2861 886 2997 949 Erat
3027 886 3187 948 enim
3219 886 3330 961 vir,
3384 893 3448 946 ut
3478 885 3605 964 ipse
3636 900 3875 945 assere-

2226 976 2346 1051 bat,
2400 978 2477 1040 de
2526 978 2723 1040 littore
2752 976 3112 1051 Dalmatino,
3148 993 3258 1037 nec
3284 992 3351 1037 se
3380 982 3521 1035 ante
3549 973 3783 1034 venisse
3815 971 3877 1033 in

2224 1067 2522 1131 civitatem
2571 1069 2879 1131 asserebat
2919 1066 3264 1147 priusquam
3296 1073 3462 1127 recto
3491 1062 3709 1125 itinere
3732 1059 3876 1124 reli-

2224 1157 2356 1237 quis
2390 1166 2725 1220 sanctorum
2750 1156 3133 1237 oecurrisset,
3187 1155 3453 1217 nondum
3480 1152 3693 1215 videns
3725 1171 3740 1211 :
3769 1151 3875 1214 sed

2224 1252 2378 1308 tacto
2407 1246 2625 1323 loculo,
2650 1247 2854 1310 videre
2868 1245 3143 1328 coepisse.

2303 1334 2404 1398 53.
2438 1335 2541 1398 His
2570 1337 2770 1417 itaque
2796 1335 3087 1403 decursis,
3126 1353 3241 1396 non
3276 1332 3539 1396 arbitror
3584 1348 3763 1411 grave
3780 1330 3868 1391 vi-

2226 1421 2436 1504 deri,si
2466 1424 2766 1503 paululum
2794 1423 3067 1505 promissi
3101 1421 3290 1484 nostri
3322 1432 3508 1482 metas
3538 1417 3870 1483 excesseri-

2227 1530 2380 1593 mus,
2419 1523 2481 1574 ut
2509 1513 2741 1577 Domini
2772 1515 2997 1575 dictum
3049 1512 3204 1592 quod
3241 1529 3347 1592 per
3369 1526 3476 1572 eos
3531 1517 3872 1571 sanctorum

2228 1602 2647 1682 prophetarum
2683 1603 2913 1665 locutus
2963 1612 3074 1673 est,
3111 1603 3473 1681 completum
3496 1616 3629 1661 esse
3648 1597 3871 1659 docea-

2228 1709 2359 1752 mus
2386 1709 2399 1754 :
2434 1690 2757 1755 Sedentem
2779 1693 3074 1754 adversus
3102 1692 3355 1769 fratrem
3383 1706 3559 1751 suam
3587 1693 3641 1750 et
3662 1688 3867 1749 detra-

486 1808 600 1870 qua
634 1790 943 1851 declinans
969 1788 1295 1867 Eugenium
1332 1788 1569 1868 mansit,
1606 1796 1873 1867 tempore
1902 1806 2016 1868 quo
2032 1785 2143 1847 Ra-
2170 1797 2205 1845 Β
2226 1779 2466 1870 flentem
2485 1784 2733 1861 occnlze,
2760 1780 3163 1862 persequebar
3196 1778 3389 1870 (Paul.
3422 1797 3478 1841 c.
3510 1780 3688 1870 5);_et
3704 1775 3867 1838 alibi:

488 1878 762 1957 dagaisus
785 1879 1181 1959 supradictam
1207 1878 1499 1940 civitatem
1527 1876 2136 1956 obsidebat,cumjam

487 1967 563 2028 de
594 1985 658 2028 se
690 1968 925 2047 penitus
948 1967 1485 2047 desperassentviri
1518 1967 1767 2028 civitatis
1792 1966 1998 2045 ipsius.
2034 1984 2141 2045 per

490 2056 674 2117 visum
695 2057 930 2118 cuidam
945 2057 1244 2136 apparuit,
1261 2066 1319 2117 et
1342 2056 1613 2135 promisit
1636 2056 1749 2115 alio
1773 2055 1870 2116 die
1888 2054 2137 2116 salutem

487 2145 606 2205 illis
634 2145 994 2207 adfuturam.
1026 2144 1150 2217 Quo
1181 2144 1506 2219 referente,
1541 2144 1754 2204 civium
1793 2143 1973 2204 animi
2000 2152 2138 2205 sunt

489 2234 671 2295 erecti
700 2255 713 2296 :
745 2252 877 2294 nam
908 2233 1092 2295 altero
1124 2233 1243 2306 die,
1275 2233 1626 2294 adveniente
1676 2230 1969 2293 Stilicone
2003 2240 2139 2293 tunc

488 2322 706 2383 comite
734 2341 867 2383 cum
901 2322 1345 2397 exercitu,facta
1367 2329 1456 2383 est
1478 2322 1553 2382 de
1570 2320 1845 2383 hostibus
1867 2320 2134 2383 victoria.

488 2408 625 2475 Haec
650 2409 984 2490 Pansophia
1021 2410 1295 2489 religiosa
1322 2409 1568 2483 femina,
1586 2417 1771 2470 matre
1795 2410 1965 2486 pueri
1986 2407 2141 2471 Pan-

494 2500 692 2580 SOphii
717 2500 1035 2573 referente,
1070 2499 1477 2577 cognovimus.

575 2590 677 2651 51.
704 2588 1013 2652 Mascezeli
1045 2587 1223 2649 etiam
1250 2586 1682 2668 desperantide
1698 2585 1893 2648 salute
1914 2588 2141 2667 sua,vel

496 2676 791 2741 exercitus
819 2694 993 2756 quem
1016 2675 1300 2737 ductabat
1329 2686 1535 2737 contra
1578 2675 1918 2748 Gildonem,
1954 2674 2141 2736 bacu-

498 2767 620 2828 lum
652 2774 860 2826 tenens
908 2783 1086 2825 manu
1138 2768 1196 2825 in
1252 2766 1375 2827 visu
1424 2763 1616 2825 noctis
1648 2762 1944 2843 apparuit,
1967 2774 2143 2843 atque

498 2873 631 2916 cum
663 2852 1108 2933 provolveretur
1136 2852 1209 2914 ad
1263 2853 1446 2933 pedes
1474 2852 1661 2913 sancti
1694 2850 1803 2911 viri
1833 2852 2142 2932 Mascezel,

494 2942 835 3022 percutiens
886 2950 1105 2999 terram
1158 2958 1337 3001 senex
1389 2939 1598 3001 baculo
1630 2958 1746 3016 quo
1801 2938 2140 3017 regebatur,

498 3028 669 3089 tertio
701 3029 834 3095 (hac
866 3030 1024 3087 enim
1073 3026 1156 3088 illi
1212 3028 1415 3108 specie
1461 3030 1836 3107 apparuerat)
1866 3026 2143 3104 aitzﬂic,

494 3117 615 3192 hic,
650 3115 767 3184 hic,
802 3114 1042 3192 signans
1072 3116 1303 3177 locum:
1327 3115 1991 3196 deditqueintellectum
2022 3116 2146 3179 viro

2222 1868 2363 1951 Noli
2391 1870 2648 1951 diligere
2663 1870 3005 1951 de'rahere,
3040 1886 3116 1931 ne
3133 1869 3533 1951 erarlicentini
3547 1867 3868 1943 (Prov.xx,

2231 1950 2347 2024 l3);
2394 1960 2455 2011 ut
2510 1948 2870 2031 quicumque
2927 1949 3076 2011 forte
3128 1948 3467 2028 hujusmodi
3521 1956 3731 2025 captus
3781 1952 3875 2007 est

2223 2039 2676 2111 consuetudine,
2698 2058 2834 2099 cum
2871 2038 3083 2118 legerit
3124 2037 3378 2119 qualiter
3404 2036 3465 2098 in
3496 2036 3570 2098 iis
3598 2034 3697 2117 qni
3728 2051 3872 2095 san-

2222 2136 2319 2188 cto
2374 2127 2499 2188 viro
2530 2127 2843 2189 detrahere
2871 2127 2999 2189 ansi
3041 2136 3201 2209 sunt,
3252 2126 3431 2189 fuerit
3483 2125 3868 2202 vindicatum,

2221 2215 2353 2296 ipse
2374 2216 2560 2279 etiam
2591 2217 2651 2278 in
2682 2217 2815 2279 aliis
2834 2216 3213 2281 emendetur.

2302 2306 2397 2368 54.
2412 2305 2595 2387 Igitur
2606 2306 2864 2369 Donatus
2885 2307 3125 2387 quidam
3143 2305 3379 2369 natione
3402 2303 3879 2386 Afer,presbyter

2226 2400 2425 2456 tamen
2482 2396 2769 2458 Ecclesia
2819 2394 3290 2471 Eediolanensis,
3325 2414 3460 2459 cum
3518 2395 3581 2456 in
3610 2391 3877 2456 convivio

2229 2483 2476 2564 positus,
2508 2484 2569 2546 in
2587 2504 2705 2561 quo
2735 2496 2905 2548 erant
2935 2484 3210 2547 nonnulli
3234 2485 3520 2548 militares
3554 2484 3661 2545 viri
3691 2483 3880 2546 relio-

2226 2572 2374 2650 giosi
2397 2574 2521 2653 (40)
2545 2574 2887 2638 detraheret
2903 2574 3205 2639 memoriae
3233 2573 3592 2647 Sacerdotis,
3626 2572 3877 2651 adsper-

2228 2663 2507 2725 nantibus
2562 2664 2682 2725 illis
2734 2674 2795 2727 et
2838 2662 3251 2728 deserentibus
3299 2662 3562 2742 linguam
3584 2678 3875 2741 nequam,

2228 2749 2423 2813 subito
2449 2752 2694 2815 vulnere
2719 2771 3034 2833 percussus
3079 2753 3259 2829 gravi,
3292 2771 3368 2833 pe
3400 2769 3612 2813 eonem
3659 2752 3789 2811 loco
3816 2750 3879 2811 in

2230 2858 2347 2920 quo
2378 2840 2636 2921 jacebat,
2688 2841 2902 2905 alienis
2958 2840 3225 2903 manibus
3279 2839 3548 2903 sublatus
3601 2839 3758 2917 (Μ),
3817 2838 3881 2900 in

2232 2928 2512 2991 lectulum
2546 2934 2773 3011 positus
2815 2940 3110 3013 est,atque
3140 2930 3282 2993 inde
3308 2929 3382 2991 ad
3403 2929 3740 3010 sepulcrum
3773 2946 3879 2990 us-

2231 3036 2347 3097 que
2375 3018 2717 3099 perductus.
2766 3021 2834 3083 In
2864 3020 3014 3082 urbe
3048 3021 3221 3082 etiam
3246 3016 3717 3098 Carthaginensi,
3739 3034 3880 3079 cum

2196 3108 2387 3187 'apud
2420 3107 2805 3173 Fortunatam
2862 3109 3179 3171 diaconum
3241 3109 3482 3170 fratrem
3522 3104 3885 3168 venerabilis

495 3221 669 3283 quem
744 3202 1075 3264 visitatione
1155 3204 1395 3282 dignum
1468 3204 1660 3265 fuerat
1704 3203 2044 3281 arbitratus,
2094 3216 2213 3267 mc
2239 3197 2347 3258 viri
2386 3198 2619 3262 Aurelii
2650 3199 2938 3280 episcopi,
2965 3198 3038 3260 ad
3090 3198 3423 3260 convivium
3473 3196 3881 3259 convenissem

496 3297 849 3369 agnosceret
877 3309 940 3351 se
971 3290 1032 3352 in
1063 3291 1192 3369 ipso
1224 3292 1354 3354 loco
1374 3291 1433 3353 in
1462 3312 1578 3374 quo
1611 3302 1879 3354 sanctum
1911 3291 2147 3355 Domini

496 3380 722 3440 viderat
744 3378 1154 3449 Sacerdotem,
1188 3380 1286 3441 die
1321 3381 1492 3441 tertia
1542 3381 1848 3442 victoriam
1894 3381 2146 3462 adeptu-

496 3486 668 3529 rum:
704 3477 879 3547 atque
926 3468 1005 3528 ita
1043 3486 1287 3530 securus
1330 3468 1550 3530 bellum
1584 3469 1882 3533 inchoavit
1911 3479 1970 3531 et
1998 3490 2145 3532 con-

499 3560 833 3617 summavit.
865 3554 983 3617 Nos
1009 3567 1208 3618 tamen
1236 3576 1305 3619 ea
1338 3558 1649 3619 Mediolani
1678 3560 1799 3639 (38)
1838 3560 1991 3639 posit
2021 3563 2144 3639 ipso

500 3646 820 3705 Mascezele
848 3645 1166 3719 referente,
1204 3647 1610 3725 cognovimus;
1640 3666 1773 3709 nam
1807 3658 1866 3709 et
1924 3649 1982 3709 in
2038 3649 2147 3710 hac

500 3733 817 3812 provincia,
851 3733 912 3795 in
946 3752 1060 3814 qua
1092 3753 1247 3795 nunc
1282 3735 1457 3814 positi
1488 3737 1611 3797 hlBC
1644 3737 1982 3811 scribimus,
2021 3737 2144 3816 pln-

495 3823 666 3883 rimis
698 3823 809 3883 hoc
841 3822 1030 3901 ipsum
1057 3825 1255 3884 retulit
1279 3823 1712 3905 sacerdotibus,
1732 3825 1945 3905 quibus
1966 3825 2140 3886 etiam

496 3912 1198 3979 referentibus,securius
1221 3913 1344 3973 haec
1362 3914 1533 3975 nobis
1556 3914 1789 3991 cognita
1818 3913 1960 3976 huic
1991 3914 2144 3976 libro

500 4002 826 4080 adjungeae
856 4001 1123 4061 arbitrati
1153 4020 1384 4064 sumus.

579 4090 655 4153 52
713 4089 963 4151 Sisinnii
994 4090 1170 4150 etiam
1203 4098 1259 4149 et
1291 4090 1610 4153 Alexandri
1647 4102 1990 4172 martyrum,
2044 4093 2145 4173 qui

498 4179 718 4239 nostris
756 4178 1142 4256 temporibus,
1197 4179 1312 4239 hoc
1356 4189 1469 4253 est,
1514 4189 1644 4259 post
1700 4180 1923 4242 obitum
1954 4183 2144 4244 sancti

498 4267 796 4328 Ambrosii
848 4266 907 4325 in
954 4266 1241 4327 Anaunize
1318 4268 1606 4347 partibus,
1654 4271 2148 4351 persequentibus

497 4354 822 4432 gentilibus
852 4353 995 4414 viris
1022 4354 1288 4441 martyrii
1313 4358 1434 4427 (39)
1466 4376 1746 4420 coronam
1770 4360 2147 4441 adeptisunt,

2232 3304 2351 3347 una
2408 3307 2543 3349 cum
2601 3287 2918 3351 Vinoentio
2968 3287 3335 3350 Colossitano
3399 3286 3520 3360 (42)
3574 3286 3877 3367 episcopo,

2231 3377 2481 3438 Murano
2503 3378 2681 3439 etiam
2710 3377 2992 3458 episcopo
3019 3377 3307 3452 Bolitano,
3339 3376 3446 3438 sed
3479 3384 3537 3440 et
3564 3376 3696 3437 aliis
3745 3374 3881 3455 epi-

2231 3465 2431 3545 scopis
2461 3475 2520 3528 et
2558 3466 2934 3542 diaconibus;
2970 3475 3108 3528 tunc
3156 3465 3398 3528 Murano
3449 3465 3728 3546 episcopo
3769 3464 3883 3523 de-

2234 3554 2487 3618 trahenti
2542 3565 2745 3618 sancto
2812 3555 2937 3617 viro
3011 3555 3186 3616 retuli
3274 3556 3494 3618 exitum
3555 3551 3885 3635 presbyteri

2229 3644 2512 3723 euperius
2562 3643 2877 3707 memorati
2920 3663 2933 3707 :
2996 3644 3151 3724 quod
3176 3643 3297 3721 iille
3340 3643 3415 3705 de
3462 3642 3579 3708 alio
3628 3642 3876 3717 dictum,

2228 3731 2304 3792 de
2382 3750 2448 3793 se
2521 3735 2824 3795 oraculum
2898 3742 3122 3795 mataro
3172 3732 3264 3795 sui
3321 3733 3479 3795 exitu
3533 3730 3884 3813 comproba-

2226 3822 2334 3884 vit.
2394 3822 2541 3883 Nam
2574 3822 2650 3884 de
2707 3822 2919 3884 eodem
2966 3822 3099 3885 loco
3154 3822 3216 3883 in
3269 3842 3385 3903 quo
3430 3822 3689 3903 jacebat,
3746 3838 3883 3881 cum

2228 3909 2423 3970 subito
2486 3911 2729 3974 vulneae
2788 3912 3014 3991 ingenti
3066 3925 3226 3974 esset
3280 3930 3617 3992 percussus,
3673 3908 3888 3971 alienis

2230 3997 2508 4059 manibus
2527 4003 2599 4059 ad
2627 3999 2846 4063 lectum
2886 4018 3076 4081 usque
3124 4011 3391 4080 portatus
3420 4009 3501 4071 et,
3534 4009 3714 4080 atque
3743 3996 3887 4058 inde

2226 4086 2299 4147 ad
2354 4088 2597 4149 domum
2656 4088 2716 4149 in
2769 4106 2884 4168 qua
2932 4088 3343 4169 hospitabatur
3371 4090 3686 4162 deductus,
3720 4085 3883 4147 diem

2229 4173 2443 4238 clausit
2473 4185 2827 4239 extremum.
2876 4175 2930 4239 Is
2962 4178 3094 4240 linis
3126 4178 3387 4237 virorum
3440 4178 3529 4238 illi
3559 4172 3885 4238 detrahen-

2232 4262 2376 4326 tium
2399 4264 2528 4341 fuit,
2569 4284 2747 4346 quem
2775 4265 3045 4328 videntes
3070 4265 3171 4347 qui
3204 4273 3344 4327 tunc
3375 4266 3649 4340 aderant,
3682 4262 3885 4324 admi-

2231 4353 2343 4414 rati
2372 4363 2530 4417 sunt.

500 4460 652 4541 cum'
679 4441 962 4521 reliqnias
1016 4440 1328 4541 hlediolani
1382 4465 1613 4541 summa
1652 4467 1786 4509 cum
1838 4440 2149 4511 devotione
2172 4491 2249 4541 D_
2314 4445 2415 4509 55.
2450 4442 2635 4541 Pnda
2664 4444 2868 4541 hortor
2896 4452 2957 4541 et
2993 4442 3255 4541 obsecro
3287 4459 3527 4541 omnem
3576 4441 3887 4541 hominem

499 4530 2393 4614 susciperemus,adveuientequodamcmcoetreferente"hunc
2449 4532 2667 4596 librum
2731 4532 2967 4615 legerit,
3044 4542 3109 4594 ut
3154 4532 3423 4595 imitetur
3463 4531 3641 4593 vitam
3696 4530 3887 4596 sancti

498 4622 900 4700 cognovimus,
925 4621 1026 4700 qui
1057 4621 1270 4683 eodem
1303 4622 1399 4684 die
1454 4632 1608 4687 tacto
1666 4626 1887 4703 loculo,
1941 4627 2003 4688 in
2032 4647 2149 4708 quo
2232 4624 2366 4700 viri,
2398 4622 2724 4686 laudetDei
2758 4624 3031 4702 gratiam,
3064 4630 3122 4685 et
3145 4621 3409 4683 declinet
3436 4619 3885 4684 detrahentium

498 4721 839 4797 sanctorum
893 4709 1159 4789 reliquias
1209 4710 1614 4789 portabantur,
1648 4713 1848 4777 lumen
1898 4716 2146 4797 recepit,
2237 4713 2500 4794 linguas;
2552 4713 2602 4774 si
2642 4711 2768 4774 vult
2821 4712 3011 4790 magis
3055 4710 3417 4772 consortium
3468 4709 3690 4773 habere
3748 4728 3884 4772 cum

497 4802 654 4877 quod
670 4796 981 4875 pervicum
999 4799 1438 4862 noctisvidisset
1456 4820 1663 4864 navem
1677 4796 2126 4886 appropinqu’an
2238 4800 2548 4865 Ambrosio
2576 4802 2633 4862 in
2661 4800 3100 4863 resurrectione
3128 4798 3281 4881 vita),
3316 4818 3491 4881 quam
3526 4818 3661 4861 cum
3691 4798 3889 4861 detra-

498 4897 612 4948 tem
646 4887 919 4961 littori,in
967 4906 1082 4967 qua
1127 4897 1255 4949 erat
1286 4889 1602 4952 multitudo
1635 4892 1966 4956 albatorum
1991 4894 2151 4954 viro-
2236 4892 2507 4963 hentibu.
2541 4891 2660 4952 illis
2688 4889 2894 4951 subire
2942 4888 3325 4971 supplicium,
3368 4888 3527 4972 quod
3555 4888 3755 4952 nullus
3784 4904 3885 4949 sa-

496 4994 626 5037 sum
656 4976 906 5057 :quibus
924 4976 1431 5040 descendentibus
1449 4980 1523 5042 ad
1548 4988 1787 5058 terram,
1808 5001 1940 5045 cum
1966 5001 2148 5044 unum
2236 4982 2410 5063 piens
2440 4999 2560 5042 non
2596 4978 2877 5041 declinat.

574 5142 695 5219 (36)
724 5143 811 5205 Ita
840 5144 985 5208 edit.
1020 5165 1390 5228 acimss.non
1416 5149 1587 5228 pauci
1616 5167 1629 5211 :
1666 5151 1871 5214 caeteri
1894 5169 2052 5223 vero,
2084 5154 2149 5214 in
2232 5169 2378 5214 mss.
2418 5147 2590 5211 nobis
2623 5147 3038 5228 suffragantur.

494 5228 872 5311 monasterio
900 5227 1213 5311 cujusdam
1242 5227 1447 5311 sancti
1477 5233 1601 5291 viri
1631 5234 1947 5311 apparuit.

2317 5232 2442 5302 (40)
2464 5228 2697 5293 Eaedem
2724 5230 2898 5306 edit.,
2922 5229 3228 5294 mannulli
3245 5230 3513 5310 religiosi
3538 5230 3702 5294 viri:
3738 5248 3883 5294 mss.

580 5303 701 5391 (_3'l)
727 5303 947 5367 Omnes
971 5303 1301 5387 edit.,quia
1316 5303 1685 5388 promiserai
1706 5303 1837 5373 illos
1852 5316 2156 5391 seswpius
2231 5330 2396 5386 vero,
2429 5310 2716 5391 nonnulli
2743 5303 3073 5376 militares.
3108 5321 3225 5375 etc.

495 5385 961 5448 visitaturum...
1006 5385 1186 5472 uisus
1234 5385 1330 5449 est'
1362 5405 1561 5470 orare,
1610 5393 1770 5453 sicut
1827 5398 1981 5472 ipso,
2011 5385 2148 5455 'etc.

497 5481 704 5525 omnes
736 5484 881 5529 mss.
916 5467 1064 5529 utin
1099 5475 1397 5529 contextu.

572 5542 697 5621 (38)
729 5544 875 5609 Cod.
912 5548 1116 5610 Germ.
1149 5566 1323 5610 unus.
1358 5565 1431 5610 ea
1460 5548 1560 5611 die
1587 5547 1942 5611 Mediolani.

576 5624 698 5711 t3?)
724 5623 1422 5711 Edit.,_persequentibus
1446 5627 1793 5710 gentilibus,
1826 5631 2140 5711 martyrii,

428 5738 431 5743 ι
499 5703 767 5781 qundam
791 5703 963 5767 Paris
985 5703 1258 5767 cum'uno
1286 5725 1424 5782 ms.,
1447 5703 1586 5773 'veri
1610 5703 1922 5790 martyrii:
1948 5703 2145 5774 citari

2314 5393 2444 5471 (41)
2478 5389 2561 5452 Ita
2586 5409 2729 5475 mss.
2766 5392 2994 5473 plures,
3028 5395 3404 5475 potioresque
3432 5410 3448 5453 :
3480 5399 3539 5453 at
3564 5390 3708 5455 edit.
3745 5408 3884 5454 cum

2227 5470 2360 5535 aliis
2392 5470 2721 5544 nonnullis,
2755 5470 3043 5536 inanibus
3066 5470 3440 5536 sublevatus.

2229 5632 2278 5694 C
2468 5553 2609 5617 Mss.
2643 5552 2890 5633 aliquot,
2936 5555 3241 5617 Vincentio
3292 5552 3673 5616 Calusitano'
3703 5570 3858 5615 unus

2279 5651 2315 5695 o
2346 5656 2364 5693 ο
2432 5653 2531 5699 ηο.
