4122 6186
431 230 500 293 51

1771 231 1953 294 VITA
2007 232 2068 294 ε.
2118 193 2475 298 AMBROSII

3734 234 3810 298 52

753 607 1008 696 ΒΙοΣ
1082 610 1268 697 ΚΑΙ
1338 568 1878 698 ΠΟΛΙΤΕΙΑ
1945 611 2171 698 ΤΟΥ
2251 612 2592 700 ΟΣΙΟΥ
2656 611 3097 706 ΠΑΤΡΟΣ
3171 611 3496 698 ΗΜΩΝ

1576 829 2671 996 ΑΜΒΡΟΣΙΟΥ

947 1139 1997 1273 ΕΠΙΣΚΟΠΟΥ
2097 1141 3294 1275 ΜΕΔΙΟΛΑΝΟΥ.

978 1639 1239 1728 VITA
1325 1642 1460 1729 ET
1547 1643 2332 1739 CONVERSATIO
2400 1646 2800 1735 PATRIS
2869 1645 3280 1734 NOSTRI

1712 1860 2546 1996 AMBROSII

1279 2120 1836 2219 EPISCOPI
1917 2114 2956 2219 MEDIOLANENSIS-

445 2315 696 2402 (Aprilis
723 2316 822 2384 die
842 2319 904 2384 4.
935 2352 1015 2367 -
1043 2319 1131 2383 Ex
1158 2317 1295 2384 cod.
1325 2318 1429 2386 Gr.
1489 2320 1681 2386 Paris.
1717 2321 1892 2385 1458.
1928 2319 2135 2384 Exstat
2182 2315 2426 2401 quidem
2459 2312 2757 2398 Operibus
2815 2311 3117 2380 Ambrosii
3166 2311 3264 2378 ed.
3296 2310 3524 2376 Bened.
3558 2313 3825 2402 praefixa,

1451 2427 1558 2492 sed
1587 2427 1755 2492 initio
1782 2428 1988 2492 mutila
2016 2434 2077 2491 et
2104 2443 2240 2490 cum
2274 2422 2457 2488 multa
2485 2421 2824 2502 varietate.)

529 2733 692 2794 Οὗτος
714 2733 764 2813 *ὁ
795 2730 850 2788 εν
907 2731 1076 2811 ἁγίοις
1135 2729 1456 2811 ’Λμόρόσιος
1501 2733 1636 2813 ἀνὴρ
1671 2732 1994 2802 ἀξιέπαινος,
2040 2731 2140 2788 ὲνΑ

2255 2728 2505 2788 Sanctus
2549 2721 2930 2813 Ambrosius,
2973 2722 3061 2784 vir
3106 2721 3380 2813 laudibus
3413 2723 3823 2813 cumulatissi-

449 2827 520 2895 τῇ
549 2825 649 2888 τῆς
712 2809 924 2896 Ῥώμης
960 2809 1284 2899 νσυγκλήτῳγ
1332 2821 1387 2878 ἒν
1469 2809 1736 2886 πλείστοις
1809 2820 2098 2893 ἀξιώμασιν

451 2908 771 2987 διαπρέψας,
827 2909 882 2972 ὃς
943 2907 1031 2964 καὶ
1072 2909 1173 2975 τὴν
1210 2911 1500 2988 ἡγεμονίαν
1549 2910 1931 2986 ἔμπεπίστευτυ
1989 2909 2100 2965 πά-

453 3019 553 3064 σης
595 3001 694 3065 τῆς
739 2995 965 3060 Ἰταλίας
1016 2997 1160 3076 παρᾶ
1213 2999 1320 3054 τῶν
1371 2997 1597 3056 εὐσεϐῶν
1639 2997 1902 3076 βασιλέων
1955 3008 2102 3056 Κων-

453 3085 724 3141 σταντίνου
780 3087 868 3141 καί
923 3086 1142 3143 Κώνστα
1202 3087 1328 3142 υἱῶν
1375 3094 1467 3144 τοῦ
1537 3086 1768 3166 μεγάλου
1815 3097 2099 3144 Κωνσταν-

454 3174 617 3247 τίνου,
675 3173 913 3250 ἀμύητος
970 3174 1068 3250 μὲν
1115 3182 1208 3232 τοῦ
1261 3175 1399 3232 θείου
1441 3177 1805 3252 βαπτίσματος
1834 3177 2098 3256 ὑπῆρχεν,

455 3263 566 3338 βίον
597 3260 651 3319 δὲ
711 3264 1084 3344 καθαρώτατον
1140 3264 1227 3322 καὶ
1285 3265 1525 3333 ἐνάρετον
1569 3267 1847 3346 ἐκέκτητο,
1892 3266 1952 3321 οὐ
1995 3267 2100 3341 μὴν

453 3350 592 3411 ἀλλὰ
639 3354 728 3409 καὶ
780 3353 892 3426 θείᾳ
934 3355 1089 3433 σοφίᾳ
1147 3355 1234 3411 καὶ
1291 3353 1495 3411 συνέσει
1543 3355 1639 3422 τῆς
1693 3356 1939 3432 γνώσεως
1997 3361 2102 3410 τῶν

457 3447 700 3522 Γραφῶν,
744 3448 844 3508 τῆς
901 3463 956 3498 τε
1013 3441 1112 3508 ἔξω
1168 3441 1407 3508 παιδείας
1477 3445 1566 3500 καὶ
1609 3444 1705 3512 τῆς
1763 3445 2105 3502 θεοπνεύστου

459 3535 671 3609 Γραφῆς
728 3529 978 3608 ἔμπειρος
1037 3531 1126 3599 ἦν,
1178 3529 1540 3610 δικαιοκρίτης
1569 3553 1626 3588 τε
1656 3533 1744 3589 καὶ
1786 3533 2103 3611 ἆπροσωπό-

461 3618 669 3686 ληπτος
714 3617 967 3688 δικαστης
1000 3619 1054 3676 ἐν
1085 3625 1154 3698 τῇ
1195 3620 1342 3701 ἀρχῇ
1395 3625 1493 3687 τῆς
1549 3622 1837 3699 ἡγεμονίας
1879 3622 2106 3699 γενόμε-

459 3730 549 3773 νος
602 3715 776 3766 πᾶσαν
821 3709 1077 3790 πονηρεῖινΔ
1112 3708 1295 3789 πρᾶξιν
1343 3710 1431 3766 καὶ
1484 3710 1786 3789 παράνομον
1816 3709 2108 3790 διελέγχων

459 3799 549 3854 καὶ
592 3787 978 3876 διορθούμενος,
1041 3787 1235 3862 “om;
1287 3795 1342 3853 δὲ
1395 3798 1467 3862 είς
1524 3787 1623 3865 τὴν
1678 3798 1777 3866 τῆς
1817 3787 2109 3866 ἐπισκοπῆς

460 3887 641 3967 ἀρχὴν
670 3886 1042 3967 προεχειρίσθη
1071 3889 1184 3960 θείᾳ
1226 3888 1391 3967 ψήφῳ
1433 3885 1555 3966 ἐρῶ.

543 3966 630 4038 Ᾰ’.
669 3966 1102 4036 Οὐαλεντινιανοῦ
1159 3977 1238 4049 (1)
1278 3966 1448 4033 τοίνυν
1505 3976 1642 4052 μετὰ
1696 3975 1943 4045 τελευτὴν
1987 3973 2110 4034 Ἰω-

469 4063 654 4123 ϐιανοῦ
711 4066 778 4122 τὰ
847 4068 1092 4142 σκῆπτρα
1159 4068 1258 4131 τῆς
1331 4061 1602 4140 βασιλείας
1661 4062 1964 4146 δεξαμένου,
2022 4067 2111 4122 τὸν

465 4152 604 4210 ἴδιον
663 4152 886 4234 ἀδελφὸν
958 4152 1168 4220 Οὖάλην
1223 4153 1283 4210 ἐκ
1337 4153 1591 4217 Πανονίας
1623 4154 1836 4233 ἀγαγὼν
1863 4158 2113 4212 κοινωνὸν

465 4255 707 4300 ποιεῖται
749 4242 846 4310 τῆς
898 4240 1193 4320 βασιλείας,
1255 4243 1343 4299 καὶ
1398 4247 1498 4309 τῆς
1529 4239 1710 4307 Ἀσίας
1753 4245 1894 4318 αὐτῷ
1936 4266 2113 4323 παρα-

468 4328 588 4395 δοὺς
617 4331 685 4387 τὰ
726 4331 970 4411 σκῆπτρα
1027 4331 1115 4388 καὶ
1171 4331 1353 4404 μέντοι
1397 4332 1482 4388 καὶ
1522 4330 1618 4399 τῆς
1668 4333 1952 4412 Αἰγύπτου,
1988 4334 2115 4390 ίέαυι⁴

467 4426 547 4494 τῷ
602 4421 703 4486 τὴν
762 4421 1021 4498 Εὐρώπην
1078 4419 1353 4496 ἀπένειμε,
1399 4421 1488 4477 καὶ
1542 4421 1639 4489 τὴν
1684 4414 1896 4498 Ῥώμην
1945 4444 2114 4478 κατα-

468 4505 647 4564 λαϐὼν
701 4513 876 4565 πᾶσαν
945 4509 1045 4576 τὴν
1094 4506 1236 4566 δύσιν
1287 4508 1533 4585 εὐνομίαν
1586 4509 1962 4584 ἑξεπαίδευσεν,
2009 4511 2114 4568 ἀπὸ

465 4602 574 4653 τῶν
601 4600 700 4677 τῆς
732 4595 996 4663 εὐσεϐείας
1039 4595 1392 4677 κηρυγμάτων
1421 4597 1730 4676 ἀρξάμενος.

549 4674 635 4749 Β’.
683 4685 953 4752 Αὖξεντίου
1023 4674 1149 4766 γὰρ,
1189 4674 1264 4752 ἠὸς
1320 4687 1419 4755 τὴν
1459 4674 1674 4768 ΫἈρείου
1704 4690 1802 4766 μὲν
1830 4689 2117 4757 εἰσεδέξατο

470 4773 680 4857 λώϐην,
713 4773 1051 4834 Μεδιολάνων
1106 4774 1161 4831 δὲ
1193 4775 1293 4843 τὴν
1336 4774 1658 4844 Ἐκκλησίαν
1687 4778 2117 4856 ἐμπεπιστευμέ-

466 4888 557 4923 νου
586 4865 641 4923 ἐν
673 4862 953 4932 πλείσταις
997 4865 1348 4944 ἀπεκηρύχθη
1393 4865 1651 4948 συνόδοις,
1686 4870 1775 4926 τὸν
1806 4869 1918 4945 βίον
1959 4867 2120 4935 ὑπεξ-

469 4953 740 5032 ελθόντος,
829 4950 1317 5030 μεταπεμψάμενος
1402 4955 1524 5019 τοὺς
1634 4957 1731 5025 τῆς
1827 4957 2122 5026 ἐπισκοπῆς

468 5046 902 5110 οὒαλεντινιανὸς
1009 5040 1277 5120 βασιλεὺς,
1313 5042 1544 5101 τοιοῖσδε
1573 5048 1704 5125 πρὸς
1737 5048 1923 5114 αὐτοὺς
1953 5048 2124 5128 ἐχρή-

473 5153 604 5189 σατο
647 5132 830 5214 λόγοις
865 5153 882 5172 ο
933 5121 1086 5191 ’Ἱστε
1129 5137 1336 5212 σαφῶς,
1371 5130 1462 5189 ἅτε
1506 5132 1572 5202 δὴ
1602 5121 1719 5201 τοῖς
1761 5136 1918 5202 θείοις
1945 5121 2125 5216 λδγοις

471 5220 905 5300 ἕντεθραμμένοι,
954 5226 1145 5280 ὁποῖον
1179 5220 1323 5278 εἷναι
1365 5224 1624 5301 προσήκει
1650 5227 1742 5282 τὸν
1794 5227 2133 5308 διρχιερωσύιι¹

470 5332 570 5378 νης
599 5309 918 5389 ἠξιωμένον,
965 5312 1051 5369 καί
1102 5312 1176 5374 ὡς
1227 5309 1286 5366 οὗ
1330 5310 1442 5390 χρὴ
1473 5310 1618 5392 λόγῳ
1647 5315 1828 5397 μόνον,
1862 5315 1999 5374 ἀλλὰ
2039 5317 2126 5373 καὶ

467 5397 567 5476 βίῳ
606 5382 748 5462 τοὺς⁷
783 5382 1118 5480 ἀρχομένους
1174 5382 1459 5477 ῥυθμίξλν,
1519 5382 1607 5460 κάξ
1648 5382 1660 5391 υ
1691 5382 1869 5473 πάσης
1928 5407 2122 5486 ἀρετῆς
2144 5382 2184 5433 C

472 5486 658 5543 ἑαυτὸν
712 5487 1012 5569 ἀρχέτυπον
1063 5486 1389 5570 προτιθέναι,
1435 5493 1524 5548 καὶ
1565 5493 1802 5574 μάρτυρα
1833 5494 1978 5576 ἔχειν
2022 5497 2120 5564 τῆς

556 5655 643 5739 (Ι)
677 5653 787 5721 llic
808 5653 1017 5739 incipit
1043 5653 1173 5722 Vita
1194 5656 1251 5719 in
1290 5653 1389 5721 ed.
1422 5660 1646 5725 Bened.
1681 5659 1745 5729 S.
1780 5661 2098 5729 Ambrosii.

2184 2833 2338 2890 mus,
2350 2812 2625 2894 plurimis
2639 2818 2882 2874 senatus
2899 2811 3148 2874 Romani
3160 2811 3547 2892 dignitatibus
3565 2812 3825 2889 functus,

2182 2903 2361 2966 totius
2405 2921 2642 2984 quoque
2701 2900 2883 2965 ltaliaa
2926 2902 3240 2982 praefectus
3272 2902 3610 2964 nominatus
3640 2919 3673 2962 a
3718 2901 3833 2982 piis

2181 2991 2640 3073 imperatoribus
2660 2992 3042 3055 Constantino
3072 3000 3130 3051 et
3160 2991 3498 3066 Constanet,
3533 2991 3831 3054 Constan-

2181 3082 2293 3144 tini
2319 3081 2518 3162 Magni
2539 3080 2906 3160 filiis,divino
2936 3079 3286 3161 baptismate
3311 3081 3680 3162 perfunctus,
3699 3079 3834 3140 vitae

2182 3171 2520 3250 integritate
2542 3179 2601 3231 et
2629 3170 2869 3243 virtute,
2899 3169 3019 3230 imo
3050 3169 3251 3230 divina
3278 3185 3511 3251 quoque
3541 3168 3833 3248 sapientia

2185 3269 2243 3322 et
2267 3259 2709 3339 Scripturarum
2743 3257 3026 3319 divinitus
3047 3258 3468 3338 inspiratarum
3493 3257 3831 3336 cognitione

2187 3348 2467 3430 praeditus
2524 3347 2648 3409 fuit.
2728 3346 2847 3408 Sed
2898 3346 3083 3426 judex
3136 3365 3372 3428 quoque
3434 3347 3625 3426 justus
3701 3345 3835 3408 sine

2187 3436 2533 3517 acceptione
2565 3434 3043 3516 personarum,in
3075 3435 3425 3516 praefectura
3455 3454 3561 3497 sua
3591 3452 3831 3495 omnem

2191 3527 2404 3588 malam
2433 3525 2726 3586 actionem
2758 3523 2968 3586 avertit
2999 3523 3366 3606 punivitque.
3399 3523 3506 3598 Hic
3533 3522 3833 3605 quomodo

2190 3615 2386 3678 divina
2445 3614 2745 3677 voluntate
2789 3613 2850 3674 in
2881 3613 3457 3696 archiepiscopatum
3520 3621 3835 3694 provectus

2193 3705 2293 3781 sit,
2312 3705 2435 3784 jam
2465 3703 2739 3765 referam.

2275 3971 2320 4034 l.
2383 3971 2529 4036 Cum
2606 3966 3057 4030 Valentinianus
3109 3976 3241 4050 post
3292 3968 3527 4032 Joviani
3587 3977 3837 4030 mortem

2134 4106 2174 4156 Β
2195 4069 2493 4143 sceptrum
2523 4057 2761 4156 imperii
2781 4057 3409 4139 suscepisset,fratrem
3436 4076 3607 4122 suum
3628 4057 3843 4120 Valen-

2198 4160 2318 4214 tem
2351 4169 2420 4212 ex
2470 4147 2778 4212 Pannonia
2834 4165 3170 4221 accersens,
3231 4165 3481 4209 summe
3536 4147 3845 4228 potestatis

2197 4248 2534 4304 consortem
2585 4237 2772 4300 fecit:
2823 4245 2882 4297 et
2933 4244 3168 4317 sceptro
3225 4235 3382 4298 Asiae
3426 4246 3604 4319 atque
3662 4237 3842 4298 etiam

2198 4326 2426 4409 Egypti
2457 4327 2515 4386 in
2546 4343 2682 4386 eum
2713 4323 3399 4405 transcripto,Europam
3428 4325 3542 4387 sibi
3573 4324 3843 4398 retinuit,

2160 4441 2166 4446 ’
2198 4425 2258 4481 et
2289 4418 2534 4480 Romam
2561 4413 3098 4496 petens,universos
3128 4413 3470 4477 Occidentis
3501 4415 3751 4496 populos
3771 4413 3845 4475 ad

2198 4523 2394 4569 veram
2427 4503 2668 4566 adduxit
2688 4501 2794 4565 Dei
2827 4502 3249 4582 cognitionem,
3286 4522 3320 4564 a
3363 4503 3596 4585 pietatis
3627 4501 3849 4586 praedi-

2202 4596 2436 4659 catione
2464 4603 2600 4656 ante
2629 4594 2830 4654 omnia
2856 4610 3100 4672 regnum
3123 4592 3482 4673 auspicatus.

2281 4683 2333 4746 II
2362 4681 2596 4746 Etenim
2659 4679 2975 4759 Auxentio,
3009 4681 3106 4762 qui
3156 4681 3284 4743 Arii
3341 4681 3602 4745 schisma
3660 4682 3851 4744 fuerat

2202 4773 2595 4854 amplexus,et
2608 4768 2933 4832 Ecclesiam
2955 4769 3455 4833 Mediolanensem
3469 4769 3848 4832 commissam

2203 4862 2457 4935 habens,
2508 4859 2571 4921 in
2628 4857 2826 4918 multis
2883 4858 3132 4936 synodis
3188 4857 3497 4922 abdicatus
3547 4869 3656 4934 est,
3729 4859 3852 4922 vita

2205 4951 2510 5024 defuncto,
2542 4947 2868 5027 imperator
2892 4943 3344 5008 Valentinianus
3372 4966 3505 5010 cum
3538 4946 3854 5028 episcopos

2206 5040 2278 5103 ad
2311 5058 2376 5101 se
2400 5043 2686 5111 vocasset,
2715 5036 2868 5114 apud
2903 5053 3006 5096 eos
3037 5053 3179 5096 usus
3209 5044 3300 5098 est
3327 5035 3421 5099 his
3447 5036 3846 5098 sermonibus:

2207 5133 2427 5211 Aperte
2485 5123 2691 5211 nostis,
2727 5121 3249 5211 quemadmodum
3326 5125 3602 5187 homines
3678 5123 3855 5185 decet

2209 5209 2527 5281 innutritos
2555 5210 2771 5274 divinis
2799 5209 3024 5288 verbis,
3066 5213 3300 5294 qualem
3334 5232 3466 5277 esse
3514 5214 3675 5277 hunc
3701 5232 3852 5276 con-

2208 5307 2425 5381 veniat,
2457 5301 2559 5386 qui
2587 5301 2660 5364 ad
2682 5301 2974 5363 honorem
3003 5303 3378 5385 episcopatus
3408 5310 3849 5386 promoveatur,

2211 5407 2269 5462 et
2294 5415 2410 5480 qua
2441 5391 2672 5457 ratione
2690 5391 2973 5480 subditos
3004 5411 3123 5455 non
3152 5393 3332 5456 verbo
3365 5402 3620 5472 tantum,
3645 5411 3851 5454 verum

2205 5497 2266 5552 et
2288 5489 2404 5549 vita
2430 5499 2644 5565 regere
2667 5479 2906 5558 debeat,
2944 5489 3002 5544 et
3050 5483 3351 5565 exemplar
3396 5482 3594 5546 omnis
3621 5480 3855 5544 virtutis
