4122 6186
469 274 549 340 56
628 306 633 317 ε
1700 284 1703 285 ⁷
1809 279 1998 344 VITA
2038 280 2099 343 S.

2219 278 2512 346 ramosa
3760 262 3843 343 se
3912 278 3915 279 ί

462 410 627 474 Οὗτος
678 408 860 497 καλῶς
920 408 1199 482 διοικήσας
1238 410 1413 468 πάντα
1467 411 1533 468 τὰ
1585 414 1683 480 τῆς
1722 410 1993 489 βασιλείας
2029 414 2118 470 καὶ

2219 412 2451 475 )ulchre
2524 414 2762 495 quidem
2833 414 3235 477 constituisset
3286 413 3627 497 imperium,
3661 424 3842 477 recta:

464 496 1079 597 dppﬁoilq‘8.dépmac
1110 499 1455 597 fanaticus-0
1503 497 1815 597 βασιλεύσας
1873 501 1959 558 ἐπὶ
2014 501 2109 570 ἔτη

2219 520 2332 566 tero
2376 505 2516 567 fidei
2569 506 2937 587 professione
2988 506 3344 579 refulsisset,
3376 496 3572 567 sexto
3604 503 3842 567 decimo

466 586 559 655 ις’.
595 586 859 647 Κατέλιπε
921 586 976 645 δὲ
1019 586 1297 669 διαδόχους
1346 589 1466 654 τοὺς
1508 586 1705 654 παῖδας
1754 590 1912 647 αὐτοῦ
1967 597 2109 672 Γρα-

2219 594 2427 676 mperii
2456 586 2612 659 anno
2642 597 2756 659 vita
2801 597 3038 660 decedit
3075 615 3497 660 :successores
3518 605 3714 658 autem
3737 615 3842 659 re-

463 678 643 743 τιανὸν
683 679 774 735 καὶ
816 676 1246 767 Οὒαλεντινιανὸν
1287 678 1379 734 τὸν
1422 676 1563 740 νέον.
1615 683 1725 746 Τῆς
1752 677 1809 735 δὲ
1850 678 2112 747 ἀνατολῆς

2219 683 2368 766 iquit
2395 687 2552 749 filios
2580 705 2650 748 su
2676 704 2720 747 ιε
2769 685 3113 750 Gratianum
3161 686 3590 767 jnnioremque
3618 684 3845 747 Valen-

464 764 766 855 ἐϐασίλευεν
801 766 1011 835 Οὐάλης
1053 763 1335 855 θᾶδελφδς
1384 765 1816 855 Οὐαλεντινιανοῦ
1860 776 1953 827 τοῦ
2008 791 2112 846 με-

2219 763 2515 855 .inlanum,
2549 774 2800 838 Valente
2853 776 3036 838 fratre
3090 763 3463 838 in'Orientis
3492 763 3846 855 regionibus

469 855 661 937 γάλου,
714 854 861 922 ὅστις
908 856 1008 925 τῆς
1054 852 1330 935 Ἀρειανῆς
1382 852 1563 924 λώϐης
1613 870 1897 938 μετεῖχεν.
1955 858 2118 923 Οὗτος

469 944 754 1023 συμϐαλὼν
823 943 1059 1018 πόλεμον
1110 944 1248 1021 μετὰ
1288 950 1396 1004 τῶν
1453 945 1684 1021 Γότθων,
1729 946 1983 1015 ἡττηθείς
2031 941 2119 1005 καὶ

471 1036 784 1117 προσφυγὼν
843 1035 916 1100 είς
989 1032 1243 1114 ἀχυρῶνα
1310 1036 1367 1090 ἐν
1447 1033 1592 1109 αὒτῷ
1659 1037 1782 1115 πυρὶ
1853 1038 2113 1106 κατεκάη,

472 1125 757 1204 Γρατιανὸς
813 1120 871 1179 δὲ
924 1124 952 1181 ὁ
1009 1122 1443 1205 Οὒαλεντινιανοῦ
1488 1123 1587 1199 μὲν
1640 1125 1777 1205 υίὸς,
1826 1125 2117 1193 Οὐάλεντος

472 1200 528 1271 δέ
570 1214 813 1289 ἀνεψιὸς,
845 1218 1019 1271 πᾶσαν
1051 1212 1149 1280 τὴν
1177 1218 1283 1269 τῶν
1317 1200 1591 1288 Ῥωμαίων
1631 1200 1919 1292 ἡγεμονίαν
1973 1238 2117 1296 παρ-

473 1299 681 1364 έλαϐεν.
714 1300 931 1381 Πρῶτον
962 1300 1063 1377 μὲν
1109 1302 1212 1381 γὰρ
1252 1301 1320 1357 τὰ
1362 1305 1463 1368 τῆς
1498 1302 1754 1382 Εὐρώπης
1808 1305 1899 1361 καὶ
1937 1305 2117 1374 πάσης

470 1395 570 1461 τῆς
618 1391 826 1455 Δύσεως
881 1390 1025 1469 παρᾶ
1065 1389 1158 1447 τοῦ
1198 1391 1396 1468 πατρὸς
1448 1390 1763 1471 παρειλήφει
1820 1398 2065 1474 σκῆπτρα
2097 1410 2112 1425 ⁸

471 1477 737 1561 παρέλαϐε
793 1477 849 1534 δὲ
892 1480 979 1536 καὶ
1029 1480 1129 1547 τὴν
1190 1478 1369 1537 Ἀσίαν
1412 1480 1500 1536 καὶ
1557 1480 1625 1537 τὰ
1671 1480 1961 1558 λειπόμενα
2017 1488 2117 1552 τῆς

476 1568 698 1647 Λιϐύης,
760 1569 977 1637 ἄπαιδος
1033 1571 1390 1652 ἀναιρεθέντος
1438 1579 1533 1630 τοῦ
1590 1572 1907 1640 Οὐάλεντος,
1952 1578 2120 1634 Εἰσε-

2202 880 2402 924 rerum
2435 864 2718 945 potiente,
2752 885 2823 926 eo
2845 864 3071 928 scilicet
3102 864 3203 947 qui
3234 863 3471 929 Arianis
3502 863 3563 924 in
3595 862 3846 942 perfidia

2201 970 2334 1015 sese
2389 954 2712 1033 conjunxit.
2772 952 2880 1016 Hic
2927 953 3165 1035 quidem
3227 972 3368 1016 cutn
3415 951 3621 1015 Gothis
3653 972 3848 1034 pugna

2200 1059 2555 1121 congressus
2608 1051 2785 1124 atque
2826 1042 3117 1113 devictus,
3170 1042 3231 1105 in
3273 1042 3589 1121 paleariam
3647 1061 3845 1103 casam

2200 1131 2573 1211 confugiens,
2635 1134 2767 1212 igne
2826 1131 3051 1194 ibidem
3110 1131 3378 1193 interiit:
3412 1132 3845 1194 inGratiannm

2199 1228 2399 1281 autem
2434 1220 2868 1282 Valentianiani
2901 1221 3143 1301 quidem
3177 1221 3390 1294 ﬁlium,
3420 1219 3679 1282 Valentis
3707 1239 3849 1281 vero

2202 1327 2267 1370 ex
2290 1309 2470 1372 fratre
2492 1318 2767 1391 nepotem
2793 1310 3008 1373 recidit
3037 1311 3311 1371 universa
3349 1311 3633 1372 Romanae
3662 1310 3846 1370 ditio-

2203 1397 2294 1459 nis
2317 1401 2597 1478 potentia;
2624 1399 2875 1479 primum
2903 1400 3060 1461 enim
3092 1416 3128 1460 a
3157 1404 3318 1478 patre
3346 1418 3460 1459 non
3487 1402 3659 1460 modo
3678 1418 3851 1477 scep-

2200 1496 2355 1548 trum
2406 1487 2695 1570 Europze,
2746 1507 2955 1551 verum
3010 1489 3189 1552 etiam
3268 1488 3443 1550 totius
3507 1486 3851 1551 Occidentis

2201 1576 2477 1638 relictum
2532 1577 2689 1655 cepit
2735 1598 2750 1639 :
2808 1577 3047 1651 deinde,
3100 1594 3266 1652 vero,
3320 1596 3453 1640 cum
3488 1578 3616 1638 sine
3647 1577 3852 1639 liberis

476 1656 575 1729 ϐἠς
607 1658 662 1717 δὲ
693 1660 768 1719 ὢν
822 1661 958 1720 κατὰ
1014 1662 1106 1717 τὸν
1159 1661 1362 1741 πατέρα
1390 1659 1746 1720 ἀνεκαλέσατο
1774 1664 1976 1729 πάντας
2005 1667 2123 1732 τοὺς

2219 1663 2424 1727 Valens
2457 1684 2490 1728 e
2522 1666 2715 1728 medio
2746 1666 3011 1729 sublatus
3041 1674 3218 1736 esset.
3253 1668 3449 1728 .tsiam
3495 1686 3754 1748 quoque,
3789 1677 3847 1729 et

478 1748 797 1813 ἐπισκόπους
853 1747 1046 1829 οὕσπερ
1103 1734 1313 1818 Οὐάλης
1369 1752 1398 1808 ὁ
1470 1751 1619 1816 θεῖος
1675 1753 1833 1809 αὐτοῦ
1884 1751 2124 1832 ἐξώρισεν

2219 1754 2496 1836 quidquid
2527 1754 2585 1816 in
2624 1755 2821 1818 Africa
2842 1754 3059 1836 reliqui
3087 1734 3238 1828 erat,
3291 1756 3341 1816 is
3370 1734 3650 1818 obtinuit:
3686 1734 3850 1828 Quo-

479 1840 811 1920 ὑπερμαχῶν
862 1843 962 1906 τῆς
1006 1837 1282 1915 Ἀρειανῆς
1342 1838 1613 1919 αἱρέσεως.
1660 1842 1852 1899 Μαθὼν
1880 1840 1935 1898 δὲ
1978 1850 2119 1923 Γρα-

2219 1842 2361 1903 aiam
2386 1853 2583 1907 autem
2620 1845 2798 1924 patris
2827 1844 3099 1923 exemplo
3129 1844 3359 1905 colebat
3394 1844 3695 1925 pietatem,
3729 1845 3851 1924 epi-

478 1930 655 1993 τιανὸς
682 1930 781 1997 τὴν
816 1929 1025 2004 Θρᾴκην
1054 1926 1385 2004 λη’ίζομένην
1431 1930 1533 1986 ὑπὸ
1588 1936 1693 1986 τῶν
1723 1932 1815 1987 τὸν
1857 1930 2125 1991 Οὐάλεντα

2219 1950 2417 2012 tcopos
2476 1950 2705 2006 omnes,
2740 1952 2888 2014 quos
2945 1930 3161 1995 Valens
3211 1933 3268 1993 in
3321 1933 3566 2012 gratiam
3621 1932 3853 1995 Arianae

478 2018 783 2075 γαυσάντων
841 2014 1138 2097 βαρϐάρων,
1188 2017 1493 2076 καταλιπὼν
1541 2019 1640 2087 τὴν
1671 2018 1897 2078 Ἰταλίαν
1926 2023 1999 2088 εἰς
2028 2022 2126 2090 τὴν

2219 2021 2454 2084 haeresis
2483 2021 2671 2102 patria
2702 2023 2928 2102 ejectos
2944 2030 3208 2084 extorres
3237 2020 3485 2092 fecerat,
3538 2021 3612 2083 ab
3644 2022 3852 2083 exsilio

478 2107 736 2166 Πανονίαν
767 2107 1005 2187 ἀφίκετο.

2212 2110 2337 2190 ipse
2368 2111 2683 2173 revocavit.
2721 2110 2885 2172 Idem
2918 2112 3098 2172 etiam
3129 2128 3265 2172 cum
3296 2129 3329 2171 a
3361 2109 3653 2190 barbaris,
3711 2110 3850 2171 dum

477 2196 701 2259 Valens
727 2195 1069 2278 imperaret,
1102 2194 1261 2258 bello
1289 2195 1614 2261 Victoribus
1643 2197 1997 2262 devastatam
2017 2217 2150 2264 esse
2178 2198 2495 2262 Thraciam
2517 2200 2929 2281 comperisset,
2957 2199 3163 2262 relicta
3184 2199 3370 2271 Italia,
3400 2203 3456 2263 in
3490 2199 3853 2263 Pannoniam

476 2284 659 2348 venit.

562 2367 653 2441 H'.
688 2377 817 2437 Κατ’
861 2376 1069 2435 ἐκεῖνον
1123 2374 1179 2434 δὲ
1231 2398 1322 2435 τον
1371 2399 1555 2457 καιρον
1608 2376 1887 2443 Θεοδόσιος
1942 2377 2027 2436 διά
2065 2400 2124 2436 τε

478 2467 579 2535 τὴν
626 2473 735 2524 τῶν
789 2467 1064 2546 προγόνων
1132 2468 1474 2548 περιφάνειαν
1524 2468 1616 2524 καὶ
1655 2468 1739 2524 διὰ
1781 2469 1876 2537 τὴν
1932 2469 2127 2525 οἰκείαν

477 2554 714 2635 ἀνδρείαν
773 2555 1193 2631 ὀνομαστότατος
1248 2558 1339 2632 ἰν,
1371 2558 1460 2614 καὶ
1488 2558 1676 2614 τούτου
1718 2558 1878 2638 χάριν
1904 2559 2007 2615 ὑπὸ
2036 2564 2131 2615 τοῦ

478 2644 668 2725 φθόνου
720 2644 828 2701 τῶν
885 2644 1156 2720 ὁμοτίμων
1198 2643 1525 2721 βαλλόμενος
1581 2645 1635 2702 ἐν
1684 2658 1809 2709 ταῖς
1869 2647 2127 2711 Σπανίαις

476 2731 752 2815 διέτριϐενζ
840 2732 931 2793 Ἐν
1012 2732 1236 2800 ἐκείναις
1316 2735 1417 2815 γὰρ
1500 2733 1594 2814 ἔφυ
1648 2755 1708 2790 τε
1763 2735 1851 2792 καὶ
1901 2735 2128 2815 ἐτράφη.

482 2813 747 2903 ’¹Λπορῶν
789 2821 856 2890 δὴ
904 2821 992 2878 οὖν
1034 2825 1064 2878 ὃ
1106 2821 1352 2898 βασιλεὺς
1392 2813 1682 2901 *Γρατιανὸς
1710 2820 1738 2878 ὅ
1765 2843 1817 2878 τι
1858 2813 1974 2903 χρή
2002 2813 2131 2900 δρᾶ-

479 2934 566 2969 σαι
611 2911 951 2993 (φυσηθέντες
993 2910 1095 2990 γὰρ
1150 2910 1213 2968 ἐκ
1235 2911 1334 2979 τῆς
1363 2912 1513 2979 νίκης
1545 2913 1593 2968 οἱ
1624 2908 1879 2991 βάρϐαροι
1920 2909 2131 2986 δύσμα-

479 3022 576 3081 χοι
617 2998 752 3068 ἧσιίν
806 3020 865 3056 τε
920 3000 1010 3056 καὶ
1049 2997 1314 3080 ἐδόκουν),
1380 3000 1521 3063 τότε
1558 2999 1646 3057 οὗν
1698 3006 1797 3068 τήν
1857 2999 2131 3059 Θεοδοσίου

479 3090 801 3168 στρατηγίαν
860 3086 1010 3145 λύσιν
1071 3085 1300 3145 ὑπέλαϐε
1356 3094 1464 3145 τῶν
1520 3089 1700 3146 κακῶν
1742 3089 1996 3169 γίνεσθαι.
2030 3093 2132 3150 Αύ-

2290 2377 2419 2441 VIII
2465 2378 2586 2442 Sub
2620 2379 2776 2441 itlem
2805 2386 3037 2458 tempus
3056 2377 3434 2441 Theodosius
3453 2395 3852 2459 quoque,cum

2209 2467 2284 2530 ob
2315 2468 2607 2549 majorum
2643 2468 3028 2537 nobilitatem,
3059 2477 3179 2529 tum
3232 2467 3308 2529 ob
3340 2466 3634 2548 propriam
3664 2485 3853 2545 gene-

2210 2558 2522 2619 rositatem
2548 2558 2982 2619 celeberrimus
3011 2566 3157 2618 erat:
3186 2570 3243 2618 et
3262 2557 3574 2637 aequalium
3605 2572 3849 2615 suorum

2212 2645 2539 2706 invidentia
2570 2646 2863 2726 pulsus,in
2893 2644 3193 2726 Hispaniis
3220 2645 3449 2724 agebat,
3475 2644 3576 2705 ubi
3598 2652 3656 2705 et
3680 2651 3855 2702 natus

2212 2733 2404 2795 fuerat
2432 2741 2492 2795 et
2528 2733 3128 2814 educatus.lgnorans
3154 2735 3328 2812 igitur
3356 2735 3672 2813 imperator
3702 2729 3857 2794 Gra-

2215 2821 2409 2884 tianus
2431 2823 2574 2904 quid
2609 2823 2761 2886 facto
2779 2843 2928 2905 opus
2950 2833 3130 2899 esset;
3157 2823 3340 2886 inflati
3370 2823 3532 2883 enim
3565 2840 3633 2883 ex
3669 2820 3857 2881 victo-

2211 2912 2301 2973 ria
2331 2911 2567 2974 barbari
2590 2913 3019 2994 propemodum
3047 2912 3246 2974 invicti
3264 2920 3433 2973 erant
3454 2921 3513 2974 et
3544 2908 3816 2972 babeban
3833 2943 3848 2956 -

2214 3007 2346 3062 tur:
2373 3001 2688 3065 militarem
2721 3001 3044 3064 Theodosii
3103 3001 3376 3083 peritiam
3410 3000 3702 3061 malorum
3734 2999 3861 3059 fore

2211 3089 2624 3170 depulsionem
2655 3089 2973 3153 arbitratus
3004 3093 3192 3153 estEt
3213 3088 3523 3152 confestim
3552 3107 3621 3149 rx
3641 3086 3857 3161 Iberia,

480 3178 601 3235 τίκα
630 3175 697 3246 δὴ
726 3179 815 3234 οὖν
868 3176 930 3234 ἐκ
982 3182 1089 3234 τῶν
1131 3182 1379 3235 Σπανιῶν
1434 3179 1526 3235 τὸν
1568 3176 1726 3256 ἄνδρα
1770 3178 2128 3255 μεταπέμψά-

2219 3197 2345 3259 qua;
2370 3178 2654 3260 Hispania
2683 3179 2856 3241 etiam
2891 3180 3250 3248 nominatur,
3290 3178 3596 3240 hominem
3648 3193 3861 3237 accer-

483 3287 643 3344 μενος
697 3266 786 3324 καὶ
840 3267 1139 3346 στρατηγὸν
1196 3269 1582 3350 χειροτονήσας
1639 3268 1774 3344 μετὰ
1828 3273 1929 3336 τῆς
1961 3290 2130 3325 συνει-

2219 3286 2375 3341 sens,
2411 3287 2480 3330 ac
2531 3269 2685 3331 bello
2737 3269 3091 3350 praeticiens,
3128 3288 3262 3330 cum
3318 3267 3580 3331 exercitu
3611 3266 3860 3327 collecto

482 3355 748 3434 λεγμένης
779 3354 1070 3432 ἐξέπεμψεν
1129 3363 1403 3436 στρατιᾶς.
1453 3347 1511 3416 Ὀ
1564 3355 1619 3413 δὲ
1661 3364 1730 3436 τῇ
1774 3359 1947 3415 πίστει
2003 3380 2130 3440 φρα-

2219 3356 2506 3420 misit.Hic
2525 3366 2720 3421 autem
2739 3347 2976 3421 invictis
2991 3347 3196 3433 armis,
3223 3358 3549 3419 orthodoxa
3579 3355 3860 3416 nimirum

483 3443 704 3521 ξάμενος
745 3443 1048 3523 θαρσαλέως
1098 3442 1395 3523 ἐξωρμησε,
1452 3448 1541 3505 καὶ
1593 3452 1694 3515 τῆς
1752 3448 1961 3526 Θρᾴκης
2004 3448 2128 3505 ἐπι-

2219 3445 2328 3507 [ide
2362 3446 2876 3521 circummunitos,
2915 3466 3125 3527 magna
3153 3467 3284 3509 cum
3319 3445 3536 3508 fiducia
3580 3445 3865 3506 adversus

483 3533 579 3601 ϐὰς
656 3536 745 3592 καὶ
797 3532 1083 3611 συμϐαλὼν
1166 3534 1403 3595 πόλεμον
1473 3538 1610 3613 μετᾶ
1689 3541 1795 3594 τῶν
1854 3533 2129 3617 βαρϐάρων

2219 3534 2486 3598 hostilem
2515 3537 2702 3599 aciem
2764 3537 3134 3617 procedit.Et
3174 3536 3487 3598 Thraciam
3537 3534 3860 3613 ingressus,

488 3625 626 3682 κατὰ
692 3626 884 3704 κράτος
942 3625 1186 3694 ἐνίκησεν
1222 3645 1236 3660 ·
1296 3628 1390 3684 οὒκ
1449 3626 1755 3706 ἐνεγκόντες
1796 3626 1897 3705 γὰρ
1938 3625 2130 3684 ἐκεῖνοι

2220 3624 2270 3684 is
2299 3625 2539 3706 quidem
2591 3644 2696 3708 per
2727 3626 2840 3687 vim
2875 3626 3075 3706 praelia
3118 3627 3255 3688 vicit
3285 3645 3300 3685 :
3339 3623 3573 3686 barbari
3605 3640 3744 3686 vero
3789 3642 3865 3684 ne

487 3715 538 3771 οἱ
596 3713 695 3788 μὲν
751 3712 966 3795 ἔφυγον,
1013 3716 1061 3773 oi
1099 3712 1154 3772 δὲ
1212 3713 1450 3780 ἐδίωκον,
1496 3716 1667 3780 Πολὺς
1711 3713 1766 3772 δὲ
1822 3711 1985 3793 φόϐος
2031 3721 2130 3773 τῶν

2222 3711 2309 3772 vel
2339 3713 2595 3793 primum
2644 3714 3004 3776 sustinentes
3060 3714 3371 3795 impetum,
3405 3713 3598 3773 statim
3654 3731 3867 3776 omnes

488 3800 763 3882 βαρϐάρων
794 3803 1003 3883 ἐγένετο
1036 3820 1050 3835 ⁸
1099 3806 1160 3862 οὔ
1190 3806 1352 3881 μόνον
1381 3805 1482 3885 γὰρ
1522 3806 1625 3861 ὑπὸ
1673 3809 1779 3861 τῶν
1839 3796 2130 3880 Ῥωμαίων,

2221 3801 2396 3862 simul
2428 3809 2591 3881 terga
2611 3802 2929 3878 dederunt;
2957 3804 3222 3865 etmulta
3253 3820 3458 3864 eorum
3510 3820 3627 3863 non
3672 3801 3864 3862 solum

485 3889 624 3948 ἀλλὰ
664 3893 752 3949 καὶ
794 3895 897 3950 ὑπὸ
925 3891 1177 3964 ἀλλήλων
1208 3894 1525 3955 ἐκτείνοντο.

2221 3908 2255 3951 a
2284 3891 2572 3954 Romanis
2603 3891 2798 3953 caedes
2822 3891 2975 3952 facta
3006 3901 3114 3967 est,
3141 3909 3342 3952 verum
3381 3890 3553 3952 etiam
3578 3891 3701 3970 jam
3736 3910 3769 3951 a
3800 3909 3868 3952 se

484 3980 633 4063 ipsis
666 4000 680 4042 :
717 3988 939 4062 quanto
969 3982 1132 4048 enim
1163 3984 1420 4065 majores
1451 3989 1621 4045 erant
1647 3981 1863 4045 borum
1922 3981 2130 4064 copiae,
2165 3989 2328 4043 tanto
2360 3982 2544 4061 magis
2602 3980 2716 4043 sibi
2780 3981 2971 4063 potius
3027 4000 3199 4064 quam
3260 3980 3525 4042 hostibus
3582 3980 3866 4042 damnum

482 4070 841 4136 inferebant.

571 4152 658 4221 Θ’.
718 4161 870 4221 Οὕτω
936 4160 991 4217 δέ
1066 4160 1262 4242 σχεδὸν
1329 4164 1543 4220 πάντων
1612 4161 1983 4243 ἀναιρεθέντων
2038 4167 2146 4219 τῶν

2305 4160 2406 4226 ΙΧ.
2430 4160 2537 4225 His
2566 4164 2760 4245 itaque
2790 4182 2976 4245 prope
3000 4160 3279 4223 omnibus
3307 4160 3387 4223 ita
3433 4159 3669 4233 deletis,
3705 4160 3875 4239 pauci

489 4247 769 4334 βαρϐάρων
806 4249 1000 4334 Δὀλίγοι
1087 4249 1271 4309 λαθετν
1351 4249 1656 4318 δυνηθέντες
1739 4248 1986 4319 διέϐησαν
2055 4252 2130 4308 et»

2228 4251 2573 4328 admodum,
2607 4253 2707 4333 qui
2739 4261 3053 4334 potuerunt
3090 4271 3155 4313 se
3178 4252 3502 4323 occultare,
3538 4248 3872 4312 Danubium

521 4328 737 4413 ἰα’-ερον.
804 4328 1004 4405 Ἡσθεὶς
1056 4338 1111 4397 δὲ
1154 4341 1183 4398 ὀ
1238 4339 1486 4417 βασιλεὺς
1542 4342 1827 4408 Γρατιανὸς
1856 4343 1930 4404 ὡς
1961 4338 2130 4419 ἄριστε

2229 4339 2557 4421 trajiciunt.
2593 4328 2786 4404 Laetos
2823 4341 3001 4419 igitur
3029 4341 3344 4404 Gratianus
3370 4340 3524 4421 quod
3554 4338 3693 4400 belli
3715 4353 3877 4398 sum-

493 4427 866 4508 ψηφισάμενος
923 4428 1079 4487 αὐτὸν
1142 4432 1441 4511 στρατηγὸν
1502 4430 1723 4508 βασιλέα
1764 4430 2139 4511 κεχειροτόνη-

491 4537 575 4588 κε,
623 4516 714 4575 καὶ
766 4522 867 4585 τῆς
910 4516 1203 4585 Οὐάλεντος
1257 4521 1443 4601 μοίρας
1494 4522 1562 4577 τὰ
1618 4522 1861 4600 σκῆπτρα
1908 4516 2144 4599 παρέδω-

488 4627 605 4663 κεν.
669 4608 770 4665 Καὶ
838 4608 994 4673 αὐτὸς
1053 4609 1152 4684 μὲν
1208 4608 1293 4667 ἐπὶ
1366 4612 1462 4680 τὴν
1517 4607 1742 4668 Ἰταλίαν
1812 4608 2138 4689 ἐξώρμησεν,

489 4697 698 4755 ἐκεῖνον
754 4694 807 4754 δὲ
851 4699 925 4764 είς
978 4700 1077 4767 τὴν
1135 4696 1377 4757 δοθεῖσαν
1433 4699 1721 4778 ἡγεμονίαν
1767 4698 2138 4778 παρέπεμψεν.

489 4786 653 4851 Εὺθύς
682 4785 748 4854 δὴ
793 4789 881 4844 οὖν
910 4788 1009 4852 τὴν
1044 4787 1316 4865 βασιλείαν
1357 4785 1678 4869 παραλαϐὼν
1732 4787 1827 4856 τῆς
1873 4790 1980 4845 τῶν
2022 4787 2144 4845 Ἐκ-

487 4874 732 4944 κλησιῶν
773 4878 875 4955 πρὸ
936 4882 1041 4933 νῶν
1096 4875 1275 4935 ἄλλων
1321 4879 1626 4960 συμφωνίας
1675 4874 2007 4954 ἐπεμελήθη,
2052 4879 2138 4933 καὶ

492 4966 583 5025 τοὺ
636 4968 737 5034 τῆς
781 4967 975 5034 οἰκείας
1015 4969 1304 5047 ἡγεμονίας
1357 4967 1677 5031 ἐπισκόπους
1721 4968 1795 5031 εἰς
1841 4967 1941 5034 τὴν
1982 4976 2140 5025 Κων-

492 5055 919 5116 σταντινούπολιν
970 5057 1192 5138 δραμεῖν
1250 5058 1628 5136 παρηγγύησεν
1659 5073 1674 5088 ·
1709 5056 1844 5125 αὕτη
1900 5057 1999 5136 γὰρ
2032 5055 2136 5131 μό-

491 5166 558 5212 νη
641 5149 740 5213 τῆς
836 5145 1173 5227 Ἀρειανικῆς
1229 5144 1581 5223 ἐμπέπληστο
1644 5142 1822 5213 λώϐης
1853 5162 1869 5180 ⁸
1943 5146 1979 5214 ἡ
2037 5145 2137 5224 γὰρ

490 5228 719 5312 Ἐσπέρα
760 5234 859 5304 τῆς
908 5236 1065 5295 νόσου
1127 5236 1325 5303 ταύτης
1380 5233 1622 5314 ἐλευθέρα
1650 5232 1931 5327 διέμεινεν.
1981 5243 2137 5293 Κων-

491 5334 769 5388 στανετνος
842 5324 943 5404 γὰρ
1016 5326 1105 5382 καὶ
1177 5326 1428 5389 Κώνστας
1498 5325 1546 5383 οἱ
1605 5323 1998 5382 Κωνσταντίνου
2047 5330 2140 5381 τοῦ

491 5408 727 5487 μεγάλου
782 5414 879 5468 υἱοὶ
938 5414 1035 5482 τὴν
1101 5415 1353 5494 πατρῴαν
1408 5415 1580 5472 πίστιν
1650 5412 1914 5491 ἀκήρατον
1955 5410 2140 5483 διετή-

491 5520 635 5576 ρουν,
695 5500 785 5557 καὶ
851 5499 1011 5559 πάλιν
1060 5504 1489 5569 ΟὖαᾹεντινιανύς
1532 5503 1796 5584 ἀκραιφνῆ
1867 5500 2140 5582 διεφύλαξε

489 5590 590 5659 τὴν
646 5586 915 5648 εὗσέϐειαν
948 5608 964 5626 ·
1020 5592 1085 5648 τὸ
1140 5589 1195 5649 δέ
1222 5598 1416 5671 τμῆμα
1464 5594 1528 5651 et
1587 5592 1743 5674 ἐῷον,
1801 5589 2141 5673 πολλαχόθεν

2169 4409 2209 4460 D

2231 4447 2384 4491 mam
2441 4430 2795 4493 credidisset
2850 4429 3209 4504 Theodosio,
3257 4433 3679 4510 imperatorem
3735 4443 3873 4485 eutn

2225 4518 2417 4580 statim
2449 4520 2731 4600 declarat,
2782 4530 2842 4582 et
2897 4520 2952 4581 ei
3000 4518 3269 4600 ditionis,
3305 4537 3419 4599 qua
3468 4515 3687 4578 Valens
3736 4523 3874 4574 ante

2226 4607 2579 4687 potiebatur,
2607 4620 2904 4691 sceptrum
2929 4609 3347 4671 committitJit
3377 4608 3503 4688 ipse
3528 4604 3767 4687 quidem
3798 4602 3874 4664 ad

2223 4696 2403 4758 ltalize
2431 4698 3001 4761 administrationem
3032 4697 3321 4771 transivit,
3356 4698 3521 4758 illum
3573 4702 3767 4755 autem
3796 4691 3871 4752 ad

2226 4804 2573 4849 concessum
2622 4788 2885 4850 dimitttit
2954 4787 3298 4869 imperium.
3355 4784 3635 4864 Iiegalem
3695 4781 3875 4862 igitur

2223 4874 2596 4938 Theodosius
2611 4896 2930 4959 capessens
2947 4876 2981 4939 d
2993 4873 3658 4958 ignitatem,concordite
3674 4872 3871 4934 Eccle-

2222 4964 2650 5048 siatum,quam
2681 4967 2935 5028 maxime
2966 4976 3218 5048 poterat,
3260 4982 3462 5027 curam
3515 4962 3778 5040 gerebat,
3814 4969 3875 5022 et

2222 5056 2533 5136 episcopos
2551 5058 2805 5137 promite
2828 5055 3164 5125 ditionis,ut
3179 5054 3565 5118 Convenirenl
3587 5055 3870 5114 Constan-

2224 5146 2553 5225 tinopolim,
2588 5147 2929 5208 exhortatus
2957 5153 3085 5207 est:
3121 5145 3248 5208 haec
3270 5143 3430 5205 enim
3480 5143 3608 5204 sola
3651 5141 3873 5203 referta

2223 5235 2647 5297 fueratAriana
2673 5243 2859 5315 peste,
2888 5252 3023 5297 cum
3060 5235 3177 5298 illae
3206 5244 3402 5316 partes
3433 5250 3565 5313 qua;
3582 5232 3657 5292 atl
3689 5247 3867 5291 occa-

2222 5331 2796 5404 sumerantposnm,
2830 5323 2902 5384 ab
2946 5324 3059 5386 isto
3119 5325 3327 5385 matbo
3379 5321 3585 5383 libi-ra:
3642 5327 3864 5382 essent.

2222 5410 2367 5474 Nam
2421 5413 2806 5475 Constantino
2875 5422 3055 5496 atque
3129 5411 3444 5475 Constante
3501 5408 3867 5473 Constantini

2225 5501 2416 5580 Magni
2447 5501 2612 5565 Filiis
2634 5511 2936 5583 paternam
2970 5501 3150 5563 fidem
3172 5500 3585 5562 intemeratam
3612 5515 3862 5559 conser-

2224 5590 2516 5668 vantibus,
2552 5598 2612 5655 et
2640 5609 2849 5654 rursus
2878 5589 3292 5655 Valentiniano
3323 5589 3597 5673 pietatem
3652 5588 3865 5651 dome-
