4122 6186
441 255 542 340 59
1201 291 1210 296 α
1783 271 1969 337 VITA
2012 259 2520 335 sauenosu’
3013 319 3028 332 .
3741 265 3820 332 eo

445 407 669 488 ἐγγυῶν,
723 407 812 465 καὶ
876 413 1145 489 παραινῶν
1207 406 1284 486 μὴ
1365 403 1611 485 προέσθαι
1670 404 1771 474 τὴν
1834 404 2082 485 πατρῴαν

2195 397 2448 464 pietatem
2473 398 2659 482 ipsam
2683 406 2958 481 suspecto
2980 398 3294 475 discedere
3315 400 3819 481 moneret,horta—

446 493 711 558 εὐσέϐειαν
744 514 762 534 ⁶
827 488 1196 578 προστέθεικεν
1280 493 1335 552 δὲ
1393 495 1480 551 καὶ
1544 495 1640 552 τοῦ
1709 493 1945 571 πολέμου
1997 493 2095 561 τὴν

2195 496 2464 571 returque
2497 497 2802 570 paternam
2862 507 2938 550 ne
2969 489 3260 570 abjiceret
3288 490 3656 578 religionem
3690 488 3822 554 Nisi

448 585 699 657 ἀπειλὴν,
745 588 790 644 εί
832 577 910 664 μὴ
964 587 1195 644 πείθοιτο
1225 602 1240 618 ⁸
1301 585 1390 641 καὶ
1460 587 1638 660 μέντοι
1695 586 1784 641 καὶ
1839 585 1901 641 τὸ
1944 583 2094 663 ἔργον

2195 585 2372 639 tutem
2396 597 2620 640 morem
2655 585 2910 658 gereret,
2941 578 3350 656 gratissimum
3373 580 3566 640 eidem
3599 577 3820 640 bellum

449 690 566 742 τοῖς
649 675 834 755 λόγοις
895 676 1178 744 ὶπέθηκεν.
1240 674 1348 741 Τὴν
1417 673 1518 752 γὰρ
1583 674 1828 752 στρατιὰν
1882 671 2092 752 ἀγείρας

2195 665 2580 740 ninitabatur,
2615 675 2673 728 et
2715 685 2780 728 re
2821 667 3060 748 quidem
3093 667 3217 749 ipsa
3251 668 3500 731 collecto
3533 667 3819 738 exercitu,

449 765 536 822 imi
593 766 692 834 την
739 764 1072 822 Μεδιολάνων
1127 763 1402 842 ὥρμησεν,
1463 760 1582 820 ἔνθα
1638 762 1843 828 ἐκεῖνος
1885 759 2089 841 διῆγεν,

452 846 511 912 Ὀ
541 852 596 911 δὲ
640 856 820 931 μαθὼν
877 855 972 922 τὴν
1023 850 1206 933 ἔφοδον
1264 853 1339 916 εἱς
1395 848 1678 930 ἰλλυριούς
1736 851 1918 932 ᾤχετο
1959 853 2091 932 φεύ-

451 965 586 1024 γων,
628 949 696 1019 τῇ
738 943 890 1022 πείρᾳ
923 941 1104 1018 μαθὼν
1130 940 1287 996 τίνων
1331 939 1395 998 ἐκ
1420 945 1520 1008 τῆς
1563 940 1816 1021 μητρῴας
1847 939 2095 999 ἀπώνατο

452 1030 777 1109 συμϐουλῆς.

531 1197 636 1268 ΙΕ’.
698 1207 996 1283 Πυθόμενος
1055 1205 1109 1264 δὲ
1157 1206 1432 1275 Θεοδόσιος
1462 1211 1490 1266 6
1531 1209 1878 1290 πανεύφημος
1936 1211 2096 1287 βασι-

455 1298 573 1360 λεὺς
646 1296 712 1352 τά
769 1296 913 1376 παρά
967 1306 1060 1356 τοῦ
1121 1296 1239 1356 νέου
1306 1297 1740 1359 Οὐαλεντινιανοῦ
1793 1298 2096 1380 πραχθέντα

450 1386 633 1444 καὶτὰ
662 1385 804 1465 παρά
847 1383 1085 1461 Μαξίμου
1128 1389 1219 1444 τοῦ
1266 1387 1513 1466 τυράννου
1551 1388 1838 1469 γραφέντα,
1898 1387 2095 1466 ἔγραψε

447 1481 524 1549 τῷ
548 1473 833 1555 πεφευγότι
887 1473 988 1547 νέῳ
1043 1475 1121 1551 μὴ
1179 1476 1377 1555 χρῆναι
1437 1479 1716 1553 θαυμάζειν
1786 1479 1831 1534 εἰ
1872 1484 1948 1552 τῷ
1990 1478 2109 1553 βαι

449 1561 592 1619 σιλετ
619 1564 682 1618 τὸ
710 1560 848 1638 δέος,
882 1569 958 1638 τῷ
989 1561 1044 1619 δὲ
1100 1564 1333 1638 τυράννῳ
1384 1565 1446 1621 τὸ
1489 1566 1678 1644 κράτος
1709 1565 2042 1638 συνέζευκται
2077 1583 2089 1596 ·

2179 755 2572 817 Mediolanum
2632 773 2836 818 versus
2886 755 3178 838 promovit
3207 758 3400 833 ;h.-une
3425 756 3584 819 enim
3616 755 3822 818 sedem

2176 843 2629 907 Valentinianus
2653 845 2915 925 elegerat
2931 846 3002 906 ad
3024 845 3436 916 habitandum.
3454 845 3560 909 Hic
3576 863 3712 907 vero
3736 847 3821 907 ir-

2176 933 2514 1014 ruptionem
2536 935 2669 1015 ejus
2685 953 2817 996 cum
2847 937 3196 1017 accepisset,
3233 936 3291 996 in
3317 935 3568 1016 lllyriam
3601 934 3733 1014 fuga
3759 952 3826 995 se

2178 1023 2447 1104 contulit,
2481 1025 2588 1084 hac
2619 1023 2745 1103 ipsa
2777 1024 3146 1104 experientia
3167 1035 3533 1106 compertum
3573 1023 3823 1098 habens,

2179 1121 2464 1192 quantum
2499 1121 2764 1174 materna
2795 1113 3040 1174 consilia
3070 1113 3180 1193 ipsi
3214 1115 3589 1195 prodessent.

2257 1199 2460 1264 XV.At
2482 1205 2802 1282 imperator
2824 1200 3195 1264 Theodosius
3215 1203 3310 1263 ubi
3335 1202 3583 1266 rescivit
3613 1209 3670 1265 et
3691 1219 3828 1283 qua:

2181 1290 2470 1353 Maximus
2485 1290 2773 1352 adversus
2797 1290 3097 1370 juniorem
3124 1291 3600 1353 Valentinianum
3623 1290 3830 1352 molie-

2183 1377 2446 1444 batur.et
2475 1397 2681 1440 rursus
2711 1398 2977 1460 quamam
3013 1380 3082 1441 ad
3114 1399 3249 1443 eum
3283 1381 3440 1443 idem
3465 1379 3824 1460 scripsisset,

2180 1467 2393 1530 litteris
2449 1468 2740 1547 signiﬁcat
2790 1469 2995 1548 juveni
3054 1469 3302 1549 fugienti
3362 1488 3478 1531 non
3510 1487 3641 1530 esse
3668 1468 3826 1548 quod

2180 1557 2312 1638 quis
2367 1559 2782 1632 admiraretur,
2854 1557 2900 1618 si
2952 1558 3075 1638 rogi
3113 1562 3311 1634 timor,
3373 1567 3617 1640 tyranno
3647 1557 3830 1618 robur

448 1657 518 1727 τῇ
559 1651 660 1728 γὰρ
717 1648 953 1724 εὐσεϐείᾳ
1007 1650 1354 1727 πεπολέμηκε
1401 1655 1499 1729 μὲν
1556 1656 1584 1710 6
1652 1652 1922 1730 βασιλεὺς,
1970 1656 1998 1711 6
2041 1650 2095 1708 δὲ

2195 1647 2532 1726 :onjunctus
2566 1657 2742 1709 esset.
2780 1648 2927 1709 Nam
2965 1649 3188 1728 pietati,
3233 1649 3444 1730 inquit,
3477 1667 3578 1709 rex
3607 1646 3827 1707 bellum

446 1741 693 1819 τύραννος
753 1739 1106 1820 ἒπεκυύρησεν
1142 1756 1155 1772 ⁸
1218 1743 1307 1798 καὶ
1363 1745 1391 1799 6
1448 1743 1545 1818 μὲν
1577 1744 1775 1810 ταύιην
1808 1743 2095 1822 προέμενος

2195 1740 2397 1814 intulit,
2453 1748 2731 1822 tyrannus
2781 1759 2918 1802 vero
2963 1741 3277 1807 auxiliatus
3308 1751 3397 1803 est
3429 1759 3442 1804 :
3474 1752 3531 1802 et
3561 1741 3660 1802 ille
3690 1741 3828 1821 qui-

447 1824 818 1908 ἀποδιδράσκει
894 1832 1112 1908 γυμνὸς,
1199 1833 1226 1887 6
1311 1829 1368 1887 δὲ
1425 1833 1591 1910 ταύτῃ
1662 1833 2098 1908 καθωπλισμένος

2195 1829 2316 1890 iem
2351 1829 2536 1910 ipsam
2589 1831 2900 1907 deserens,
2954 1831 3147 1892 nudus
3179 1830 3407 1910 aufugit
3441 1848 3452 1892 :
3489 1829 3586 1892 hic
3616 1849 3649 1892 e
3680 1850 3829 1892 con-

451 1922 543 1973 τοῦ
593 1919 1003 1996 γεγυμνωμένο)
1059 1931 1246 1999 κρατεῖ
1279 1936 1293 1950 ⁶
1351 1927 1418 1998 τῇ
1473 1923 1574 2001 γὰρ
1633 1919 1864 1994 εὐσεϐείᾳ
1916 1922 2002 1978 καὶ
2073 1923 2101 1979 6

2195 1918 2362 1980 trario
2389 1919 2488 1980 illa
2517 1929 2800 1996 armatus,
2836 1919 3138 1981 victoriam
3174 1921 3351 1981 refert
3383 1939 3451 1981 ex
3483 1919 3777 1981 denudato
3813 1940 3826 1981 :

451 2004 644 2089 ταύτης
687 2006 890 2062 σύνεστι
925 2007 1239 2082 νομοθέτης.

2195 2007 2386 2088 pietati
2419 2008 2578 2070 enim
2605 2009 2790 2089 ipsius
2821 2009 3126 2086 legislator
3153 2009 3390 2087 adjutor
3418 2008 3546 2069 fuit.

534 2081 664 2166 Ις·’.
712 2101 884 2152 Ταῦτα.
915 2081 1010 2170 μὲν
1057 2097 1146 2152 οὗν
1207 2095 1383 2174 πόῤῥω
1441 2098 1514 2153 ὣν
1556 2095 1856 2156 ἐπέστειλεν
1891 2119 1904 2133 ·
1957 2099 2101 2157 ἐπειο

2195 2081 2201 2088 ’
2265 2097 2417 2161 XVI.
2452 2097 2588 2160 Haec
2620 2081 2798 2175 igitur
2821 2081 2928 2179 per
2950 2081 3421 2178 epistolam,cum
3445 2098 3616 2177 longo
3648 2104 3833 2159 tractu

456 2178 521 2248 δὴ
564 2179 747 2270 δὲτὴν
790 2184 958 2263 φυγὴν
1002 2186 1327 2260 μεμαθηκὼς
1385 2189 1458 2247 εἷς
1509 2185 1808 2258 ἐπικουρίαν
1860 2189 2097 2270 ἀφίκετο,

2195 2195 2341 2248 esset
2375 2186 2638 2262 dissitus,
2701 2178 2988 2247 nuntiavit
3025 2206 3037 2245 :
3075 2195 3379 2267 postquam
3411 2205 3548 2246 vero
3580 2185 3637 2246 in
3663 2186 3832 2247 auxi-

451 2271 539 2326 καὶ
596 2269 696 2338 την
741 2273 839 2344 μὲν
897 2273 1090 2328 οἰκείαν
1149 2273 1572 2332 καταλελοιπότα
1620 2269 1917 2352 βασιλείαν,
1944 2280 2016 2342 εἰς
2047 2276 2102 2335 δὲ

2195 2274 2328 2335 lium
2365 2276 2617 2348 \'enit,et
2649 2274 3091 2356 illum,proprio
3134 2274 3372 2354 quidem
3406 2275 3608 2336 relicto
3640 2275 3834 2356 impe-

451 2359 550 2426 τὴν
620 2359 780 2418 αὐτοῦ
835 2362 1265 2442 παραγενόμενον
1349 2363 1492 2421 εἶδεν
1527 2381 1542 2396 ⁶
1605 2371 1815 2446 πρῶτον
1872 2369 1969 2444 μὲν
2035 2375 2102 2445 τῇ

2195 2363 2296 2432 rio,
2327 2363 2384 2424 in
2417 2383 2524 2425 suo
2558 2373 2911 2444 praesentem
2945 2363 3111 2438 vidit;
3148 2365 3407 2444 primum
3444 2364 3681 2444 quidem
3716 2383 3837 2426 me-

454 2451 609 2528 ψυχῇ
664 2448 764 2516 τὴν
819 2453 1097 2531 θεραπείαν
1135 2455 1490 2534 προσήνεγκε,
1539 2457 1628 2512 καὶ
1656 2457 1750 2524 τὴν
1781 2456 2099 2536 ἐπιγενομέ-

2195 2452 2447 2514 riicinam
2481 2451 2750 2514 adhibuit
2801 2454 2936 2532 ejus
2966 2453 3202 2532 animae,
3237 2461 3291 2514 et
3344 2453 3683 2534 impietatis,
3719 2473 3835 2534 qua

454 2557 552 2602 νην
611 2541 707 2604 τῆς
765 2536 1008 2606 ἀσεϐείας
1064 2541 1285 2612 ἐξήλασε
1343 2542 1520 2622 νόσον,
1579 2544 1666 2600 καὶ
1713 2545 1787 2608 εὶς
1847 2546 1944 2612 τὴν
1988 2569 2097 2603 πα-

2195 2540 2793 2617 laborabat,morbum
2826 2541 3154 2622 expellens,
3191 2541 3248 2602 in
3272 2541 3547 2622 pietatem
3584 2543 3828 2621 patriam

451 2625 625 2704 τρῴαν
682 2625 946 2686 εὐσέϐειαν
1015 2631 1352 2710 επανήγαγεν
1383 2649 1399 2666 ⁶
1459 2631 1582 2688 ε’ίτα
1623 2631 1831 2711 θαρῤεἴν
1895 2657 2099 2714 παρεγι-

2195 2630 2377 2711 ipsum
2431 2632 2685 2692 reduxit.
2752 2631 2982 2693 Deinde
3035 2631 3200 2693 illum
3260 2630 3826 2712 confiderejubens,

453 2714 656 2791 γυήσας
726 2716 814 2772 καὶ
883 2719 1020 2780 κατὰ
1089 2720 1182 2777 τοῦ
1249 2720 1499 2800 τυράννου
1569 2723 1886 2800 στρατεύσας
1945 2725 2100 2782 ἀναι-

2195 2728 2242 2779 et
2300 2727 2505 2780 contra
2559 2728 2866 2801 tyrannum
2919 2720 3185 2783 inferens
3232 2721 3418 2799 signa,
3453 2720 3534 2781 illi
3588 2719 3833 2801 quidem

455 2800 591 2875 μωτὶ
648 2803 746 2877 μὲν
817 2812 896 2881 τῷ
953 2805 1054 2880 νένρ
1096 2808 1195 2874 τὴν
1247 2807 1517 2883 βασιλείαν
1573 2809 1870 2888 παρέδωκε,
1919 2813 2007 2868 τὸν
2051 2810 2102 2867 δὲ

2195 2811 2316 2870 sine
2338 2800 2631 2886 sanguine
2661 2811 2856 2872 reddit
2909 2809 3248 2890 imperium,
3297 2800 3833 2890 tyrannumiautem

454 2889 702 2968 τύραννον
785 2893 1093 2952 ἀπέκτεινεν
1129 2911 1142 2926 ⁸
1236 2895 1440 2953 ἀδικεῖν
1531 2897 1629 2974 γὰρ
1710 2897 1961 2979 ὑπέλαϐε,
2021 2898 2102 2956 καὶ

2195 2899 2482 2980 supplicio
2538 2899 2762 2963 afficit."
2803 2889 3118 2960 Enimvero
3199 2889 3413 2960 violare
3466 2919 3530 2959 se
3579 2899 3838 2961 credidit

461 2977 556 3042 τὰς
600 2981 730 3057 πρὸς
772 2985 1056 3062 Γρατιανὸν
1099 2985 1459 3063 γεγενημένας
1518 2983 1855 3063 παραϐαίνειν
1911 2977 2102 3060 συνθή-

463 3085 562 3094 ..-Α
624 3067 665 3094 ,ἲ
700 3068 765 3094 --εὶ
841 3092 915 3094 Ῠμ
966 3071 980 3090 ι
1080 3093 1087 3094 ,
1131 3073 1146 3092 κ
1246 3073 1258 3094 Ἰ
1320 3092 1330 3094 _
1484 3071 1495 3094 1
1663 3075 1676 3094 ν
1805 3074 1847 3094 Ir
2044 3083 2069 3093 .-

2195 2977 2332 3048 inita
2367 2997 2530 3070 pacta
2562 3007 2693 3048 cum
2743 2989 3049 3094 ‘Gratiano,
3106 2986 3220 3049 nisi
3250 2987 3324 3048 ab
3358 2987 3495 3063 illis,
3533 2987 3630 3067 qui
3681 2989 3839 3050 hunc

463 3085 586 3138 κας,
624 3067 668 3122 εἰ
698 3068 776 3143 μὴ
834 3071 1025 3138 ποινὴν
1068 3073 1188 3133 τοὺς
1237 3071 1592 3136 ἀπεκτονότας
1636 3074 1969 3154 εἷσπράξαιτο
2009 3083 2106 3144 τῆς

464 3159 696 3232 σφαγῆς.
733 3157 896 3222 Οὗτος
923 3162 951 3215 6
982 3161 1297 3226 πιστότατος
1353 3160 1599 3238 βασιλεὺς
1656 3165 1790 3220 κατὰ
1847 3171 1944 3233 τῆς
1975 3165 2110 3223 πλά-

470 3263 568 3336 νης
610 3248 710 3311 τῆς
779 3245 1067 3316 ἱλληηκῆς
1126 3249 1383 3325 μετέθηκε
1457 3250 1556 3318 τὴν
1621 3251 1853 3322 σπουῖην
1910 3261 2106 3336 πᾶσαν,

466 3331 557 3388 καὶ
598 3332 791 3409 νόμους
848 3335 1068 3418 ἔγραψε,
1127 3339 1194 3394 τὰ
1250 3345 1354 3396 τῶν
1395 3337 1626 3397 εἰδώλων
1655 3341 1849 3418 τεμένη
1875 3331 2109 3401 γαταλυξ

462 3421 617 3486 θῆναι
646 3421 897 3488 κελεύων,

533 3498 635 3573 ΙΖ’,
715 3521 1117 3578 Κωνστανττνος
1196 3515 1290 3590 μὲν
1348 3517 1448 3595 γὰρ
1500 3519 1528 3573 6
1587 3517 1764 3586 πάσης
1819 3518 2106 3586 ἀξιώτατος

467 3597 726 3692 εὐφημίας
769 3608 999 3682 πρῶτος,
1062 3605 1293 3679 εὐσεϐείᾳ
1342 3607 1441 3674 τὴν
1496 3605 1764 3681 βασιλείαν
1806 3611 2105 3692 κοσμήσας,

463 3688 553 3778 καί
607 3689 704 3757 τὴν
735 3692 1050 3768 οἰκουμένην
1093 3693 1168 3751 ἔτι
1227 3709 1529 3771 μεμηνυταν
1579 3699 1736 3778 ὁρῶν,
1770 3700 1832 3754 τὸ
1863 3700 1959 3774 μὲν
1990 3688 2108 3766 τοῖς

465 3773 676 3853 δαίμοσι
717 3781 855 3837 θύειν
896 3783 1230 3842 παντάπασιν
1280 3773 1636 3866 ἀπηγόρευσεν,
1694 3773 1814 3852 τοὺς
1871 3785 1926 3843 δὲ
1985 3789 2078 3846 τού

2195 3077 2523 3158 principem
2567 3076 3038 3156 trucidaverant,
3068 3094 3270 3158 poenas
3300 3084 3620 3157 repeteret.
3648 3077 3841 3158 Atque

2192 3165 2350 3227 idem
2379 3167 2702 3246 imperator
2733 3165 3112 3227 ﬁdelissimus
3138 3165 3313 3226 etiam
3366 3165 3646 3228 adversus
3685 3185 3835 3246 gen-

2195 3254 2380 3315 tilium
2417 3272 2650 3316 errores
2673 3273 2908 3315 omnem
2933 3253 3184 3316 contulit
3213 3253 3604 3332 diligentiam,
3638 3254 3838 3334 leges-

2195 3361 2307 3424 que
2340 3343 2750 3423 promulgavit,
2786 3343 3003 3424 quibus
3046 3343 3336 3405 idolorum
3369 3343 3588 3423 templa
3617 3342 3838 3404 destrui

2191 3429 2589 3512 praecipiebat.

2269 3521 2445 3586 XVII.
2501 3523 2726 3585 Etenim
2772 3523 3187 3588 Constantinus
3206 3522 3638 3602 Magnus,omni
3662 3521 3838 3583 laude

2191 3628 2258 3671 ac
2282 3611 2702 3690 praedicatione
2733 3630 2908 3693 quam
2940 3610 3343 3689 dignissimus,
3381 3609 3597 3691 pietate
3613 3609 3841 3672 ornavit

2194 3700 2508 3782 imperium
2536 3717 2554 3762 :
2585 3720 2653 3762 ac
2684 3709 2868 3762 totum
2901 3699 3105 3762 orbem
3135 3703 3308 3761 etiam
3342 3708 3479 3762 tunc
3502 3699 3835 3775 ,insanien-

2195 3799 2309 3850 tem
2333 3789 2936 3864 videns,dzemonibus
2956 3787 3195 3869 quidem
3221 3787 3556 3848 sacriﬁcare
3587 3785 3837 3848 omnino

466 3886 570 3924 των
629 3870 782 3936 ναοὺς
840 3871 900 3928 οὐ
939 3871 1245 3948 κατέλυσεν,
1294 3871 1430 3930 ἂλλά
1472 3873 1697 3940 ἀϐάτους
1736 3878 1879 3934 εἶναι
1936 3900 2102 3955 προσ-

2195 3877 2514 3958 prohibuit,
2541 3897 2746 3940 eorum
2769 3887 2964 3940 autem
2984 3877 3118 3938 fana
3139 3892 3299 3939 srare
3320 3876 3610 3958 permisit,
3643 3875 3714 3936 ab
3749 3876 3839 3937 eis

466 3953 642 4021 ἔταξεν
676 3973 692 3989 ⁸
751 3961 838 4016 καὶ
920 3960 1101 4036 μέντοι
1197 3963 1285 4018 καὶ
1363 3964 1410 4019 οἱ
1465 3965 1652 4020 τούτου
1731 3964 1918 4031 παῖδες
1982 3953 2102 4030 τοῖς

2195 3953 2380 4030 arceri
2398 3966 2978 4049 quemlibetjubens.
3013 3968 3080 4028 Et
3105 3953 3344 4046 quidem
3389 3966 3564 4046 hujus
3593 3963 3696 4026 filii
3729 3983 3838 4044 pa-

467 4047 732 4127 πατρῴοις
785 4049 1152 4117 ἠκολούθησαν
1183 4050 1396 4132 ἴχνεσιν
1429 4067 1442 4082 ⁸
1479 4050 1762 4118 Ἰουλιανὸς
1793 4053 1847 4110 δὲ
1877 4055 2102 4112 ἀνενεώ-

2195 4058 2379 4119 ternis
2405 4047 2669 4119 institere
2725 4055 3022 4134 vestigiis:
3054 4052 3329 4116 Julianus
3368 4073 3506 4116 vero
3530 4053 3835 4116 renovavit

465 4155 594 4191 σατο
647 4138 748 4207 τήν
789 4137 1052 4211 ἀσέϐειαν,
1099 4141 1188 4197 καὶ
1243 4145 1341 4207 τῆς
1379 4139 1610 4206 παλαιᾶς
1653 4141 1918 4212 ἐξαπάτης
1978 4144 2102 4214 ἐξῆ-

2195 4147 2702 4226 impielatcm,nec
2726 4165 2841 4206 non
2867 4143 3225 4223 errot‘isjam
3252 4143 3494 4205 exsoleti
3517 4143 3835 4204 vehemen-

573 4225 670 4292 τὴν
727 4224 922 4314 ιρλόγα.
977 4225 1244 4292 ἰωϐιανὸς
1287 4227 1342 4286 δὲ
1399 4229 1498 4297 τὴν
1540 4229 1809 4306 βασιλείαν
1858 4232 2102 4314 παραλα-

2195 4224 2397 4300 liorem
2448 4237 2740 4298 ﬂammam
2792 4233 3088 4296 accendit.
3151 4236 3226 4294 At
3257 4233 3535 4295 Joviauus
3584 4232 3836 4313 adeptus

465 4308 597 4426 66):,
657 4313 813 4426 '3wa
863 4317 961 4384 τὴν
1020 4316 1126 4374 τῶν
1187 4315 1415 4375 εἰδώλων
1458 4317 1740 4377 διεκώλυσε
1772 4308 2048 4401 θεραπείαν
2085 4340 2098 4355 ·

467 4404 825 4426 -.ῌΑτημ
977 4404 1312 4426 ιω..
1522 4411 1760 4426 μ.-
2053 4411 2063 4426 .

2195 4326 2531 4406 imperium,
2594 4342 2802 4386 rursus
2857 4323 3146 4383 idolorum
3187 4322 3410 4384 cultum
3463 4308 3832 4402 proscripsit.

467 4400 555 4456 καὶ
606 4401 1034 4495 Οὐαλεντινιανὸς
1076 4404 1131 4463 δὲ
1175 4409 1203 4464 6
1248 4406 1415 4487 μέγας
1457 4422 1575 4474 τοῖς
1605 4411 1788 4472 αὐτοῖς
1818 4400 2102 4492 κεχρημέ-

2195 4415 2252 4477 Ει
2277 4400 2525 4495 magnus
2547 4431 2783 4495 quoque
2813 4411 3259 4474 Valentinianus
3301 4400 3512 4472 iisdem
3539 4400 3713 4492 plane
3745 4409 3838 4474 le-

469 4509 556 4585 νος
611 4491 1006 4585 νόμοις,“ξ’θι›νε
1043 4496 1142 4564 τὴν
1191 4498 1449 4577 Εὐρώπην
1483 4517 1499 4535 ο
1530 4501 1558 4554 6
1615 4497 1669 4554 δὲ
1727 4491 1937 4569 Οὐάλης
1979 4509 2102 4559 πᾶσι

2195 4491 2890 4585 gibus'usns,'Europam
2923 4501 3096 4564 rexit.
3128 4500 3294 4572 Quod
3327 4518 3466 4562 vero
3497 4501 3571 4561 ad
3614 4498 3838 4562 Valen-

468 4577 565 4675 μὲν
623 4593 740 4675 τοῖς
795 4580 974 4648 ἄλλοις
1043 4585 1297 4664 ἐπέτρεψε
1360 4588 1663 4666 θρησκεύειν
1717 4591 1754 4665 ᾗ
1809 4591 2102 4672 βούλονται,

2195 4577 2336 4668 Ῐθιῐι,
2371 4577 2600 4656 cunctis
2647 4577 2883 4675 quidem
2934 4591 3066 4652 aliis
3094 4593 3344 4652 adorare
3365 4589 3658 4671 permisit,
3684 4609 3839 4670 quo-

465 4668 553 4724 καὶ
596 4669 661 4724 τὰ
701 4671 1093 4748 θρησκευόμενα
1151 4677 1450 4754 θεραπεύειν
1483 4694 1498 4711 ⁸
1551 4676 1732 4752 μόνοις
1763 4675 1817 4734 δὲ
1857 4668 2102 4757 πολεμῶν

2195 4686 2370 4746 modo
2401 4685 2637 4757 vellent,
2665 4668 2725 4745 et
2755 4701 2882 4764 qua:
2911 4684 3259 4762 adorabant,
3289 4668 3479 4760 palam
3512 4668 3751 4742 colere:
3777 4677 3838 4740 in

466 4754 686 4814 διετέλει
712 4848 716 4849 γ
746 4773 865 4824 τοῖς
921 4766 1024 4816 τῶν
1068 4761 1436 4820 ἀποστολικῶν
1491 4766 1857 4846 ὑπερμαχοῦσι
1901 4754 2107 4849 δογμά-

464 4869 593 4910 των,
640 4848 819 4938 Πάντα
870 4856 996 4928 γοῦν
1046 4852 1139 4907 τὸν
1193 4856 1290 4919 τῆς
1352 4852 1550 4911 ἐκείνου
1604 4855 1874 4931 βασιλείας
1916 4848 2112 4938 χρόνον

463 4939 642 4995 καὶτὸ
684 4936 978 5016 ἕπιϐὠμιον
1035 4938 1233 5007 ἥπτετο
1292 4948 1414 5022 πῦρ,
1473 4943 1561 4999 καὶ
1591 4941 1816 5011 σπονδὰς
1876 4936 1959 5003 καὶ
2016 4951 2108 5004 θυ-

465 5027 579 5092 σίας
623 5042 742 5092 τοτς
799 5026 1033 5093 εἰδώλοις
1091 5030 1433 5112 προσέφερον,
1493 5034 1583 5090 καὶ
1625 5035 1717 5098 τὰς
1775 5033 2110 5110 δημοθοινίας

466 5120 603 5175 κατᾶ
654 5120 753 5186 τὴν
796 5119 992 5199 ἀγορὰν
1045 5118 1347 5194 ἐπετέλουν,
1393 5121 1480 5177 καὶ
1537 5125 1583 5179 οἱ
1611 5123 1676 5178 τὰ
1711 5126 1958 5182 Διονύσου
2015 5125 2111 5206 ὅρ-

461 5229 552 5286 για
602 5206 970 5283 τετελεσμένοι
1027 5211 1162 5285 μετᾶ
1197 5213 1303 5267 τῶν
1333 5208 1543 5288 αἰγίδων
1586 5210 1830 5293 ἔτρεχον,
1863 5215 1984 5278 τούς
2013 5217 2111 5272 κύ-

462 5317 556 5360 νας
601 5295 927 5360 ὶπισπῶντες
974 5300 1060 5354 καὶ
1128 5300 1429 5375 μεμηνότες
1491 5299 1580 5356 καὶ
1627 5301 1983 5381 βακχεύοντες
2026 5305 2113 5361 καὶ

462 5382 630 5439 τᾶλλα
662 5383 884 5462 δρῶντες
917 5384 950 5441 ἃ
1004 5388 1100 5456 τὴν
1156 5395 1247 5445 τοῦ
1298 5385 1615 5444 διδασκάλου
1674 5392 1926 5471 πονηρίαν
1983 5390 2110 5463 ἐδή-

461 5471 580 5532 λου.

2196 4775 2303 4836 hos
2352 4782 2547 4835 autem
2594 4773 2778 4845 solos,
2843 4790 2877 4832 a
2924 4771 3139 4851 quibus
3199 4769 3473 4848 dogmata
3519 4767 3842 4849 apostolica

2197 4863 2741 4945 propugnabantur,
2803 4860 3023 4922 bellum
3080 4877 3297 4938 gerere
3329 4877 3444 4920 non
3496 4857 3836 4921 intermisit.

2193 4950 2280 5015 Ou
2309 4952 2367 5011 ni
2395 4970 2535 5031 ergo
2569 4962 2836 5031 tempore
2856 4968 2979 5031 quo
3011 4949 3061 5008 is
3119 4947 3408 5031 regnavit,
3445 4947 3621 5031 Aignis
3669 4946 3842 5007 altari

2193 5026 2600 5113 superpositus
2647 5026 3102 5103 accendebatur,
3185 5037 3241 5089 et
3298 5026 3611 5089 libationes
3664 5033 3840 5109 atque

2197 5121 2418 5182 hostias
2439 5121 2612 5182 idolis
2635 5118 2988 5192 offerebant,
3025 5117 3160 5180 etin
3193 5117 3407 5199 plateis
3429 5116 3695 5178 convivia
3726 5135 3838 5197 pu-

2198 5211 2348 5272 blica
2381 5208 2787 5290 celebrabant,
2821 5217 2878 5269 et
2901 5208 2999 5290 qui
3033 5206 3387 5289 peragebant
3409 5205 3626 5267 Bacchi
3647 5206 3836 5284 orgia,

2195 5320 2329 5360 curn
2363 5298 2622 5381 caprinis
2655 5295 2910 5380 pellibus
2941 5299 3476 5376 currebant,canes
3504 5312 3703 5357 secum
3729 5302 3842 5355 tra-

2197 5391 2428 5470 hentes,
2465 5399 2523 5450 et
2562 5388 2952 5464 insanientes,
3003 5396 3061 5448 et
3095 5385 3546 5466 debacchantes,
3583 5391 3641 5445 et
3667 5402 3838 5444 com-

2199 5479 2501 5540 mittentes
2529 5477 2645 5540 alia
2675 5475 3039 5557 bujusmodi,
3071 5492 3198 5556 qua;
3229 5473 3549 5557 nequitiam
3582 5471 3839 5552 magistri

2110 5579 2113 5582 ’
2198 5569 2290 5631 sui
2325 5566 2514 5650 palam
2542 5566 2826 5630 facerent.
