4122 6186
494 280 572 346 ὓ3

1844 281 2030 355 VITA
2073 287 2134 350 S.
2181 288 2284 351 ΑΜ
2293 291 2542 356 BROSII

3745 302 3878 366 ‘64

496 416 625 476 ποσὶ
664 418 727 475 τὸ
768 415 957 500 ἔδαφος
1010 412 1190 479 ἐκεῖνο
1232 413 1493 492 πατήσεις
1534 420 1596 476 τό
1666 421 1818 500 ἅγιον
1849 439 1866 498 ;
1911 427 2032 486 ΙῙῶς
2089 417 2134 475 δέ

2229 418 2425 484 minus
2454 432 2512 486 et
2542 419 2644 487 rex
2676 425 2942 489 omnium
2972 435 3084 509 est,
3121 428 3389 490 omnium
3421 429 3695 494 videlicet
3718 451 3881 494 crea-

495 505 591 588 τᾷς
646 520 842 588 χεῖρας
872 509 1108 574 ἐκτενεῖς
1139 509 1334 588 Bappo-3
1392 506 1468 565 ἔτι
1514 509 1805 582 σταζούσας
1865 510 2096 586 α’ίματος
2132 530 2147 584 ;

501 585 584 651 ’Ἡ
645 585 762 660 πῶς
818 599 1089 663 τοιαύταις
1147 596 1372 673 ὑποδέξῃ
1429 600 1584 678 χερσὶ
1642 605 1734 656 τού
1767 601 2036 659 Δεσπότου
2090 601 2151 655 τὸ

498 686 760 764 πανάγιον
793 695 951 765 σῶμα
986 708 1003 770 ς
1050 689 1169 754 Πῶς
1211 685 1266 744 δὲ
1317 689 1406 746 καὶ
1455 695 1533 764 τῷ
1576 689 1800 766 στόματι
1853 690 2150 770 προσοίσεις

497 775 560 831 τὸ
600 779 741 852 αἷμα
796 779 859 834 τὸ
899 778 1097 858 τίμιον,
1149 776 1420 859 τοσούτων
1470 775 1562 836 διὰ
1607 779 1698 836 τὸν
1733 779 1896 854 θυμὸν
1921 778 2150 859 παρανό-

501 887 619 939 μως
679 867 818 941 αἷμα
867 864 1066 944 ἐκχέας
1081 853 1112 946 ⁷ς
1148 853 1342 922 ’Ἄπιθι
1370 867 1563 941 τοίνυν,
1609 867 1697 924 καὶ
1725 853 1804 943 μη
1833 853 2148 947 πειρῶ-τοῖς

500 951 761 1033 δευτέροις
812 954 910 1021 τὴν
966 953 1222 1036 προτέραν
1277 953 1446 1021 αὔξειν
1512 957 1865 1037 παρανομίαν,
1922 957 2010 1013 καὶ
2066 951 2146 1011 δέ·

499 1066 603 1124 χου
655 1045 748 1100 τὸν
790 1041 982 1118 δεσμόν
1027 1047 1073 1120 ᾧ
1117 1046 1246 1108 Θεὸς
1277 1048 1305 1102 6
1335 1051 1440 1102 τῶν
1469 1044 1607 1103 ὅλων
1641 1048 1917 1115 Δεσπότης
1948 1045 2142 1106 ἄνωθεν

498 1133 697 1210 γίνεται
753 1133 1062 1213 σύμψηφος.
1148 1131 1402 1208 Ἰατρικὸς
1475 1133 1531 1191 δὲ
1603 1136 1755 1200 οὗτος
1808 1138 1895 1194 καὶ
1946 1137 2143 1214 ὑγιείας

500 1241 584 1275 σοι
623 1215 895 1300 πρόξενος,
944 1223 988 1278 εί
1031 1223 1107 1298 μή
1165 1244 1264 1279 που
1319 1222 1645 1302 ἀθεράπευτα
1703 1225 1935 1304 πάσχειν
1979 1246 2146 1304 προῃο

496 1307 666 1380 ρῆσω.

2235 510 2578 603 toi-Quibus
2600 533 2739 595 ergo
2759 517 2950 578 oculis
2969 519 3303 579 communis
3325 519 3563 582 Domini
3591 522 3880 603 templum

2232 598 2552 682 adSpicies,
2610 604 2898 685 quibusve
2955 605 3209 687 pedibus
3249 617 3516 669 sanctum
3579 598 3884 690 hoc'pavi-

2233 700 2496 775 mentum
2526 699 2804 773 premes?
2837 694 3135 775 quomodo
3181 703 3380 758 autem
3424 716 3631 760 manus
3666 709 3880 761 exten-

2232 774 2584 867 des,calenti
2604 781 2796 844 adhuc
2818 774 3104 863 sanguine
3126 781 3550 849 stillantesaut
3579 788 3881 867 quomodo

2231 865 2452 929 talibus
2473 869 2748 930 manibus
2771 871 3032 952 excipies
3046 881 3490 933 sacrosanctum
3509 865 3741 936 Domini
3755 893 3884 936 cor-

2230 965 2426 1034 pus,et
2452 957 2539 1018 ori
2572 957 2747 1020 etiam
2783 960 3100 1040 pretiosum
3128 961 3476 1040 sanguinem
3509 963 3879 1038 admovebis,

2228 1063 2360 1104 cum
2397 1065 2505 1124 per
2531 1046 2636 1108 ira:
2656 1047 3067 1129 impotentiam
3093 1058 3322 1110 tantum
3350 1053 3655 1130 sanguinis
3677 1061 3884 1116 contra

2221 1131 2324 1211 jus
2355 1153 2532 1196 omne
2560 1156 2630 1198 ac
2681 1141 2763 1198 fas
2795 1138 3123 1200 effuderis?
3153 1137 3426 1201 Abscede
3481 1140 3679 1222 igitur,
3715 1153 3774 1204 et
3809 1161 3883 1204 ue

2227 1223 2586 1301 aggrediaris
2619 1227 2875 1306 priorem
2910 1228 3142 1307 culpam
3176 1229 3440 1290 secunda
3466 1232 3794 1308 cumulare;
3827 1241 3885 1294 et

2229 1312 2438 1393 excipe
2469 1314 2616 1375 illud
2663 1317 2965 1379 vinculum
3015 1316 3173 1397 quod
3229 1319 3460 1380 caelitus
3509 1320 3741 1400 judicio
3773 1340 3882 1384 suo

489 1391 651 1486 Deus
678 1397 1088 1486 universorum
1120 1399 1407 1464 Dominus
1435 1399 1766 1486 confirmat.
1797 1399 1922 1464 Erit
1949 1408 2146 1465 autem
2181 1400 2326 1463 illud
2363 1391 2464 1464 tibi
2511 1403 2884 1486 medicinale,
2931 1425 2998 1467 ac
3029 1391 3298 1468 salutatis
3329 1391 3697 1482 conciliator,
3759 1410 3880 1480 nisi

490 1482 643 1548 forte
672 1485 1004 1572 insanabile
1032 1488 1250 1552 vulnus
1281 1489 1510 1572 perpeti
1541 1481 1820 1571 elegeris.
1860 1515 1883 1550 ο

574 1564 710 1634 ΚΑ’.
760 1577 976 1642 Τούτοις
1039 1579 1189 1646 εἶξας
1247 1564 1298 1637 ὁ·
1334 1564 1584 1654 βασιλυὺς
1629 1564 1750 1647 τοῖς
1795 1580 1977 1661 λόγοις
2009 1573 2147 1662 (τοῖς

2310 1579 2458 1641 XXI.
2521 1579 2849 1663 Imperator
2890 1602 3104 1663 parens
3143 1584 3236 1645 his
3294 1585 3674 1648 sermonibus
3719 1599 3876 1665 (nam

499 1663 598 1741 γὰρ
652 1667 810 1730 θείοις
868 1667 1050 1743 νόμοις
1093 1667 1510 1748 ἐντεθραμμένος
1543 1671 1618 1728 ὢν
1663 1670 1777 1748 ᾔδει
1811 1676 1991 1750 σαφῶς
2033 1671 2134 1727 τίνα

2230 1687 2364 1730 cum
2397 1689 2428 1731 a
2463 1691 2646 1751 puero
2678 1672 2737 1732 in
2763 1673 2993 1751 legibus
3012 1672 3230 1735 divinis
3263 1684 3415 1735 esset
3437 1663 3882 1758 educatus,quae

494 1753 592 1826 μὲν
635 1759 742 1810 τῶν
778 1754 980 1834 ἱερέων,
1036 1758 1150 1816 τίνα
1206 1758 1262 1815 δὲ
1309 1765 1416 1815 τῶν
1445 1759 1709 1837 βασιλέων
1741 1759 1906 1840 ἴδια),
1952 1759 2147 1817 στένων

2229 1757 2298 1818 ad
2315 1761 2656 1822 sacerdotes
2670 1762 3266 1842 pertinerent,qu:eve
3278 1763 3348 1824 ad
3365 1767 3880 1846 regesperspicue

492 1843 626 1935 6p05
651 1845 749 1935 καὶ⁸
795 1842 1044 1935 δακρύων,
1088 1847 1379 1915 ἐπανῆλθεν
1423 1850 1496 1913 εἰς
1529 1850 1593 1905 τὰ
1623 1847 1885 1925 βασίλεια.
1921 1847 2134 1929 Ὀγδόου

2230 1858 2516 1923 noverat),
2551 1852 2806 1927 gemitus
2837 1871 2905 1913 ac
2937 1853 3226 1934 lacrymas
3274 1842 3452 1915 simul
3488 1842 3875 1935 profundens,

488 1926 542 1985 δὲ
599 1931 949 2010 παρελθόντος
1006 1933 1059 2002 ἒξ
1119 1935 1318 1993 ἐκείνου
1366 1940 1534 2012 μηνὸς
1579 1938 1673 2007 ἧκε
1706 1939 1802 2014 μὲν
1831 1941 1866 2007 ἡ
1896 1926 2142 1998 τοῦὝΣω-

487 2019 647 2097 τῆρος
705 2023 861 2098 ἡμῶν
911 2023 1176 2102 γενέθλιος
1221 2025 1428 2103 ἑορτή·
1477 2031 1713 2095 καθῆστο
1745 2026 1799 2085 δὲ
1850 2030 1982 2108 πρὸς
2023 2039 2141 2092 τοῖς

490 2110 778 2187 βασιλείοις
837 2115 1102 2194 βαρύτατα
1145 2119 1350 2176 πενθῶν
1403 2117 1703 2184 Θεοδόσιος.
1767 2128 1930 2179 Τοῦτο
1989 2113 2140 2178 Ῥου-

488 2200 644 2290 ἳτνδς
705 2225 786 2268 τις
831 2205 1119 2287 μάγιστρος
1149 2218 1437 2288 τηνικαῦτα
1482 2207 1627 2284 ίδὼν,
1689 2209 1992 2290 προσελθὼν
2046 2212 2143 2267 οἷα

486 2287 552 2358 δὴ
585 2295 826 2372 χρηστὸς
882 2298 1024 2372 αὐτῷ
1079 2297 1168 2354 καὶ
1225 2299 1456 2367 συνήθης
1517 2287 1834 2358 ἐπυνθάνετο
1899 2301 1999 2368 τὴν
2056 2304 2142 2356 αἱ-

485 2401 622 2440 τιαν.
691 2373 750 2441 ιΟ
808 2381 863 2440 δὲ
922 2387 1116 2442 πικαὸν
1174 2385 1471 2462 ἀνοιμώξας
1510 2389 1598 2444 καὶ
1646 2389 1960 2467 θερμότερον
2011 2411 2144 2467 προ-

485 2469 622 2552 χέας
652 2473 714 2528 τὸ
744 2470 987 2554 δάκρυον.
1034 2476 1108 2532 Σὺ
1178 2477 1297 2552 μὲν,
1335 2480 1380 2532 ὦ
1427 2469 1690 2557 Ῥουφτνε,
1723 2479 1952 2559 παίζεις,
2012 2477 2136 2558 ἔφη,

485 2564 592 2615 τῶν
636 2562 737 2641 γὰρ
775 2560 918 2638 ἔμῶν
989 2563 1085 2622 οὒκ
1128 2563 1418 2642 ἐπαισθάνῃ
1452 2572 1631 2623 κακῶν
1667 2584 1681 2598 ⁶
1716 2566 1823 2645 ἐγὼ
1863 2566 1918 2624 δὲ
1975 2568 2142 2624 στένω

483 2649 573 2704 καὶ
628 2651 976 2731 ὀλοφύρομαι,
1025 2651 1125 2721 τὴν
1195 2653 1422 2730 ἐμαυτοῦ
1497 2657 1765 2735 συμφορὰν
1822 2656 2138 2736 ἀναλογιζό-

482 2757 668 2815 μενος,
716 2739 865 2806 ὅπως
926 2755 1046 2808 τοῖς
1105 2743 1204 2819 μὲν
1243 2743 1474 2808 οίκὲταις
1531 2745 1618 2801 καὶ
1660 2758 1780 2809 τοῖς
1831 2748 2138 2821 προσαίταις

483 2827 744 2903 ἀνέῳκται
801 2833 830 2886 ὁ
884 2833 1028 2896 θεῖος
1072 2833 1228 2909 νεὼς,
1287 2835 1376 2890 καὶ
1428 2833 1648 2889 εἰσίασιν
1685 2833 1874 2914 ἀδεῶς,
1920 2836 2006 2890 καὶ
2048 2836 2139 2891 τὸν

481 2920 678 2976 οίκετον
729 2916 1062 2980 ἆντιϐολοῦσι
1126 2921 1404 2990 Δεσπότην
1438 2938 1453 2953 ⁸
1516 2921 1633 2997 ἐμοὶ
1715 2919 1770 2978 δὲ
1825 2925 1914 2980 καὶ
1981 2923 2138 2988 αὐτὸς

480 3004 701 3083 ἄϐατος,
762 3010 851 3065 καὶ
894 3009 1026 3089 πρὸς
1083 3019 1238 3069 τοῦτο
1294 3012 1323 3067 6
1404 3011 1620 3090 οὐρανὸς
1677 3010 2085 3071 ἀποκέκλεισται
2118 3031 2136 3050 ο

2227 1938 2288 1998 in
2348 1938 2626 2017 palatium
2684 1959 2748 2001 se
2797 1941 3031 2022 recipit.
3084 1945 3303 2006 Octavo
3334 1951 3532 2004 autem
3568 1961 3772 2006 mense
3803 1945 3879 2007 ab

2226 2027 2366 2089 hinc
2395 2027 2623 2108 elapso,
2657 2031 2817 2091 venit
2847 2031 3091 2112 quidem
3125 2032 3444 2096 Salvatoris
3476 2034 3662 2094 nostri
3685 2036 3879 2097 natale

2227 2114 2464 2191 festum,
2495 2118 2868 2182 Theodosius
2918 2137 3054 2181 vero
3088 2123 3145 2181 in
3187 2121 3351 2200 regia
3379 2121 3596 2183 sedens
3625 2123 3877 2185 amaris-

2227 2203 2377 2266 sime
2408 2205 2608 2269 ﬁebat.
2634 2207 2696 2268 Id
2736 2208 2989 2271 Ruﬁnus
3005 2209 3242 2290 quidam
3269 2219 3407 2272 tunc
3441 2212 3725 2291 temporis
3744 2231 3876 2274 ma-

2225 2294 2406 2372 gister
2457 2295 2657 2375 palatii
2691 2315 2822 2358 cum
2857 2297 3229 2379 pervidisset,
3261 2298 3331 2359 ad
3391 2318 3526 2360 eum
3558 2300 3872 2378 accedens,

2227 2382 2400 2442 homo
2419 2382 2955 2446 videlicetdomino
2986 2385 3150 2447 utilis
3181 2404 3248 2447 ac
3278 2387 3606 2463 familiaris,
3636 2407 3872 2450 causam

2223 2471 2486 2550 rogabat.
2521 2472 2670 2535 Tum
2703 2492 2838 2536 vero
2865 2474 2964 2536 ille
2993 2474 3209 2537 acerbe
3240 2494 3508 2554 gemens,
3545 2485 3603 2538 et
3631 2478 3874 2540 calidio-

2223 2560 2389 2622 ribus
2440 2581 2685 2625 manans
2733 2563 3016 2626 fletibus:
3077 2563 3163 2626 Tu
3225 2565 3490 2646 qnidem,
3531 2566 3735 2646 inquit,
3771 2567 3868 2627 lu-

2227 2648 2340 2729 dis,
2368 2651 2602 2725 Ruﬁne;
2628 2670 2758 2716 mea
2778 2653 2933 2715 enim
2963 2653 3114 2715 mala
3133 2672 3250 2715 non
3281 2654 3486 2715 sentis.
3519 2653 3637 2734 Ego
3667 2664 3868 2717 autem

2224 2756 2397 2816 gemo
2415 2748 2592 2820 atque
2616 2741 2860 2822 deploro
2886 2761 3077 2803 meam
3101 2742 3287 2822 ipsius
3305 2744 3871 2818 calamitatem,dum

2226 2844 2456 2888 mecum
2475 2838 2683 2909 reputo
2708 2830 2966 2892 divinum
2989 2831 3273 2912 templum
3301 2831 3535 2894 famulis
3568 2831 3744 2894 etiam
3777 2843 3870 2894 at-

2222 2934 2337 2996 que
2357 2918 2642 2980 mendicis
2664 2929 2934 3000 apertum
2959 2938 3114 3002 esse,
3143 2919 3604 3002 ingressumque
3623 2921 3761 2984 illuc
3784 2931 3898 2984 tu--

2224 3012 2345 3066 tum
2374 3007 2712 3070 acliberum
2739 3019 2938 3089 patere
2961 3009 3174 3091 illis,ut
3205 3009 3514 3091 proprium
3549 3010 3868 3073 Dominum

479 3095 756 3173 μέμνημαι
783 3097 886 3178 γὰρ
933 3103 1032 3166 τῆς
1080 3103 1411 3168 Δεσποτικῆς
1477 3103 1679 3181 φωνῆς,
1718 3125 1742 3156 ε
1778 3090 1854 3160 ”Ο
1927 3101 1988 3158 ἂν
2031 3101 2127 3173 δή-

2221 3093 2326 3174 ipsi
2350 3097 2753 3160 conveniant:
2809 3097 2955 3159 mihi
3004 3090 3340 3163 autem’hoc
3383 3098 3778 3173 interdicitur,
3814 3109 3872 3162 et

478 3206 634 3266 σητε,
674 3211 703 3244 ε
750 3185 1036 3266 λεγούσης,
1089 3211 1119 3244 ε
1168 3189 1257 3246 imi
1311 3193 1409 3258 τῆς
1475 3189 1604 3270 γῆς,
1666 3189 1811 3247 ἕσται
1856 3189 2131 3269 δεδεμένον

2221 3193 2504 3263 praeterea
2541 3187 2755 3248 ccelum
2814 3186 2991 3249 etiam
3044 3187 3439 3250 interclusum
3467 3195 3584 3250 est.
3623 3187 3866 3251 Memini

478 3275 567 3332 καὶ
609 3277 662 3334 εν
705 3290 825 3343 τοῖς
870 3280 1139 3358 οὐρανοῖς.
1177 3297 1207 3338 ι

2221 3273 2768 3354 quippeDominicze
2783 3276 3088 3357 vocis,qua
3101 3277 3529 3356 promulgatur:
3545 3275 3868 3358 «Quidquid

2219 3361 2536 3440 ligaveritis
2569 3381 2752 3447 super
2776 3365 3140 3440 terram,erit
3169 3365 3409 3444 ligatum
3439 3373 3498 3426 et
3520 3363 3582 3426 in
3606 3365 3792 3428 cmlis.
3835 3391 3863 3421 ι)

561 3443 690 3519 ΚΒ’.
748 3447 806 3514 ’0
861 3454 914 3513 δὲ
977 3447 1247 3523 Ῥουφῖνός
1305 3459 1632 3540 ὑπουργῆσαι
1675 3481 1750 3534 τῳ
1799 3458 2014 3538 βασιλεῖ
2069 3463 2133 3518 τὰ

2300 3453 2476 3518 XXII.
2510 3443 2760 3516 Ruﬁnus
2791 3472 2927 3515 vero
2980 3443 3334 3516 medicinam
3375 3455 3496 3534 regi
3529 3453 3869 3517 ministrare

482 3544 616 3624 πρὸς
685 3547 965 3626 θεραπείαν
1005 3548 1330 3626 βουλόμενος
1387 3550 1475 3606 καὶ
1532 3550 1689 3630 χάριν
1746 3550 1985 3628 εὔκαιρον
2034 3573 2132 3608 πα-

2223 3543 2446 3618 volens,
2479 3561 2546 3604 ac
2579 3543 2988 3624 tempestivum
3025 3542 3380 3605 beneﬁcium
3416 3543 3500 3605 illi
3544 3543 3811 3624 praebere
3849 3565 3862 3606 :

479 3648 754 3720 ρασχετν,
789 3644 1132 3716 Δραμοῦμαι,
1197 3659 1243 3694 ει
1287 3660 1372 3696 σοι
1403 3637 1574 3718 δοκεῖ,
1604 3638 1730 3720 ἔφη,
1765 3640 1852 3696 καὶ
1894 3641 1986 3696 τὸν
2034 3640 2129 3721 ἀρ-

475 3722 664 3805 χιερέα
717 3717 886 3782 πείσω
942 3725 1142 3805 πολλὰ,
1215 3729 1367 3809 emi,
1428 3717 1656 3796 Senecio
1684 3727 1840 3785 λῦσαί
1897 3749 1956 3785 σε
2025 3717 2130 3786 τῶν

473 3810 706 3890 δεσμῶν.
768 3812 919 3872 Ἀλλ’
963 3818 1022 3874 οὗ
1078 3819 1449 3890 πεισθήσεται,
1484 3815 1584 3897 ἔφη
1617 3819 1645 3874 6
1674 3815 1922 3893 βασιλεὺς
1957 3834 1972 3849 °
2008 3815 2130 3875 οῖδα

475 3902 576 3982 γὰρ
621 3901 730 3983 ἐγὼ
776 3905 872 3973 τῆς
929 3905 1244 3986 ’Λμόροσίου
1294 3909 1475 3986 ψήφου
1516 3908 1578 3962 τὸ
1633 3903 1831 3962 δίκαιον
1865 3921 1880 3936 '
1917 3910 1976 3966 οὗ
2033 3908 2133 3985 γὰρ

476 3989 727 4059 αἰδεσθεὶς
787 4000 887 4064 τῆς
944 3995 1216 4074 βασιλείας
1259 3998 1356 4065 τὴν
1412 3993 1645 4062 εξουσίαν
1689 3997 1780 4052 τόν
1823 3997 1969 4051 θετον
2030 4017 2130 4052 πα-

472 4078 762 4159 ραϐήσεταί
801 4106 930 4142 ποτε
975 4087 1160 4162 νόμον.
1221 4083 1442 4152 Ἐπειδή
1495 4083 1550 4140 δὲ
1579 4085 1669 4140 καὶ
1697 4082 1880 4148 ἄλλοις
1925 4082 2128 4141 πλείοσι

469 4172 819 4251 χρησάμενος
860 4177 890 4232 6
923 4167 1194 4255 Ῥουφῐνος
1238 4171 1419 4253 λόγοις
1479 4173 1682 4230 πείσειν
1709 4171 1980 4252 ὑπέσχετο
2035 4174 2124 4231 τὸν

469 4259 639 4338 μέγαν
695 4259 1042 4345 Ἀμϐρόσιον,
1115 4261 1367 4320 ἀπελθεῖν
1419 4262 1575 4321 αὐτὸν
1619 4263 1648 4318 6
1701 4259 1948 4338 βασιλεὺς
1991 4263 2126 4321 κατὰ

466 4350 638 4430 τάχος
668 4349 901 4434 εκέλευε,
962 4354 1052 4411 καὶ
1107 4351 1265 4416 αὐτὸς
1312 4349 1366 4408 δὲ
1409 4351 1512 4408 ὑπὸ
1565 4354 1666 4418 τῆς
1710 4347 1918 4414 ἑλπίδος
1948 4349 2124 4408 δελεα-

2222 3634 2458 3711 Curam,
2494 3633 2706 3714 inquit,
2753 3633 2802 3694 si
2835 3632 2941 3693 tibi
2992 3631 3204 3714 placet,
3237 3641 3293 3693 et
3323 3630 3605 3712 episcopo
3629 3632 3690 3694 id
3721 3651 3864 3713 per-

2220 3722 2480 3783 suadebo
2513 3723 2713 3784 multis
2743 3721 3048 3802 precibus,
3083 3729 3144 3782 ut
3174 3730 3230 3782 te
3260 3739 3294 3782 a
3325 3721 3575 3782 vinculis
3608 3720 3732 3782 istis
3761 3722 3866 3783 ab-

2217 3811 2423 3874 solvat.
2455 3815 2572 3875 Sed
2598 3831 2715 3874 non
2751 3812 2852 3874 ille
2882 3810 3356 3892 persuadebitur,
3385 3809 3465 3871 ait
3494 3811 3818 3891 imperator
3845 3830 3862 3887 ;

2215 3919 2390 3981 quam
2427 3901 2582 3962 enim
2611 3903 2837 3982 justum
2892 3900 3191 3963 Ambrosii
3241 3898 3533 3978 judicium
3565 3901 3656 3975 sit,
3693 3917 3865 3961 com-

2217 3998 2442 4070 pertum
2471 3990 2687 4054 habeo.
2719 3991 2841 4052 Nec
2873 4007 3048 4071 porro
3084 3988 3186 4050 ille
3215 4005 3473 4069 unquam
3504 3989 3856 4066 committet,

2214 4090 2275 4140 ut
2338 4079 2664 4161 imperialis
2720 4078 2996 4160 potentiae
3044 4073 3317 4158 respectu
3373 4075 3631 4139 divinam
3663 4078 3857 4156 legem

2213 4169 2702 4247 transgrediatur.
2735 4174 2807 4233 At.
2850 4178 3227 4250 posteaquam
3278 4164 3560 4228 adhibitis
3589 4168 3863 4247 pluribus

2209 4257 2340 4318 aliis
2373 4257 2721 4332 rationibus,
2758 4259 3006 4322 Ruﬁnus
3030 4255 3408 4338 promittebat
3431 4273 3465 4316 a
3488 4274 3694 4336 magno
3719 4257 3862 4318 Am-

2218 4346 2418 4408 brosio
2452 4365 2577 4409 rem
2612 4367 2677 4411 se
2735 4347 2890 4410 haud
2948 4345 3127 4408 dubie
3179 4344 3658 4426 impetraturum,
3685 4348 3860 4425 jussit

465 4439 605 4528 σθεὶς
638 4433 994 4528 ,ἡκολοὺθησε
1053 4442 1188 4520 μετὰ
1258 4442 1433 4522 βραχὺ
1486 4451 1608 4503 ταῖς
1667 4437 1992 4528 ὑποσχέσεσι
2035 4448 2128 4498 τοῦ

2221 4435 2534 4516 imperator
2560 4455 2735 4519 quam
2768 4436 3054 4499 citissime
3088 4435 3252 4496 illum
3282 4434 3468 4497 abire.
3497 4433 3627 4515 Ipse
3658 4445 3857 4497 autem

468 4516 733 4607 Ῥουφίνου
815 4516 1125 4597 πιστεύσας,
1215 4516 1432 4588 ’Ᾰύτίκα
1489 4534 1614 4606 γοῦν
1685 4527 1776 4584 τὸν
1810 4516 2122 4609 ἺΡουφτνον

2221 4541 2314 4603 spe
2339 4516 2660 4606 inescatus,
2694 4535 2826 4607 post
2856 4544 2976 4587 non
3009 4526 3255 4587 multum
3293 4530 3590 4604 temporis
3619 4537 3862 4586 secutus

462 4618 490 4675 6
519 4618 666 4699 θεῖος
699 4616 1044 4699 Ἀμόρόσιος,
1084 4643 1104 4676 ε
1144 4620 1254 4688 Τὴν
1298 4624 1403 4676 τῶν
1447 4623 1640 4697 κυνῶν,
1675 4615 1800 4696 ἔφη,
1833 4615 2120 4698 ἀναίδειαν,

463 4705 509 4763 ῶ
557 4695 1081 4788 Ῥουφτνείζηλοτς,
1140 4710 1228 4766 καὶ
1273 4707 1390 4766 ούτε
1446 4695 1724 4786 ἐρυθριᾷς,
1751 4706 1870 4762 οὒτε
1926 4695 2116 4788 δέδιας,

460 4802 712 4854 τοσοῦτον
743 4798 879 4856 κατὰ
921 4799 1022 4865 τῆς
1050 4797 1191 4862 θείας
1221 4795 1486 4867 λυττήσας
1543 4793 1744 4856 εἰκόνος
1778 4809 1795 4868 ;
1837 4815 1862 4851 ε
1899 4793 2116 4863 Ἐπειδὴ

457 4881 511 4944 δὶ
542 4886 571 4944 6
605 4876 877 4967 Ῥουφτνος
922 4883 1215 4961 ἠντιϐόλει,
1277 4886 1367 4943 καὶ
1423 4884 1515 4940 τὸν
1567 4879 1792 4959 βασιλέα
1851 4882 1988 4957 μετὰ
2031 4906 2114 4958 μιο

455 4977 582 5056 κρον
624 4973 769 5044 ἥξειν
799 4975 1005 5059 ἔλεγεν,
1061 4977 1165 5033 ὑπὸ
1214 4983 1307 5034 τοῦ
1348 4973 1486 5032 θείου
1515 4970 1678 5059 ζήλου
1704 4970 2059 5050 πυρποληθεὶς
2089 4974 2117 5029 ό

452 5052 601 5131 θεῖος
634 5052 1046 5145 Ἀμὸρόσιόςία
1082 5063 1244 5146 Ἐγὼ,
1280 5064 1408 5146 ἔφη,
1442 5063 1487 5118 ὦ
1534 5052 1798 5142 Tuoque,
1846 5061 1987 5140 φημὶ
2034 5062 2114 5118 ὃτι

451 5154 676 5214 κωλύσω
731 5159 838 5218 τῶν
887 5162 1040 5242 ἱερῶν
1097 5157 1254 5215 αὐτὸν
1309 5150 1558 5242 ἕπιϐἦναι
1602 5151 1874 5230 προθύρων
1907 5151 2019 5242 ξ--εί
2061 5148 2113 5208 δὲ

449 5268 510 5327 γε
555 5248 630 5312 είς
689 5237 959 5328 τυραννίδα
1017 5248 1115 5318 τὴν
1198 5241 1470 5326 βασιλείαν
1543 5242 1847 5318 μεθίστησι,
1902 5237 2113 5316 δέξομαι

450 5337 602 5416 καγὼ
633 5335 750 5414 μεθ’
779 5337 976 5408 ἡδονῆς
1007 5338 1107 5408 τὴν
1152 5337 1382 5420 σφαγήν.
1423 5357 1451 5388 ι

2210 4624 2318 4688 est,
2356 4624 2417 4676 ut
2445 4617 2543 4697 qui
2594 4615 2792 4681 Ruﬁni
2826 4612 3318 4697 promissionibus
3358 4612 3535 4674 ﬁdem
3586 4612 3856 4680 haberet.

2205 4704 2530 4767 Confestim
2565 4724 2702 4768 vero
2731 4704 3024 4767 allocutus
3074 4704 3352 4768 Rufinum
3382 4702 3551 4764 divus
3603 4703 3860 4766 Ambro-

2202 4793 2326 4856 sius
2357 4815 2370 4854 :
2415 4794 2700 4876 «Canum,
2736 4794 2948 4876 inquit,
2973 4793 3422 4874 impudentiam,
3453 4789 3688 4874 Ruﬁne,
3710 4793 3855 4854 imi-

2201 4883 2370 4960 taris;
2406 4893 2463 4947 et
2509 4903 2701 4966 neque
2733 4882 3062 4961 erubescis,
3098 4901 3290 4963 neque
3317 4880 3854 4962 pertimescis,cum

2203 4981 2360 5034 tanta
2391 4974 2557 5036 rabie
2587 4975 2871 5036 adversus
2901 4973 3217 5050 imaginem
3250 4971 3360 5034 Dei
3387 4971 3712 5037 saavieris?»
3741 4974 3856 5037 Ubi

2199 5081 2334 5124 vero
2361 5064 2569 5125 institit
2605 5064 2882 5139 Ruﬁnus,
2916 5071 2975 5123 et
3017 5061 3436 5143 imperatorem
3468 5061 3631 5125 brevi
3661 5064 3854 5145 spatio

2197 5151 2512 5232 interjecto
2569 5162 2882 5214 venturum
2928 5150 3100 5227 dixit,
3162 5151 3443 5214 incensus
3494 5152 3692 5215 divino
3726 5153 3855 5217 zelo

2197 5240 2430 5304 divinus
2449 5241 2804 5305 Ambrosius
2837 5262 2851 5302 :
2893 5243 3074 5320 «Ego,
3109 5240 3322 5322 inquit,
3356 5257 3392 5303 ο
3426 5244 3657 5318 Ruﬁne,
3693 5261 3850 5323 prae-
3938 5319 3945 5324 ι

2197 5330 2332 5393 dico
2389 5350 2481 5392 me
2535 5330 2999 5413 prohibiturum,
3032 5349 3108 5394 ne
3163 5331 3253 5392 vel
3284 5330 3475 5411 ipsum
3509 5334 3714 5414 templi
3742 5353 3853 5396 ve-

442 5423 730 5493 stibulum
759 5427 989 5494 calcet:
1025 5426 1121 5492 sin
1141 5417 1342 5491 autem
1373 5421 1424 5487 is
1455 5417 1688 5514 regiam
1722 5421 2076 5509 potestatem
2110 5417 2170 5480 in
2205 5420 2574 5511 tyrannidem
2610 5429 2816 5498 vertat,
2883 5439 2976 5482 me
3031 5438 3239 5484 necem
3293 5428 3680 5506 excepturum
3713 5443 3848 5491 cum

439 5507 766 5614 νοιιιριειο.
804 5542 832 5575 ι
