  <div class='ocr_page' id='page_1' title='image "/cluster/home/n/w/nwhite01/storage/ocr_20150623/14/hvd.32044048207138/038.png"; bbox 0 0 4122 6186; ppageno 0'>
   <div class='ocr_carea' id='block_1_1' title="bbox 259 294 339 359">
    <p class='ocr_par' dir='ltr' id='par_1_1' title="bbox 259 294 339 359">
     <span class='ocr_line' id='line_1_1' title="bbox 259 294 339 359; baseline 0 0"><span class='ocrx_word' id='word_1_1' title='bbox 259 294 339 359; x_wconf 82' lang='grc'><strong>65</strong></span> 
     </span>
    </p>
   </div>
   <div class='ocr_carea' id='block_1_2' title="bbox 1462 292 2449 396">
    <p class='ocr_par' dir='ltr' id='par_1_2' title="bbox 1462 292 2449 396">
     <span class='ocr_line' id='line_1_2' title="bbox 1462 292 2449 396; baseline 0.006 -33"><span class='ocrx_word' id='word_1_2' title='bbox 1462 297 1815 385; x_wconf 74' lang='lat' dir='ltr'><strong>AUCTQRE</strong></span> <span class='ocrx_word' id='word_1_3' title='bbox 1863 300 2449 396; x_wconf 50' lang='lat' dir='ltr'><strong>METaPunASTE.</strong></span> 
     </span>
    </p>
   </div>
   <div class='ocr_carea' id='block_1_3' title="bbox 3569 307 3647 392">
    <p class='ocr_par' dir='ltr' id='par_1_3' title="bbox 3569 307 3647 392">
     <span class='ocr_line' id='line_1_3' title="bbox 3569 307 3647 392; baseline 0 0"><span class='ocrx_word' id='word_1_4' title='bbox 3569 307 3647 392; x_wconf 68' lang='grc' dir='ltr'>δε</span> 
     </span>
    </p>
   </div>
   <div class='ocr_carea' id='block_1_4' title="bbox 341 422 1912 524">
    <p class='ocr_par' dir='ltr' id='par_1_4' title="bbox 341 429 1912 524">
     <span class='ocr_line' id='line_1_4' title="bbox 341 429 1912 524; baseline 0.002 -31"><span class='ocrx_word' id='word_1_5' title='bbox 341 429 528 495; x_wconf 83' lang='lat' dir='ltr'><strong>XXlll</strong></span> <span class='ocrx_word' id='word_1_6' title='bbox 583 433 684 524; x_wconf 80' lang='lat' dir='ltr'><strong>His</strong></span> <span class='ocrx_word' id='word_1_7' title='bbox 715 434 1219 506; x_wconf 83' lang='lat' dir='ltr'><strong>auditis.Ruﬁnus</strong></span> <span class='ocrx_word' id='word_1_8' title='bbox 1251 447 1309 502; x_wconf 89' lang='lat' dir='ltr'><strong>et</strong></span> <span class='ocrx_word' id='word_1_9' title='bbox 1330 437 1630 500; x_wconf 84' lang='lat' dir='ltr'><strong>Ambrosii</strong></span> <span class='ocrx_word' id='word_1_10' title='bbox 1663 444 1912 499; x_wconf 78' lang='lat' dir='ltr'><strong>mentem</strong></span> 
     </span>
    </p>
   </div>
   <div class='ocr_carea' id='block_1_5' title="bbox 2000 422 3660 524">
    <p class='ocr_par' dir='ltr' id='par_1_5' title="bbox 2089 422 3660 524">
     <span class='ocr_line' id='line_1_5' title="bbox 2089 422 3660 524; baseline 0.004 -30"><span class='ocrx_word' id='word_1_11' title='bbox 2089 429 2218 499; x_wconf 59' lang='grc' dir='ltr'><strong>ΚΓ.</strong></span> <span class='ocrx_word' id='word_1_12' title='bbox 2265 441 2473 524; x_wconf 84' lang='grc' dir='ltr'>Τούτων</span> <span class='ocrx_word' id='word_1_13' title='bbox 2531 443 2558 497; x_wconf 88' lang='lat'><strong>6</strong></span> <span class='ocrx_word' id='word_1_14' title='bbox 2616 431 2890 524; x_wconf 58' lang='grc' dir='ltr'>Ῥουφτνος</span> <span class='ocrx_word' id='word_1_15' title='bbox 2947 443 3176 510; x_wconf 77' lang='grc' dir='ltr'>ἀκούσας</span> <span class='ocrx_word' id='word_1_16' title='bbox 3219 444 3415 520; x_wconf 89' lang='grc' dir='ltr'>μηνύει</span> <span class='ocrx_word' id='word_1_17' title='bbox 3471 465 3530 500; x_wconf 88' lang='grc' dir='ltr'><strong>τε</strong></span> <span class='ocrx_word' id='word_1_18' title='bbox 3560 422 3660 502; x_wconf 70' lang='grc' dir='ltr'><strong>αὖ-</strong></span> 
     </span>
    </p>
   </div>
   <div class='ocr_carea' id='block_1_6' title="bbox 256 520 1912 634">
    <p class='ocr_par' dir='ltr' id='par_1_6' title="bbox 256 520 1912 634">
     <span class='ocr_line' id='line_1_6' title="bbox 256 520 1912 603; baseline 0.004 -24"><span class='ocrx_word' id='word_1_19' title='bbox 256 520 614 600; x_wconf 88' lang='lat' dir='ltr'><strong>imperatori</strong></span> <span class='ocrx_word' id='word_1_20' title='bbox 635 542 740 602; x_wconf 90' lang='lat' dir='ltr'><strong>per</strong></span> <span class='ocrx_word' id='word_1_21' title='bbox 761 525 1076 603; x_wconf 69' lang='lat' dir='ltr'><strong>quemdam</strong></span> <span class='ocrx_word' id='word_1_22' title='bbox 1104 527 1264 588; x_wconf 89' lang='lat' dir='ltr'><strong>illico</strong></span> <span class='ocrx_word' id='word_1_23' title='bbox 1291 527 1679 603; x_wconf 83' lang='lat' dir='ltr'><strong>nuntiavit,et</strong></span> <span class='ocrx_word' id='word_1_24' title='bbox 1705 536 1767 588; x_wconf 93' lang='lat' dir='ltr'><strong>ut</strong></span> <span class='ocrx_word' id='word_1_25' title='bbox 1797 545 1912 587; x_wconf 87' lang='lat' dir='ltr'><strong>ma-</strong></span> 
     </span>
     <span class='ocr_line' id='line_1_7' title="bbox 256 611 1856 634; baseline 0 0"><span class='ocrx_word' id='word_1_26' title='bbox 256 619 435 634; x_wconf 78' lang='lat'><strong>_-__.</strong></span> <span class='ocrx_word' id='word_1_27' title='bbox 473 611 525 634; x_wconf 68' lang='grc' dir='ltr'>ε,</span> <span class='ocrx_word' id='word_1_28' title='bbox 567 611 771 634; x_wconf 50' lang='grc' dir='ltr'><strong>μωμ</strong></span> <span class='ocrx_word' id='word_1_29' title='bbox 861 613 941 634; x_wconf 24' lang='grc' dir='ltr'>,γι</span> <span class='ocrx_word' id='word_1_30' title='bbox 1303 627 1315 634; x_wconf 88' lang='grc'>.</span> <span class='ocrx_word' id='word_1_31' title='bbox 1403 614 1424 634; x_wconf 79' lang='lat'>.</span> <span class='ocrx_word' id='word_1_32' title='bbox 1641 625 1654 634; x_wconf 85' lang='lat'><strong>.</strong></span> <span class='ocrx_word' id='word_1_33' title='bbox 1851 633 1856 634; x_wconf 63' lang='lat'><strong><em>,</em></strong></span> 
     </span>
    </p>
   </div>
   <div class='ocr_carea' id='block_1_7' title="bbox 2000 520 3661 634">
    <p class='ocr_par' dir='ltr' id='par_1_7' title="bbox 2009 520 3661 634">
     <span class='ocr_line' id='line_1_8' title="bbox 2009 520 3661 634; baseline 0.004 -54"><span class='ocrx_word' id='word_1_34' title='bbox 2009 525 2127 582; x_wconf 81' lang='grc' dir='ltr'>τίκα</span> <span class='ocrx_word' id='word_1_35' title='bbox 2171 525 2255 587; x_wconf 71' lang='grc' dir='ltr'><strong>διά</strong></span> <span class='ocrx_word' id='word_1_36' title='bbox 2311 520 2452 594; x_wconf 85' lang='grc' dir='ltr'>τινος</span> <span class='ocrx_word' id='word_1_37' title='bbox 2495 537 2571 605; x_wconf 85' lang='grc' dir='ltr'>τῷ</span> <span class='ocrx_word' id='word_1_38' title='bbox 2633 520 2849 607; x_wconf 71' lang='grc' dir='ltr'>βασιλεῖ</span> <span class='ocrx_word' id='word_1_39' title='bbox 2907 532 3005 601; x_wconf 77' lang='grc' dir='ltr'><strong>τὴν</strong></span> <span class='ocrx_word' id='word_1_40' title='bbox 3045 534 3138 589; x_wconf 76' lang='grc' dir='ltr'>τοῦ</span> <span class='ocrx_word' id='word_1_41' title='bbox 3179 532 3471 614; x_wconf 78' lang='grc' dir='ltr'><strong>ἀρχιερέως</strong></span> <span class='ocrx_word' id='word_1_42' title='bbox 3515 534 3661 634; x_wconf 64' lang='grc' dir='ltr'>γνώ-</span> 
     </span>
    </p>
   </div>
   <div class='ocr_carea' id='block_1_8' title="bbox 256 611 1924 695">
    <p class='ocr_par' dir='ltr' id='par_1_8' title="bbox 256 611 1924 695">
     <span class='ocr_line' id='line_1_9' title="bbox 256 611 1924 695; baseline 0.003 -26"><span class='ocrx_word' id='word_1_43' title='bbox 256 619 438 671; x_wconf 85' lang='lat' dir='ltr'><strong>neret</strong></span> <span class='ocrx_word' id='word_1_44' title='bbox 472 611 528 671; x_wconf 92' lang='lat' dir='ltr'><strong>in</strong></span> <span class='ocrx_word' id='word_1_45' title='bbox 565 611 803 691; x_wconf 86' lang='lat' dir='ltr'><strong>palatio,</strong></span> <span class='ocrx_word' id='word_1_46' title='bbox 853 613 1195 675; x_wconf 75' lang='lat' dir='ltr'><strong>exhortatus</strong></span> <span class='ocrx_word' id='word_1_47' title='bbox 1231 627 1343 677; x_wconf 88' lang='lat' dir='ltr'><strong>est.</strong></span> <span class='ocrx_word' id='word_1_48' title='bbox 1403 614 1730 695; x_wconf 77' lang='lat' dir='ltr'><strong>Imperator</strong></span> <span class='ocrx_word' id='word_1_49' title='bbox 1763 633 1924 694; x_wconf 84' lang='lat' dir='ltr'><strong>vero,</strong></span> 
     </span>
    </p>
   </div>
   <div class='ocr_carea' id='block_1_9' title="bbox 254 699 1925 784">
    <p class='ocr_par' dir='ltr' id='par_1_9' title="bbox 254 699 1925 784">
     <span class='ocr_line' id='line_1_10' title="bbox 254 699 1925 784; baseline 0.005 -27"><span class='ocrx_word' id='word_1_50' title='bbox 254 699 365 778; x_wconf 86' lang='lat' dir='ltr'><strong>qui</strong></span> <span class='ocrx_word' id='word_1_51' title='bbox 397 699 468 758; x_wconf 82' lang='lat' dir='ltr'><strong>ad</strong></span> <span class='ocrx_word' id='word_1_52' title='bbox 523 701 784 762; x_wconf 85' lang='lat' dir='ltr'><strong>medium</strong></span> <span class='ocrx_word' id='word_1_53' title='bbox 837 703 1028 762; x_wconf 77' lang='lat' dir='ltr'><strong>forum</strong></span> <span class='ocrx_word' id='word_1_54' title='bbox 1055 703 1178 783; x_wconf 86' lang='lat' dir='ltr'><strong>jam</strong></span> <span class='ocrx_word' id='word_1_55' title='bbox 1217 715 1592 784; x_wconf 87' lang='lat' dir='ltr'><strong>pervenerat,</strong></span> <span class='ocrx_word' id='word_1_56' title='bbox 1632 723 1764 765; x_wconf 87' lang='lat' dir='ltr'><strong>cum</strong></span> <span class='ocrx_word' id='word_1_57' title='bbox 1800 705 1925 766; x_wconf 61' lang='lat' dir='ltr'><strong>hinc</strong></span> 
     </span>
    </p>
   </div>
   <div class='ocr_carea' id='block_1_10' title="bbox 255 787 1921 875">
    <p class='ocr_par' dir='ltr' id='par_1_10' title="bbox 255 787 1921 875">
     <span class='ocr_line' id='line_1_11' title="bbox 255 787 1921 875; baseline 0.006 -29"><span class='ocrx_word' id='word_1_58' title='bbox 255 806 332 846; x_wconf 82' lang='lat' dir='ltr'><strong>au</strong></span> <span class='ocrx_word' id='word_1_59' title='bbox 368 788 489 848; x_wconf 79' lang='lat' dir='ltr'><strong>tivit</strong></span> <span class='ocrx_word' id='word_1_60' title='bbox 523 807 536 851; x_wconf 94' lang='lat'><em>:</em></span> <span class='ocrx_word' id='word_1_61' title='bbox 573 787 690 869; x_wconf 82' lang='lat' dir='ltr'><strong>Ego</strong></span> <span class='ocrx_word' id='word_1_62' title='bbox 725 810 991 871; x_wconf 79' lang='lat' dir='ltr'><strong>pergam,</strong></span> <span class='ocrx_word' id='word_1_63' title='bbox 1021 792 1232 874; x_wconf 89' lang='lat' dir='ltr'><strong>inquit,</strong></span> <span class='ocrx_word' id='word_1_64' title='bbox 1267 804 1325 855; x_wconf 86' lang='lat' dir='ltr'><strong>et</strong></span> <span class='ocrx_word' id='word_1_65' title='bbox 1351 795 1596 856; x_wconf 71' lang='lat' dir='ltr'><strong>insaniae</strong></span> <span class='ocrx_word' id='word_1_66' title='bbox 1625 813 1771 855; x_wconf 64' lang='lat' dir='ltr'><strong>mea?</strong></span> <span class='ocrx_word' id='word_1_67' title='bbox 1805 812 1921 875; x_wconf 65' lang='lat' dir='ltr'><strong>pae-</strong></span> 
     </span>
    </p>
   </div>
   <div class='ocr_carea' id='block_1_11' title="bbox 259 879 1918 962">
    <p class='ocr_par' dir='ltr' id='par_1_11' title="bbox 259 879 1918 962">
     <span class='ocr_line' id='line_1_12' title="bbox 259 879 1918 962; baseline 0.004 -26"><span class='ocrx_word' id='word_1_68' title='bbox 259 894 374 938; x_wconf 86' lang='lat' dir='ltr'><strong>uas</strong></span> <span class='ocrx_word' id='word_1_69' title='bbox 404 879 722 941; x_wconf 79' lang='lat' dir='ltr'><strong>exsolvam.</strong></span> <span class='ocrx_word' id='word_1_70' title='bbox 783 883 1098 961; x_wconf 84' lang='lat' dir='ltr'><strong>Postquam</strong></span> <span class='ocrx_word' id='word_1_71' title='bbox 1153 900 1292 944; x_wconf 91' lang='lat' dir='ltr'><strong>vero</strong></span> <span class='ocrx_word' id='word_1_72' title='bbox 1324 885 1381 943; x_wconf 91' lang='lat' dir='ltr'><strong>in</strong></span> <span class='ocrx_word' id='word_1_73' title='bbox 1416 903 1651 945; x_wconf 82' lang='lat' dir='ltr'><strong>sacrum</strong></span> <span class='ocrx_word' id='word_1_74' title='bbox 1686 893 1918 962; x_wconf 82' lang='lat' dir='ltr'><strong>septum</strong></span> 
     </span>
    </p>
   </div>
   <div class='ocr_carea' id='block_1_12' title="bbox 245 965 1918 1052">
    <p class='ocr_par' dir='ltr' id='par_1_12' title="bbox 245 965 1918 1052">
     <span class='ocr_line' id='line_1_13' title="bbox 245 965 1918 1052; baseline 0.005 -28"><span class='ocrx_word' id='word_1_75' title='bbox 245 965 379 1044; x_wconf 85' lang='lat' dir='ltr'><strong>jam</strong></span> <span class='ocrx_word' id='word_1_76' title='bbox 413 975 651 1028; x_wconf 84' lang='lat' dir='ltr'><strong>ventum</strong></span> <span class='ocrx_word' id='word_1_77' title='bbox 683 969 814 1029; x_wconf 83' lang='lat' dir='ltr'><strong>fuit.</strong></span> <span class='ocrx_word' id='word_1_78' title='bbox 866 970 921 1030; x_wconf 91' lang='lat' dir='ltr'><strong>in</strong></span> <span class='ocrx_word' id='word_1_79' title='bbox 945 973 1048 1033; x_wconf 83' lang='lat' dir='ltr'><strong>Dei</strong></span> <span class='ocrx_word' id='word_1_80' title='bbox 1073 971 1313 1052; x_wconf 83' lang='lat' dir='ltr'><strong>quidem</strong></span> <span class='ocrx_word' id='word_1_81' title='bbox 1339 973 1496 1034; x_wconf 71' lang='lat' dir='ltr'><strong>aedes</strong></span> <span class='ocrx_word' id='word_1_82' title='bbox 1523 993 1637 1033; x_wconf 89' lang='lat' dir='ltr'><strong>non</strong></span> <span class='ocrx_word' id='word_1_83' title='bbox 1672 981 1796 1035; x_wconf 89' lang='lat' dir='ltr'><strong>erat</strong></span> <span class='ocrx_word' id='word_1_84' title='bbox 1824 973 1918 1032; x_wconf 92' lang='lat' dir='ltr'><strong>in-</strong></span> 
     </span>
    </p>
   </div>
   <div class='ocr_carea' id='block_1_13' title="bbox 253 1059 1914 1134">
    <p class='ocr_par' dir='ltr' id='par_1_13' title="bbox 253 1059 1914 1134">
     <span class='ocr_line' id='line_1_14' title="bbox 253 1059 1914 1134; baseline 0.004 -21"><span class='ocrx_word' id='word_1_85' title='bbox 253 1073 522 1130; x_wconf 73' lang='lat' dir='ltr'><strong>gressus,</strong></span> <span class='ocrx_word' id='word_1_86' title='bbox 585 1075 786 1116; x_wconf 82' lang='lat' dir='ltr'><strong>verum</strong></span> <span class='ocrx_word' id='word_1_87' title='bbox 853 1059 911 1119; x_wconf 92' lang='lat' dir='ltr'><strong>in</strong></span> <span class='ocrx_word' id='word_1_88' title='bbox 944 1060 1287 1122; x_wconf 87' lang='lat' dir='ltr'><strong>salutatoria</strong></span> <span class='ocrx_word' id='word_1_89' title='bbox 1316 1061 1491 1122; x_wconf 77' lang='lat' dir='ltr'><strong>drum</strong></span> <span class='ocrx_word' id='word_1_90' title='bbox 1543 1061 1914 1134; x_wconf 74' lang='lat' dir='ltr'><strong>consederat,</strong></span> 
     </span>
    </p>
   </div>
   <div class='ocr_carea' id='block_1_14' title="bbox 253 1145 1254 1228">
    <p class='ocr_par' dir='ltr' id='par_1_14' title="bbox 253 1145 1254 1228">
     <span class='ocr_line' id='line_1_15' title="bbox 253 1145 1254 1228; baseline 0.009 -27"><span class='ocrx_word' id='word_1_91' title='bbox 253 1145 382 1203; x_wconf 82' lang='lat' dir='ltr'><strong>suis</strong></span> <span class='ocrx_word' id='word_1_92' title='bbox 412 1163 481 1205; x_wconf 88' lang='lat' dir='ltr'><strong>se</strong></span> <span class='ocrx_word' id='word_1_93' title='bbox 511 1146 761 1206; x_wconf 79' lang='lat' dir='ltr'><strong>vinculis</strong></span> <span class='ocrx_word' id='word_1_94' title='bbox 785 1148 928 1207; x_wconf 87' lang='lat' dir='ltr'><strong>solvi</strong></span> <span class='ocrx_word' id='word_1_95' title='bbox 961 1149 1254 1228; x_wconf 80' lang='lat' dir='ltr'><strong>ﬂagitans.</strong></span> 
     </span>
    </p>
   </div>
   <div class='ocr_carea' id='block_1_15' title="bbox 338 1231 1915 1319">
    <p class='ocr_par' dir='ltr' id='par_1_15' title="bbox 338 1231 1915 1319">
     <span class='ocr_line' id='line_1_16' title="bbox 338 1231 1915 1319; baseline 0.004 -25"><span class='ocrx_word' id='word_1_96' title='bbox 338 1231 524 1294; x_wconf 78' lang='lat' dir='ltr'><strong>XXIV</strong></span> <span class='ocrx_word' id='word_1_97' title='bbox 583 1233 687 1295; x_wconf 86' lang='lat' dir='ltr'><strong>Ille</strong></span> <span class='ocrx_word' id='word_1_98' title='bbox 719 1254 856 1297; x_wconf 89' lang='lat' dir='ltr'><strong>vero</strong></span> <span class='ocrx_word' id='word_1_99' title='bbox 889 1239 1257 1316; x_wconf 76' lang='lat' dir='ltr'><strong>tyranuicum</strong></span> <span class='ocrx_word' id='word_1_100' title='bbox 1292 1239 1531 1301; x_wconf 85' lang='lat' dir='ltr'><strong>vocabat</strong></span> <span class='ocrx_word' id='word_1_101' title='bbox 1553 1240 1680 1319; x_wconf 87' lang='lat' dir='ltr'><strong>ejus</strong></span> <span class='ocrx_word' id='word_1_102' title='bbox 1701 1240 1915 1301; x_wconf 86' lang='lat' dir='ltr'><strong>adven-</strong></span> 
     </span>
    </p>
   </div>
   <div class='ocr_carea' id='block_1_16' title="bbox 254 1320 1908 1399">
    <p class='ocr_par' dir='ltr' id='par_1_16' title="bbox 254 1320 1908 1399">
     <span class='ocr_line' id='line_1_17' title="bbox 254 1320 1908 1399; baseline 0.005 -19"><span class='ocrx_word' id='word_1_103' title='bbox 254 1331 408 1399; x_wconf 89' lang='lat' dir='ltr'><strong>tum,</strong></span> <span class='ocrx_word' id='word_1_104' title='bbox 445 1342 516 1380; x_wconf 73' lang='lat' dir='ltr'><strong>ac</strong></span> <span class='ocrx_word' id='word_1_105' title='bbox 547 1320 951 1386; x_wconf 78' lang='lat' dir='ltr'><strong>Theodosium</strong></span> <span class='ocrx_word' id='word_1_106' title='bbox 987 1336 1190 1388; x_wconf 89' lang='lat' dir='ltr'><strong>contra</strong></span> <span class='ocrx_word' id='word_1_107' title='bbox 1206 1327 1390 1388; x_wconf 88' lang='lat' dir='ltr'><strong>Deum</strong></span> <span class='ocrx_word' id='word_1_108' title='bbox 1424 1329 1758 1398; x_wconf 80' lang='lat' dir='ltr'><strong>furore,nec</strong></span> <span class='ocrx_word' id='word_1_109' title='bbox 1793 1348 1908 1389; x_wconf 87' lang='lat' dir='ltr'><strong>non</strong></span> 
     </span>
    </p>
   </div>
   <div class='ocr_carea' id='block_1_17' title="bbox 248 1410 1907 1497">
    <p class='ocr_par' dir='ltr' id='par_1_17' title="bbox 248 1410 1907 1497">
     <span class='ocr_line' id='line_1_18' title="bbox 248 1410 1907 1497; baseline 0.005 -29"><span class='ocrx_word' id='word_1_110' title='bbox 248 1410 449 1488; x_wconf 80' lang='lat' dir='ltr'><strong>ipsius</strong></span> <span class='ocrx_word' id='word_1_111' title='bbox 486 1413 642 1490; x_wconf 79' lang='lat' dir='ltr'><strong>leges</strong></span> <span class='ocrx_word' id='word_1_112' title='bbox 667 1415 896 1475; x_wconf 83' lang='lat' dir='ltr'><strong>calcare</strong></span> <span class='ocrx_word' id='word_1_113' title='bbox 922 1415 1697 1497; x_wconf 74' lang='lat' dir='ltr'><strong>pronuntiabatJmperatur</strong></span> <span class='ocrx_word' id='word_1_114' title='bbox 1714 1428 1907 1476; x_wconf 88' lang='lat' dir='ltr'><strong>autem</strong></span> 
     </span>
    </p>
   </div>
   <div class='ocr_carea' id='block_1_18' title="bbox 245 1500 1908 1584">
    <p class='ocr_par' dir='ltr' id='par_1_18' title="bbox 245 1500 1908 1584">
     <span class='ocr_line' id='line_1_19' title="bbox 245 1500 1908 1584; baseline 0.004 -26"><span class='ocrx_word' id='word_1_115' title='bbox 245 1500 316 1559; x_wconf 84' lang='lat' dir='ltr'><strong>in</strong></span> <span class='ocrx_word' id='word_1_116' title='bbox 352 1501 716 1563; x_wconf 89' lang='lat' dir='ltr'><strong>contritione</strong></span> <span class='ocrx_word' id='word_1_117' title='bbox 773 1505 970 1565; x_wconf 84' lang='lat' dir='ltr'><strong>cordis</strong></span> <span class='ocrx_word' id='word_1_118' title='bbox 1016 1523 1083 1565; x_wconf 81' lang='lat' dir='ltr'><strong>ac</strong></span> <span class='ocrx_word' id='word_1_119' title='bbox 1117 1505 1327 1584; x_wconf 80' lang='lat' dir='ltr'><strong>spiritu</strong></span> <span class='ocrx_word' id='word_1_120' title='bbox 1362 1505 1744 1567; x_wconf 86' lang='lat' dir='ltr'><strong>humilitatis:</strong></span> <span class='ocrx_word' id='word_1_121' title='bbox 1782 1503 1908 1565; x_wconf 88' lang='lat' dir='ltr'><strong>Non</strong></span> 
     </span>
    </p>
   </div>
   <div class='ocr_carea' id='block_1_19' title="bbox 246 1589 1904 1673">
    <p class='ocr_par' dir='ltr' id='par_1_19' title="bbox 246 1589 1904 1673">
     <span class='ocr_line' id='line_1_20' title="bbox 246 1589 1904 1673; baseline 0.004 -25"><span class='ocrx_word' id='word_1_122' title='bbox 246 1589 510 1650; x_wconf 77' lang='lat' dir='ltr'><strong>audacia</strong></span> <span class='ocrx_word' id='word_1_123' title='bbox 543 1591 782 1673; x_wconf 75' lang='lat' dir='ltr'><strong>ell‘eror,</strong></span> <span class='ocrx_word' id='word_1_124' title='bbox 846 1592 1057 1673; x_wconf 88' lang='lat' dir='ltr'><strong>inquit,</strong></span> <span class='ocrx_word' id='word_1_125' title='bbox 1116 1596 1397 1656; x_wconf 83' lang='lat' dir='ltr'><strong>adversus</strong></span> <span class='ocrx_word' id='word_1_126' title='bbox 1452 1595 1632 1670; x_wconf 75' lang='lat' dir='ltr'><strong>leges.</strong></span> <span class='ocrx_word' id='word_1_127' title='bbox 1670 1595 1779 1655; x_wconf 80' lang='lat' dir='ltr'><strong>nec</strong></span> <span class='ocrx_word' id='word_1_128' title='bbox 1812 1614 1904 1655; x_wconf 88' lang='lat' dir='ltr'><strong>sa-</strong></span> 
     </span>
    </p>
   </div>
   <div class='ocr_carea' id='block_1_20' title="bbox 247 1679 1969 1772">
    <p class='ocr_par' dir='ltr' id='par_1_20' title="bbox 247 1679 1969 1772">
     <span class='ocr_line' id='line_1_21' title="bbox 247 1679 1969 1772; baseline 0.004 -35"><span class='ocrx_word' id='word_1_129' title='bbox 247 1697 423 1738; x_wconf 86' lang='lat' dir='ltr'><strong>crum</strong></span> <span class='ocrx_word' id='word_1_130' title='bbox 450 1679 630 1740; x_wconf 79' lang='lat' dir='ltr'><strong>limen</strong></span> <span class='ocrx_word' id='word_1_131' title='bbox 654 1683 974 1762; x_wconf 83' lang='lat' dir='ltr'><strong>contrajus</strong></span> <span class='ocrx_word' id='word_1_132' title='bbox 1007 1693 1064 1742; x_wconf 76' lang='lat' dir='ltr'><strong>et</strong></span> <span class='ocrx_word' id='word_1_133' title='bbox 1093 1683 1181 1744; x_wconf 84' lang='lat' dir='ltr'><strong>fas</strong></span> <span class='ocrx_word' id='word_1_134' title='bbox 1212 1693 1405 1746; x_wconf 91' lang='lat' dir='ltr'><strong>terere</strong></span> <span class='ocrx_word' id='word_1_135' title='bbox 1435 1683 1776 1763; x_wconf 76' lang='lat' dir='ltr'><strong>aggredior:</strong></span> <span class='ocrx_word' id='word_1_136' title='bbox 1803 1683 1906 1744; x_wconf 90' lang='lat' dir='ltr'><strong>sed</strong></span> <span class='ocrx_word' id='word_1_137' title='bbox 1935 1724 1969 1772; x_wconf 76' lang='grc' dir='ltr'><strong>Β</strong></span> 
     </span>
    </p>
   </div>
   <div class='ocr_carea' id='block_1_21' title="bbox 247 1767 1903 1852">
    <p class='ocr_par' dir='ltr' id='par_1_21' title="bbox 247 1767 1903 1852">
     <span class='ocr_line' id='line_1_22' title="bbox 247 1767 1903 1852; baseline 0.004 -26"><span class='ocrx_word' id='word_1_138' title='bbox 247 1767 510 1829; x_wconf 83' lang='lat' dir='ltr'><strong>obsecro</strong></span> <span class='ocrx_word' id='word_1_139' title='bbox 545 1777 693 1846; x_wconf 76' lang='lat' dir='ltr'><strong>te,ut</strong></span> <span class='ocrx_word' id='word_1_140' title='bbox 716 1789 811 1832; x_wconf 90' lang='lat' dir='ltr'><strong>me</strong></span> <span class='ocrx_word' id='word_1_141' title='bbox 837 1771 1200 1832; x_wconf 85' lang='lat' dir='ltr'><strong>vinculorum</strong></span> <span class='ocrx_word' id='word_1_142' title='bbox 1230 1792 1380 1834; x_wconf 86' lang='lat' dir='ltr'><strong>nexu</strong></span> <span class='ocrx_word' id='word_1_143' title='bbox 1415 1774 1655 1852; x_wconf 75' lang='lat' dir='ltr'><strong>liberes,</strong></span> <span class='ocrx_word' id='word_1_144' title='bbox 1693 1785 1747 1833; x_wconf 91' lang='lat' dir='ltr'><strong>et</strong></span> <span class='ocrx_word' id='word_1_145' title='bbox 1779 1773 1903 1834; x_wconf 89' lang='lat' dir='ltr'><strong>cle-</strong></span> 
     </span>
    </p>
   </div>
   <div class='ocr_carea' id='block_1_22' title="bbox 247 1857 1903 1941">
    <p class='ocr_par' dir='ltr' id='par_1_22' title="bbox 247 1857 1903 1941">
     <span class='ocr_line' id='line_1_23' title="bbox 247 1857 1903 1941; baseline 0.005 -26"><span class='ocrx_word' id='word_1_146' title='bbox 247 1857 484 1917; x_wconf 77' lang='lat' dir='ltr'><strong>mentia</strong></span> <span class='ocrx_word' id='word_1_147' title='bbox 530 1861 861 1920; x_wconf 87' lang='lat' dir='ltr'><strong>communis</strong></span> <span class='ocrx_word' id='word_1_148' title='bbox 905 1861 1139 1922; x_wconf 87' lang='lat' dir='ltr'><strong>Domini</strong></span> <span class='ocrx_word' id='word_1_149' title='bbox 1192 1861 1267 1923; x_wconf 91' lang='lat' dir='ltr'><strong>ob</strong></span> <span class='ocrx_word' id='word_1_150' title='bbox 1327 1871 1527 1925; x_wconf 77' lang='lat' dir='ltr'><strong>ocu’os</strong></span> <span class='ocrx_word' id='word_1_151' title='bbox 1561 1863 1662 1923; x_wconf 91' lang='lat' dir='ltr'><strong>tibi</strong></span> <span class='ocrx_word' id='word_1_152' title='bbox 1697 1863 1903 1941; x_wconf 89' lang='lat' dir='ltr'><strong>posita,</strong></span> 
     </span>
    </p>
   </div>
   <div class='ocr_carea' id='block_1_23' title="bbox 246 1947 1908 2032">
    <p class='ocr_par' dir='ltr' id='par_1_23' title="bbox 246 1947 1908 2032">
     <span class='ocr_line' id='line_1_24' title="bbox 246 1947 1908 2032; baseline 0.005 -29"><span class='ocrx_word' id='word_1_153' title='bbox 246 1947 402 2006; x_wconf 84' lang='lat' dir='ltr'><strong>mihi</strong></span> <span class='ocrx_word' id='word_1_154' title='bbox 437 1967 554 2006; x_wconf 87' lang='lat' dir='ltr'><strong>non</strong></span> <span class='ocrx_word' id='word_1_155' title='bbox 595 1948 919 2027; x_wconf 66' lang='lat' dir='ltr'><strong>praecludas</strong></span> <span class='ocrx_word' id='word_1_156' title='bbox 949 1949 1108 2010; x_wconf 86' lang='lat' dir='ltr'><strong>illam</strong></span> <span class='ocrx_word' id='word_1_157' title='bbox 1133 1950 1592 2032; x_wconf 88' lang='lat' dir='ltr'><strong>januam,quam</strong></span> <span class='ocrx_word' id='word_1_158' title='bbox 1624 1952 1908 2012; x_wconf 86' lang='lat' dir='ltr'><strong>Dominus</strong></span> 
     </span>
    </p>
   </div>
   <div class='ocr_carea' id='block_1_24' title="bbox 248 2037 1900 2119">
    <p class='ocr_par' dir='ltr' id='par_1_24' title="bbox 248 2037 1900 2119">
     <span class='ocr_line' id='line_1_25' title="bbox 248 2037 1900 2119; baseline 0.003 -24"><span class='ocrx_word' id='word_1_159' title='bbox 248 2037 386 2115; x_wconf 89' lang='lat' dir='ltr'><strong>ipse</strong></span> <span class='ocrx_word' id='word_1_160' title='bbox 418 2039 652 2097; x_wconf 82' lang='lat' dir='ltr'><strong>cunctis</strong></span> <span class='ocrx_word' id='word_1_161' title='bbox 683 2039 914 2117; x_wconf 89' lang='lat' dir='ltr'><strong>aperuit</strong></span> <span class='ocrx_word' id='word_1_162' title='bbox 965 2039 1404 2119; x_wconf 64' lang='lat' dir='ltr'><strong>paenitentibus.</strong></span> <span class='ocrx_word' id='word_1_163' title='bbox 1469 2039 1710 2112; x_wconf 82' lang='lat' dir='ltr'><strong>Qualem</strong></span> <span class='ocrx_word' id='word_1_164' title='bbox 1739 2059 1900 2118; x_wconf 83' lang='lat' dir='ltr'><strong>ergo.</strong></span> 
     </span>
    </p>
   </div>
   <div class='ocr_carea' id='block_1_25' title="bbox 250 2125 1898 2207">
    <p class='ocr_par' dir='ltr' id='par_1_25' title="bbox 250 2125 1898 2207">
     <span class='ocr_line' id='line_1_26' title="bbox 250 2125 1898 2207; baseline 0.003 -21"><span class='ocrx_word' id='word_1_165' title='bbox 250 2125 579 2206; x_wconf 74' lang='lat' dir='ltr'><strong>episcopus</strong></span> <span class='ocrx_word' id='word_1_166' title='bbox 630 2127 730 2197; x_wconf 85' lang='lat' dir='ltr'><strong>ait,</strong></span> <span class='ocrx_word' id='word_1_167' title='bbox 791 2129 1198 2207; x_wconf 67' lang='lat' dir='ltr'><strong>paenitentiam</strong></span> <span class='ocrx_word' id='word_1_168' title='bbox 1260 2131 1574 2192; x_wconf 76' lang='lat' dir='ltr'><strong>ostendisti</strong></span> <span class='ocrx_word' id='word_1_169' title='bbox 1608 2141 1735 2202; x_wconf 85' lang='lat' dir='ltr'><strong>post</strong></span> <span class='ocrx_word' id='word_1_170' title='bbox 1770 2141 1898 2191; x_wconf 82' lang='lat' dir='ltr'><strong>tan-</strong></span> 
     </span>
    </p>
   </div>
   <div class='ocr_carea' id='block_1_26' title="bbox 253 2217 1904 2296">
    <p class='ocr_par' dir='ltr' id='par_1_26' title="bbox 253 2217 1904 2296">
     <span class='ocr_line' id='line_1_27' title="bbox 253 2217 1904 2296; baseline 0.005 -23"><span class='ocrx_word' id='word_1_171' title='bbox 253 2228 382 2274; x_wconf 86' lang='lat' dir='ltr'><strong>tum</strong></span> <span class='ocrx_word' id='word_1_172' title='bbox 407 2217 646 2278; x_wconf 78' lang='lat' dir='ltr'><strong>scelus?</strong></span> <span class='ocrx_word' id='word_1_173' title='bbox 702 2217 989 2296; x_wconf 87' lang='lat' dir='ltr'><strong>quibusve</strong></span> <span class='ocrx_word' id='word_1_174' title='bbox 1037 2218 1494 2281; x_wconf 85' lang='lat' dir='ltr'><strong>medicamentis</strong></span> <span class='ocrx_word' id='word_1_175' title='bbox 1525 2220 1763 2281; x_wconf 85' lang='lat' dir='ltr'><strong>vulnera</strong></span> <span class='ocrx_word' id='word_1_176' title='bbox 1796 2221 1904 2281; x_wconf 87' lang='lat' dir='ltr'><strong>ista</strong></span> 
     </span>
    </p>
   </div>
   <div class='ocr_carea' id='block_1_27' title="bbox 251 2303 1903 2371">
    <p class='ocr_par' dir='ltr' id='par_1_27' title="bbox 251 2303 1903 2371">
     <span class='ocr_line' id='line_1_28' title="bbox 251 2303 1903 2371; baseline 0.003 -7"><span class='ocrx_word' id='word_1_177' title='bbox 251 2303 326 2364; x_wconf 82' lang='lat' dir='ltr'><strong>ad</strong></span> <span class='ocrx_word' id='word_1_178' title='bbox 374 2305 710 2367; x_wconf 80' lang='lat' dir='ltr'><strong>sanandum</strong></span> <span class='ocrx_word' id='word_1_179' title='bbox 767 2306 1118 2370; x_wconf 80' lang='lat' dir='ltr'><strong>difﬁcillima</strong></span> <span class='ocrx_word' id='word_1_180' title='bbox 1175 2309 1334 2369; x_wconf 84' lang='lat' dir='ltr'><strong>coire</strong></span> <span class='ocrx_word' id='word_1_181' title='bbox 1392 2309 1628 2370; x_wconf 59' lang='lat' dir='ltr'><strong>feilsti‘?</strong></span> <span class='ocrx_word' id='word_1_182' title='bbox 1657 2310 1742 2371; x_wconf 84' lang='lat' dir='ltr'><strong>Ad</strong></span> <span class='ocrx_word' id='word_1_183' title='bbox 1779 2310 1903 2370; x_wconf 63' lang='lat' dir='ltr'><strong>hinc</strong></span> 
     </span>
    </p>
   </div>
   <div class='ocr_carea' id='block_1_28' title="bbox 249 2393 1900 2478">
    <p class='ocr_par' dir='ltr' id='par_1_28' title="bbox 249 2393 1900 2478">
     <span class='ocr_line' id='line_1_29' title="bbox 249 2393 1900 2478; baseline 0.004 -26"><span class='ocrx_word' id='word_1_184' title='bbox 249 2393 663 2472; x_wconf 83' lang='lat' dir='ltr'><strong>imperatorin</strong></span> <span class='ocrx_word' id='word_1_185' title='bbox 697 2397 946 2456; x_wconf 89' lang='lat' dir='ltr'><strong>contrito</strong></span> <span class='ocrx_word' id='word_1_186' title='bbox 969 2397 1178 2478; x_wconf 80' lang='lat' dir='ltr'><strong>Spiritu</strong></span> <span class='ocrx_word' id='word_1_187' title='bbox 1209 2417 1414 2458; x_wconf 89' lang='lat' dir='ltr'><strong>rursus</strong></span> <span class='ocrx_word' id='word_1_188' title='bbox 1436 2399 1635 2460; x_wconf 90' lang='lat' dir='ltr'><strong>retulit</strong></span> <span class='ocrx_word' id='word_1_189' title='bbox 1664 2420 1676 2460; x_wconf 91' lang='lat'><strong>:</strong></span> <span class='ocrx_word' id='word_1_190' title='bbox 1712 2397 1900 2460; x_wconf 90' lang='lat' dir='ltr'><strong>Tuum</strong></span> 
     </span>
    </p>
   </div>
   <div class='ocr_carea' id='block_1_29' title="bbox 253 2484 1902 2566">
    <p class='ocr_par' dir='ltr' id='par_1_29' title="bbox 253 2484 1902 2566">
     <span class='ocr_line' id='line_1_30' title="bbox 253 2484 1902 2566; baseline 0.004 -25"><span class='ocrx_word' id='word_1_191' title='bbox 253 2491 348 2542; x_wconf 90' lang='lat' dir='ltr'><strong>est</strong></span> <span class='ocrx_word' id='word_1_192' title='bbox 376 2484 619 2544; x_wconf 85' lang='lat' dir='ltr'><strong>omnino</strong></span> <span class='ocrx_word' id='word_1_193' title='bbox 654 2493 710 2545; x_wconf 90' lang='lat' dir='ltr'><strong>et</strong></span> <span class='ocrx_word' id='word_1_194' title='bbox 741 2487 1089 2566; x_wconf 80' lang='lat' dir='ltr'><strong>praecipere,</strong></span> <span class='ocrx_word' id='word_1_195' title='bbox 1122 2497 1177 2547; x_wconf 91' lang='lat' dir='ltr'><strong>et</strong></span> <span class='ocrx_word' id='word_1_196' title='bbox 1221 2488 1610 2548; x_wconf 74' lang='lat' dir='ltr'><strong>commiscere</strong></span> <span class='ocrx_word' id='word_1_197' title='bbox 1638 2489 1902 2548; x_wconf 90' lang='lat' dir='ltr'><strong>medica-</strong></span> 
     </span>
    </p>
   </div>
   <div class='ocr_carea' id='block_1_30' title="bbox 253 2572 1902 2656">
    <p class='ocr_par' dir='ltr' id='par_1_30' title="bbox 253 2572 1902 2656">
     <span class='ocr_line' id='line_1_31' title="bbox 253 2572 1902 2656; baseline 0.004 -26"><span class='ocrx_word' id='word_1_198' title='bbox 253 2576 437 2633; x_wconf 83' lang='lat' dir='ltr'><strong>mina.</strong></span> <span class='ocrx_word' id='word_1_199' title='bbox 505 2572 652 2634; x_wconf 80' lang='lat' dir='ltr'><strong>Tum</strong></span> <span class='ocrx_word' id='word_1_200' title='bbox 701 2593 835 2635; x_wconf 88' lang='lat' dir='ltr'><strong>vero</strong></span> <span class='ocrx_word' id='word_1_201' title='bbox 885 2576 1052 2636; x_wconf 90' lang='lat' dir='ltr'><strong>divus</strong></span> <span class='ocrx_word' id='word_1_202' title='bbox 1084 2575 1433 2636; x_wconf 78' lang='lat' dir='ltr'><strong>Ambrosius</strong></span> <span class='ocrx_word' id='word_1_203' title='bbox 1471 2596 1483 2638; x_wconf 92' lang='lat'>:</span> <span class='ocrx_word' id='word_1_204' title='bbox 1520 2576 1902 2656; x_wconf 88' lang='lat' dir='ltr'><strong>Quandoqui-</strong></span> 
     </span>
    </p>
   </div>
   <div class='ocr_carea' id='block_1_31' title="bbox 249 2660 1905 2746">
    <p class='ocr_par' dir='ltr' id='par_1_31' title="bbox 249 2660 1905 2746">
     <span class='ocr_line' id='line_1_32' title="bbox 249 2660 1905 2746; baseline 0.004 -28"><span class='ocrx_word' id='word_1_205' title='bbox 249 2660 415 2733; x_wconf 89' lang='lat' dir='ltr'><strong>dem,</strong></span> <span class='ocrx_word' id='word_1_206' title='bbox 481 2660 692 2742; x_wconf 86' lang='lat' dir='ltr'><strong>inquit,</strong></span> <span class='ocrx_word' id='word_1_207' title='bbox 727 2662 830 2723; x_wconf 67' lang='lat' dir='ltr'><strong>ira)</strong></span> <span class='ocrx_word' id='word_1_208' title='bbox 876 2666 1130 2744; x_wconf 72' lang='lat' dir='ltr'><strong>propriae</strong></span> <span class='ocrx_word' id='word_1_209' title='bbox 1182 2665 1472 2744; x_wconf 84' lang='lat' dir='ltr'><strong>permittis</strong></span> <span class='ocrx_word' id='word_1_210' title='bbox 1495 2665 1812 2746; x_wconf 81' lang='lat' dir='ltr'><strong>judicium,</strong></span> <span class='ocrx_word' id='word_1_211' title='bbox 1848 2672 1905 2725; x_wconf 89' lang='lat' dir='ltr'><strong>et</strong></span> 
     </span>
    </p>
   </div>
   <div class='ocr_carea' id='block_1_32' title="bbox 249 2751 1900 2832">
    <p class='ocr_par' dir='ltr' id='par_1_32' title="bbox 249 2751 1900 2832">
     <span class='ocr_line' id='line_1_33' title="bbox 249 2751 1900 2832; baseline 0.003 -23"><span class='ocrx_word' id='word_1_212' title='bbox 249 2769 370 2809; x_wconf 89' lang='lat' dir='ltr'><strong>non</strong></span> <span class='ocrx_word' id='word_1_213' title='bbox 394 2751 573 2828; x_wconf 85' lang='lat' dir='ltr'><strong>ratio,</strong></span> <span class='ocrx_word' id='word_1_214' title='bbox 602 2754 702 2812; x_wconf 90' lang='lat' dir='ltr'><strong>sed</strong></span> <span class='ocrx_word' id='word_1_215' title='bbox 735 2753 918 2813; x_wconf 88' lang='lat' dir='ltr'><strong>animi</strong></span> <span class='ocrx_word' id='word_1_216' title='bbox 945 2762 1121 2814; x_wconf 69' lang='lat' dir='ltr'><strong>azstus</strong></span> <span class='ocrx_word' id='word_1_217' title='bbox 1151 2756 1503 2815; x_wconf 86' lang='lat' dir='ltr'><strong>sententiam</strong></span> <span class='ocrx_word' id='word_1_218' title='bbox 1526 2755 1674 2816; x_wconf 85' lang='lat' dir='ltr'><strong>l&#39;ert:</strong></span> <span class='ocrx_word' id='word_1_219' title='bbox 1710 2755 1900 2832; x_wconf 83' lang='lat' dir='ltr'><strong>legem</strong></span> 
     </span>
    </p>
   </div>
   <div class='ocr_carea' id='block_1_33' title="bbox 248 2839 1904 2924">
    <p class='ocr_par' dir='ltr' id='par_1_33' title="bbox 248 2839 1904 2924">
     <span class='ocr_line' id='line_1_34' title="bbox 248 2839 1904 2924; baseline 0.003 -25"><span class='ocrx_word' id='word_1_220' title='bbox 248 2839 600 2918; x_wconf 87' lang='lat' dir='ltr'><strong>hujusmodi</strong></span> <span class='ocrx_word' id='word_1_221' title='bbox 631 2841 801 2902; x_wconf 85' lang='lat' dir='ltr'><strong>velim</strong></span> <span class='ocrx_word' id='word_1_222' title='bbox 839 2842 1092 2916; x_wconf 78' lang='lat' dir='ltr'><strong>saucias,</strong></span> <span class='ocrx_word' id='word_1_223' title='bbox 1152 2861 1283 2922; x_wconf 64' lang='lat' dir='ltr'><strong>qua;</strong></span> <span class='ocrx_word' id='word_1_224' title='bbox 1324 2844 1627 2905; x_wconf 88' lang='lat' dir='ltr'><strong>decretum</strong></span> <span class='ocrx_word' id='word_1_225' title='bbox 1660 2844 1904 2924; x_wconf 88' lang='lat' dir='ltr'><strong>quodvis</strong></span> 
     </span>
    </p>
   </div>
   <div class='ocr_carea' id='block_1_34' title="bbox 2009 617 3658 700">
    <p class='ocr_par' dir='ltr' id='par_1_34' title="bbox 2009 617 3658 700">
     <span class='ocr_line' id='line_1_35' title="bbox 2009 617 3658 700; baseline 0.007 -32"><span class='ocrx_word' id='word_1_226' title='bbox 2009 635 2142 689; x_wconf 86' lang='grc' dir='ltr'>μην,</span> <span class='ocrx_word' id='word_1_227' title='bbox 2187 618 2275 674; x_wconf 85' lang='grc' dir='ltr'><strong>καί</strong></span> <span class='ocrx_word' id='word_1_228' title='bbox 2319 617 2496 693; x_wconf 83' lang='grc' dir='ltr'>μένειν</span> <span class='ocrx_word' id='word_1_229' title='bbox 2540 617 2674 675; x_wconf 77' lang='grc' dir='ltr'>εἵσῶ</span> <span class='ocrx_word' id='word_1_230' title='bbox 2717 623 2821 677; x_wconf 83' lang='grc' dir='ltr'><strong>τῶν</strong></span> <span class='ocrx_word' id='word_1_231' title='bbox 2893 619 3172 697; x_wconf 84' lang='grc' dir='ltr'>βασιλείων</span> <span class='ocrx_word' id='word_1_232' title='bbox 3218 617 3535 700; x_wconf 75' lang='grc' dir='ltr'>παρῄνεσεν,</span> <span class='ocrx_word' id='word_1_233' title='bbox 3601 617 3658 680; x_wconf 61' lang='grc' dir='ltr'><strong>ιΟ</strong></span> 
     </span>
    </p>
   </div>
   <div class='ocr_carea' id='block_1_35' title="bbox 2008 701 3656 792">
    <p class='ocr_par' dir='ltr' id='par_1_35' title="bbox 2008 701 3656 792">
     <span class='ocr_line' id='line_1_36' title="bbox 2008 701 3656 792; baseline 0.008 -34"><span class='ocrx_word' id='word_1_234' title='bbox 2008 701 2056 758; x_wconf 72' lang='grc' dir='ltr'>δὲ</span> <span class='ocrx_word' id='word_1_235' title='bbox 2119 705 2364 792; x_wconf 66' lang='grc' dir='ltr'>βασιλεὺς</span> <span class='ocrx_word' id='word_1_236' title='bbox 2422 707 2524 775; x_wconf 75' lang='grc' dir='ltr'>ἤδη</span> <span class='ocrx_word' id='word_1_237' title='bbox 2569 709 2704 766; x_wconf 78' lang='grc' dir='ltr'>κατὰ</span> <span class='ocrx_word' id='word_1_238' title='bbox 2747 710 2917 784; x_wconf 80' lang='grc' dir='ltr'><strong>μέσην</strong></span> <span class='ocrx_word' id='word_1_239' title='bbox 2975 711 3070 778; x_wconf 75' lang='grc' dir='ltr'><strong>τὴν</strong></span> <span class='ocrx_word' id='word_1_240' title='bbox 3113 710 3310 792; x_wconf 70' lang='grc' dir='ltr'>ἀγορὰν</span> <span class='ocrx_word' id='word_1_241' title='bbox 3339 719 3502 770; x_wconf 79' lang='grc' dir='ltr'>ταῦτα</span> <span class='ocrx_word' id='word_1_242' title='bbox 3545 735 3656 789; x_wconf 82' lang='grc' dir='ltr'>μα·-</span> 
     </span>
    </p>
   </div>
   <div class='ocr_carea' id='block_1_36' title="bbox 2006 783 3655 881">
    <p class='ocr_par' dir='ltr' id='par_1_36' title="bbox 2006 783 3655 881">
     <span class='ocr_line' id='line_1_37' title="bbox 2006 783 3655 881; baseline 0.007 -34"><span class='ocrx_word' id='word_1_243' title='bbox 2006 794 2134 873; x_wconf 87' lang='grc' dir='ltr'>θὼν,</span> <span class='ocrx_word' id='word_1_244' title='bbox 2185 783 2440 870; x_wconf 74' lang='grc' dir='ltr'>”Απειμι,</span> <span class='ocrx_word' id='word_1_245' title='bbox 2489 795 2614 877; x_wconf 75' lang='grc' dir='ltr'>ἔφη,</span> <span class='ocrx_word' id='word_1_246' title='bbox 2674 799 2762 854; x_wconf 87' lang='grc' dir='ltr'><strong>καὶ</strong></span> <span class='ocrx_word' id='word_1_247' title='bbox 2816 799 2910 864; x_wconf 74' lang='grc' dir='ltr'><strong>τὰς</strong></span> <span class='ocrx_word' id='word_1_248' title='bbox 2965 795 3163 864; x_wconf 85' lang='grc' dir='ltr'>δικαίας</span> <span class='ocrx_word' id='word_1_249' title='bbox 3216 798 3428 876; x_wconf 76' lang='grc' dir='ltr'>δέξομαι</span> <span class='ocrx_word' id='word_1_250' title='bbox 3461 823 3655 881; x_wconf 82' lang='grc' dir='ltr'>παροι-</span> 
     </span>
    </p>
   </div>
   <div class='ocr_carea' id='block_1_37' title="bbox 2005 881 3653 968">
    <p class='ocr_par' dir='ltr' id='par_1_37' title="bbox 2005 881 3653 968">
     <span class='ocr_line' id='line_1_38' title="bbox 2005 881 3653 968; baseline 0.006 -31"><span class='ocrx_word' id='word_1_251' title='bbox 2005 882 2137 947; x_wconf 83' lang='grc' dir='ltr'>νίας,</span> <span class='ocrx_word' id='word_1_252' title='bbox 2187 881 2406 951; x_wconf 83' lang='grc' dir='ltr'>Ἐπειδή</span> <span class='ocrx_word' id='word_1_253' title='bbox 2449 883 2503 940; x_wconf 77' lang='grc' dir='ltr'>δὲ</span> <span class='ocrx_word' id='word_1_254' title='bbox 2567 887 2688 950; x_wconf 80' lang='grc' dir='ltr'>τοὺς</span> <span class='ocrx_word' id='word_1_255' title='bbox 2745 888 2913 966; x_wconf 78' lang='grc' dir='ltr'>ἱεροὺς</span> <span class='ocrx_word' id='word_1_256' title='bbox 2971 885 3282 956; x_wconf 79' lang='grc' dir='ltr'>περιϐολους</span> <span class='ocrx_word' id='word_1_257' title='bbox 3341 887 3653 968; x_wconf 65' lang='grc' dir='ltr'>κατέλαϐεν,</span> 
     </span>
    </p>
   </div>
   <div class='ocr_carea' id='block_1_38' title="bbox 2005 970 3655 1056">
    <p class='ocr_par' dir='ltr' id='par_1_38' title="bbox 2005 970 3655 1056">
     <span class='ocr_line' id='line_1_39' title="bbox 2005 970 3655 1056; baseline 0.007 -31"><span class='ocrx_word' id='word_1_258' title='bbox 2005 970 2078 1034; x_wconf 87' lang='grc' dir='ltr'><strong>εἰς</strong></span> <span class='ocrx_word' id='word_1_259' title='bbox 2123 972 2221 1046; x_wconf 77' lang='grc' dir='ltr'>μὲν</span> <span class='ocrx_word' id='word_1_260' title='bbox 2279 974 2372 1029; x_wconf 80' lang='grc' dir='ltr'><strong>τὸν</strong></span> <span class='ocrx_word' id='word_1_261' title='bbox 2424 977 2570 1031; x_wconf 81' lang='grc' dir='ltr'>θεῖον</span> <span class='ocrx_word' id='word_1_262' title='bbox 2628 975 2722 1032; x_wconf 69' lang='grc' dir='ltr'><strong>οὒκ</strong></span> <span class='ocrx_word' id='word_1_263' title='bbox 2770 973 3090 1042; x_wconf 74' lang='grc' dir='ltr'><strong>εἰσεληλύθει</strong></span> <span class='ocrx_word' id='word_1_264' title='bbox 3157 978 3286 1033; x_wconf 88' lang='grc' dir='ltr'>νεών</span> <span class='ocrx_word' id='word_1_265' title='bbox 3322 994 3335 1008; x_wconf 90' lang='grc'><strong>·</strong></span> <span class='ocrx_word' id='word_1_266' title='bbox 3383 981 3438 1035; x_wconf 61' lang='grc' dir='ltr'>ἓν</span> <span class='ocrx_word' id='word_1_267' title='bbox 3481 977 3534 1035; x_wconf 69' lang='grc' dir='ltr'>δὲ</span> <span class='ocrx_word' id='word_1_268' title='bbox 3578 987 3655 1056; x_wconf 84' lang='grc' dir='ltr'>τῷ</span> 
     </span>
    </p>
   </div>
   <div class='ocr_carea' id='block_1_39' title="bbox 2001 1059 3653 1145">
    <p class='ocr_par' dir='ltr' id='par_1_39' title="bbox 2001 1059 3653 1145">
     <span class='ocr_line' id='line_1_40' title="bbox 2001 1059 3653 1145; baseline 0.005 -29"><span class='ocrx_word' id='word_1_269' title='bbox 2001 1059 2318 1136; x_wconf 82' lang='grc' dir='ltr'>ἆσπαστικῷ</span> <span class='ocrx_word' id='word_1_270' title='bbox 2374 1063 2511 1137; x_wconf 72' lang='grc' dir='ltr'>οῗκῳ</span> <span class='ocrx_word' id='word_1_271' title='bbox 2593 1067 2855 1139; x_wconf 75' lang='grc' dir='ltr'>καθῆστο,</span> <span class='ocrx_word' id='word_1_272' title='bbox 2925 1063 3226 1142; x_wconf 77' lang='grc' dir='ltr'>ἐκλιπαρῶν</span> <span class='ocrx_word' id='word_1_273' title='bbox 3281 1073 3388 1124; x_wconf 84' lang='grc' dir='ltr'><strong>τῶν</strong></span> <span class='ocrx_word' id='word_1_274' title='bbox 3444 1066 3653 1145; x_wconf 79' lang='grc' dir='ltr'><strong>δεσμῶν</strong></span> 
     </span>
    </p>
   </div>
   <div class='ocr_carea' id='block_1_40' title="bbox 1999 1147 2350 1219">
    <p class='ocr_par' dir='ltr' id='par_1_40' title="bbox 1999 1147 2350 1219">
     <span class='ocr_line' id='line_1_41' title="bbox 1999 1147 2350 1219; baseline 0.009 -16"><span class='ocrx_word' id='word_1_275' title='bbox 1999 1147 2324 1219; x_wconf 76' lang='grc' dir='ltr'>ἀπολυθῆναι</span> <span class='ocrx_word' id='word_1_276' title='bbox 2336 1199 2350 1213; x_wconf 92' lang='grc'><strong>,</strong></span> 
     </span>
    </p>
   </div>
   <div class='ocr_carea' id='block_1_41' title="bbox 2079 1229 3651 1325">
    <p class='ocr_par' dir='ltr' id='par_1_41' title="bbox 2079 1229 3651 1325">
     <span class='ocr_line' id='line_1_42' title="bbox 2079 1229 3651 1325; baseline 0.006 -29"><span class='ocrx_word' id='word_1_277' title='bbox 2079 1229 2211 1300; x_wconf 74' lang='grc' dir='ltr'><strong>ΚΔ’.</strong></span> <span class='ocrx_word' id='word_1_278' title='bbox 2250 1231 2308 1296; x_wconf 68' lang='grc' dir='ltr'>Ὀ</span> <span class='ocrx_word' id='word_1_279' title='bbox 2351 1238 2406 1296; x_wconf 78' lang='grc' dir='ltr'>δὲ</span> <span class='ocrx_word' id='word_1_280' title='bbox 2463 1242 2778 1319; x_wconf 70' lang='grc' dir='ltr'>τυραννικὴν</span> <span class='ocrx_word' id='word_1_281' title='bbox 2836 1241 3014 1299; x_wconf 80' lang='grc' dir='ltr'><strong>ἐκάλει</strong></span> <span class='ocrx_word' id='word_1_282' title='bbox 3058 1250 3158 1311; x_wconf 87' lang='grc' dir='ltr'>τὴν</span> <span class='ocrx_word' id='word_1_283' title='bbox 3207 1245 3516 1325; x_wconf 77' lang='grc' dir='ltr'><strong>παρουσίαν,</strong></span> <span class='ocrx_word' id='word_1_284' title='bbox 3562 1251 3651 1304; x_wconf 85' lang='grc' dir='ltr'><strong>καὶ</strong></span> 
     </span>
    </p>
   </div>
   <div class='ocr_carea' id='block_1_42' title="bbox 1995 1327 3650 1412">
    <p class='ocr_par' dir='ltr' id='par_1_42' title="bbox 1995 1327 3650 1412">
     <span class='ocr_line' id='line_1_43' title="bbox 1995 1327 3650 1412; baseline 0.006 -31"><span class='ocrx_word' id='word_1_285' title='bbox 1995 1327 2129 1382; x_wconf 78' lang='grc' dir='ltr'>κατὰ</span> <span class='ocrx_word' id='word_1_286' title='bbox 2189 1335 2324 1388; x_wconf 78' lang='grc' dir='ltr'>Θεοῦ</span> <span class='ocrx_word' id='word_1_287' title='bbox 2367 1331 2661 1404; x_wconf 84' lang='grc' dir='ltr'>μεμηνέναι</span> <span class='ocrx_word' id='word_1_288' title='bbox 2703 1332 2793 1386; x_wconf 71' lang='grc' dir='ltr'>τὸν</span> <span class='ocrx_word' id='word_1_289' title='bbox 2840 1329 3113 1388; x_wconf 76' lang='grc' dir='ltr'><strong>Θεοδόσιον</strong></span> <span class='ocrx_word' id='word_1_290' title='bbox 3174 1331 3352 1412; x_wconf 79' lang='grc' dir='ltr'>ἔλεγε,</span> <span class='ocrx_word' id='word_1_291' title='bbox 3383 1336 3469 1390; x_wconf 84' lang='grc' dir='ltr'>καὶ</span> <span class='ocrx_word' id='word_1_292' title='bbox 3526 1337 3650 1398; x_wconf 78' lang='grc' dir='ltr'>τοὺς</span> 
     </span>
    </p>
   </div>
   <div class='ocr_carea' id='block_1_43' title="bbox 1993 1411 3642 1502">
    <p class='ocr_par' dir='ltr' id='par_1_43' title="bbox 1993 1411 3642 1502">
     <span class='ocr_line' id='line_1_44' title="bbox 1993 1411 3642 1502; baseline 0.006 -33"><span class='ocrx_word' id='word_1_293' title='bbox 1993 1413 2191 1471; x_wconf 78' lang='grc' dir='ltr'>ἐκείνου</span> <span class='ocrx_word' id='word_1_294' title='bbox 2237 1417 2428 1491; x_wconf 81' lang='grc' dir='ltr'>νόμους</span> <span class='ocrx_word' id='word_1_295' title='bbox 2487 1433 2702 1482; x_wconf 73' lang='grc' dir='ltr'>πατεῖν,</span> <span class='ocrx_word' id='word_1_296' title='bbox 2775 1411 2830 1477; x_wconf 67' lang='grc' dir='ltr'><strong>Ὀ</strong></span> <span class='ocrx_word' id='word_1_297' title='bbox 2863 1417 2918 1475; x_wconf 75' lang='grc' dir='ltr'>δὲ</span> <span class='ocrx_word' id='word_1_298' title='bbox 2978 1419 3224 1495; x_wconf 81' lang='grc' dir='ltr'>βασιλεὺς</span> <span class='ocrx_word' id='word_1_299' title='bbox 3283 1411 3345 1477; x_wconf 65' lang='grc' dir='ltr'>ἐν</span> <span class='ocrx_word' id='word_1_300' title='bbox 3395 1421 3642 1502; x_wconf 73' lang='grc' dir='ltr'>συντριϐῇ</span> 
     </span>
    </p>
   </div>
   <div class='ocr_carea' id='block_1_44' title="bbox 1991 1502 3642 1590">
    <p class='ocr_par' dir='ltr' id='par_1_44' title="bbox 1991 1502 3642 1590">
     <span class='ocr_line' id='line_1_45' title="bbox 1991 1502 3642 1590; baseline 0.007 -32"><span class='ocrx_word' id='word_1_301' title='bbox 1991 1502 2204 1581; x_wconf 87' lang='grc' dir='ltr'>καρδίας</span> <span class='ocrx_word' id='word_1_302' title='bbox 2261 1509 2349 1563; x_wconf 84' lang='grc' dir='ltr'><strong>καὶ</strong></span> <span class='ocrx_word' id='word_1_303' title='bbox 2419 1509 2681 1584; x_wconf 83' lang='grc' dir='ltr'>πνεύματι</span> <span class='ocrx_word' id='word_1_304' title='bbox 2755 1509 3153 1590; x_wconf 66' lang='grc' dir='ltr'><strong>ταπεινώσεως,</strong></span> <span class='ocrx_word' id='word_1_305' title='bbox 3234 1510 3306 1568; x_wconf 72' lang='grc' dir='ltr'><strong>Οὔ</strong></span> <span class='ocrx_word' id='word_1_306' title='bbox 3386 1513 3642 1589; x_wconf 84' lang='grc' dir='ltr'>θρασύνο-</span> 
     </span>
    </p>
   </div>
   <div class='ocr_carea' id='block_1_45' title="bbox 1991 1592 3647 1679">
    <p class='ocr_par' dir='ltr' id='par_1_45' title="bbox 1991 1592 3647 1679">
     <span class='ocr_line' id='line_1_46' title="bbox 1991 1592 3647 1679; baseline 0.005 -32"><span class='ocrx_word' id='word_1_307' title='bbox 1991 1614 2113 1666; x_wconf 87' lang='grc' dir='ltr'>μαι,</span> <span class='ocrx_word' id='word_1_308' title='bbox 2160 1592 2282 1673; x_wconf 79' lang='grc' dir='ltr'>ἔφη,</span> <span class='ocrx_word' id='word_1_309' title='bbox 2345 1598 2480 1653; x_wconf 82' lang='grc' dir='ltr'>κατὰ</span> <span class='ocrx_word' id='word_1_310' title='bbox 2539 1604 2646 1653; x_wconf 83' lang='grc' dir='ltr'><strong>τῶν</strong></span> <span class='ocrx_word' id='word_1_311' title='bbox 2687 1597 2944 1672; x_wconf 79' lang='grc' dir='ltr'><strong>κειμένων</strong></span> <span class='ocrx_word' id='word_1_312' title='bbox 3005 1599 3205 1678; x_wconf 82' lang='grc' dir='ltr'>νόμων,</span> <span class='ocrx_word' id='word_1_313' title='bbox 3261 1596 3376 1655; x_wconf 72' lang='grc' dir='ltr'>οὐδὲ</span> <span class='ocrx_word' id='word_1_314' title='bbox 3419 1601 3647 1679; x_wconf 82' lang='grc' dir='ltr'>παρανό-</span> 
     </span>
    </p>
   </div>
   <div class='ocr_carea' id='block_1_46' title="bbox 1993 1682 3642 1767">
    <p class='ocr_par' dir='ltr' id='par_1_46' title="bbox 1993 1682 3642 1767">
     <span class='ocr_line' id='line_1_47' title="bbox 1993 1682 3642 1767; baseline 0.005 -31"><span class='ocrx_word' id='word_1_315' title='bbox 1993 1703 2106 1756; x_wconf 89' lang='grc' dir='ltr'><strong>μως</strong></span> <span class='ocrx_word' id='word_1_316' title='bbox 2166 1682 2415 1750; x_wconf 76' lang='grc' dir='ltr'>ἐπιϐῆναι</span> <span class='ocrx_word' id='word_1_317' title='bbox 2473 1693 2580 1742; x_wconf 83' lang='grc' dir='ltr'><strong>τῶν</strong></span> <span class='ocrx_word' id='word_1_318' title='bbox 2650 1687 2803 1767; x_wconf 84' lang='grc' dir='ltr'>ἰερῶν</span> <span class='ocrx_word' id='word_1_319' title='bbox 2873 1688 3142 1766; x_wconf 76' lang='grc' dir='ltr'>προθύρων</span> <span class='ocrx_word' id='word_1_320' title='bbox 3185 1689 3395 1767; x_wconf 75' lang='grc' dir='ltr'>ἰεςρίεμαι</span> <span class='ocrx_word' id='word_1_321' title='bbox 3430 1703 3446 1718; x_wconf 84' lang='grc'><strong><em>⁸</em></strong></span> <span class='ocrx_word' id='word_1_322' title='bbox 3507 1687 3642 1746; x_wconf 80' lang='grc' dir='ltr'><strong>ἀλλᾶ</strong></span> 
     </span>
    </p>
   </div>
   <div class='ocr_carea' id='block_1_47' title="bbox 1991 1770 3645 1851">
    <p class='ocr_par' dir='ltr' id='par_1_47' title="bbox 1991 1770 3645 1851">
     <span class='ocr_line' id='line_1_48' title="bbox 1991 1770 3645 1851; baseline 0.005 -25"><span class='ocrx_word' id='word_1_323' title='bbox 1991 1770 2049 1826; x_wconf 87' lang='grc' dir='ltr'><strong>σέ</strong></span> <span class='ocrx_word' id='word_1_324' title='bbox 2109 1793 2199 1848; x_wconf 87' lang='grc' dir='ltr'><strong>μοι</strong></span> <span class='ocrx_word' id='word_1_325' title='bbox 2251 1770 2404 1830; x_wconf 79' lang='grc' dir='ltr'>λυσαι</span> <span class='ocrx_word' id='word_1_326' title='bbox 2447 1775 2538 1831; x_wconf 79' lang='grc' dir='ltr'><strong>τὸν</strong></span> <span class='ocrx_word' id='word_1_327' title='bbox 2594 1773 2786 1851; x_wconf 84' lang='grc' dir='ltr'>δεσμὸν</span> <span class='ocrx_word' id='word_1_328' title='bbox 2847 1775 2999 1850; x_wconf 73' lang='grc' dir='ltr'>ἀξιῶ,</span> <span class='ocrx_word' id='word_1_329' title='bbox 3052 1777 3140 1833; x_wconf 78' lang='grc' dir='ltr'><strong>καὶ</strong></span> <span class='ocrx_word' id='word_1_330' title='bbox 3195 1778 3294 1844; x_wconf 78' lang='grc' dir='ltr'>τὴν</span> <span class='ocrx_word' id='word_1_331' title='bbox 3323 1784 3416 1834; x_wconf 82' lang='grc' dir='ltr'>τοῦ</span> <span class='ocrx_word' id='word_1_332' title='bbox 3465 1784 3645 1834; x_wconf 82' lang='grc' dir='ltr'>κοινοῦ</span> 
     </span>
    </p>
   </div>
   <div class='ocr_carea' id='block_1_48' title="bbox 1993 1861 3639 1945">
    <p class='ocr_par' dir='ltr' id='par_1_48' title="bbox 1993 1861 3639 1945">
     <span class='ocr_line' id='line_1_49' title="bbox 1993 1861 3639 1945; baseline 0.004 -30"><span class='ocrx_word' id='word_1_333' title='bbox 1993 1861 2263 1918; x_wconf 81' lang='grc' dir='ltr'>Δεσπότου</span> <span class='ocrx_word' id='word_1_334' title='bbox 2345 1861 2734 1945; x_wconf 75' lang='grc' dir='ltr'>φιλανθρωπίαν</span> <span class='ocrx_word' id='word_1_335' title='bbox 2810 1863 3144 1944; x_wconf 85' lang='grc' dir='ltr'>λογίσασθαι,</span> <span class='ocrx_word' id='word_1_336' title='bbox 3212 1867 3300 1922; x_wconf 83' lang='grc' dir='ltr'><strong>καὶ</strong></span> <span class='ocrx_word' id='word_1_337' title='bbox 3351 1866 3430 1941; x_wconf 83' lang='grc' dir='ltr'>μὴ</span> <span class='ocrx_word' id='word_1_338' title='bbox 3480 1865 3639 1922; x_wconf 77' lang='grc' dir='ltr'>κλεῖ-</span> 
     </span>
    </p>
   </div>
   <div class='ocr_carea' id='block_1_49' title="bbox 1988 1949 3639 2034">
    <p class='ocr_par' dir='ltr' id='par_1_49' title="bbox 1988 1949 3639 2034">
     <span class='ocr_line' id='line_1_50' title="bbox 1988 1949 3639 2034; baseline 0.004 -30"><span class='ocrx_word' id='word_1_339' title='bbox 1988 1949 2074 2005; x_wconf 88' lang='grc' dir='ltr'><strong>σαί</strong></span> <span class='ocrx_word' id='word_1_340' title='bbox 2117 1973 2206 2024; x_wconf 89' lang='grc' dir='ltr'><strong>μοι</strong></span> <span class='ocrx_word' id='word_1_341' title='bbox 2246 1953 2425 2030; x_wconf 87' lang='grc' dir='ltr'>θύραν,</span> <span class='ocrx_word' id='word_1_342' title='bbox 2484 1953 2552 2020; x_wconf 72' lang='grc' dir='ltr'>ἢν</span> <span class='ocrx_word' id='word_1_343' title='bbox 2607 1961 2736 2010; x_wconf 83' lang='grc' dir='ltr'>πᾶσι</span> <span class='ocrx_word' id='word_1_344' title='bbox 2793 1968 2912 2018; x_wconf 75' lang='grc' dir='ltr'>τοῖς</span> <span class='ocrx_word' id='word_1_345' title='bbox 2963 1955 3288 2030; x_wconf 76' lang='grc' dir='ltr'>μεταμελείᾳ</span> <span class='ocrx_word' id='word_1_346' title='bbox 3339 1955 3639 2034; x_wconf 80' lang='grc' dir='ltr'>χρωμένοις</span> 
     </span>
    </p>
   </div>
   <div class='ocr_carea' id='block_1_50' title="bbox 1990 2039 3637 2122">
    <p class='ocr_par' dir='ltr' id='par_1_50' title="bbox 1990 2039 3637 2122">
     <span class='ocr_line' id='line_1_51' title="bbox 1990 2039 3637 2122; baseline 0.003 -30"><span class='ocrx_word' id='word_1_347' title='bbox 1990 2039 2018 2092; x_wconf 98' lang='lat'><strong>6</strong></span> <span class='ocrx_word' id='word_1_348' title='bbox 2076 2040 2350 2107; x_wconf 72' lang='grc' dir='ltr'>Δεσπότης</span> <span class='ocrx_word' id='word_1_349' title='bbox 2421 2041 2634 2116; x_wconf 77' lang='grc' dir='ltr'>ἀνέῳξε.</span> <span class='ocrx_word' id='word_1_350' title='bbox 2699 2044 2798 2100; x_wconf 84' lang='grc' dir='ltr'><strong>Καὶ</strong></span> <span class='ocrx_word' id='word_1_351' title='bbox 2841 2044 2868 2098; x_wconf 91' lang='lat'><strong>6</strong></span> <span class='ocrx_word' id='word_1_352' title='bbox 2926 2043 3235 2122; x_wconf 81' lang='grc' dir='ltr'>ἀρχιερεὺς,</span> <span class='ocrx_word' id='word_1_353' title='bbox 3308 2045 3467 2099; x_wconf 82' lang='grc' dir='ltr'>Ποίαν</span> <span class='ocrx_word' id='word_1_354' title='bbox 3525 2043 3637 2117; x_wconf 80' lang='grc' dir='ltr'>οὗν,</span> 
     </span>
    </p>
   </div>
   <div class='ocr_carea' id='block_1_51' title="bbox 1986 2124 3637 2210">
    <p class='ocr_par' dir='ltr' id='par_1_51' title="bbox 1986 2124 3637 2210">
     <span class='ocr_line' id='line_1_52' title="bbox 1986 2124 3637 2210; baseline 0.004 -29"><span class='ocrx_word' id='word_1_355' title='bbox 1986 2124 2112 2207; x_wconf 75' lang='grc' dir='ltr'>ἔφη,</span> <span class='ocrx_word' id='word_1_356' title='bbox 2192 2127 2545 2204; x_wconf 80' lang='grc' dir='ltr'>μεταμέλειαν</span> <span class='ocrx_word' id='word_1_357' title='bbox 2634 2129 2830 2196; x_wconf 73' lang='grc' dir='ltr'>ἔδειξας</span> <span class='ocrx_word' id='word_1_358' title='bbox 2902 2135 3037 2206; x_wconf 84' lang='grc' dir='ltr'>μετὰ</span> <span class='ocrx_word' id='word_1_359' title='bbox 3092 2134 3342 2198; x_wconf 81' lang='grc' dir='ltr'>τοιαύτην</span> <span class='ocrx_word' id='word_1_360' title='bbox 3401 2153 3637 2210; x_wconf 82' lang='grc' dir='ltr'>παρανο-</span> 
     </span>
    </p>
   </div>
   <div class='ocr_carea' id='block_1_52' title="bbox 1987 2216 3637 2302">
    <p class='ocr_par' dir='ltr' id='par_1_52' title="bbox 1987 2216 3637 2302">
     <span class='ocr_line' id='line_1_53' title="bbox 1987 2216 3637 2302; baseline 0.004 -30"><span class='ocrx_word' id='word_1_361' title='bbox 1987 2216 2156 2292; x_wconf 69' lang='grc' dir='ltr'>μίαθ;</span> <span class='ocrx_word' id='word_1_362' title='bbox 2221 2219 2398 2284; x_wconf 83' lang='grc' dir='ltr'>Ποίοις</span> <span class='ocrx_word' id='word_1_363' title='bbox 2455 2219 2508 2276; x_wconf 82' lang='grc' dir='ltr'>δὲ</span> <span class='ocrx_word' id='word_1_364' title='bbox 2552 2222 2846 2302; x_wconf 81' lang='grc' dir='ltr'>φαρμάκοις</span> <span class='ocrx_word' id='word_1_365' title='bbox 2899 2224 2961 2276; x_wconf 82' lang='grc' dir='ltr'><strong>τὰ</strong></span> <span class='ocrx_word' id='word_1_366' title='bbox 3017 2219 3236 2281; x_wconf 81' lang='grc' dir='ltr'>δυσίατα</span> <span class='ocrx_word' id='word_1_367' title='bbox 3291 2221 3637 2301; x_wconf 78' lang='grc' dir='ltr'>ἒθεράπευσας</span> 
     </span>
    </p>
   </div>
   <div class='ocr_carea' id='block_1_53' title="bbox 1985 2306 3638 2387">
    <p class='ocr_par' dir='ltr' id='par_1_53' title="bbox 1985 2306 3638 2387">
     <span class='ocr_line' id='line_1_54' title="bbox 1985 2306 3638 2387; baseline 0.003 -27"><span class='ocrx_word' id='word_1_368' title='bbox 1985 2306 2260 2383; x_wconf 85' lang='grc' dir='ltr'>τραύματα</span> <span class='ocrx_word' id='word_1_369' title='bbox 2297 2327 2313 2383; x_wconf 87' lang='grc'><strong>;</strong></span> <span class='ocrx_word' id='word_1_370' title='bbox 2379 2311 2477 2366; x_wconf 81' lang='grc' dir='ltr'>Καὶ</span> <span class='ocrx_word' id='word_1_371' title='bbox 2521 2312 2550 2365; x_wconf 87' lang='lat'><strong>6</strong></span> <span class='ocrx_word' id='word_1_372' title='bbox 2593 2308 2841 2386; x_wconf 83' lang='grc' dir='ltr'>βασιλεὺς</span> <span class='ocrx_word' id='word_1_373' title='bbox 2900 2308 2953 2366; x_wconf 70' lang='grc' dir='ltr'>ἒν</span> <span class='ocrx_word' id='word_1_374' title='bbox 3011 2310 3432 2387; x_wconf 82' lang='grc' dir='ltr'>συντετριμμένῳ</span> <span class='ocrx_word' id='word_1_375' title='bbox 3473 2309 3638 2366; x_wconf 87' lang='grc' dir='ltr'>πνεύ-</span> 
     </span>
    </p>
   </div>
   <div class='ocr_carea' id='block_1_54' title="bbox 1988 2395 3636 2480">
    <p class='ocr_par' dir='ltr' id='par_1_54' title="bbox 1988 2395 3636 2480">
     <span class='ocr_line' id='line_1_55' title="bbox 1988 2395 3636 2480; baseline 0.002 -30"><span class='ocrx_word' id='word_1_376' title='bbox 1988 2415 2116 2468; x_wconf 84' lang='grc' dir='ltr'>ματι</span> <span class='ocrx_word' id='word_1_377' title='bbox 2166 2395 2336 2472; x_wconf 78' lang='grc' dir='ltr'>αὖθις,</span> <span class='ocrx_word' id='word_1_378' title='bbox 2393 2399 2497 2453; x_wconf 83' lang='grc' dir='ltr'>Σὸν</span> <span class='ocrx_word' id='word_1_379' title='bbox 2568 2397 2743 2480; x_wconf 75' lang='grc' dir='ltr'>ἔργον,</span> <span class='ocrx_word' id='word_1_380' title='bbox 2805 2398 2993 2478; x_wconf 74' lang='grc' dir='ltr'>ἔφησε,</span> <span class='ocrx_word' id='word_1_381' title='bbox 3054 2401 3267 2463; x_wconf 86' lang='grc' dir='ltr'>πάντως</span> <span class='ocrx_word' id='word_1_382' title='bbox 3338 2400 3426 2455; x_wconf 86' lang='grc' dir='ltr'>καὶ</span> <span class='ocrx_word' id='word_1_383' title='bbox 3469 2396 3636 2463; x_wconf 77' lang='grc' dir='ltr'>δεῖξαι</span> 
     </span>
    </p>
   </div>
   <div class='ocr_carea' id='block_1_55' title="bbox 1986 2484 3632 2565">
    <p class='ocr_par' dir='ltr' id='par_1_55' title="bbox 1986 2484 3632 2565">
     <span class='ocr_line' id='line_1_56' title="bbox 1986 2484 3632 2565; baseline 0.008 -27"><span class='ocrx_word' id='word_1_384' title='bbox 1986 2484 2074 2538; x_wconf 87' lang='grc' dir='ltr'><strong>καὶ</strong></span> <span class='ocrx_word' id='word_1_385' title='bbox 2164 2485 2382 2562; x_wconf 75' lang='grc' dir='ltr'>κεράσαι</span> <span class='ocrx_word' id='word_1_386' title='bbox 2455 2488 2730 2565; x_wconf 75' lang='grc' dir='ltr'>φάρμακα.</span> <span class='ocrx_word' id='word_1_387' title='bbox 2821 2488 2952 2546; x_wconf 84' lang='grc' dir='ltr'>Τότε</span> <span class='ocrx_word' id='word_1_388' title='bbox 3007 2491 3036 2544; x_wconf 90' lang='lat'><strong>6</strong></span> <span class='ocrx_word' id='word_1_389' title='bbox 3089 2492 3236 2551; x_wconf 78' lang='grc' dir='ltr'>θεῖος</span> <span class='ocrx_word' id='word_1_390' title='bbox 3293 2485 3632 2563; x_wconf 76' lang='grc' dir='ltr'>Ἀμϐρόσιος,</span> 
     </span>
    </p>
   </div>
   <div class='ocr_carea' id='block_1_56' title="bbox 1987 2569 3636 2656">
    <p class='ocr_par' dir='ltr' id='par_1_56' title="bbox 1987 2569 3636 2656">
     <span class='ocr_line' id='line_1_57' title="bbox 1987 2569 3636 2656; baseline 0.002 -28"><span class='ocrx_word' id='word_1_391' title='bbox 1987 2569 2207 2639; x_wconf 77' lang='grc' dir='ltr'>Ἐπειδὴ</span> <span class='ocrx_word' id='word_1_392' title='bbox 2251 2579 2328 2646; x_wconf 80' lang='grc' dir='ltr'>τῷ</span> <span class='ocrx_word' id='word_1_393' title='bbox 2367 2577 2515 2650; x_wconf 84' lang='grc' dir='ltr'>θυμῷ</span> <span class='ocrx_word' id='word_1_394' title='bbox 2545 2573 2775 2647; x_wconf 80' lang='grc' dir='ltr'>δικάζειν</span> <span class='ocrx_word' id='word_1_395' title='bbox 2821 2575 3140 2656; x_wconf 78' lang='grc' dir='ltr'>ἐπιτρέπεις,</span> <span class='ocrx_word' id='word_1_396' title='bbox 3173 2575 3301 2656; x_wconf 73' lang='grc' dir='ltr'>ἔφη,</span> <span class='ocrx_word' id='word_1_397' title='bbox 3331 2577 3418 2632; x_wconf 85' lang='grc' dir='ltr'><strong>καὶ</strong></span> <span class='ocrx_word' id='word_1_398' title='bbox 3461 2577 3563 2655; x_wconf 71' lang='grc' dir='ltr'><strong>οὔχ</strong></span> <span class='ocrx_word' id='word_1_399' title='bbox 3608 2579 3636 2631; x_wconf 88' lang='lat'><strong>6</strong></span> 
     </span>
    </p>
   </div>
   <div class='ocr_carea' id='block_1_57' title="bbox 1986 2656 3637 2744">
    <p class='ocr_par' dir='ltr' id='par_1_57' title="bbox 1986 2656 3637 2744">
     <span class='ocr_line' id='line_1_58' title="bbox 1986 2656 3637 2744; baseline 0.002 -29"><span class='ocrx_word' id='word_1_400' title='bbox 1986 2656 2246 2737; x_wconf 81' lang='grc' dir='ltr'>λογισμὸς</span> <span class='ocrx_word' id='word_1_401' title='bbox 2286 2663 2382 2730; x_wconf 77' lang='grc' dir='ltr'><strong>τὴν</strong></span> <span class='ocrx_word' id='word_1_402' title='bbox 2427 2669 2646 2741; x_wconf 82' lang='grc' dir='ltr'>γνῶσιν,</span> <span class='ocrx_word' id='word_1_403' title='bbox 2706 2661 2843 2719; x_wconf 75' lang='grc' dir='ltr'>ἀλλὰ</span> <span class='ocrx_word' id='word_1_404' title='bbox 2898 2665 2925 2718; x_wconf 84' lang='lat'><strong>6</strong></span> <span class='ocrx_word' id='word_1_405' title='bbox 2965 2666 3128 2738; x_wconf 81' lang='grc' dir='ltr'>θυμὸς</span> <span class='ocrx_word' id='word_1_406' title='bbox 3171 2663 3397 2744; x_wconf 74' lang='grc' dir='ltr'>ἐκφέρει,</span> <span class='ocrx_word' id='word_1_407' title='bbox 3431 2669 3637 2742; x_wconf 72' lang='grc' dir='ltr'>γράψον</span> 
     </span>
    </p>
   </div>
   <div class='ocr_carea' id='block_1_58' title="bbox 1987 2749 3638 2831">
    <p class='ocr_par' dir='ltr' id='par_1_58' title="bbox 1987 2749 3638 2831">
     <span class='ocr_line' id='line_1_59' title="bbox 1987 2749 3638 2831; baseline 0.001 -27"><span class='ocrx_word' id='word_1_408' title='bbox 1987 2749 2145 2823; x_wconf 81' lang='grc' dir='ltr'>νόμον</span> <span class='ocrx_word' id='word_1_409' title='bbox 2200 2759 2293 2808; x_wconf 82' lang='grc' dir='ltr'>τοῦ</span> <span class='ocrx_word' id='word_1_410' title='bbox 2361 2753 2527 2826; x_wconf 69' lang='grc' dir='ltr'>θυμοῦ</span> <span class='ocrx_word' id='word_1_411' title='bbox 2582 2753 2678 2814; x_wconf 81' lang='grc' dir='ltr'><strong>τὰς</strong></span> <span class='ocrx_word' id='word_1_412' title='bbox 2741 2753 2949 2831; x_wconf 74' lang='grc' dir='ltr'>ψήφους</span> <span class='ocrx_word' id='word_1_413' title='bbox 3009 2753 3171 2830; x_wconf 81' lang='grc' dir='ltr'>ἀργὰς</span> <span class='ocrx_word' id='word_1_414' title='bbox 3238 2759 3494 2808; x_wconf 84' lang='grc' dir='ltr'>ποιοῦντα</span> <span class='ocrx_word' id='word_1_415' title='bbox 3550 2753 3638 2806; x_wconf 79' lang='grc' dir='ltr'><strong>καὶ</strong></span> 
     </span>
    </p>
   </div>
   <div class='ocr_carea' id='block_1_59' title="bbox 1986 2838 3631 2921">
    <p class='ocr_par' dir='ltr' id='par_1_59' title="bbox 1986 2838 3631 2921">
     <span class='ocr_line' id='line_1_60' title="bbox 1986 2838 3631 2921; baseline 0.002 -28"><span class='ocrx_word' id='word_1_416' title='bbox 1986 2839 2255 2916; x_wconf 77' lang='grc' dir='ltr'>περιττὰς,</span> <span class='ocrx_word' id='word_1_417' title='bbox 2302 2841 2392 2896; x_wconf 81' lang='grc' dir='ltr'><strong>καὶ</strong></span> <span class='ocrx_word' id='word_1_418' title='bbox 2448 2841 2730 2919; x_wconf 74' lang='grc' dir='ltr'>τριάκοντα</span> <span class='ocrx_word' id='word_1_419' title='bbox 2760 2840 2964 2919; x_wconf 77' lang='grc' dir='ltr'>ἡμέρας</span> <span class='ocrx_word' id='word_1_420' title='bbox 2991 2844 3042 2897; x_wconf 77' lang='grc' dir='ltr'>αἱ</span> <span class='ocrx_word' id='word_1_421' title='bbox 3072 2843 3278 2921; x_wconf 72' lang='grc' dir='ltr'>φονικαί</span> <span class='ocrx_word' id='word_1_422' title='bbox 3307 2843 3396 2898; x_wconf 84' lang='grc' dir='ltr'>καὶ</span> <span class='ocrx_word' id='word_1_423' title='bbox 3424 2838 3631 2916; x_wconf 86' lang='grc' dir='ltr'>δημευ-</span> 
     </span>
    </p>
   </div>
   <div class='ocr_carea' id='block_1_60' title="bbox 245 2927 1912 3013">
    <p class='ocr_par' dir='ltr' id='par_1_60' title="bbox 245 2929 1905 3013">
     <span class='ocr_line' id='line_1_61' title="bbox 245 2929 1905 3013; baseline 0.002 -25"><span class='ocrx_word' id='word_1_424' title='bbox 245 2929 350 2989; x_wconf 69' lang='lat' dir='ltr'><strong>irae</strong></span> <span class='ocrx_word' id='word_1_425' title='bbox 384 2929 638 3009; x_wconf 86' lang='lat' dir='ltr'><strong>impetu,</strong></span> <span class='ocrx_word' id='word_1_426' title='bbox 663 2933 919 2992; x_wconf 76' lang='lat' dir='ltr'><strong>otiosum</strong></span> <span class='ocrx_word' id='word_1_427' title='bbox 941 2931 1153 2992; x_wconf 84' lang='lat' dir='ltr'><strong>reddat</strong></span> <span class='ocrx_word' id='word_1_428' title='bbox 1177 2950 1244 2993; x_wconf 87' lang='lat' dir='ltr'><strong>ac</strong></span> <span class='ocrx_word' id='word_1_429' title='bbox 1263 2934 1628 3013; x_wconf 83' lang='lat' dir='ltr'><strong>superﬂuum</strong></span> <span class='ocrx_word' id='word_1_430' title='bbox 1655 2951 1668 2995; x_wconf 92' lang='lat'>:</span> <span class='ocrx_word' id='word_1_431' title='bbox 1696 2933 1905 3012; x_wconf 90' lang='lat' dir='ltr'><strong>capitis</strong></span> 
     </span>
    </p>
   </div>
   <div class='ocr_carea' id='block_1_61' title="bbox 2000 2927 3639 3013">
    <p class='ocr_par' dir='ltr' id='par_1_61' title="bbox 2000 2927 3639 3008">
     <span class='ocr_line' id='line_1_62' title="bbox 2000 2927 3639 3008; baseline 0.001 -25"><span class='ocrx_word' id='word_1_432' title='bbox 2000 2929 2129 2984; x_wconf 76' lang='grc' dir='ltr'><strong>τικαί</strong></span> <span class='ocrx_word' id='word_1_433' title='bbox 2183 2927 2487 3002; x_wconf 86' lang='grc' dir='ltr'>μενέτωσαν</span> <span class='ocrx_word' id='word_1_434' title='bbox 2571 2929 2792 3006; x_wconf 82' lang='grc' dir='ltr'>γνώσεις</span> <span class='ocrx_word' id='word_1_435' title='bbox 2860 2929 2915 2984; x_wconf 80' lang='grc' dir='ltr'>ἐν</span> <span class='ocrx_word' id='word_1_436' title='bbox 3011 2931 3310 3008; x_wconf 83' lang='grc' dir='ltr'>γράμμασι,</span> <span class='ocrx_word' id='word_1_437' title='bbox 3383 2930 3483 2996; x_wconf 76' lang='grc' dir='ltr'>τὴν</span> <span class='ocrx_word' id='word_1_438' title='bbox 3546 2935 3639 2986; x_wconf 84' lang='grc' dir='ltr'>τοῦ</span> 
     </span>
    </p>
   </div>
   <div class='ocr_carea' id='block_1_62' title="bbox 249 3005 1912 3102">
    <p class='ocr_par' dir='ltr' id='par_1_62' title="bbox 249 3005 1885 3102">
     <span class='ocr_line' id='line_1_63' title="bbox 249 3005 1885 3102; baseline 0.006 -28"><span class='ocrx_word' id='word_1_439' title='bbox 249 3037 391 3079; x_wconf 68' lang='lat' dir='ltr'><strong>vero</strong></span> <span class='ocrx_word' id='word_1_440' title='bbox 422 3005 740 3082; x_wconf 68' lang='lat' dir='ltr'><strong>sententiae</strong></span> <span class='ocrx_word' id='word_1_441' title='bbox 768 3020 858 3082; x_wconf 84' lang='lat' dir='ltr'><strong>vel</strong></span> <span class='ocrx_word' id='word_1_442' title='bbox 905 3021 1064 3083; x_wconf 80' lang='lat' dir='ltr'><strong>exilii</strong></span> <span class='ocrx_word' id='word_1_443' title='bbox 1099 3005 1495 3100; x_wconf 38' lang='lat' dir='ltr'><strong>triginta—dies</strong></span> <span class='ocrx_word' id='word_1_444' title='bbox 1523 3005 1885 3102; x_wconf 42' lang='lat' dir='ltr'><strong>scriptae-ma</strong></span> 
     </span>
    </p>
   </div>
   <div class='ocr_carea' id='block_1_63' title="bbox 2000 3005 3644 3102">
    <p class='ocr_par' dir='ltr' id='par_1_63' title="bbox 2000 3005 3644 3098">
     <span class='ocr_line' id='line_1_64' title="bbox 2000 3005 3644 3098; baseline 0.001 -26"><span class='ocrx_word' id='word_1_445' title='bbox 2000 3015 2249 3094; x_wconf 76' lang='grc' dir='ltr'>λογισμοῦ</span> <span class='ocrx_word' id='word_1_446' title='bbox 2303 3005 2729 3098; x_wconf 85' lang='grc' dir='ltr'>προσδεχόμεναι</span> <span class='ocrx_word' id='word_1_447' title='bbox 2787 3018 2978 3097; x_wconf 89' lang='grc' dir='ltr'>κρίσιν.</span> <span class='ocrx_word' id='word_1_448' title='bbox 3027 3005 3384 3075; x_wconf 30' lang='grc' dir='ltr'>’.Διελθουσῶν</span> <span class='ocrx_word' id='word_1_449' title='bbox 3442 3017 3498 3074; x_wconf 78' lang='grc' dir='ltr'>δὲ</span> <span class='ocrx_word' id='word_1_450' title='bbox 3536 3021 3644 3074; x_wconf 82' lang='grc' dir='ltr'>τῶν</span> 
     </span>
    </p>
   </div>
   <div class='ocr_carea' id='block_1_64' title="bbox 249 3105 1912 3191">
    <p class='ocr_par' dir='ltr' id='par_1_64' title="bbox 249 3109 1907 3191">
     <span class='ocr_line' id='line_1_65' title="bbox 249 3109 1907 3191; baseline 0.003 -23"><span class='ocrx_word' id='word_1_451' title='bbox 249 3118 466 3189; x_wconf 77' lang='lat' dir='ltr'><strong>neunt,</strong></span> <span class='ocrx_word' id='word_1_452' title='bbox 501 3109 746 3172; x_wconf 80' lang='lat' dir='ltr'><strong>rationis</strong></span> <span class='ocrx_word' id='word_1_453' title='bbox 773 3111 1063 3189; x_wconf 89' lang='lat' dir='ltr'><strong>judicium</strong></span> <span class='ocrx_word' id='word_1_454' title='bbox 1099 3111 1502 3191; x_wconf 87' lang='lat' dir='ltr'><strong>opperientes.</strong></span> <span class='ocrx_word' id='word_1_455' title='bbox 1542 3113 1766 3174; x_wconf 83' lang='lat' dir='ltr'><strong>Exactis</strong></span> <span class='ocrx_word' id='word_1_456' title='bbox 1797 3132 1907 3173; x_wconf 91' lang='lat' dir='ltr'><strong>au-</strong></span> 
     </span>
    </p>
   </div>
   <div class='ocr_carea' id='block_1_65' title="bbox 2000 3105 3642 3191">
    <p class='ocr_par' dir='ltr' id='par_1_65' title="bbox 2000 3105 3642 3188">
     <span class='ocr_line' id='line_1_66' title="bbox 2000 3105 3642 3188; baseline 0.001 -26"><span class='ocrx_word' id='word_1_457' title='bbox 2000 3107 2268 3182; x_wconf 79' lang='grc' dir='ltr'>τριάκοντα</span> <span class='ocrx_word' id='word_1_458' title='bbox 2339 3110 2552 3185; x_wconf 81' lang='grc' dir='ltr'>ἡμερῶν</span> <span class='ocrx_word' id='word_1_459' title='bbox 2637 3111 2684 3163; x_wconf 84' lang='grc' dir='ltr'>οἱ</span> <span class='ocrx_word' id='word_1_460' title='bbox 2766 3108 2833 3164; x_wconf 77' lang='grc' dir='ltr'>τὰ</span> <span class='ocrx_word' id='word_1_461' title='bbox 2919 3105 3224 3185; x_wconf 67' lang='grc' dir='ltr'>ἐγνωσμένα</span> <span class='ocrx_word' id='word_1_462' title='bbox 3319 3107 3642 3188; x_wconf 74' lang='grc' dir='ltr'>γεγραφότες</span> 
     </span>
    </p>
   </div>
   <div class='ocr_carea' id='block_1_66' title="bbox 252 3198 1907 3280">
    <p class='ocr_par' dir='ltr' id='par_1_66' title="bbox 252 3198 1907 3280">
     <span class='ocr_line' id='line_1_67' title="bbox 252 3198 1907 3280; baseline 0.004 -23"><span class='ocrx_word' id='word_1_463' title='bbox 252 3209 374 3258; x_wconf 90' lang='lat' dir='ltr'><strong>tem</strong></span> <span class='ocrx_word' id='word_1_464' title='bbox 407 3198 650 3277; x_wconf 82' lang='lat' dir='ltr'><strong>triginta</strong></span> <span class='ocrx_word' id='word_1_465' title='bbox 703 3200 936 3264; x_wconf 88' lang='lat' dir='ltr'><strong>diebus.</strong></span> <span class='ocrx_word' id='word_1_466' title='bbox 973 3202 1073 3280; x_wconf 89' lang='lat' dir='ltr'><strong>qui</strong></span> <span class='ocrx_word' id='word_1_467' title='bbox 1123 3212 1443 3262; x_wconf 75' lang='lat' dir='ltr'><strong>exarurunt</strong></span> <span class='ocrx_word' id='word_1_468' title='bbox 1491 3202 1732 3264; x_wconf 86' lang='lat' dir='ltr'><strong>decreta</strong></span> <span class='ocrx_word' id='word_1_469' title='bbox 1786 3203 1907 3277; x_wconf 83' lang='lat' dir='ltr'><strong>illa,</strong></span> 
     </span>
    </p>
   </div>
   <div class='ocr_carea' id='block_1_67' title="bbox 255 3287 1907 3371">
    <p class='ocr_par' dir='ltr' id='par_1_67' title="bbox 255 3287 1907 3371">
     <span class='ocr_line' id='line_1_68' title="bbox 255 3287 1907 3371; baseline 0.003 -25"><span class='ocrx_word' id='word_1_470' title='bbox 255 3287 470 3348; x_wconf 83' lang='lat' dir='ltr'><strong>eadem</strong></span> <span class='ocrx_word' id='word_1_471' title='bbox 505 3289 821 3350; x_wconf 76' lang='lat' dir='ltr'><strong>exhibeant</strong></span> <span class='ocrx_word' id='word_1_472' title='bbox 855 3310 868 3351; x_wconf 87' lang='lat'><strong>:</strong></span> <span class='ocrx_word' id='word_1_473' title='bbox 903 3299 962 3350; x_wconf 91' lang='lat' dir='ltr'><strong>et</strong></span> <span class='ocrx_word' id='word_1_474' title='bbox 1016 3290 1329 3352; x_wconf 76' lang='lat' dir='ltr'><strong>iracundia</strong></span> <span class='ocrx_word' id='word_1_475' title='bbox 1363 3290 1586 3351; x_wconf 80' lang='lat' dir='ltr'><strong>tamdiu</strong></span> <span class='ocrx_word' id='word_1_476' title='bbox 1619 3290 1907 3371; x_wconf 87' lang='lat' dir='ltr'><strong>requieta,</strong></span> 
     </span>
    </p>
   </div>
   <div class='ocr_carea' id='block_1_68' title="bbox 253 3377 1908 3459">
    <p class='ocr_par' dir='ltr' id='par_1_68' title="bbox 253 3377 1908 3459">
     <span class='ocr_line' id='line_1_69' title="bbox 253 3377 1908 3459; baseline 0.003 -25"><span class='ocrx_word' id='word_1_477' title='bbox 253 3396 467 3436; x_wconf 80' lang='lat' dir='ltr'><strong>secum</strong></span> <span class='ocrx_word' id='word_1_478' title='bbox 493 3377 618 3455; x_wconf 87' lang='lat' dir='ltr'><strong>ipsa</strong></span> <span class='ocrx_word' id='word_1_479' title='bbox 647 3379 794 3438; x_wconf 89' lang='lat' dir='ltr'><strong>ratio</strong></span> <span class='ocrx_word' id='word_1_480' title='bbox 818 3378 1120 3458; x_wconf 82' lang='lat' dir='ltr'><strong>judicans,</strong></span> <span class='ocrx_word' id='word_1_481' title='bbox 1176 3380 1431 3459; x_wconf 83' lang='lat' dir='ltr'><strong>priorem</strong></span> <span class='ocrx_word' id='word_1_482' title='bbox 1481 3382 1772 3457; x_wconf 65' lang='lat' dir='ltr'><strong>i-xpendat</strong></span> <span class='ocrx_word' id='word_1_483' title='bbox 1803 3397 1908 3442; x_wconf 90' lang='lat' dir='ltr'><strong>co-</strong></span> 
     </span>
    </p>
   </div>
   <div class='ocr_carea' id='block_1_69' title="bbox 256 3465 1911 3548">
    <p class='ocr_par' dir='ltr' id='par_1_69' title="bbox 256 3465 1911 3548">
     <span class='ocr_line' id='line_1_70' title="bbox 256 3465 1911 3548; baseline 0.003 -24"><span class='ocrx_word' id='word_1_484' title='bbox 256 3465 608 3538; x_wconf 74' lang='lat' dir='ltr'><strong>gnitionem,</strong></span> <span class='ocrx_word' id='word_1_485' title='bbox 642 3469 1056 3548; x_wconf 72' lang='lat' dir='ltr'><strong>examine-tque</strong></span> <span class='ocrx_word' id='word_1_486' title='bbox 1082 3471 1320 3546; x_wconf 89' lang='lat' dir='ltr'><strong>justane</strong></span> <span class='ocrx_word' id='word_1_487' title='bbox 1373 3469 1473 3529; x_wconf 89' lang='lat' dir='ltr'><strong>illa</strong></span> <span class='ocrx_word' id='word_1_488' title='bbox 1503 3471 1598 3541; x_wconf 89' lang='lat' dir='ltr'><strong>sit,</strong></span> <span class='ocrx_word' id='word_1_489' title='bbox 1635 3490 1706 3530; x_wconf 89' lang='lat' dir='ltr'><strong>an</strong></span> <span class='ocrx_word' id='word_1_490' title='bbox 1739 3487 1911 3531; x_wconf 87' lang='lat' dir='ltr'><strong>secus</strong></span> 
     </span>
    </p>
   </div>
   <div class='ocr_carea' id='block_1_70' title="bbox 258 3555 1912 3638">
    <p class='ocr_par' dir='ltr' id='par_1_70' title="bbox 258 3555 1912 3638">
     <span class='ocr_line' id='line_1_71' title="bbox 258 3555 1912 3638; baseline 0.004 -24"><span class='ocrx_word' id='word_1_491' title='bbox 258 3555 499 3616; x_wconf 84' lang='lat' dir='ltr'><strong>habeat.</strong></span> <span class='ocrx_word' id='word_1_492' title='bbox 526 3555 832 3636; x_wconf 89' lang='lat' dir='ltr'><strong>Siquidem</strong></span> <span class='ocrx_word' id='word_1_493' title='bbox 859 3577 1037 3637; x_wconf 85' lang='lat' dir='ltr'><strong>porro</strong></span> <span class='ocrx_word' id='word_1_494' title='bbox 1065 3558 1324 3638; x_wconf 84' lang='lat' dir='ltr'><strong>iniquam</strong></span> <span class='ocrx_word' id='word_1_495' title='bbox 1349 3558 1912 3633; x_wconf 82' lang='lat' dir='ltr'><strong>inveniant,discer-</strong></span> 
     </span>
    </p>
   </div>
   <div class='ocr_carea' id='block_1_71' title="bbox 263 3645 1909 3725">
    <p class='ocr_par' dir='ltr' id='par_1_71' title="bbox 263 3645 1909 3725">
     <span class='ocr_line' id='line_1_72' title="bbox 263 3645 1909 3725; baseline 0.004 -21"><span class='ocrx_word' id='word_1_496' title='bbox 263 3655 362 3724; x_wconf 85' lang='lat' dir='ltr'><strong>pat</strong></span> <span class='ocrx_word' id='word_1_497' title='bbox 391 3645 701 3725; x_wconf 89' lang='lat' dir='ltr'><strong>scripta,et</strong></span> <span class='ocrx_word' id='word_1_498' title='bbox 729 3647 1084 3708; x_wconf 88' lang='lat' dir='ltr'><strong>sententiam</strong></span> <span class='ocrx_word' id='word_1_499' title='bbox 1118 3647 1342 3709; x_wconf 89' lang='lat' dir='ltr'><strong>irritam</strong></span> <span class='ocrx_word' id='word_1_500' title='bbox 1399 3649 1649 3710; x_wconf 85' lang='lat' dir='ltr'><strong>reddat:</strong></span> <span class='ocrx_word' id='word_1_501' title='bbox 1682 3648 1772 3710; x_wconf 91' lang='lat' dir='ltr'><strong>sin</strong></span> <span class='ocrx_word' id='word_1_502' title='bbox 1803 3669 1909 3711; x_wconf 84' lang='lat' dir='ltr'><strong>au-</strong></span> 
     </span>
    </p>
   </div>
   <div class='ocr_carea' id='block_1_72' title="bbox 265 3735 1914 3817">
    <p class='ocr_par' dir='ltr' id='par_1_72' title="bbox 265 3735 1914 3817">
     <span class='ocr_line' id='line_1_73' title="bbox 265 3735 1914 3817; baseline 0.003 -23"><span class='ocrx_word' id='word_1_503' title='bbox 265 3744 380 3794; x_wconf 84' lang='lat' dir='ltr'><strong>tem</strong></span> <span class='ocrx_word' id='word_1_504' title='bbox 411 3752 582 3814; x_wconf 65' lang='lat' dir='ltr'><strong>aequa</strong></span> <span class='ocrx_word' id='word_1_505' title='bbox 612 3735 811 3807; x_wconf 74' lang='lat' dir='ltr'><strong>fuesit,</strong></span> <span class='ocrx_word' id='word_1_506' title='bbox 847 3736 925 3796; x_wconf 88' lang='lat' dir='ltr'><strong>ita</strong></span> <span class='ocrx_word' id='word_1_507' title='bbox 962 3746 1193 3797; x_wconf 89' lang='lat' dir='ltr'><strong>maneat</strong></span> <span class='ocrx_word' id='word_1_508' title='bbox 1221 3759 1235 3808; x_wconf 78' lang='grc' dir='ltr'><strong>ς</strong></span> <span class='ocrx_word' id='word_1_509' title='bbox 1273 3755 1382 3798; x_wconf 90' lang='lat' dir='ltr'><strong>nec</strong></span> <span class='ocrx_word' id='word_1_510' title='bbox 1415 3737 1650 3817; x_wconf 82' lang='lat' dir='ltr'><strong>triginta</strong></span> <span class='ocrx_word' id='word_1_511' title='bbox 1681 3740 1914 3800; x_wconf 72' lang='lat' dir='ltr'><strong>diei-um</strong></span> 
     </span>
    </p>
   </div>
   <div class='ocr_carea' id='block_1_73' title="bbox 265 3823 1462 3905">
    <p class='ocr_par' dir='ltr' id='par_1_73' title="bbox 265 3823 1462 3905">
     <span class='ocr_line' id='line_1_74' title="bbox 265 3823 1462 3905; baseline 0.005 -23"><span class='ocrx_word' id='word_1_512' title='bbox 265 3841 555 3883; x_wconf 89' lang='lat' dir='ltr'><strong>numerus</strong></span> <span class='ocrx_word' id='word_1_513' title='bbox 582 3823 956 3885; x_wconf 79' lang='lat' dir='ltr'><strong>labefactabit</strong></span> <span class='ocrx_word' id='word_1_514' title='bbox 989 3835 1150 3886; x_wconf 88' lang='lat' dir='ltr'><strong>recte</strong></span> <span class='ocrx_word' id='word_1_515' title='bbox 1177 3826 1462 3905; x_wconf 81' lang='lat' dir='ltr'><strong>judicata.</strong></span> 
     </span>
    </p>
   </div>
   <div class='ocr_carea' id='block_1_74' title="bbox 342 3910 1915 3996">
    <p class='ocr_par' dir='ltr' id='par_1_74' title="bbox 342 3910 1915 3996">
     <span class='ocr_line' id='line_1_75' title="bbox 342 3910 1915 3996; baseline 0.003 -23"><span class='ocrx_word' id='word_1_516' title='bbox 342 3910 529 3974; x_wconf 75' lang='lat' dir='ltr'><strong>XXV.</strong></span> <span class='ocrx_word' id='word_1_517' title='bbox 555 3911 1034 3974; x_wconf 83' lang='lat' dir='ltr'><strong>Admonitionem</strong></span> <span class='ocrx_word' id='word_1_518' title='bbox 1091 3915 1244 3976; x_wconf 87' lang='lat' dir='ltr'><strong>hanc</strong></span> <span class='ocrx_word' id='word_1_519' title='bbox 1274 3914 1597 3996; x_wconf 91' lang='lat' dir='ltr'><strong>imperator</strong></span> <span class='ocrx_word' id='word_1_520' title='bbox 1627 3917 1779 3977; x_wconf 92' lang='lat' dir='ltr'><strong>ultro</strong></span> <span class='ocrx_word' id='word_1_521' title='bbox 1811 3916 1915 3977; x_wconf 80' lang='lat' dir='ltr'><strong>ad-</strong></span> 
     </span>
    </p>
   </div>
   <div class='ocr_carea' id='block_1_75' title="bbox 260 4003 1914 4086">
    <p class='ocr_par' dir='ltr' id='par_1_75' title="bbox 260 4003 1914 4086">
     <span class='ocr_line' id='line_1_76' title="bbox 260 4003 1914 4086; baseline 0.002 -24"><span class='ocrx_word' id='word_1_522' title='bbox 260 4003 598 4073; x_wconf 86' lang='lat' dir='ltr'><strong>mittens,et</strong></span> <span class='ocrx_word' id='word_1_523' title='bbox 623 4019 826 4068; x_wconf 86' lang='lat' dir='ltr'><strong>secum</strong></span> <span class='ocrx_word' id='word_1_524' title='bbox 860 4003 1082 4082; x_wconf 90' lang='lat' dir='ltr'><strong>optime</strong></span> <span class='ocrx_word' id='word_1_525' title='bbox 1105 4003 1197 4082; x_wconf 85' lang='lat' dir='ltr'><strong>agi</strong></span> <span class='ocrx_word' id='word_1_526' title='bbox 1227 4003 1342 4064; x_wconf 89' lang='lat' dir='ltr'><strong>sibi</strong></span> <span class='ocrx_word' id='word_1_527' title='bbox 1372 4007 1914 4086; x_wconf 80' lang='lat' dir='ltr'><strong>persuadens,Con-</strong></span> 
     </span>
    </p>
   </div>
   <div class='ocr_carea' id='block_1_76' title="bbox 261 4089 1916 4176">
    <p class='ocr_par' dir='ltr' id='par_1_76' title="bbox 261 4089 1916 4176">
     <span class='ocr_line' id='line_1_77' title="bbox 261 4089 1916 4176; baseline 0.003 -25"><span class='ocrx_word' id='word_1_528' title='bbox 261 4089 429 4151; x_wconf 88' lang='lat' dir='ltr'><strong>tinuo</strong></span> <span class='ocrx_word' id='word_1_529' title='bbox 451 4091 634 4169; x_wconf 87' lang='lat' dir='ltr'><strong>jussit</strong></span> <span class='ocrx_word' id='word_1_530' title='bbox 666 4091 852 4168; x_wconf 81' lang='lat' dir='ltr'><strong>legem</strong></span> <span class='ocrx_word' id='word_1_531' title='bbox 889 4093 1216 4173; x_wconf 67' lang='lat' dir='ltr'><strong>praescribi,</strong></span> <span class='ocrx_word' id='word_1_532' title='bbox 1249 4112 1422 4174; x_wconf 90' lang='lat' dir='ltr'><strong>quam</strong></span> <span class='ocrx_word' id='word_1_533' title='bbox 1457 4105 1511 4155; x_wconf 92' lang='lat' dir='ltr'><strong>et</strong></span> <span class='ocrx_word' id='word_1_534' title='bbox 1534 4095 1744 4157; x_wconf 88' lang='lat' dir='ltr'><strong>litteris</strong></span> <span class='ocrx_word' id='word_1_535' title='bbox 1775 4113 1916 4176; x_wconf 88' lang='lat' dir='ltr'><strong>pro-</strong></span> 
     </span>
    </p>
   </div>
   <div class='ocr_carea' id='block_1_77' title="bbox 1993 3193 3642 3275">
    <p class='ocr_par' dir='ltr' id='par_1_77' title="bbox 1993 3193 3642 3275">
     <span class='ocr_line' id='line_1_78' title="bbox 1993 3193 3642 3275; baseline 0.002 -26"><span class='ocrx_word' id='word_1_536' title='bbox 1993 3193 2340 3252; x_wconf 87' lang='grc' dir='ltr'>δεικνύτωσαν</span> <span class='ocrx_word' id='word_1_537' title='bbox 2394 3196 2544 3275; x_wconf 77' lang='grc' dir='ltr'>αὒτὰ,</span> <span class='ocrx_word' id='word_1_538' title='bbox 2605 3197 2694 3253; x_wconf 86' lang='grc' dir='ltr'><strong>καὶ</strong></span> <span class='ocrx_word' id='word_1_539' title='bbox 2756 3199 3050 3263; x_wconf 75' lang='grc' dir='ltr'>τηνικαῦτα</span> <span class='ocrx_word' id='word_1_540' title='bbox 3108 3199 3201 3253; x_wconf 70' lang='grc' dir='ltr'>τοῦ</span> <span class='ocrx_word' id='word_1_541' title='bbox 3244 3199 3404 3272; x_wconf 81' lang='grc' dir='ltr'>θυμοῦ</span> <span class='ocrx_word' id='word_1_542' title='bbox 3432 3218 3642 3254; x_wconf 89' lang='grc' dir='ltr'>πεπαυ-</span> 
     </span>
    </p>
   </div>
   <div class='ocr_carea' id='block_1_78' title="bbox 1993 3283 3643 3364">
    <p class='ocr_par' dir='ltr' id='par_1_78' title="bbox 1993 3283 3643 3364">
     <span class='ocr_line' id='line_1_79' title="bbox 1993 3283 3643 3364; baseline 0.001 -26"><span class='ocrx_word' id='word_1_543' title='bbox 1993 3283 2151 3359; x_wconf 86' lang='grc' dir='ltr'>μένου</span> <span class='ocrx_word' id='word_1_544' title='bbox 2200 3283 2314 3340; x_wconf 88' lang='grc' dir='ltr'>καθ’</span> <span class='ocrx_word' id='word_1_545' title='bbox 2361 3285 2544 3343; x_wconf 79' lang='grc' dir='ltr'>ἑαυτὸν</span> <span class='ocrx_word' id='word_1_546' title='bbox 2601 3283 2825 3357; x_wconf 78' lang='grc' dir='ltr'>δικάζων</span> <span class='ocrx_word' id='word_1_547' title='bbox 2876 3287 2903 3341; x_wconf 90' lang='lat'><strong>6</strong></span> <span class='ocrx_word' id='word_1_548' title='bbox 2960 3284 3216 3364; x_wconf 81' lang='grc' dir='ltr'>λογισμὸς</span> <span class='ocrx_word' id='word_1_549' title='bbox 3243 3285 3525 3357; x_wconf 77' lang='grc' dir='ltr'>ἐξεταζέτω</span> <span class='ocrx_word' id='word_1_550' title='bbox 3578 3287 3643 3341; x_wconf 76' lang='grc' dir='ltr'><strong>τὰ</strong></span> 
     </span>
    </p>
   </div>
   <div class='ocr_carea' id='block_1_79' title="bbox 1995 3372 3643 3455">
    <p class='ocr_par' dir='ltr' id='par_1_79' title="bbox 1995 3372 3643 3455">
     <span class='ocr_line' id='line_1_80' title="bbox 1995 3372 3643 3455; baseline 0.002 -28"><span class='ocrx_word' id='word_1_551' title='bbox 1995 3372 2325 3450; x_wconf 80' lang='grc' dir='ltr'>ἐγνωσμένα,</span> <span class='ocrx_word' id='word_1_552' title='bbox 2359 3375 2447 3430; x_wconf 86' lang='grc' dir='ltr'><strong>καί</strong></span> <span class='ocrx_word' id='word_1_553' title='bbox 2505 3373 2812 3430; x_wconf 75' lang='grc' dir='ltr'>σκεπτέσθω</span> <span class='ocrx_word' id='word_1_554' title='bbox 2862 3375 2963 3455; x_wconf 79' lang='grc' dir='ltr'>ἆρά</span> <span class='ocrx_word' id='word_1_555' title='bbox 3023 3396 3084 3452; x_wconf 88' lang='grc' dir='ltr'><strong>γε</strong></span> <span class='ocrx_word' id='word_1_556' title='bbox 3129 3373 3308 3431; x_wconf 85' lang='grc' dir='ltr'>δίκαια</span> <span class='ocrx_word' id='word_1_557' title='bbox 3349 3374 3385 3443; x_wconf 72' lang='grc' dir='ltr'>ἢ</span> <span class='ocrx_word' id='word_1_558' title='bbox 3429 3375 3506 3450; x_wconf 81' lang='grc' dir='ltr'>μὴ</span> <span class='ocrx_word' id='word_1_559' title='bbox 3547 3372 3643 3430; x_wconf 77' lang='grc' dir='ltr'><strong>οὕ-</strong></span> 
     </span>
    </p>
   </div>
   <div class='ocr_carea' id='block_1_80' title="bbox 1995 3460 3643 3542">
    <p class='ocr_par' dir='ltr' id='par_1_80' title="bbox 1995 3460 3643 3542">
     <span class='ocr_line' id='line_1_81' title="bbox 1995 3460 3643 3542; baseline 0.001 -24"><span class='ocrx_word' id='word_1_560' title='bbox 1995 3484 2098 3526; x_wconf 67' lang='grc' dir='ltr'><strong>τως</strong></span> <span class='ocrx_word' id='word_1_561' title='bbox 2159 3462 2355 3542; x_wconf 72' lang='grc' dir='ltr'>ἔχοντα</span> <span class='ocrx_word' id='word_1_562' title='bbox 2411 3463 2548 3524; x_wconf 77' lang='grc' dir='ltr'>εἷεν.</span> <span class='ocrx_word' id='word_1_563' title='bbox 2599 3464 2657 3519; x_wconf 86' lang='grc' dir='ltr'>Εἰ</span> <span class='ocrx_word' id='word_1_564' title='bbox 2703 3463 2798 3539; x_wconf 78' lang='grc' dir='ltr'>μὲν</span> <span class='ocrx_word' id='word_1_565' title='bbox 2859 3463 2949 3519; x_wconf 81' lang='grc' dir='ltr'>οὖν</span> <span class='ocrx_word' id='word_1_566' title='bbox 2999 3463 3152 3522; x_wconf 76' lang='grc' dir='ltr'>ἄδικα</span> <span class='ocrx_word' id='word_1_567' title='bbox 3203 3463 3367 3542; x_wconf 78' lang='grc' dir='ltr'>εὕροι,</span> <span class='ocrx_word' id='word_1_568' title='bbox 3428 3460 3643 3541; x_wconf 80' lang='grc' dir='ltr'>διαῤῥη-</span> 
     </span>
    </p>
   </div>
   <div class='ocr_carea' id='block_1_81' title="bbox 1994 3551 3638 3634">
    <p class='ocr_par' dir='ltr' id='par_1_81' title="bbox 1994 3551 3638 3634">
     <span class='ocr_line' id='line_1_82' title="bbox 1994 3551 3638 3634; baseline 0 -26"><span class='ocrx_word' id='word_1_569' title='bbox 1994 3553 2166 3630; x_wconf 85' lang='grc' dir='ltr'>γνύτω</span> <span class='ocrx_word' id='word_1_570' title='bbox 2192 3554 2258 3607; x_wconf 80' lang='grc' dir='ltr'><strong>τὰ</strong></span> <span class='ocrx_word' id='word_1_571' title='bbox 2300 3551 2668 3631; x_wconf 80' lang='grc' dir='ltr'>γεγραμμένα,</span> <span class='ocrx_word' id='word_1_572' title='bbox 2697 3554 2786 3609; x_wconf 87' lang='grc' dir='ltr'>καὶ</span> <span class='ocrx_word' id='word_1_573' title='bbox 2813 3554 2913 3620; x_wconf 76' lang='grc' dir='ltr'>τὴν</span> <span class='ocrx_word' id='word_1_574' title='bbox 2943 3557 3121 3634; x_wconf 76' lang='grc' dir='ltr'>ψῆφον</span> <span class='ocrx_word' id='word_1_575' title='bbox 3153 3551 3343 3633; x_wconf 75' lang='grc' dir='ltr'>ἄκυρον</span> <span class='ocrx_word' id='word_1_576' title='bbox 3372 3554 3592 3610; x_wconf 89' lang='grc' dir='ltr'>ποιείτω</span> <span class='ocrx_word' id='word_1_577' title='bbox 3623 3569 3638 3584; x_wconf 85' lang='grc'><strong><em>⁸</em></strong></span> 
     </span>
    </p>
   </div>
   <div class='ocr_carea' id='block_1_82' title="bbox 1998 3639 3644 3721">
    <p class='ocr_par' dir='ltr' id='par_1_82' title="bbox 1998 3639 3644 3721">
     <span class='ocr_line' id='line_1_83' title="bbox 1998 3639 3644 3721; baseline 0 -25"><span class='ocrx_word' id='word_1_578' title='bbox 1998 3642 2042 3697; x_wconf 87' lang='grc' dir='ltr'><strong>εἰ</strong></span> <span class='ocrx_word' id='word_1_579' title='bbox 2084 3639 2139 3696; x_wconf 82' lang='grc' dir='ltr'>δὲ</span> <span class='ocrx_word' id='word_1_580' title='bbox 2195 3640 2392 3721; x_wconf 82' lang='grc' dir='ltr'>δίκαια,</span> <span class='ocrx_word' id='word_1_581' title='bbox 2437 3642 2586 3716; x_wconf 89' lang='grc' dir='ltr'>μένοι</span> <span class='ocrx_word' id='word_1_582' title='bbox 2622 3661 2634 3676; x_wconf 81' lang='grc'><em>’</em></span> <span class='ocrx_word' id='word_1_583' title='bbox 2684 3640 2823 3698; x_wconf 73' lang='grc' dir='ltr'>οὕτω</span> <span class='ocrx_word' id='word_1_584' title='bbox 2850 3643 2938 3698; x_wconf 89' lang='grc' dir='ltr'><strong>καὶ</strong></span> <span class='ocrx_word' id='word_1_585' title='bbox 2983 3644 3010 3698; x_wconf 87' lang='grc' dir='ltr'>ὁ</span> <span class='ocrx_word' id='word_1_586' title='bbox 3054 3647 3160 3698; x_wconf 82' lang='grc' dir='ltr'>τῶν</span> <span class='ocrx_word' id='word_1_587' title='bbox 3188 3642 3471 3721; x_wconf 80' lang='grc' dir='ltr'>τριάκοντα</span> <span class='ocrx_word' id='word_1_588' title='bbox 3500 3644 3644 3717; x_wconf 74' lang='grc' dir='ltr'>ἡμε-</span> 
     </span>
    </p>
   </div>
   <div class='ocr_carea' id='block_1_83' title="bbox 1998 3728 3644 3810">
    <p class='ocr_par' dir='ltr' id='par_1_83' title="bbox 1998 3728 3644 3810">
     <span class='ocr_line' id='line_1_84' title="bbox 1998 3728 3644 3810; baseline 0.001 -25"><span class='ocrx_word' id='word_1_589' title='bbox 1998 3730 2102 3807; x_wconf 82' lang='grc' dir='ltr'>ρῶν</span> <span class='ocrx_word' id='word_1_590' title='bbox 2158 3731 2378 3810; x_wconf 77' lang='grc' dir='ltr'>ἀριθμὸς</span> <span class='ocrx_word' id='word_1_591' title='bbox 2462 3731 2522 3788; x_wconf 74' lang='grc' dir='ltr'>οὗ</span> <span class='ocrx_word' id='word_1_592' title='bbox 2577 3728 2893 3805; x_wconf 75' lang='grc' dir='ltr'>λυμανεῖται</span> <span class='ocrx_word' id='word_1_593' title='bbox 2955 3744 3074 3794; x_wconf 78' lang='grc' dir='ltr'>τοῖς</span> <span class='ocrx_word' id='word_1_594' title='bbox 3132 3731 3295 3810; x_wconf 71' lang='grc' dir='ltr'>ὀρθῶς</span> <span class='ocrx_word' id='word_1_595' title='bbox 3367 3730 3644 3810; x_wconf 67' lang='grc' dir='ltr'>ἔγνωσμέ-</span> 
     </span>
    </p>
   </div>
   <div class='ocr_carea' id='block_1_84' title="bbox 1997 3841 2131 3884">
    <p class='ocr_par' dir='ltr' id='par_1_84' title="bbox 1997 3841 2131 3884">
     <span class='ocr_line' id='line_1_85' title="bbox 1997 3841 2131 3884; baseline 0 -9"><span class='ocrx_word' id='word_1_596' title='bbox 1997 3841 2131 3884; x_wconf 87' lang='grc' dir='ltr'>νοις.</span> 
     </span>
    </p>
   </div>
   <div class='ocr_carea' id='block_1_85' title="bbox 2083 3907 3643 3988">
    <p class='ocr_par' dir='ltr' id='par_1_85' title="bbox 2083 3907 3643 3988">
     <span class='ocr_line' id='line_1_86' title="bbox 2083 3907 3643 3988; baseline -0.003 -20"><span class='ocrx_word' id='word_1_597' title='bbox 2083 3907 2210 3968; x_wconf 73' lang='grc' dir='ltr'>κε’.</span> <span class='ocrx_word' id='word_1_598' title='bbox 2258 3909 2466 3976; x_wconf 78' lang='grc' dir='ltr'>Ταύτην</span> <span class='ocrx_word' id='word_1_599' title='bbox 2497 3912 2525 3966; x_wconf 92' lang='lat'><strong>6</strong></span> <span class='ocrx_word' id='word_1_600' title='bbox 2568 3907 2810 3988; x_wconf 77' lang='grc' dir='ltr'>βασιλεὺς</span> <span class='ocrx_word' id='word_1_601' title='bbox 2869 3907 3149 3986; x_wconf 81' lang='grc' dir='ltr'>δεξάμενος</span> <span class='ocrx_word' id='word_1_602' title='bbox 3196 3909 3294 3977; x_wconf 78' lang='grc' dir='ltr'><strong>τὴν</strong></span> <span class='ocrx_word' id='word_1_603' title='bbox 3342 3910 3643 3986; x_wconf 66' lang='grc' dir='ltr'>εἰσήγησιν,</span> 
     </span>
    </p>
   </div>
   <div class='ocr_carea' id='block_1_86' title="bbox 1999 3995 3646 4080">
    <p class='ocr_par' dir='ltr' id='par_1_86' title="bbox 1999 3995 3646 4080">
     <span class='ocr_line' id='line_1_87' title="bbox 1999 3995 3646 4080; baseline -0.002 -24"><span class='ocrx_word' id='word_1_604' title='bbox 1999 4000 2088 4056; x_wconf 82' lang='grc' dir='ltr'><strong>καὶ</strong></span> <span class='ocrx_word' id='word_1_605' title='bbox 2144 3997 2328 4079; x_wconf 72' lang='grc' dir='ltr'>ἄριστα</span> <span class='ocrx_word' id='word_1_606' title='bbox 2387 3997 2534 4080; x_wconf 72' lang='grc' dir='ltr'>ἔχειν</span> <span class='ocrx_word' id='word_1_607' title='bbox 2573 3995 2874 4078; x_wconf 77' lang='grc' dir='ltr'>ὑπολαϐὼν,</span> <span class='ocrx_word' id='word_1_608' title='bbox 2908 3997 3053 4063; x_wconf 69' lang='grc' dir='ltr'>εὐθὺς</span> <span class='ocrx_word' id='word_1_609' title='bbox 3110 3997 3373 4078; x_wconf 72' lang='grc' dir='ltr'>γραφῆναί</span> <span class='ocrx_word' id='word_1_610' title='bbox 3426 4018 3484 4052; x_wconf 88' lang='grc' dir='ltr'><strong>τε</strong></span> <span class='ocrx_word' id='word_1_611' title='bbox 3553 3997 3646 4053; x_wconf 84' lang='grc' dir='ltr'><strong>τὸν</strong></span> 
     </span>
    </p>
   </div>
   <div class='ocr_carea' id='block_1_87' title="bbox 2001 4083 3645 4166">
    <p class='ocr_par' dir='ltr' id='par_1_87' title="bbox 2001 4083 3645 4166">
     <span class='ocr_line' id='line_1_88' title="bbox 2001 4083 3645 4166; baseline -0.002 -21"><span class='ocrx_word' id='word_1_612' title='bbox 2001 4089 2163 4165; x_wconf 85' lang='grc' dir='ltr'>νόμον</span> <span class='ocrx_word' id='word_1_613' title='bbox 2232 4086 2497 4162; x_wconf 73' lang='grc' dir='ltr'>ἐκέλευσε,</span> <span class='ocrx_word' id='word_1_614' title='bbox 2557 4089 2646 4144; x_wconf 87' lang='grc' dir='ltr'>καὶ</span> <span class='ocrx_word' id='word_1_615' title='bbox 2698 4101 2817 4152; x_wconf 78' lang='grc' dir='ltr'>τοῖς</span> <span class='ocrx_word' id='word_1_616' title='bbox 2878 4087 3072 4152; x_wconf 82' lang='grc' dir='ltr'>οἰκείας</span> <span class='ocrx_word' id='word_1_617' title='bbox 3123 4088 3306 4166; x_wconf 82' lang='grc' dir='ltr'>χειρὸς</span> <span class='ocrx_word' id='word_1_618' title='bbox 3364 4083 3645 4143; x_wconf 76' lang='grc' dir='ltr'>ἒϐεϐαίωσε</span> 
     </span>
    </p>
   </div>
   <div class='ocr_carea' id='block_1_88' title="bbox 263 4173 1912 4259">
    <p class='ocr_par' dir='ltr' id='par_1_88' title="bbox 263 4173 1912 4259">
     <span class='ocr_line' id='line_1_89' title="bbox 263 4173 1912 4259; baseline 0.004 -19"><span class='ocrx_word' id='word_1_619' title='bbox 263 4179 410 4259; x_wconf 71' lang='lat' dir='ltr'><strong>priae</strong></span> <span class='ocrx_word' id='word_1_620' title='bbox 466 4199 672 4240; x_wconf 82' lang='lat' dir='ltr'><strong>manus</strong></span> <span class='ocrx_word' id='word_1_621' title='bbox 728 4192 913 4242; x_wconf 87' lang='lat' dir='ltr'><strong>ratam</strong></span> <span class='ocrx_word' id='word_1_622' title='bbox 947 4200 1016 4242; x_wconf 90' lang='lat' dir='ltr'><strong>ac</strong></span> <span class='ocrx_word' id='word_1_623' title='bbox 1049 4173 1282 4243; x_wconf 81' lang='lat' dir='ltr'><strong>ﬁrmam</strong></span> <span class='ocrx_word' id='word_1_624' title='bbox 1311 4202 1442 4246; x_wconf 91' lang='lat' dir='ltr'><strong>esse</strong></span> <span class='ocrx_word' id='word_1_625' title='bbox 1475 4185 1672 4246; x_wconf 84' lang='lat' dir='ltr'><strong>voluit.</strong></span> <span class='ocrx_word' id='word_1_626' title='bbox 1708 4173 1812 4246; x_wconf 82' lang='lat' dir='ltr'><strong>His</strong></span> <span class='ocrx_word' id='word_1_627' title='bbox 1843 4186 1912 4246; x_wconf 87' lang='lat' dir='ltr'><strong>ita</strong></span> 
     </span>
    </p>
   </div>
   <div class='ocr_carea' id='block_1_89' title="bbox 2000 4173 3648 4259">
    <p class='ocr_par' dir='ltr' id='par_1_89' title="bbox 2003 4173 3648 4258">
     <span class='ocr_line' id='line_1_90' title="bbox 2003 4173 3648 4258; baseline -0.002 -24"><span class='ocrx_word' id='word_1_628' title='bbox 2003 4179 2302 4258; x_wconf 79' lang='grc' dir='ltr'>γράμμασι.</span> <span class='ocrx_word' id='word_1_629' title='bbox 2348 4179 2543 4235; x_wconf 87' lang='grc' dir='ltr'>Τούτου</span> <span class='ocrx_word' id='word_1_630' title='bbox 2597 4175 2651 4232; x_wconf 81' lang='grc' dir='ltr'>δὲ</span> <span class='ocrx_word' id='word_1_631' title='bbox 2707 4176 2990 4256; x_wconf 85' lang='grc' dir='ltr'>γενομένου</span> <span class='ocrx_word' id='word_1_632' title='bbox 3049 4176 3250 4233; x_wconf 84' lang='grc' dir='ltr'>διέλυσε</span> <span class='ocrx_word' id='word_1_633' title='bbox 3306 4177 3398 4232; x_wconf 77' lang='grc' dir='ltr'><strong>τὸν</strong></span> <span class='ocrx_word' id='word_1_634' title='bbox 3454 4173 3648 4250; x_wconf 83' lang='grc' dir='ltr'>δεσμὸν</span> 
     </span>
    </p>
   </div>
   <div class='ocr_carea' id='block_1_90' title="bbox 262 4263 1912 4352">
    <p class='ocr_par' dir='ltr' id='par_1_90' title="bbox 262 4269 1912 4352">
     <span class='ocr_line' id='line_1_91' title="bbox 262 4269 1912 4352; baseline 0.003 -22"><span class='ocrx_word' id='word_1_635' title='bbox 262 4272 457 4335; x_wconf 75' lang='lat' dir='ltr'><strong>tactis.</strong></span> <span class='ocrx_word' id='word_1_636' title='bbox 490 4269 661 4330; x_wconf 86' lang='lat' dir='ltr'><strong>divus</strong></span> <span class='ocrx_word' id='word_1_637' title='bbox 693 4269 1040 4332; x_wconf 70' lang='lat' dir='ltr'><strong>Ambrosius</strong></span> <span class='ocrx_word' id='word_1_638' title='bbox 1070 4270 1446 4352; x_wconf 89' lang='lat' dir='ltr'><strong>imperatoris</strong></span> <span class='ocrx_word' id='word_1_639' title='bbox 1481 4275 1778 4336; x_wconf 87' lang='lat' dir='ltr'><strong>vinculum</strong></span> <span class='ocrx_word' id='word_1_640' title='bbox 1806 4274 1912 4336; x_wconf 87' lang='lat' dir='ltr'><strong>sol-</strong></span> 
     </span>
    </p>
   </div>
   <div class='ocr_carea' id='block_1_91' title="bbox 2000 4263 3645 4352">
    <p class='ocr_par' dir='ltr' id='par_1_91' title="bbox 2003 4263 3645 4345">
     <span class='ocr_line' id='line_1_92' title="bbox 2003 4263 3645 4345; baseline -0.002 -21"><span class='ocrx_word' id='word_1_641' title='bbox 2003 4271 2032 4324; x_wconf 71' lang='grc' dir='ltr'><strong>ὁ</strong></span> <span class='ocrx_word' id='word_1_642' title='bbox 2072 4271 2215 4332; x_wconf 75' lang='grc' dir='ltr'>θεῖος</span> <span class='ocrx_word' id='word_1_643' title='bbox 2273 4263 2617 4344; x_wconf 80' lang='grc' dir='ltr'>Ἀμϐρὸσιος,</span> <span class='ocrx_word' id='word_1_644' title='bbox 2676 4268 2764 4323; x_wconf 84' lang='grc' dir='ltr'>καὶ</span> <span class='ocrx_word' id='word_1_645' title='bbox 2822 4269 2850 4322; x_wconf 92' lang='lat'><strong>6</strong></span> <span class='ocrx_word' id='word_1_646' title='bbox 2892 4265 3139 4344; x_wconf 72' lang='grc' dir='ltr'>βασιλεὺς</span> <span class='ocrx_word' id='word_1_647' title='bbox 3197 4266 3333 4323; x_wconf 77' lang='grc' dir='ltr'>εἴσω</span> <span class='ocrx_word' id='word_1_648' title='bbox 3383 4263 3645 4345; x_wconf 75' lang='grc' dir='ltr'>θαῤῥήσας</span> 
     </span>
    </p>
   </div>
   <div class='ocr_carea' id='block_1_92' title="bbox 265 4353 1912 4444">
    <p class='ocr_par' dir='ltr' id='par_1_92' title="bbox 265 4359 1912 4444">
     <span class='ocr_line' id='line_1_93' title="bbox 265 4359 1912 4444; baseline 0.004 -25"><span class='ocrx_word' id='word_1_649' title='bbox 265 4359 382 4422; x_wconf 72' lang='lat' dir='ltr'><strong>vit:</strong></span> <span class='ocrx_word' id='word_1_650' title='bbox 425 4360 750 4440; x_wconf 85' lang='lat' dir='ltr'><strong>imperator</strong></span> <span class='ocrx_word' id='word_1_651' title='bbox 779 4368 976 4421; x_wconf 88' lang='lat' dir='ltr'><strong>autem</strong></span> <span class='ocrx_word' id='word_1_652' title='bbox 1001 4371 1233 4442; x_wconf 89' lang='lat' dir='ltr'><strong>sumpta</strong></span> <span class='ocrx_word' id='word_1_653' title='bbox 1258 4362 1315 4422; x_wconf 91' lang='lat' dir='ltr'><strong>in</strong></span> <span class='ocrx_word' id='word_1_654' title='bbox 1349 4363 1633 4444; x_wconf 90' lang='lat' dir='ltr'><strong>templum</strong></span> <span class='ocrx_word' id='word_1_655' title='bbox 1661 4363 1912 4425; x_wconf 84' lang='lat' dir='ltr'><strong>intrandi</strong></span> 
     </span>
    </p>
   </div>
   <div class='ocr_carea' id='block_1_93' title="bbox 2000 4353 3648 4444">
    <p class='ocr_par' dir='ltr' id='par_1_93' title="bbox 2003 4353 3648 4436">
     <span class='ocr_line' id='line_1_94' title="bbox 2003 4353 3648 4436; baseline -0.002 -22"><span class='ocrx_word' id='word_1_656' title='bbox 2003 4357 2242 4436; x_wconf 89' lang='grc' dir='ltr'>γενέσθαι</span> <span class='ocrx_word' id='word_1_657' title='bbox 2298 4363 2392 4414; x_wconf 81' lang='grc' dir='ltr'><strong>τού</strong></span> <span class='ocrx_word' id='word_1_658' title='bbox 2444 4357 2580 4412; x_wconf 86' lang='grc' dir='ltr'>θείου</span> <span class='ocrx_word' id='word_1_659' title='bbox 2631 4362 2776 4436; x_wconf 81' lang='grc' dir='ltr'>ναοῦ,</span> <span class='ocrx_word' id='word_1_660' title='bbox 2862 4355 2960 4436; x_wconf 72' lang='grc' dir='ltr'><strong>οὐχ</strong></span> <span class='ocrx_word' id='word_1_661' title='bbox 3021 4353 3186 4420; x_wconf 69' lang='grc' dir='ltr'>ἑστὼς</span> <span class='ocrx_word' id='word_1_662' title='bbox 3228 4357 3320 4412; x_wconf 78' lang='grc' dir='ltr'><strong>τὸν</strong></span> <span class='ocrx_word' id='word_1_663' title='bbox 3371 4353 3648 4422; x_wconf 83' lang='grc' dir='ltr'>Δεσπότην</span> 
     </span>
    </p>
   </div>
   <div class='ocr_carea' id='block_1_94' title="bbox 267 4449 1916 4532">
    <p class='ocr_par' dir='ltr' id='par_1_94' title="bbox 267 4449 1916 4532">
     <span class='ocr_line' id='line_1_95' title="bbox 267 4449 1916 4532; baseline 0.002 -21"><span class='ocrx_word' id='word_1_664' title='bbox 267 4449 510 4522; x_wconf 81' lang='lat' dir='ltr'><strong>ﬁducia,</strong></span> <span class='ocrx_word' id='word_1_665' title='bbox 549 4469 666 4511; x_wconf 87' lang='lat' dir='ltr'><strong>non</strong></span> <span class='ocrx_word' id='word_1_666' title='bbox 699 4457 883 4523; x_wconf 90' lang='lat' dir='ltr'><strong>stans,</strong></span> <span class='ocrx_word' id='word_1_667' title='bbox 941 4468 1134 4530; x_wconf 87' lang='lat' dir='ltr'><strong>neque</strong></span> <span class='ocrx_word' id='word_1_668' title='bbox 1164 4450 1224 4510; x_wconf 90' lang='lat' dir='ltr'><strong>in</strong></span> <span class='ocrx_word' id='word_1_669' title='bbox 1273 4469 1465 4530; x_wconf 81' lang='lat' dir='ltr'><strong>genua</strong></span> <span class='ocrx_word' id='word_1_670' title='bbox 1497 4452 1916 4532; x_wconf 90' lang='lat' dir='ltr'><strong>procumbens,</strong></span> 
     </span>
    </p>
   </div>
   <div class='ocr_carea' id='block_1_95' title="bbox 268 4537 1922 4622">
    <p class='ocr_par' dir='ltr' id='par_1_95' title="bbox 268 4537 1922 4622">
     <span class='ocr_line' id='line_1_96' title="bbox 268 4537 1922 4622; baseline 0.002 -22"><span class='ocrx_word' id='word_1_671' title='bbox 268 4539 586 4601; x_wconf 87' lang='lat' dir='ltr'><strong>Dominum</strong></span> <span class='ocrx_word' id='word_1_672' title='bbox 622 4537 994 4619; x_wconf 84' lang='lat' dir='ltr'><strong>precabatur.</strong></span> <span class='ocrx_word' id='word_1_673' title='bbox 1033 4539 1136 4600; x_wconf 88' lang='lat' dir='ltr'><strong>sed</strong></span> <span class='ocrx_word' id='word_1_674' title='bbox 1184 4539 1241 4600; x_wconf 90' lang='lat' dir='ltr'><strong>in</strong></span> <span class='ocrx_word' id='word_1_675' title='bbox 1276 4540 1466 4602; x_wconf 88' lang='lat' dir='ltr'><strong>solum</strong></span> <span class='ocrx_word' id='word_1_676' title='bbox 1501 4541 1723 4603; x_wconf 90' lang='lat' dir='ltr'><strong>nudum</strong></span> <span class='ocrx_word' id='word_1_677' title='bbox 1754 4542 1922 4622; x_wconf 86' lang='lat' dir='ltr'><strong>deje-</strong></span> 
     </span>
    </p>
   </div>
   <div class='ocr_carea' id='block_1_96' title="bbox 268 4627 1917 4707">
    <p class='ocr_par' dir='ltr' id='par_1_96' title="bbox 268 4627 1917 4707">
     <span class='ocr_line' id='line_1_97' title="bbox 268 4627 1917 4707; baseline 0.005 -19"><span class='ocrx_word' id='word_1_678' title='bbox 268 4639 399 4689; x_wconf 85' lang='lat' dir='ltr'><strong>ctus</strong></span> <span class='ocrx_word' id='word_1_679' title='bbox 423 4646 489 4688; x_wconf 87' lang='lat' dir='ltr'><strong>ac</strong></span> <span class='ocrx_word' id='word_1_680' title='bbox 517 4627 1213 4707; x_wconf 79' lang='lat' dir='ltr'><strong>prostratus,Davidicam</strong></span> <span class='ocrx_word' id='word_1_681' title='bbox 1248 4629 1407 4691; x_wconf 92' lang='lat' dir='ltr'><strong>illam</strong></span> <span class='ocrx_word' id='word_1_682' title='bbox 1436 4629 1634 4692; x_wconf 81' lang='lat' dir='ltr'><strong>emisit</strong></span> <span class='ocrx_word' id='word_1_683' title='bbox 1664 4648 1865 4694; x_wconf 86' lang='lat' dir='ltr'><strong>vocem</strong></span> <span class='ocrx_word' id='word_1_684' title='bbox 1903 4656 1917 4697; x_wconf 87' lang='lat'><strong>:</strong></span> 
     </span>
    </p>
   </div>
   <div class='ocr_carea' id='block_1_97' title="bbox 273 4715 1918 4798">
    <p class='ocr_par' dir='ltr' id='par_1_97' title="bbox 273 4715 1918 4798">
     <span class='ocr_line' id='line_1_98' title="bbox 273 4715 1918 4798; baseline 0.005 -26"><span class='ocrx_word' id='word_1_685' title='bbox 273 4742 301 4772; x_wconf 77' lang='grc' dir='ltr'><strong>α</strong></span> <span class='ocrx_word' id='word_1_686' title='bbox 337 4716 630 4796; x_wconf 73' lang='lat' dir='ltr'><strong>Adbazsit,</strong></span> <span class='ocrx_word' id='word_1_687' title='bbox 657 4715 954 4798; x_wconf 86' lang='lat' dir='ltr'><strong>inquiens,</strong></span> <span class='ocrx_word' id='word_1_688' title='bbox 988 4718 1324 4798; x_wconf 80' lang='lat' dir='ltr'><strong>pavimento</strong></span> <span class='ocrx_word' id='word_1_689' title='bbox 1368 4719 1564 4781; x_wconf 88' lang='lat' dir='ltr'><strong>anima</strong></span> <span class='ocrx_word' id='word_1_690' title='bbox 1598 4739 1728 4781; x_wconf 89' lang='lat' dir='ltr'><strong>mea</strong></span> <span class='ocrx_word' id='word_1_691' title='bbox 1761 4739 1774 4783; x_wconf 90' lang='lat'>:</span> <span class='ocrx_word' id='word_1_692' title='bbox 1807 4719 1918 4782; x_wconf 86' lang='lat' dir='ltr'><strong>Vi-</strong></span> 
     </span>
    </p>
   </div>
   <div class='ocr_carea' id='block_1_98' title="bbox 268 4806 1919 4873">
    <p class='ocr_par' dir='ltr' id='par_1_98' title="bbox 268 4806 1919 4873">
     <span class='ocr_line' id='line_1_99' title="bbox 268 4806 1919 4873; baseline 0.006 -10"><span class='ocrx_word' id='word_1_693' title='bbox 268 4807 440 4868; x_wconf 69' lang='lat' dir='ltr'><strong>vilica</strong></span> <span class='ocrx_word' id='word_1_694' title='bbox 471 4824 566 4867; x_wconf 86' lang='lat' dir='ltr'><strong>me</strong></span> <span class='ocrx_word' id='word_1_695' title='bbox 614 4806 943 4867; x_wconf 88' lang='lat' dir='ltr'><strong>secundum</strong></span> <span class='ocrx_word' id='word_1_696' title='bbox 999 4806 1247 4870; x_wconf 77' lang='lat' dir='ltr'><strong>verbum</strong></span> <span class='ocrx_word' id='word_1_697' title='bbox 1309 4819 1471 4871; x_wconf 91' lang='lat' dir='ltr'><strong>tuum</strong></span> <span class='ocrx_word' id='word_1_698' title='bbox 1508 4810 1552 4873; x_wconf 84' lang='grc'><strong>¹.</strong></span> <span class='ocrx_word' id='word_1_699' title='bbox 1590 4834 1617 4870; x_wconf 81' lang='grc'><strong>»</strong></span> <span class='ocrx_word' id='word_1_700' title='bbox 1672 4809 1743 4873; x_wconf 86' lang='grc' dir='ltr'><strong>Ει</strong></span> <span class='ocrx_word' id='word_1_701' title='bbox 1795 4810 1919 4873; x_wconf 91' lang='lat' dir='ltr'><strong>cri-</strong></span> 
     </span>
    </p>
   </div>
   <div class='ocr_carea' id='block_1_99' title="bbox 271 4893 1924 4970">
    <p class='ocr_par' dir='ltr' id='par_1_99' title="bbox 271 4893 1924 4970">
     <span class='ocr_line' id='line_1_100' title="bbox 271 4893 1924 4970; baseline 0.003 -16"><span class='ocrx_word' id='word_1_702' title='bbox 271 4914 377 4955; x_wconf 85' lang='lat' dir='ltr'><strong>nes</strong></span> <span class='ocrx_word' id='word_1_703' title='bbox 442 4893 715 4956; x_wconf 87' lang='lat' dir='ltr'><strong>manibus</strong></span> <span class='ocrx_word' id='word_1_704' title='bbox 763 4895 1011 4969; x_wconf 86' lang='lat' dir='ltr'><strong>vellens,</strong></span> <span class='ocrx_word' id='word_1_705' title='bbox 1070 4906 1128 4958; x_wconf 87' lang='lat' dir='ltr'><strong>et</strong></span> <span class='ocrx_word' id='word_1_706' title='bbox 1171 4897 1385 4960; x_wconf 83' lang='lat' dir='ltr'><strong>faciem</strong></span> <span class='ocrx_word' id='word_1_707' title='bbox 1420 4898 1812 4970; x_wconf 88' lang='lat' dir='ltr'><strong>contundens,</strong></span> <span class='ocrx_word' id='word_1_708' title='bbox 1865 4906 1924 4960; x_wconf 91' lang='lat' dir='ltr'><strong>et</strong></span> 
     </span>
    </p>
   </div>
   <div class='ocr_carea' id='block_1_100' title="bbox 269 4982 1918 5069">
    <p class='ocr_par' dir='ltr' id='par_1_100' title="bbox 269 4982 1918 5069">
     <span class='ocr_line' id='line_1_101' title="bbox 269 4982 1918 5069; baseline 0.002 -25"><span class='ocrx_word' id='word_1_709' title='bbox 269 4982 530 5064; x_wconf 74' lang='lat' dir='ltr'><strong>profusis</strong></span> <span class='ocrx_word' id='word_1_710' title='bbox 581 4982 853 5064; x_wconf 83' lang='lat' dir='ltr'><strong>lacrymis</strong></span> <span class='ocrx_word' id='word_1_711' title='bbox 911 4983 1163 5064; x_wconf 80' lang='lat' dir='ltr'><strong>irrigans</strong></span> <span class='ocrx_word' id='word_1_712' title='bbox 1220 4986 1644 5069; x_wconf 85' lang='lat' dir='ltr'><strong>pavimentum,</strong></span> <span class='ocrx_word' id='word_1_713' title='bbox 1692 4987 1918 5050; x_wconf 87' lang='lat' dir='ltr'><strong>veniam</strong></span> 
     </span>
    </p>
   </div>
   <div class='ocr_carea' id='block_1_101' title="bbox 270 5071 1924 5156">
    <p class='ocr_par' dir='ltr' id='par_1_101' title="bbox 270 5071 1924 5156">
     <span class='ocr_line' id='line_1_102' title="bbox 270 5071 1924 5156; baseline 0.004 -24"><span class='ocrx_word' id='word_1_714' title='bbox 270 5071 558 5154; x_wconf 84' lang='lat' dir='ltr'><strong>consequi</strong></span> <span class='ocrx_word' id='word_1_715' title='bbox 583 5073 956 5156; x_wconf 86' lang='lat' dir='ltr'><strong>properabat.</strong></span> <span class='ocrx_word' id='word_1_716' title='bbox 974 5073 1290 5156; x_wconf 87' lang='lat' dir='ltr'><strong>Postquam</strong></span> <span class='ocrx_word' id='word_1_717' title='bbox 1309 5084 1505 5139; x_wconf 87' lang='lat' dir='ltr'><strong>autem</strong></span> <span class='ocrx_word' id='word_1_718' title='bbox 1527 5077 1597 5139; x_wconf 90' lang='lat' dir='ltr'><strong>ad</strong></span> <span class='ocrx_word' id='word_1_719' title='bbox 1617 5077 1924 5140; x_wconf 74' lang='lat' dir='ltr'><strong>oﬁerenda</strong></span> 
     </span>
    </p>
   </div>
   <div class='ocr_carea' id='block_1_102' title="bbox 273 5163 1924 5244">
    <p class='ocr_par' dir='ltr' id='par_1_102' title="bbox 273 5163 1924 5244">
     <span class='ocr_line' id='line_1_103' title="bbox 273 5163 1924 5244; baseline 0.004 -22"><span class='ocrx_word' id='word_1_720' title='bbox 273 5179 454 5224; x_wconf 68' lang='lat' dir='ltr'><strong>sacra:</strong></span> <span class='ocrx_word' id='word_1_721' title='bbox 472 5178 699 5226; x_wconf 73' lang='lat' dir='ltr'><strong>mensae</strong></span> <span class='ocrx_word' id='word_1_722' title='bbox 718 5181 967 5224; x_wconf 90' lang='lat' dir='ltr'><strong>munera</strong></span> <span class='ocrx_word' id='word_1_723' title='bbox 985 5163 1210 5226; x_wconf 84' lang='lat' dir='ltr'><strong>vocavit</strong></span> <span class='ocrx_word' id='word_1_724' title='bbox 1240 5173 1492 5244; x_wconf 90' lang='lat' dir='ltr'><strong>tempus,</strong></span> <span class='ocrx_word' id='word_1_725' title='bbox 1521 5186 1654 5228; x_wconf 92' lang='lat' dir='ltr'><strong>cum</strong></span> <span class='ocrx_word' id='word_1_726' title='bbox 1684 5166 1924 5229; x_wconf 83' lang='lat' dir='ltr'><strong>ﬂetibus</strong></span> 
     </span>
    </p>
   </div>
   <div class='ocr_carea' id='block_1_103' title="bbox 277 5251 1917 5340">
    <p class='ocr_par' dir='ltr' id='par_1_103' title="bbox 277 5251 1917 5340">
     <span class='ocr_line' id='line_1_104' title="bbox 277 5251 1917 5340; baseline 0.004 -29"><span class='ocrx_word' id='word_1_727' title='bbox 277 5270 390 5313; x_wconf 85' lang='lat' dir='ltr'><strong>non</strong></span> <span class='ocrx_word' id='word_1_728' title='bbox 416 5251 614 5314; x_wconf 88' lang='lat' dir='ltr'><strong>minus</strong></span> <span class='ocrx_word' id='word_1_729' title='bbox 634 5252 886 5334; x_wconf 89' lang='lat' dir='ltr'><strong>copiosis</strong></span> <span class='ocrx_word' id='word_1_730' title='bbox 916 5256 1332 5340; x_wconf 70' lang='lat' dir='ltr'><strong>surgens,gr_ad</strong></span> <span class='ocrx_word' id='word_1_731' title='bbox 1343 5276 1410 5318; x_wconf 90' lang='lat' dir='ltr'><strong>us</strong></span> <span class='ocrx_word' id='word_1_732' title='bbox 1427 5255 1628 5319; x_wconf 87' lang='lat' dir='ltr'><strong>altaris</strong></span> <span class='ocrx_word' id='word_1_733' title='bbox 1648 5256 1878 5318; x_wconf 91' lang='lat' dir='ltr'><strong>scandit</strong></span> <span class='ocrx_word' id='word_1_734' title='bbox 1901 5271 1917 5317; x_wconf 88' lang='lat'><strong>:</strong></span> 
     </span>
    </p>
   </div>
   <div class='ocr_carea' id='block_1_104' title="bbox 273 5342 1922 5427">
    <p class='ocr_par' dir='ltr' id='par_1_104' title="bbox 273 5342 1922 5427">
     <span class='ocr_line' id='line_1_105' title="bbox 273 5342 1922 5427; baseline 0.001 -23"><span class='ocrx_word' id='word_1_735' title='bbox 273 5342 576 5404; x_wconf 83' lang='lat' dir='ltr'><strong>oblatione</strong></span> <span class='ocrx_word' id='word_1_736' title='bbox 630 5361 768 5404; x_wconf 90' lang='lat' dir='ltr'><strong>vero</strong></span> <span class='ocrx_word' id='word_1_737' title='bbox 820 5353 1114 5424; x_wconf 85' lang='lat' dir='ltr'><strong>porrecta,</strong></span> <span class='ocrx_word' id='word_1_738' title='bbox 1173 5344 1325 5408; x_wconf 82' lang='lat' dir='ltr'><strong>intra</strong></span> <span class='ocrx_word' id='word_1_739' title='bbox 1379 5346 1700 5427; x_wconf 86' lang='lat' dir='ltr'><strong>cancellos,</strong></span> <span class='ocrx_word' id='word_1_740' title='bbox 1744 5354 1808 5408; x_wconf 91' lang='lat' dir='ltr'><strong>ut</strong></span> <span class='ocrx_word' id='word_1_741' title='bbox 1836 5345 1922 5406; x_wconf 92' lang='lat' dir='ltr'><strong>illi</strong></span> 
     </span>
    </p>
   </div>
   <div class='ocr_carea' id='block_1_105' title="bbox 275 5431 1924 5510">
    <p class='ocr_par' dir='ltr' id='par_1_105' title="bbox 275 5431 1924 5510">
     <span class='ocr_line' id='line_1_106' title="bbox 275 5431 1924 5510; baseline 0.005 -18"><span class='ocrx_word' id='word_1_742' title='bbox 275 5431 456 5493; x_wconf 90' lang='lat' dir='ltr'><strong>moris</strong></span> <span class='ocrx_word' id='word_1_743' title='bbox 488 5440 641 5507; x_wconf 89' lang='lat' dir='ltr'><strong>erat,</strong></span> <span class='ocrx_word' id='word_1_744' title='bbox 671 5432 910 5496; x_wconf 85' lang='lat' dir='ltr'><strong>mansit.</strong></span> <span class='ocrx_word' id='word_1_745' title='bbox 941 5432 1058 5496; x_wconf 87' lang='lat' dir='ltr'><strong>Sed</strong></span> <span class='ocrx_word' id='word_1_746' title='bbox 1088 5434 1248 5496; x_wconf 91' lang='lat' dir='ltr'><strong>nullo</strong></span> <span class='ocrx_word' id='word_1_747' title='bbox 1273 5435 1470 5510; x_wconf 89' lang='lat' dir='ltr'><strong>modo,</strong></span> <span class='ocrx_word' id='word_1_748' title='bbox 1505 5445 1567 5498; x_wconf 89' lang='lat' dir='ltr'><strong>ut</strong></span> <span class='ocrx_word' id='word_1_749' title='bbox 1595 5436 1720 5498; x_wconf 72' lang='lat' dir='ltr'><strong>haec</strong></span> <span class='ocrx_word' id='word_1_750' title='bbox 1749 5436 1924 5500; x_wconf 89' lang='lat' dir='ltr'><strong>dissi-</strong></span> 
     </span>
    </p>
   </div>
   <div class='ocr_carea' id='block_1_106' title="bbox 275 5520 1922 5606">
    <p class='ocr_par' dir='ltr' id='par_1_106' title="bbox 275 5520 1922 5606">
     <span class='ocr_line' id='line_1_107' title="bbox 275 5520 1922 5606; baseline 0.004 -23"><span class='ocrx_word' id='word_1_751' title='bbox 275 5522 550 5598; x_wconf 76' lang='lat' dir='ltr'><strong>mularet,</strong></span> <span class='ocrx_word' id='word_1_752' title='bbox 584 5520 693 5583; x_wconf 82' lang='lat' dir='ltr'><strong>abs</strong></span> <span class='ocrx_word' id='word_1_753' title='bbox 713 5538 778 5582; x_wconf 84' lang='lat' dir='ltr'><strong>se</strong></span> <span class='ocrx_word' id='word_1_754' title='bbox 806 5523 1144 5606; x_wconf 81' lang='lat' dir='ltr'><strong>impetravit</strong></span> <span class='ocrx_word' id='word_1_755' title='bbox 1163 5540 1332 5587; x_wconf 88' lang='lat' dir='ltr'><strong>sacer</strong></span> <span class='ocrx_word' id='word_1_756' title='bbox 1349 5523 1732 5588; x_wconf 79' lang='lat' dir='ltr'><strong>Ambrosius:</strong></span> <span class='ocrx_word' id='word_1_757' title='bbox 1759 5533 1818 5588; x_wconf 88' lang='lat' dir='ltr'><strong>at</strong></span> <span class='ocrx_word' id='word_1_758' title='bbox 1837 5525 1922 5589; x_wconf 87' lang='lat' dir='ltr'><strong>lo-</strong></span> 
     </span>
    </p>
   </div>
   <div class='ocr_carea' id='block_1_107' title="bbox 353 5692 928 5770">
    <p class='ocr_par' dir='ltr' id='par_1_107' title="bbox 353 5692 928 5770">
     <span class='ocr_line' id='line_1_108' title="bbox 353 5692 928 5770; baseline -0.002 -13"><span class='ocrx_word' id='word_1_759' title='bbox 353 5697 372 5736; x_wconf 86' lang='grc'>¹</span> <span class='ocrx_word' id='word_1_760' title='bbox 409 5693 566 5757; x_wconf 83' lang='lat' dir='ltr'><strong>Psal.</strong></span> <span class='ocrx_word' id='word_1_761' title='bbox 602 5706 801 5770; x_wconf 65' lang='lat' dir='ltr'><strong>cum,</strong></span> <span class='ocrx_word' id='word_1_762' title='bbox 829 5692 928 5756; x_wconf 74' lang='lat'><strong>25.</strong></span> 
     </span>
    </p>
   </div>
   <div class='ocr_carea' id='block_1_108' title="bbox 2001 4443 3649 4526">
    <p class='ocr_par' dir='ltr' id='par_1_108' title="bbox 2001 4443 3649 4526">
     <span class='ocr_line' id='line_1_109' title="bbox 2001 4443 3649 4526; baseline -0.001 -23"><span class='ocrx_word' id='word_1_763' title='bbox 2001 4446 2283 4526; x_wconf 77' lang='grc' dir='ltr'>ἱκέτευσεν,</span> <span class='ocrx_word' id='word_1_764' title='bbox 2343 4443 2458 4502; x_wconf 74' lang='grc' dir='ltr'>οὐδὲ</span> <span class='ocrx_word' id='word_1_765' title='bbox 2511 4446 2578 4500; x_wconf 80' lang='grc' dir='ltr'><strong>τὰ</strong></span> <span class='ocrx_word' id='word_1_766' title='bbox 2636 4443 2835 4522; x_wconf 84' lang='grc' dir='ltr'>γόνατα</span> <span class='ocrx_word' id='word_1_767' title='bbox 2877 4443 3083 4520; x_wconf 84' lang='grc' dir='ltr'>κλίνας,</span> <span class='ocrx_word' id='word_1_768' title='bbox 3133 4443 3269 4502; x_wconf 84' lang='grc' dir='ltr'><strong>ἀλλὰ</strong></span> <span class='ocrx_word' id='word_1_769' title='bbox 3310 4445 3518 4524; x_wconf 75' lang='grc' dir='ltr'>πρηνὴς</span> <span class='ocrx_word' id='word_1_770' title='bbox 3563 4445 3649 4502; x_wconf 74' lang='grc' dir='ltr'>ἐπὶ</span> 
     </span>
    </p>
   </div>
   <div class='ocr_carea' id='block_1_109' title="bbox 2003 4532 3646 4616">
    <p class='ocr_par' dir='ltr' id='par_1_109' title="bbox 2003 4532 3646 4616">
     <span class='ocr_line' id='line_1_110' title="bbox 2003 4532 3646 4616; baseline -0.001 -25"><span class='ocrx_word' id='word_1_771' title='bbox 2003 4539 2204 4615; x_wconf 84' lang='grc' dir='ltr'>γυμνοῦ</span> <span class='ocrx_word' id='word_1_772' title='bbox 2255 4536 2434 4593; x_wconf 83' lang='grc' dir='ltr'>πεσὼν</span> <span class='ocrx_word' id='word_1_773' title='bbox 2488 4537 2582 4592; x_wconf 78' lang='grc' dir='ltr'>τοῦ</span> <span class='ocrx_word' id='word_1_774' title='bbox 2650 4532 2868 4614; x_wconf 69' lang='grc' dir='ltr'>ἐδάφους</span> <span class='ocrx_word' id='word_1_775' title='bbox 2937 4534 3035 4601; x_wconf 68' lang='grc' dir='ltr'>τὴι</span> <span class='ocrx_word' id='word_1_776' title='bbox 3118 4532 3406 4604; x_wconf 71' lang='grc' dir='ltr'>Δαυῖδικὴν</span> <span class='ocrx_word' id='word_1_777' title='bbox 3474 4533 3646 4616; x_wconf 67' lang='grc' dir='ltr'>ἀφῆκε</span> 
     </span>
    </p>
   </div>
   <div class='ocr_carea' id='block_1_110' title="bbox 2004 4621 3648 4706">
    <p class='ocr_par' dir='ltr' id='par_1_110' title="bbox 2004 4621 3648 4706">
     <span class='ocr_line' id='line_1_111' title="bbox 2004 4621 3648 4706; baseline 0 -26"><span class='ocrx_word' id='word_1_778' title='bbox 2004 4625 2210 4706; x_wconf 72' lang='grc' dir='ltr'>φωνην,</span> <span class='ocrx_word' id='word_1_779' title='bbox 2276 4644 2306 4684; x_wconf 69' lang='grc' dir='ltr'><strong>τ</strong></span> <span class='ocrx_word' id='word_1_780' title='bbox 2338 4621 2664 4704; x_wconf 71' lang='grc' dir='ltr'>Ἐκολλήθη,</span> <span class='ocrx_word' id='word_1_781' title='bbox 2703 4646 2726 4679; x_wconf 75' lang='grc' dir='ltr'><strong>ε</strong></span> <span class='ocrx_word' id='word_1_782' title='bbox 2762 4621 2959 4704; x_wconf 73' lang='grc' dir='ltr'>λέγων,</span> <span class='ocrx_word' id='word_1_783' title='bbox 3019 4647 3048 4679; x_wconf 74' lang='grc' dir='ltr'><strong>ε</strong></span> <span class='ocrx_word' id='word_1_784' title='bbox 3093 4630 3170 4699; x_wconf 86' lang='grc' dir='ltr'>τῷ</span> <span class='ocrx_word' id='word_1_785' title='bbox 3209 4622 3384 4704; x_wconf 71' lang='grc' dir='ltr'>ἐδάφει</span> <span class='ocrx_word' id='word_1_786' title='bbox 3412 4624 3449 4693; x_wconf 77' lang='grc' dir='ltr'>ἡ</span> <span class='ocrx_word' id='word_1_787' title='bbox 3493 4623 3648 4702; x_wconf 77' lang='grc' dir='ltr'>ψυχή</span> 
     </span>
    </p>
   </div>
   <div class='ocr_carea' id='block_1_111' title="bbox 2005 4711 3650 4792">
    <p class='ocr_par' dir='ltr' id='par_1_111' title="bbox 2005 4711 3650 4792">
     <span class='ocr_line' id='line_1_112' title="bbox 2005 4711 3650 4792; baseline -0.002 -22"><span class='ocrx_word' id='word_1_788' title='bbox 2005 4736 2106 4790; x_wconf 83' lang='grc' dir='ltr'><strong>μου</strong></span> <span class='ocrx_word' id='word_1_789' title='bbox 2139 4733 2155 4746; x_wconf 85' lang='grc'><em>”</em></span> <span class='ocrx_word' id='word_1_790' title='bbox 2205 4713 2370 4786; x_wconf 80' lang='grc' dir='ltr'>ζῆσόν</span> <span class='ocrx_word' id='word_1_791' title='bbox 2399 4736 2465 4790; x_wconf 90' lang='grc' dir='ltr'><strong>με</strong></span> <span class='ocrx_word' id='word_1_792' title='bbox 2495 4714 2632 4771; x_wconf 77' lang='grc' dir='ltr'>κατὰ</span> <span class='ocrx_word' id='word_1_793' title='bbox 2675 4714 2768 4770; x_wconf 85' lang='grc' dir='ltr'><strong>τὸν</strong></span> <span class='ocrx_word' id='word_1_794' title='bbox 2809 4711 2970 4792; x_wconf 85' lang='grc' dir='ltr'>λόγον</span> <span class='ocrx_word' id='word_1_795' title='bbox 2999 4735 3092 4770; x_wconf 89' lang='grc' dir='ltr'><strong>σου</strong></span> <span class='ocrx_word' id='word_1_796' title='bbox 3123 4733 3137 4749; x_wconf 77' lang='grc' dir='ltr'><strong>ο</strong></span> <span class='ocrx_word' id='word_1_797' title='bbox 3174 4731 3197 4763; x_wconf 81' lang='lat' dir='ltr'><strong>I</strong></span> <span class='ocrx_word' id='word_1_798' title='bbox 3230 4715 3319 4770; x_wconf 83' lang='grc' dir='ltr'><strong>καὶ</strong></span> <span class='ocrx_word' id='word_1_799' title='bbox 3344 4726 3466 4777; x_wconf 76' lang='grc' dir='ltr'>ταῖς</span> <span class='ocrx_word' id='word_1_800' title='bbox 3497 4712 3650 4792; x_wconf 83' lang='grc' dir='ltr'>χερσὶ</span> 
     </span>
    </p>
   </div>
   <div class='ocr_carea' id='block_1_112' title="bbox 2005 4801 3647 4885">
    <p class='ocr_par' dir='ltr' id='par_1_112' title="bbox 2005 4801 3647 4885">
     <span class='ocr_line' id='line_1_113' title="bbox 2005 4801 3647 4885; baseline -0.003 -25"><span class='ocrx_word' id='word_1_801' title='bbox 2005 4801 2198 4861; x_wconf 87' lang='grc' dir='ltr'>τίλλων</span> <span class='ocrx_word' id='word_1_802' title='bbox 2254 4805 2349 4868; x_wconf 73' lang='grc' dir='ltr'><strong>τὰς</strong></span> <span class='ocrx_word' id='word_1_803' title='bbox 2399 4803 2616 4885; x_wconf 81' lang='grc' dir='ltr'>τρίχας,</span> <span class='ocrx_word' id='word_1_804' title='bbox 2643 4803 2732 4861; x_wconf 84' lang='grc' dir='ltr'><strong>καὶ</strong></span> <span class='ocrx_word' id='word_1_805' title='bbox 2771 4803 2834 4860; x_wconf 81' lang='grc' dir='ltr'>τὸ</span> <span class='ocrx_word' id='word_1_806' title='bbox 2863 4802 3111 4878; x_wconf 84' lang='grc' dir='ltr'>μέτωπον</span> <span class='ocrx_word' id='word_1_807' title='bbox 3151 4804 3383 4882; x_wconf 87' lang='grc' dir='ltr'>τύπτων,</span> <span class='ocrx_word' id='word_1_808' title='bbox 3414 4803 3502 4858; x_wconf 85' lang='grc' dir='ltr'>καὶ</span> <span class='ocrx_word' id='word_1_809' title='bbox 3530 4813 3647 4864; x_wconf 77' lang='grc' dir='ltr'>τοῖς</span> 
     </span>
    </p>
   </div>
   <div class='ocr_carea' id='block_1_113' title="bbox 2002 4883 3650 4975">
    <p class='ocr_par' dir='ltr' id='par_1_113' title="bbox 2002 4883 3650 4975">
     <span class='ocr_line' id='line_1_114' title="bbox 2002 4883 3650 4975; baseline -0.002 -26"><span class='ocrx_word' id='word_1_810' title='bbox 2002 4899 2110 4950; x_wconf 85' lang='grc' dir='ltr'><strong>τῶν</strong></span> <span class='ocrx_word' id='word_1_811' title='bbox 2166 4891 2398 4975; x_wconf 87' lang='grc' dir='ltr'>δακρύων</span> <span class='ocrx_word' id='word_1_812' title='bbox 2438 4883 2664 4971; x_wconf 73' lang='grc' dir='ltr'>σταγόσι</span> <span class='ocrx_word' id='word_1_813' title='bbox 2705 4893 2790 4975; x_wconf 16' lang='grc' dir='ltr'><strong>,τὸ</strong></span> <span class='ocrx_word' id='word_1_814' title='bbox 2850 4883 3038 4974; x_wconf 68' lang='grc' dir='ltr'>ἒδαιρος</span> <span class='ocrx_word' id='word_1_815' title='bbox 3092 4891 3470 4972; x_wconf 79' lang='grc' dir='ltr'>καταῤῥαίνων,</span> <span class='ocrx_word' id='word_1_816' title='bbox 3516 4912 3650 4968; x_wconf 86' lang='grc' dir='ltr'>συγ-</span> 
     </span>
    </p>
   </div>
   <div class='ocr_carea' id='block_1_114' title="bbox 2004 4973 3650 5063">
    <p class='ocr_par' dir='ltr' id='par_1_114' title="bbox 2004 4973 3650 5063">
     <span class='ocr_line' id='line_1_115' title="bbox 2004 4973 3650 5063; baseline -0.002 -24"><span class='ocrx_word' id='word_1_817' title='bbox 2004 4983 2229 5061; x_wconf 86' lang='grc' dir='ltr'>γνώμης</span> <span class='ocrx_word' id='word_1_818' title='bbox 2265 4973 2554 5051; x_wconf 21' lang='grc' dir='ltr'>(ἡντιϐόλει</span> <span class='ocrx_word' id='word_1_819' title='bbox 2597 4973 2816 5063; x_wconf 77' lang='grc' dir='ltr'>τυχεῖν.</span> <span class='ocrx_word' id='word_1_820' title='bbox 2872 4973 3088 5040; x_wconf 74' lang='grc' dir='ltr'>Ἐπειδῆ</span> <span class='ocrx_word' id='word_1_821' title='bbox 3147 4982 3202 5038; x_wconf 82' lang='grc' dir='ltr'>δὲ</span> <span class='ocrx_word' id='word_1_822' title='bbox 3244 4981 3333 5038; x_wconf 86' lang='grc' dir='ltr'><strong>καὶ</strong></span> <span class='ocrx_word' id='word_1_823' title='bbox 3385 4981 3415 5035; x_wconf 82' lang='lat'><strong>6</strong></span> <span class='ocrx_word' id='word_1_824' title='bbox 3468 4981 3650 5057; x_wconf 77' lang='grc' dir='ltr'>καιρὸς</span> 
     </span>
    </p>
   </div>
   <div class='ocr_carea' id='block_1_115' title="bbox 2005 5068 3652 5153">
    <p class='ocr_par' dir='ltr' id='par_1_115' title="bbox 2005 5068 3652 5153">
     <span class='ocr_line' id='line_1_116' title="bbox 2005 5068 3652 5153; baseline -0.002 -24"><span class='ocrx_word' id='word_1_825' title='bbox 2005 5073 2188 5136; x_wconf 70' lang='grc' dir='ltr'>ἐκάλει</span> <span class='ocrx_word' id='word_1_826' title='bbox 2241 5078 2310 5150; x_wconf 75' lang='grc' dir='ltr'><strong>τῇ</strong></span> <span class='ocrx_word' id='word_1_827' title='bbox 2349 5076 2467 5153; x_wconf 81' lang='grc' dir='ltr'><strong>ἱερᾷ</strong></span> <span class='ocrx_word' id='word_1_828' title='bbox 2520 5073 2754 5153; x_wconf 76' lang='grc' dir='ltr'>τραπέζῃ</span> <span class='ocrx_word' id='word_1_829' title='bbox 2808 5073 2875 5130; x_wconf 77' lang='grc' dir='ltr'>τὰ</span> <span class='ocrx_word' id='word_1_830' title='bbox 2914 5071 3052 5151; x_wconf 81' lang='grc' dir='ltr'>δῶρα</span> <span class='ocrx_word' id='word_1_831' title='bbox 3078 5081 3474 5151; x_wconf 80' lang='grc' dir='ltr'>προσενεγκεῖν,</span> <span class='ocrx_word' id='word_1_832' title='bbox 3519 5068 3652 5126; x_wconf 73' lang='grc' dir='ltr'>ἀναε-</span> 
     </span>
    </p>
   </div>
   <div class='ocr_carea' id='block_1_116' title="bbox 2005 5155 3651 5243">
    <p class='ocr_par' dir='ltr' id='par_1_116' title="bbox 2005 5155 3651 5243">
     <span class='ocr_line' id='line_1_117' title="bbox 2005 5155 3651 5243; baseline -0.004 -22"><span class='ocrx_word' id='word_1_833' title='bbox 2005 5163 2131 5226; x_wconf 77' lang='grc' dir='ltr'>στὰς</span> <span class='ocrx_word' id='word_1_834' title='bbox 2165 5163 2302 5238; x_wconf 77' lang='grc' dir='ltr'>μετὰ</span> <span class='ocrx_word' id='word_1_835' title='bbox 2342 5168 2448 5219; x_wconf 83' lang='grc' dir='ltr'><strong>τῶν</strong></span> <span class='ocrx_word' id='word_1_836' title='bbox 2489 5162 2628 5221; x_wconf 72' lang='grc' dir='ltr'>ἴσων</span> <span class='ocrx_word' id='word_1_837' title='bbox 2669 5159 2907 5243; x_wconf 84' lang='grc' dir='ltr'>δακρύων</span> <span class='ocrx_word' id='word_1_838' title='bbox 2947 5166 3055 5217; x_wconf 83' lang='grc' dir='ltr'><strong>τῶν</strong></span> <span class='ocrx_word' id='word_1_839' title='bbox 3090 5158 3392 5240; x_wconf 78' lang='grc' dir='ltr'>ἀνακτόρων</span> <span class='ocrx_word' id='word_1_840' title='bbox 3436 5155 3600 5226; x_wconf 76' lang='grc' dir='ltr'>ἒπέϐη</span> <span class='ocrx_word' id='word_1_841' title='bbox 3633 5174 3651 5197; x_wconf 81' lang='grc'>⁶</span> 
     </span>
    </p>
   </div>
   <div class='ocr_carea' id='block_1_117' title="bbox 2005 5247 3652 5336">
    <p class='ocr_par' dir='ltr' id='par_1_117' title="bbox 2005 5247 3652 5336">
     <span class='ocr_line' id='line_1_118' title="bbox 2005 5247 3652 5336; baseline -0.004 -24"><span class='ocrx_word' id='word_1_842' title='bbox 2005 5254 2373 5336; x_wconf 86' lang='grc' dir='ltr'>προσενεγκὼν</span> <span class='ocrx_word' id='word_1_843' title='bbox 2429 5250 2510 5330; x_wconf 70' lang='grc' dir='ltr'>δὲ,</span> <span class='ocrx_word' id='word_1_844' title='bbox 2554 5251 2723 5328; x_wconf 75' lang='grc' dir='ltr'>ἔνδον,</span> <span class='ocrx_word' id='word_1_845' title='bbox 2781 5249 2960 5328; x_wconf 79' lang='grc' dir='ltr'>ὥσπερ</span> <span class='ocrx_word' id='word_1_846' title='bbox 3002 5247 3193 5325; x_wconf 84' lang='grc' dir='ltr'>εἰώθει,</span> <span class='ocrx_word' id='word_1_847' title='bbox 3219 5248 3360 5328; x_wconf 83' lang='grc' dir='ltr'>παρᾶ</span> <span class='ocrx_word' id='word_1_848' title='bbox 3388 5249 3652 5336; x_wconf 40' lang='grc' dir='ltr'>τὰς-κιγ-</span> 
     </span>
    </p>
   </div>
   <div class='ocr_carea' id='block_1_118' title="bbox 2003 5335 3653 5422">
    <p class='ocr_par' dir='ltr' id='par_1_118' title="bbox 2003 5335 3653 5422">
     <span class='ocr_line' id='line_1_119' title="bbox 2003 5335 3653 5422; baseline -0.004 -21"><span class='ocrx_word' id='word_1_849' title='bbox 2003 5342 2183 5409; x_wconf 84' lang='grc' dir='ltr'>κλίδας</span> <span class='ocrx_word' id='word_1_850' title='bbox 2241 5343 2562 5422; x_wconf 82' lang='grc' dir='ltr'>μεμένηκεν,</span> <span class='ocrx_word' id='word_1_851' title='bbox 2623 5338 2773 5400; x_wconf 82' lang='grc' dir='ltr'>Ἀλλ’</span> <span class='ocrx_word' id='word_1_852' title='bbox 2812 5337 2957 5398; x_wconf 74' lang='grc' dir='ltr'>οὐδὲν</span> <span class='ocrx_word' id='word_1_853' title='bbox 2991 5343 3178 5418; x_wconf 79' lang='grc' dir='ltr'><strong>¹ταῦτα</strong></span> <span class='ocrx_word' id='word_1_854' title='bbox 3232 5338 3262 5395; x_wconf 86' lang='lat'><strong>6</strong></span> <span class='ocrx_word' id='word_1_855' title='bbox 3317 5338 3451 5418; x_wconf 77' lang='grc' dir='ltr'>ἱερὲς</span> <span class='ocrx_word' id='word_1_856' title='bbox 3508 5335 3653 5414; x_wconf 76' lang='grc' dir='ltr'>Ἀμ-</span> 
     </span>
    </p>
   </div>
   <div class='ocr_carea' id='block_1_119' title="bbox 2005 5425 3655 5516">
    <p class='ocr_par' dir='ltr' id='par_1_119' title="bbox 2005 5425 3655 5516">
     <span class='ocr_line' id='line_1_120' title="bbox 2005 5425 3655 5516; baseline -0.004 -24"><span class='ocrx_word' id='word_1_857' title='bbox 2005 5432 2216 5515; x_wconf 78' lang='grc' dir='ltr'>ϐρόσιος</span> <span class='ocrx_word' id='word_1_858' title='bbox 2259 5439 2478 5513; x_wconf 76' lang='grc' dir='ltr'>σιγῆσαι</span> <span class='ocrx_word' id='word_1_859' title='bbox 2534 5432 2820 5510; x_wconf 78' lang='grc' dir='ltr'>ἠνέσχετο,</span> <span class='ocrx_word' id='word_1_860' title='bbox 2874 5425 3014 5485; x_wconf 75' lang='grc' dir='ltr'><strong>ἀλλᾶ</strong></span> <span class='ocrx_word' id='word_1_861' title='bbox 3067 5428 3155 5486; x_wconf 78' lang='grc' dir='ltr'>καὶ</span> <span class='ocrx_word' id='word_1_862' title='bbox 3199 5429 3262 5489; x_wconf 75' lang='grc' dir='ltr'><strong>τὸ</strong></span> <span class='ocrx_word' id='word_1_863' title='bbox 3317 5434 3424 5516; x_wconf 84' lang='grc' dir='ltr'><strong>τῶν</strong></span> <span class='ocrx_word' id='word_1_864' title='bbox 3473 5429 3655 5512; x_wconf 76' lang='grc' dir='ltr'>τόπων</span> 
     </span>
    </p>
   </div>
   <div class='ocr_carea' id='block_1_120' title="bbox 2005 5517 3650 5604">
    <p class='ocr_par' dir='ltr' id='par_1_120' title="bbox 2005 5517 3650 5604">
     <span class='ocr_line' id='line_1_121' title="bbox 2005 5517 3650 5604; baseline -0.005 -21"><span class='ocrx_word' id='word_1_865' title='bbox 2005 5524 2235 5587; x_wconf 76' lang='grc' dir='ltr'>διδάσκει</span> <span class='ocrx_word' id='word_1_866' title='bbox 2293 5522 2561 5604; x_wconf 73' lang='grc' dir='ltr'>διάφορον,</span> <span class='ocrx_word' id='word_1_867' title='bbox 2623 5523 2724 5585; x_wconf 76' lang='grc' dir='ltr'><strong>Καὶ</strong></span> <span class='ocrx_word' id='word_1_868' title='bbox 2789 5518 2976 5599; x_wconf 76' lang='grc' dir='ltr'>πρῶτα</span> <span class='ocrx_word' id='word_1_869' title='bbox 3045 5517 3144 5596; x_wconf 79' lang='grc' dir='ltr'>μὶν</span> <span class='ocrx_word' id='word_1_870' title='bbox 3204 5517 3363 5600; x_wconf 70' lang='grc' dir='ltr'>ἤρετο</span> <span class='ocrx_word' id='word_1_871' title='bbox 3406 5519 3458 5577; x_wconf 73' lang='grc' dir='ltr'><strong>εἴ</strong></span> <span class='ocrx_word' id='word_1_872' title='bbox 3508 5539 3650 5584; x_wconf 85' lang='grc' dir='ltr'>τινος</span> 
     </span>
    </p>
   </div>
  </div>
