4172 6182
443 337 590 433 ,67

1849 341 2036 408 VITA
2079 329 2150 402 S.'
2188 340 2544 404 AMBROSII

3827 336 3913 399 68

515 474 710 541 δέοιτο.
769 480 872 537 Τοῦ
926 477 980 535 δὲ
1051 477 1315 558 βασιλέως
1387 478 1660 558 εἰρηκότος
1738 481 1812 544 ὡς
1842 450 1853 462 .
1883 474 2137 558 προσμένι

2256 492 2457 550 corum
2476 473 2798 536 discrimen
2822 473 2987 534 illum
3013 471 3616 552 edocuit.Etprimum
3635 468 3909 552 quidem:

511 567 612 634 τὴν
680 567 789 625 τῶν
856 568 1008 626 θείων
1093 569 1398 647 μυστηρίων
1495 567 1820 649 μετάληψιν,
1880 567 2171 649 ἐδήλωσεν,

490 656 759 736 ,ὑπουργῷ
839 666 916 734 τῷ
972 666 1079 716 τῶν
1131 657 1388 715 διακόνων
1462 658 1746 738 ἡγουμένῳ
1801 659 2166 738 χρησάμενος,

517 743 597 801 ὅτι
656 747 732 804 Τὰ
775 745 942 827 ἔνδον,
988 749 1033 805 ὦ
1089 746 1328 824 βασιλεῦ,
1391 751 1573 823 μόνοις
1625 747 1762 803 ἐστὶν
1814 749 2002 827 ἱερεῦσι
2059 748 2166 825 βάσ-

511 855 643 912 οῗιμα
679 853 691 866 ⁸
747 849 867 901 τστς
926 836 980 892 δὲ
1025 835 1208 902 ἄλλοις
1242 843 1405 894 πᾶσιν
1447 836 1606 896 ἅδυτά
1645 859 1703 893 τε
1749 838 1838 893 καί
1891 834 2156 912 ἄψαυστα,

512 909 690 987 ἸΕξιθι
729 925 922 998 τοίνυν,
954 926 1041 982 καὶ
1072 939 1191 990 τοῖς
1225 924 1403 991 ἄλλοις
1453 928 1694 982 κοινώνει
1742 931 1838 993 τῆς
1872 909 2108 991 στᾶσεως
2141 941 2155 956 ⁸

511 1008 751 1091 ἁλουργὶς
781 1015 882 1093 γὰρ
910 1013 1182 1090 βασιλέας,
1207 1016 1310 1095 οὐχ
1338 1013 1507 1094 ἱερέας
1537 1028 1710 1076 ποιεῖ.

588 1270 740 1354 KC".
778 1284 875 1340 Καὶ
907 1280 1102 1348 ταύτην
1130 1278 1184 1336 δὲ
1215 1282 1243 1337 ὁ
1292 1281 1609 1346 πιστότατος
1658 1279 1937 1346 Θεοδόσιος
1979 1280 2153 1358 ἀσμέ-

2257 582 2394 624 num
2457 563 2596 645 quid
2658 563 3003 644 postularet,
3055 563 3477 642 interrogabat.
3540 560 3911 642 Imperatore

2252 663 2446 714 autem
2511 653 2936 733 respondente,
2999 653 3513 733 participationem
3569 649 3907 711 divinorum

2254 741 2664 822 mysteriorum
2690 760 2823 804 sese
2849 741 3200 821 praestolari,
3237 741 3575 802 ministrum
3607 739 3910 802 adhibens

2249 831 2734 892 archidiaconum
2797 831 2958 892 clare
2991 829 3290 910 professus
3331 838 3420 892 est
3454 851 3468 892 :
3508 827 3819 901 Interiora,
3871 848 3906 885 ο

2246 919 2599 1000 imperator,
2661 919 2770 981 nisi
2825 918 2958 980 unis
3005 917 3416 980 sacerdotibus
3450 938 3567 980 non
3597 927 3731 979 sunt
3759 918 3910 978 ade-

2245 1009 2424 1072 unda.
2468 1009 2768 1088 Egredere
2801 1007 3007 1088 igitur,
3032 1016 3090 1068 et
3117 1008 3390 1070 eamdem
3415 1026 3548 1071 cum
3579 1007 3708 1068 aliis
3732 1006 3906 1068 laicis

2242 1097 2555 1158 stationem
2583 1115 2788 1172 serva;
2831 1116 3090 1178 purpura
3115 1097 3273 1158 enim
3299 1116 3494 1177 reges,
3520 1114 3898 1178 nequaquam

2240 1204 2378 1246 vero
2412 1186 2757 1248 sacerdotes
2789 1187 2950 1248 facit.

2316 1273 2500 1338 XXVI
2509 1273 2696 1338 .Hanc
2717 1284 2912 1337 autem
2927 1273 3446 1354 compellationem
3459 1272 3733 1335 similiter
3749 1271 3896 1334 boni

505 1390 608 1434 νως
666 1367 945 1444 δεξάμενος
1002 1369 1100 1437 τὴν
1158 1370 1457 1450 εἰσήγησιν,
1519 1368 1882 1440 ἀπεδήλωσεν
1951 1372 2024 1434 ὡς
2093 1375 2137 1430 οξ

2237 1364 2554 1426 consulens
2591 1364 2976 1425 fidelissimus
2992 1361 3603 1438 Theodosius,contra
3621 1361 3896 1443 exposuit

500 1459 783 1539 θρασύτητι
839 1457 1120 1537 χρώμενος
1169 1455 1314 1515 ἔνδον
1342 1465 1448 1516 τῶν
1501 1457 1782 1538 κιγκλίδων
1825 1459 2137 1537 μεμένηκεν1

2240 1471 2354 1514 non
2380 1453 2711 1515 temeritate
2735 1455 2885 1515 intra
2898 1452 3194 1514 cancellos
3207 1468 3273 1514 se
3288 1453 3887 1525 remansisse,verum

499 1548 623 1606 ἀλλ’
664 1547 718 1603 έν
789 1547 1338 1605 Κωνσταντινουπόλει
1395 1559 1549 1610 τοῦτο
1640 1549 1844 1626 μαθών.
1904 1551 2137 1610 Τοσαύττ

2234 1541 2372 1621 quia
2385 1541 2894 1622 Constantinopoli
2919 1543 3026 1601 boc
3041 1539 3556 1602 didicerat.Tantze
3573 1541 3805 1600 virtutis
3830 1547 3890 1600 et

497 1638 586 1694 καὶ
644 1634 941 1712 τηλικαύτῃ
970 1637 1057 1694 καὶ
1113 1638 1140 1693 ὸ
1188 1636 1434 1713 βασιλεὺς
1493 1639 1580 1695 καὶ
1623 1641 1652 1695 ὁ
1709 1638 1987 1718 ἀρχιερεὺς
2033 1636 2137 1694 διέ-

2236 1631 2552 1709 imperator
2583 1640 2641 1692 et
2688 1631 3006 1710 episcopus
3036 1630 3169 1690 luce
3217 1627 3555 1718 fulgebant!
3590 1627 3885 1705 Equidem

499 1724 699 1782 λανπον
760 1723 922 1803 ἀρετῇ
953 1739 968 1755 ⁸
1031 1724 1341 1805 ἀμφοτέρων
1397 1728 1498 1806 γὰρ
1550 1725 1718 1805 ἔγωγε
1749 1717 1996 1808 ίόἱγαμαι,
2058 1730 2137 1784 τοί

2235 1718 2392 1778 enim
2416 1726 2731 1799 utrumque
2752 1719 3201 1799 suspicio,hunc
3228 1717 3505 1780 videlicet
3530 1736 3885 1797 generosam

496 1813 593 1890 μέν
637 1813 739 1881 τὴν
780 1811 1096 1894 παῤῥησίαν,
1158 1824 1251 1874 τοῦ
1309 1813 1364 1872 δὲ
1412 1805 1513 1884 την
1555 1805 1842 1872 εὐπείθειαν
1878 1832 1892 1847 ⁸
1940 1805 2028 1873 καὶ
2055 1823 2137 1872 τοῦ

2233 1805 2308 1894 ob
2333 1806 2692 1883 libertatem,
2721 1807 2889 1870 illum
2922 1826 3062 1868 vero
3087 1815 3328 1888 propter
3347 1806 3580 1868 facilem
3601 1807 3891 1869 obedien-

495 1901 595 1978 μὲν
636 1902 736 1970 τὴν
797 1908 889 1958 τοῦ
930 1893 1092 1974 ζήλου
1133 1902 1458 1983 θερμότητα,
1509 1913 1604 1964 τοῦ
1644 1903 1698 1960 δὲ
1754 1905 1854 1973 τὴν
1912 1911 2011 1974 τῆς
2063 1906 2137 1963 πί-

2236 1893 2371 1955 tiam
2405 1914 2419 1955 :
2458 1904 2516 1956 et
2571 1896 2747 1975 hujus
2807 1895 3047 1976 quidem
3109 1895 3300 1957 zelum
3333 1895 3685 1976 ferventem,
3722 1896 3890 1957 illius

491 2013 660 2056 στεως
713 1992 1070 2071 καθαρότητα,
1139 1983 1218 2049 ’Ἃ
1278 1993 1458 2070 μέντοι
1490 2015 1550 2074 γε
1580 1995 1683 2051 ὑπὸ
1725 1994 1818 2050 τοῦ
1845 1998 2137 2071 θαυμαστοῦ

2231 2001 2371 2044 vero
2397 1983 2573 2047 {idem
2598 1984 3076 2056 sinceram.Quin
3101 1985 3225 2046 haec
3249 1992 3449 2057 etiam,
3475 2003 3606 2065 quae
3629 1985 3891 2074 impera-

487 2078 807 2160 Ἀμϐροσίου
878 2081 931 2137 ἐν
990 2086 1059 2158 τῇ
1117 2080 1455 2140 Μεδιολάνων
1505 2072 1540 2140 ήὸ
1624 2081 1870 2160 βασιλεὺς
1921 2081 2137 2141 παιδευ-

2233 2078 2324 2160 tor
2353 2073 2462 2133 sub
2489 2074 2836 2136 admirando
2862 2075 2963 2135 illo
2986 2072 3308 2136 Ambrosio
3329 2073 3895 2136 edidiceratMedio-

485 2171 628 2251 θείη,
686 2176 851 2226 ταῦτα
907 2171 996 2228 καὶ
1057 2173 1130 2238 εἷς
1178 2173 1278 2240 τὴν
1330 2172 1882 2232 Κωνσταντινούπολιν
1913 2172 2137 2230 ἐπανελ-

491 2260 596 2316 θὼν
639 2258 839 2339 ἐτήρει,
867 2260 955 2316 καὶ
985 2259 1191 2324 οὐδενὸς
1220 2262 1421 2320 τούτων
1450 2263 1678 2338 μεθίετο.

579 2338 702 2409 ΚΖ’.
741 2338 960 2427 Ἐροτῆς
1017 2351 1118 2429 γὰρ
1167 2352 1323 2410 αὐτὸν
1379 2350 1541 2408 πάλιν
1597 2353 1738 2416 θείας
1769 2351 1824 2416 ἐς
1868 2352 1959 2410 τὸν
2001 2355 2146 2410 θετον

493 2428 726 2517 ἀγούσης
758 2438 912 2512 νεὼν,
1085 2428 1324 2518 ἱερατικῇ
1380 2439 1614 2518 τραπέζῃ
1672 2440 1738 2496 τὰ
1781 2439 1919 2519 δῶρα
1977 2462 2144 2520 προσ-

493 2528 724 2606 ενεγκὼν
821 2527 965 2589 εὐθὺς
1051 2525 1317 2596 ἐληλύθεε,
1391 2535 1495 2587 Τοῦ
1565 2527 1618 2585 δὲ
1695 2530 1794 2596 τῆς
1863 2528 2151 2597 ἐκκλησίας

490 2613 765 2696 προέδρου,
813 2614 1102 2695 Νεκτάριος
1158 2613 1213 2672 δέ
1267 2624 1560 2685 τηνικαῦτα
1611 2617 1700 2691 ἦν,
1776 2618 1837 2676 Τί
1878 2615 2012 2686 δῆτα
2070 2619 2148 2693 μὴ

491 2704 801 2780 μεμένηκας
849 2701 994 2761 ἔνδον
1029 2723 1045 2785 ς
1120 2701 1484 2778 δηλώσαντος,
1542 2705 1872 2786 δυσχεράνας
1917 2710 1944 2764 ὁ
1986 2710 2146 2785 βασι-

489 2791 636 2868 λεὺς,
669 2789 858 2871 Μόλις,
919 2789 1045 2875 ἔφη,
1095 2791 1356 2869 βασιλέως
1407 2796 1495 2851 καὶ
1523 2795 1701 2873 ἱερέως
1744 2793 2028 2875 έδιδάχθην
2085 2798 2147 2853 τὸ

489 2880 654 2954 μέσον
684 2897 699 2912 ·
746 2880 862 2935 επεὶ
903 2872 992 2935 καὶ
1066 2879 1224 2956 μόλις
1283 2881 1431 2959 εὗρον
1478 2872 1730 2948 ἀληθείας
1804 2872 2143 2960 διδᾶσκαλον,

488 2966 809 3045 Ἀμϐρόσιον
907 2965 1068 3042 μόνον
1165 2967 1450 3027 ἐπίσκοπον
1557 2969 1714 3036 ἀξίως
1791 2969 2140 3047 καλούμενον.

491 3055 752 3114 Τοσοῦτον
803 3052 990 3122 ὄνησιν
1020 3053 1248 3136 ἔλεγχος
1280 3059 1418 3138 πορά
1447 3055 1632 3139 ἀνδρὸς
1690 3058 1854 3139 ἀρετῇ
1910 3057 2144 3138 διαλάμ-

488 3165 678 3210 ποντος
688 3191 701 3207 ,

571 3312 707 3385 ΚΗ’.
755 3322 898 3404 Εἶχε
955 3325 1042 3381 καὶ
1095 3323 1340 3405 ἀφορμὴν
1400 3323 1569 3392 ἀλλην
1628 3325 1885 3405 ὡφελείας
1915 3329 1943 3383 ὃ
1992 3327 2142 3404 βασι-

489 3409 608 3475 λεὺς
671 3411 837 3476 οὕτως
871 3430 887 3446 ⁸
922 3413 958 3481 ἧ
1014 3414 1114 3494 γὰρ
1157 3413 1378 3492 σύζυγος
1420 3414 1602 3472 τούτου
1642 3420 1748 3472 τῶν
1777 3417 1929 3473 θείων
1985 3419 2142 3476 αὐτὸν

488 3504 726 3578 συνεχῶς
773 3499 1134 3576 ἀνεμίμνησκε
1195 3499 1396 3582 νόμων,
1449 3500 1747 3582 φιλοπόνως
1777 3503 1972 3572 ἑαυτὴν
2012 3506 2142 3573 τού-ι

483 3607 596 3650 τοις
652 3588 742 3644 καὶ
785 3591 915 3668 πρὸς
973 3589 1240 3669 ἀκρίϐειαν
1298 3589 1640 3661 ὲκπονήσασα
1674 3610 1687 3626 ⁸
1736 3593 1795 3649 οὐ
1854 3593 1953 3672 γὰρ
1997 3593 2137 3664 έπῆ-

486 3695 572 3753 ρεν
615 3674 782 3744 αὐτὴν
823 3682 923 3745 τῆς
965 3677 1234 3755 βασιλείας
1265 3680 1300 3748 ἡ
1339 3676 1634 3755 δυναστεία,
1680 3679 1817 3737 ἀλλὰ
1859 3683 1948 3738 τὸν
1991 3685 2135 3740 θετον

485 3762 647 3822 πλέον
705 3764 939 3823 ἐνέκαιεν
979 3767 1150 3847 ἔρωτα
1183 3783 1197 3799 ⁸
1261 3771 1358 3835 τῆς
1402 3770 1502 3849 γὰρ
1568 3773 1865 3850 εὐεργεσίας
1907 3772 1968 3827 τὸ
2025 3772 2131 3847 μέ-

483 3855 634 3930 γεθος
678 3862 864 3930 μεῖζον
920 3857 982 3913 τὸ
1024 3857 1142 3935 περὶ
1198 3858 1290 3914 τὸν
1367 3858 1645 3936 εὐεργέτην
1703 3861 1966 3938 εἰργάζετο
2011 3859 2133 3940 φίλ-

480 3962 627 4012 τρον.
689 3943 884 4001 Αὐτίκα
927 3952 1053 4025 γοῦν
1107 3946 1196 4002 καὶ
1237 3953 1344 4002 τῶν
1385 3948 1447 4003 τὸ
1490 3953 1647 4024 σῶμα
1703 3949 2129 4027 πεπηρωμένων,

479 4032 568 4088 καὶ
611 4030 820 4090 ἅπαντα
862 4033 928 4090 τὰ
973 4033 1112 4111 μέλη
1154 4032 1545 4111 λελωϐημένων
1591 4035 1930 4104 παντοδαπὴν
1976 4037 2130 4096 ἐποι-

477 4132 595 4176 εῖτο
651 4119 916 4200 φροντίδα,
965 4126 1060 4181 οὐκ
1121 4122 1378 4198 οἰκέταις,
1440 4121 1554 4179 οὐδὲ
1585 4121 1887 4205 δορυφόροις
1929 4126 2127 4205 ὑπουρ-

478 4219 602 4285 γοϊς
645 4207 986 4288 κεχρημένη,
1045 4207 1164 4265 ἀλλ’
1228 4209 1514 4290 αὐτουργὸς
1563 4211 1840 4293 γινομένη,
1912 4216 1999 4270 καὶ
2056 4216 2128 4280 εἰς

475 4295 571 4358 τὰς
654 4297 858 4352 τούτων
918 4298 1238 4376 καταγωγὰς
1309 4299 1690 4381 ἀφικνουμένη,
1766 4304 1853 4359 καὶ
1923 4303 2130 4379 ἑκάστῳ

476 4384 572 4452 τὴν
630 4385 817 4465 χρείαν
861 4387 1167 4467 πορίζουσα.
1198 4389 1342 4457 Αὐτῆ
1387 4390 1476 4446 καὶ
1505 4396 1610 4448 τῶν
1643 4388 1976 4461 Ἐκκλησιῶν
2006 4395 2126 4461 τοὺς

2230 2159 2661 2230 lani,reversus
2684 2163 3255 2244 Constantinopolim
3272 2162 3398 2244 ipsa
3411 2163 3889 2237 ohservavit,ne-

2231 2268 2350 2330 que
2376 2249 2614 2312 illorum
2648 2252 2848 2314 omisit
2879 2253 3221 2334 quidquam.

2314 2337 2546 2403 XXVII.
2574 2342 2809 2403 Etenim
2829 2342 3084 2422 quodam
3118 2341 3214 2402 die
3245 2341 3394 2402 festo
3415 2359 3546 2402 eum
3568 2341 3764 2403 denuo
3780 2361 3891 2403 vo-

2238 2435 2408 2489 cante
2441 2429 2500 2488 in
2532 2428 2636 2491 Dei
2670 2430 3089 2512 templum,ubi
3119 2449 3303 2492 sacrae
3334 2449 3556 2492 mensae
3585 2431 3739 2492 dona
3769 2431 3889 2492 ob-

2239 2517 2387 2591 tulit,
2448 2520 2640 2579 statim
2705 2538 3017 2599 regressus
3057 2528 3167 2581 est.
3204 2518 3483 2581 Ecclesia:
3513 2527 3700 2580 autem
3737 2539 3862 2600 prae

2235 2604 2387 2680 side,
2446 2607 2492 2668 is
2523 2627 2662 2668 vero
2691 2617 2816 2670 erat
2875 2617 3012 2669 tunc
3061 2606 3394 2683 Nectarius,
3431 2608 3830 2687 interrogante
3864 2627 3880 2669 :

2235 2692 2428 2764 Quare
2447 2703 2509 2758 tu
2533 2697 2691 2758 intus
2714 2716 2830 2758 non
2863 2697 3203 2760 remansisti
3231 2697 3258 2758 ?
3283 2698 3601 2778 imperator
3629 2697 3889 2760 moleste

2232 2783 2454 2847 ferens:
2483 2785 2630 2858 Quid
2663 2788 2821 2849 inter
2863 2789 3306 2870 imperatorem,
3343 2788 3553 2869 inquit,
3577 2797 3632 2873 et
3653 2789 3891 2869 episco-

2233 2891 2371 2952 pum
2395 2878 2471 2936 sit
2501 2877 2893 2954 discriminis,
2929 2879 3018 2940 vix
3074 2880 3311 2940 tandem
3344 2879 3566 2957 didici;
3599 2880 3883 2961 quoniam

2230 2963 2497 3026 veritatis
2523 2967 2864 3046 magistrum
2890 2968 3212 3030 difﬁculter
3247 2968 3468 3050 inveni,
3503 2969 3883 3030 Ambrosium

2230 3052 2484 3136 scilicet,
2519 3055 2618 3136 qui
2650 3057 2812 3118 solus
2835 3057 3013 3136 digne
3044 3065 3287 3119 vocatur
3310 3057 3645 3140 episcopus.
3681 3056 3884 3140 Usque

2227 3140 2376 3203 adeo
2418 3145 2715 3226 correptio
2773 3146 3034 3226 prodest,
3094 3165 3227 3227 quae
3274 3146 3347 3208 ab
3396 3147 3637 3209 homine
3667 3147 3881 3210 virtute

2226 3229 2384 3292 claro
2416 3233 2837 3311 proficiscitur.

2304 3319 2552 3384 XXVIII.
2619 3324 2752 3386 Alia
2801 3342 3040 3406 quoque
3096 3327 3441 3406 imperatori
3471 3325 3576 3388 l'uit
3605 3324 3881 3389 utilitatis

2223 3411 2745 3474 causa.Enimvero
2766 3412 2954 3494 ipsius
2978 3417 3183 3491 conjux
3211 3415 3457 3477 adsidue
3481 3415 3644 3476 illum
3671 3414 3878 3477 admo-

2223 3497 2401 3560 nebat
2449 3501 2660 3563 divinze
2717 3502 2887 3580 legis,
2921 3502 2981 3562 in
3016 3522 3129 3584 qua
3154 3522 3218 3564 se
3251 3505 3435 3585 ipsam
3468 3503 3786 3583 diligenter
3815 3514 3879 3568 et

2219 3599 2491 3651 accurate
2524 3599 2892 3652 exercuerat.
2930 3593 3054 3653 Nec
3085 3591 3244 3653 enim
3279 3593 3438 3655 illam
3491 3593 3726 3674 imperii
3757 3614 3872 3675 po-

2219 3682 2398 3739 testas
2421 3678 2757 3751 extollebat,
2793 3679 2894 3743 sed
2929 3680 2989 3741 in
3032 3699 3100 3742 ea
3155 3682 3337 3762 magis
3369 3681 3728 3744 accendebat
3761 3683 3875 3746 Dei

2216 3783 2478 3828 amorem
2507 3789 2520 3844 ;
2557 3769 2894 3848 magnitudo
2927 3771 3084 3832 enim
3115 3770 3392 3832 beneﬁcii
3423 3789 3562 3850 erga
3593 3772 3870 3851 ejusdem

2215 3864 2515 3918 auctorem
2553 3859 2743 3937 majus
2767 3858 2988 3920 amoris
3010 3859 3369 3922 incentivum
3393 3859 3836 3933 excitabatQua
3853 3899 3873 3910 -

2215 3961 2282 4004 ro
2314 3945 2508 4006 statim
2540 3947 2616 4007 ab
2666 3947 2836 4008 initio
2889 3966 3093 4009 eorum
3154 3949 3254 4029 qui
3286 3968 3573 4030 corporea
3598 3951 3872 4014 caecitate

2214 4040 2316 4093 aut
2349 4034 2749 4097 membrorum
2779 4036 3044 4099 omnium
3077 4037 3387 4100 debilitate
3435 4039 3639 4101 alllicti
3669 4052 3864 4122 erant,

2213 4123 2615 4185 omnimodam
2634 4125 2878 4202 gerebat
2899 4144 3248 4206 curam,non
3272 4127 3732 4189 domesticorum
3765 4142 3871 4193 aut

2211 4212 2531 4274 satellitum
2565 4231 2749 4290 Opera
2778 4224 2974 4289 utens,
3010 4224 3069 4277 at
3097 4216 3227 4297 ipsa
3259 4216 3425 4298 operi
3461 4235 3666 4278 manus
3695 4218 3864 4282 adhi-

2213 4299 2384 4390 bens;
2408 4311 2463 4363 et
2484 4303 2544 4364 in
2567 4303 2828 4384 ipsorum
2851 4305 3080 4382 tuguria
3096 4306 3330 4384 ingredi
3368 4325 3485 4367 nou
3518 4306 3864 4390 dedignata,

2212 4389 2540 4472 unicuique
2586 4393 2921 4454 necessaria
2980 4395 3416 4474 suppeditabat.
3493 4397 3624 4476 Ipsa
3683 4389 3864 4458 etiam

471 4471 704 4538 ξενῶνας
792 4487 1169 4554 περινοστοὺσα
1221 4479 1470 4560 ὑπηρέτει
1527 4481 1648 4537 τότε
1719 4486 1838 4547 τοῖς
1891 4494 2122 4561 νοσοῦσι,

2229 4471 2594 4542 acclesiarum
2632 4471 3069 4544 circumeundo
3091 4471 3356 4544 invisens
3384 4471 3662 4564 hospitia,
3686 4485 3866 4546 mini—

474 4563 562 4652 καὶ
620 4561 940 4640 ἐπεμελεῖτο
997 4568 1087 4624 καὶ
1153 4566 1452 4650 ἐθεράπευε,
1513 4572 1600 4627 καὶ
1674 4571 1872 4652 χύτρας
1948 4573 2123 4633 ἀπτο-

2229 4567 2434 4630 strabat
2462 4570 2721 4649 aegrotis,
2757 4570 2960 4652 eisque
2984 4570 3337 4652 obsequium
3370 4581 3428 4634 et
3454 4561 3656 4634 curam
3689 4573 3866 4635 adhi-

473 4650 635 4728 μένη,
710 4653 816 4747 καὶ⁸
867 4661 1048 4747 ζωμοῦ
1102 4657 1392 4747 γευομένη,
1457 4661 1546 4716 καὶ
1589 4650 1825 4740 τρυϐλίον
1883 4663 2122 4743 προσφέ-

2229 4659 2410 4737 iebat,
2439 4662 2586 4724 ollas
2615 4650 2896 4725 nimirum
2936 4650 3345 4739 fervefaciens,
3374 4665 3673 4746 jusculum
3707 4685 3861 4747 prae-

471 4762 656 4821 ρουσα,
735 4742 824 4798 καὶ
876 4742 1032 4822 ἄρτον
1101 4745 1381 4828 ὀρέγουσα,
1461 4750 1549 4806 καὶ
1619 4748 1812 4808 κάλικα
1881 4742 2120 4828 διασμη-

471 4853 668 4912 χουσα,
715 4831 900 4889 καὶτὰ
954 4831 1090 4891 ἄλλα
1142 4837 1314 4892 πάντα
1367 4838 1722 4917 ἒργαζομένη,
1772 4839 1871 4898 ὅσα
1901 4844 2120 4900 οἱγετῶν

467 4922 556 4978 καὶ
586 4919 968 5001 θεραπαινίδων
1027 4922 1153 5003 ᾂγα
1212 4926 1543 5002 νενόμισται,
1616 4929 1798 4986 Εἰώθει
1853 4927 1907 4986 δὲ
1966 4954 2119 4990 συνε-

468 5015 586 5088 χῶς
637 5011 723 5067 καὶ
775 5013 906 5091 πρὸς
961 5015 1054 5070 τὸν
1083 5014 1342 5094 όμόζυγον
1370 5015 1546 5096 λέγειν
1582 5036 1595 5050 ·
1631 5017 1741 5076 Ἀεί
1784 5041 1866 5097 σε,
1897 5023 1942 5075 ὦ
1971 5020 2115 5104 ἄνερ,

466 5101 726 5176 προσήκει
801 5100 1101 5181 λογίζεσθαι
1151 5106 1203 5161 τί
1250 5106 1347 5181 μὲν
1417 5110 1554 5176 ἦσθα
1597 5108 1786 5184 πάλαι,
1831 5111 1882 5166 τί
1923 5108 1977 5167 δὲ
2021 5100 2118 5191 γέξ

465 5208 625 5275 γονας
696 5196 808 5253 νῦν.
884 5199 1059 5251 Ταῦτα
1101 5195 1202 5275 γὰρ
1245 5193 1502 5263 διηνεκῶς
1559 5197 1938 5272 ἐνθυμούμενος
2022 5205 2116 5261 οὐκ

464 5273 562 5366 ξση
590 5278 724 5366 ’περὶ
792 5281 882 5336 τὸν
938 5273 1222 5363 εὐεργέτην
1275 5284 1570 5366 ἀχάριστος
1603 5303 1617 5318 ⁸
1665 5285 1784 5344 ἀλλ’
1829 5288 1894 5358 ἢν
1958 5287 2114 5356 ἐδέξω

464 5363 747 5458 βασιλείαν,
803 5367 1141 5458 κυβερνήσεις
1227 5363 1486 5452 ἐννόμως,
1567 5377 1656 5432 καὶ
1721 5377 1886 5454 ταύτῃ
1956 5381 2112 5458 θερα-

463 5453 675 5519 πεύσεις
704 5457 798 5513 τὸν
827 5455 1110 5520 δεδωκότα.

543 5619 672 5692 Κθ’.
723 5631 1000 5699 Τοιούτοις
1027 5636 1107 5694 ἀεὶ
1150 5639 1469 5720 κεχρημένη
1499 5638 1682 5719 λόγοις
1731 5642 1823 5700 οἶά
1851 5665 1970 5701 τινα
1998 5664 2104 5701 κα·-

2203 4758 2466 4828 gustans,
2494 4753 2748 4833 patinam
2768 4754 3363 4836 ali'erens,porrigens
3383 4774 3620 4836 partem,
3643 4757 3858 4835 pocula

2203 4839 2508 4922 proluens,
2542 4850 2598 4902 et
2629 4843 2742 4904 elza
2772 4862 3057 4906 exercens
3085 4845 3305 4918 omnia,
3332 4863 3462 4925 quae
3495 4845 3854 4908 famulorum

2200 4936 2377 5009 atque
2398 4931 2747 4993 ancillarum
2773 4951 2955 5013 opera
2983 4932 3350 5012 jndicantur.
3381 4933 3622 4996 Solebat
3647 4942 3849 4996 autem

2203 5016 2445 5080 assidue
2475 5021 2790 5100 conjugem
2823 5021 2917 5083 bis
2954 5024 3313 5104 compellare
3348 5045 3361 5084 :
3399 5021 3483 5084 Te
3514 5042 3775 5104 semper,
3813 5045 3850 5086 ο

2203 5106 2433 5182 marite,
2453 5108 2653 5170 animo
2685 5118 2958 5190 reputare
2981 5114 3348 5188 convenit,et
3377 5112 3517 5194 quid
3549 5112 3687 5174 olim
3721 5113 3852 5176 fue-

2197 5194 2370 5268 ris,et
2395 5216 2568 5275 quem
2600 5198 2656 5259 in
2686 5199 2931 5278 gradum
2969 5219 3122 5263 nunc
3146 5195 3515 5283 perveneris;
3546 5203 3652 5264 ista
3681 5204 3848 5267 enim

2196 5293 2390 5347 tecum
2415 5288 2828 5350 indesinenter
2847 5289 2896 5351 si
2927 5291 3240 5371 recogites,
3303 5291 3362 5352 in
3397 5290 3848 5353 benefactorem

2201 5381 2361 5436 tuum
2376 5376 2644 5456 ingratus
2659 5396 2960 5459 nunquam
2974 5379 3316 5455 evades,sed
3332 5381 3848 5462 imperium,quod

2196 5466 2501 5547 accepisti,
2538 5466 2985 5531 administrabis
3001 5469 3184 5550 aequis
3219 5469 3490 5551 legibus;
3519 5489 3632 5550 qua
3661 5471 3846 5533 etiam

2192 5555 2424 5616 ratione
2442 5555 2703 5618 debitum
2730 5559 2992 5640 largitori
3025 5560 3153 5638 ejus
3172 5563 3442 5622 exsolves
3459 5558 3845 5639 obsequium.

2271 5642 2472 5708 XXIX.
2507 5643 2651 5708 Cum
2671 5666 2912 5729 semper
2935 5647 3034 5709 illa
3056 5649 3349 5727 ejusmodi
3367 5654 3630 5735 uteretur
3643 5648 3848 5712 verbis
