4122 6186
257 316 342 387 69
547 321 554 325 ’
1453 317 1456 320 ’
1478 325 1830 393 AUCTORE
1873 323 2447 391 METAPHRASTE
3569 325 3650 395 7O

253 456 651 537 quaevirtutis
674 456 1004 518 seminibus
1031 457 1338 537 pulchram
1366 459 1426 518 in
1443 460 1696 540 conjuge
1713 457 1903 532 irrisa

2002 451 2102 540 λὴν
2144 453 2351 532 ἀρδείαν
2384 456 2471 512 καὶ
2519 458 2817 539 προσφόρον
2871 469 2988 520 τοῖς
3035 455 3128 525 τῆς
3180 455 3372 528 ἀρετῆς
3417 462 3509 514 τοῦ
3551 455 3647 512 ἆν-

252 548 483 606 tionem
500 553 560 606 et
579 546 1016 608 incrementum
1037 547 1302 626 praebere
1317 539 1577 627 possent,
1602 552 1763 631 prius
1786 554 1903 633 ipsa

1997 539 2114 618 δρὸς
2174 544 2323 625 ἔφερε
2367 545 2655 625 σπέρμασι,
2719 545 2953 627 Προτέρα
3011 545 3194 622 μέντοι
3265 553 3355 604 τοῦ
3429 546 3647 625 συζύγου

250 655 435 716 quam
469 635 558 696 vir
611 635 725 696 fato
759 637 961 698 functa
993 647 1106 699 est.
1142 636 1395 713 Conligit
1423 630 1618 700 autem
1650 649 1782 722 post
1810 630 1903 703 ali-

1997 630 2332 708 ἐτελεύτησε,
2397 635 2485 691 καὶ
2529 633 2720 702 συνέϐη
2766 637 2901 711 μετὰ
2929 635 3123 716 χρόνον
3153 635 3270 692 τινὰ
3309 640 3406 702 τῆς
3458 633 3641 692 τελευ-

251 725 414 804 quod
445 735 676 804 tempus
698 723 771 785 ab
794 725 923 804 ejus
949 733 1136 786 morte
1163 725 1274 786 tale
1304 726 1441 805 quid
1476 721 1903 812 fieri,undepa-

1995 721 2093 788 τῆς
2165 721 2364 780 τοιόνδε
2417 746 2466 780 τι
2553 723 2789 802 γενέσθαι
2851 723 2980 803 ὅπερ
3036 725 3134 793 τὴν
3203 722 3408 792 πολλὴν
3436 725 3642 793 ἱκείνην

247 813 372 875 lam
396 814 1084 894 innotesceret,quonam
1110 813 1432 892 imperator
1453 834 1592 896 erga
1613 837 1743 881 eam
1775 821 1870 883 ani
1888 857 1909 868 -

253 921 379 977 mo,
414 912 701 984 quantave
725 904 1012 964 charitate
1044 912 1201 965 e-set
1238 904 1504 966 affectus.
1541 911 1802 987 Cogente
1833 911 1910 972 si-

250 992 495 1071 quidem
518 992 806 1054 bellorum
836 992 1022 1072 frequ.
1047 992 1520 1074 ntia,imperator
1546 997 1631 1058 rei
1667 1000 1907 1077 pecuni-

245 1081 390 1141 ariae
415 1081 675 1162 inopiam
709 1082 996 1151 tolerans,
1049 1082 1267 1145 tributa
1299 1083 1512 1145 indixit
1541 1085 1900 1153 civitatibus.

243 1167 403 1231 Urbs
437 1170 612 1247 igitur
633 1171 952 1234 Antiochia
978 1190 1108 1232 cum
1142 1172 1285 1232 alias
1317 1177 1499 1233 urbes
1525 1174 1758 1237 tributis
1789 1177 1904 1239 illis

241 1257 520 1320 subditas
537 1260 932 1341 conspiceret,
945 1261 1223 1340 pecunias
1237 1280 1372 1322 vero
1389 1281 1494 1343 per
1507 1265 1617 1324 vim
1635 1266 1808 1346 exigi,
1834 1286 1902 1329 ac

243 1346 410 1409 nulla
444 1349 708 1410 admissa
738 1357 1140 1423 excusatione;
1175 1369 1494 1413 commune
1517 1354 1630 1415 hoc
1653 1359 1898 1436 vectigal

238 1454 621 1516 nequaquam
655 1438 985 1518 ferens,sed
1023 1439 1327 1501 turbarum
1353 1443 1728 1505 occasionem
1763 1445 1898 1508 hinc

237 1526 572 1607 arripiens,
603 1527 798 1608 qualia
849 1528 1057 1607 vulgus
1087 1528 1283 1591 facere
1313 1531 1484 1605 solet,
1526 1535 1772 1612 patravit
1798 1559 1810 1606 ;
1842 1545 1900 1597 et

239 1614 638 1676 nobilissime
656 1615 1059 1684 Placillzejioc
1075 1618 1230 1679 enim
1252 1627 1375 1679 erat
1400 1620 1757 1701 imperatrici
1785 1645 1894 1686 uo-

237 1722 641 1776 nem,azream
669 1715 918 1768 statuam
941 1708 1062 1768 solo
1085 1709 1328 1784 adﬂixit,
1367 1709 1554 1790 ipsam
1584 1712 1754 1773 etiam
1791 1735 1898 1795 per

237 1791 450 1871 plures
482 1793 733 1854 civitatis
761 1795 921 1857 vicos
955 1799 1330 1876 pertrahens.
1791 1791 1805 1795 ⁷
1876 1873 1879 1876 _

323 1881 996 1964 XXX.lmperator,hac
1017 1906 1083 1948 re
1106 1888 1179 1950 ad
1202 1907 1264 1948 se
1296 1888 1740 1963 delata,lantum
1774 1912 1893 1953 mo-

233 1970 746 2050 lestize,quantum
766 1974 1183 2048 decebat,hinc
1213 1976 1712 2056 percipiens,eam
1748 1981 1894 2041 civi-

237 2066 422 2148 tatem
459 2061 716 2140 propriis
744 2061 969 2139 legibus
998 2064 1209 2125 ablatis
1242 2064 1471 2135 multat,
1524 2067 1896 2148 vicinamque

237 2146 457 2208 urbem
484 2149 995 2232 Laodiceam,quaa
1017 2161 1260 2233 propter
1275 2153 1442 2215 littus
1462 2155 1640 2215 maris
1659 2146 1892 2229 sitaest,

239 2234 326 2295 illi
354 2237 745 2316 prmﬁcit,hac
773 2240 1144 2318 potissimum
1175 2241 1262 2302 via
1297 2241 1407 2322 ipsi
1439 2261 1592 2320 aegre
1617 2264 1680 2306 se
1701 2245 1898 2308 facere

243 2342 598 2403 persuasum
615 2326 1505 2410 habens;namqueAntiochiau;
1523 2353 1554 2393 a
1569 2333 1738 2411 longo
1755 2342 1899 2395 tem-

241 2431 391 2492 pore
423 2414 817 2477 aemulabatur
831 2417 1142 2480 Laodicea.
1169 2418 1416 2501 Insuper
1430 2430 1625 2484 autem
1651 2424 1808 2484 illam
1833 2441 1897 2484 se

239 2502 633 2564 incensurum
666 2524 734 2567 ac
759 2505 1092 2568 delt-turum
1127 2508 1533 2584 minitabatur,
1551 2530 1659 2572 nec
1689 2531 1804 2573 non
1836 2511 1896 2572 in

241 2609 460 2670 pagum
484 2594 752 2655 eamdem
774 2615 838 2656 SB
855 2614 1161 2658 CODVCI‘SUI
1182 2617 1592 2679 umzproceres
1605 2619 1739 2662 vero
1754 2621 1894 2662 nun-

239 2681 426 2741 nullis
446 2681 507 2742 in
532 2684 661 2762 ipso
681 2684 957 2747 facinoris
977 2695 1109 2747 actu
1128 2687 1764 2770 correptis,antequam
1785 2699 1897 2751 tra—

239 2770 499 2847 goediam
532 2773 780 2834 resciret
813 2775 1106 2855 princeps,
1147 2785 1396 2837 mortem
1429 2777 1785 2855 irrogarunt.
1826 2781 1898 2842 Et

240 2861 366 2919 haec
391 2859 637 2940 quidem
661 2871 871 2924 cuncta
890 2864 1361 2926 comminabatur
1374 2867 1894 2942 Theodosius,nou

238 2956 443 3008 tamen
464 2947 624 3011 illico
648 2952 1474 3034 exsequebatur,prohibente
1487 2955 1598 3017 hoc
1615 2957 1894 3020 nimirum

238 3036 588 3114 lege,quam
607 3040 838 3103 hortatu
850 3059 955 3102 suo
973 3042 1580 3122 magnusAmbrosius
1594 3046 1896 3108 ferendam

241 3126 701 3192 curaverat.Sed
726 3139 1106 3212 posteaquam
1124 3131 1564 3212 quiminasillas
1579 3134 1733 3196 ferre
1749 3135 1899 3215 jussi

245 3218 782 3290 sunt,veneruntin
806 3219 1014 3281 urbem
1039 3220 1552 3291 Antiochiam(dux
1568 3231 1762 3285 autem
1779 3232 1905 3285 erat

252 3311 392 3363 tunc
444 3303 849 3374 Hallenichus.
911 3317 968 3371 et
1026 3311 1310 3372 Caesarius
1340 3313 1653 3389 praefectus
1685 3321 1904 3392 prato-

245 3394 462 3466 rianis,
501 3397 782 3475 magister
811 3417 947 3459 vero
979 3418 1012 3460 a
1044 3399 1325 3462 Romanis
1356 3399 1594 3474 dicitur,
1628 3401 1727 3481 qui
1760 3401 1904 3463 ade-

251 3492 387 3562 ptus
445 3496 536 3546 est
589 3487 742 3548 hanc
799 3486 1200 3567 dignitatem),
1252 3488 1511 3550 universi
1560 3490 1800 3571 quidem
1843 3491 1903 3552 in

254 3582 415 3633 metu
435 3574 1146 3651 versabantur,minarum
1173 3579 1390 3638 exitum
1421 3577 1904 3644 reformidantes.

253 3659 511 3724 Virtutis
541 3679 742 3726 autem
778 3665 868 3726 illi
915 3667 1175 3746 athletae,
1225 3667 1325 3747 qui
1355 3667 1428 3728 ad
1461 3667 1696 3730 radices
1729 3687 1864 3729 mon
1889 3704 1906 3717 -

256 3751 402 3811 tium
431 3752 797 3828 habitabant,
828 3773 1078 3832 quorum
1114 3760 1322 3834 ingens
1352 3766 1477 3818 erat
1526 3766 1668 3819 tunc
1701 3757 1902 3818 multi-

1995 818 2086 867 τοῦ
2144 810 2405 887 βασιλέως
2465 815 2584 892 περὶ
2626 814 2791 880 αὐτὴν
2848 812 3074 870 διάθεσιν
3129 816 3216 870 καὶ
3271 812 3640 894 φιλοστοργίαν

1992 896 2282 965 ἀπέδειξεν.
2352 892 2484 957 ἰ’πὸ
2546 901 2645 982 γὰρ
2698 908 2804 958 τὼν
2847 907 3059 982 συχνῶν
3106 892 3356 977 πολέμων
3399 892 3640 981 ἀναγκα-

1990 988 2211 1064 ζόμενος
2272 992 2300 1046 ὁ
2361 988 2607 1066 βασιλεὺς
2651 991 2741 1048 καὶ
2783 992 3084 1071 χρημάτων
3135 991 3420 1072 σπανίζων,
3453 994 3638 1071 φόρους

1988 1093 2110 1144 ταῖς
2152 1081 2370 1138 πόλεσιν
2429 1080 2793 1161 ἐπεγράψατο.
2859 1073 2921 1139 Ἠ
2981 1081 3263 1163 Ἀντιόχου
3333 1082 3502 1138 τοίνυν
3544 1107 3638 1162 φο-

1987 1167 2373 1247 ρολογουμένας
2417 1170 2510 1235 τὰς
2570 1170 2752 1249 ἑτέρας
2809 1169 2991 1231 πόλεις
3051 1173 3226 1244 ὁρῶσα
3265 1171 3353 1227 καὶ
3401 1171 3490 1228 σὺν
3548 1173 3636 1248 βίᾳ

1985 1258 2050 1313 τὰ
2105 1260 2361 1338 χρήματα
2416 1259 2504 1314 καὶ
2572 1258 2950 1337 ἀπαραιτήτως
3029 1259 3504 1338 εἰσπραττομένας,
3572 1263 3634 1317 τὸ

1983 1349 2159 1404 κοινὸν
2219 1355 2371 1405 τοῦτο
2425 1346 2576 1412 τέλος
2633 1348 2729 1404 οὒκ
2785 1348 3095 1426 ἐνεγκοῦσα,
3156 1347 3291 1405 ἄλλα
3349 1370 3405 1405 τε
3464 1349 3630 1406 ὁποῖα

1983 1434 2131 1515 φιλεῖ
2185 1435 2352 1516 ὅχλος
2401 1438 2661 1515 πρόφασιν
2721 1438 2794 1501 εἷς
2839 1435 3049 1501 ἀταξίαν
3093 1433 3379 1512 λαμϐάνων
3419 1435 3622 1512 ἔδρασε,

1981 1526 2068 1581 καὶ
2125 1526 2221 1592 τὴν
2266 1523 2482 1604 χαλκῆν
2541 1525 2717 1582 εἰκόνα
2779 1529 2877 1592 τῆς
2921 1526 3269 1604 πανευφήμου
3323 1522 3627 1593 Πλακίλλης

1985 1613 2162 1692 (τοῦτο
2219 1617 2318 1694 γὰρ
2372 1615 2436 1682 ἧν
2494 1613 2662 1690 ὄνομα
2693 1619 2762 1691 τῇ
2814 1613 3071 1693 βασιλίδι)
3101 1616 3398 1692 κατήνεγκε
3426 1615 3513 1670 καὶ
3543 1615 3628 1679 ἰπὶ

1979 1702 2116 1760 πολὺ
2147 1705 2247 1770 τῆς
2279 1702 2487 1767 πόλεως
2519 1705 2975 1783 κατασυράμενος.

2059 1869 2144 1942 Λ’.
2178 1883 2350 1938 Ταῦτα
2404 1881 2698 1958 πυθόμενος
2758 1885 2785 1939 ὃ
2841 1881 3084 1960 βασιλεὺς
3142 1885 3229 1941 καὶ
3283 1882 3629 1969 χαλεπήνας,

1977 1967 2157 2048 ὥσπερ
2215 1970 2354 2033 εἰκός
2399 1971 2489 2050 ἧν,
2537 1973 2603 2028 τὰ
2657 1993 2715 2028 τε
2772 1976 2870 2039 τῆς
2901 1972 3108 2038 πόλεως
3139 1972 3384 2052 ἀφείλετο
3426 1967 3625 2055 δίκαια,

1977 2059 2065 2114 καὶ
2119 2064 2188 2136 τῇ
2256 2066 2452 2138 γείτονι
2511 2059 2665 2117 πόλει
2724 2059 3005 2135 Λαοδικείᾳ
3064 2069 3133 2140 τῇ
3175 2063 3318 2143 παρὰ
3358 2061 3624 2120 θάλασσαν

1978 2145 2173 2204 δέδωκε
2217 2149 2316 2216 τὴν
2370 2150 2682 2227 ἡγεμονίαν,
2746 2152 2912 2227 ταύτῃ
2959 2149 3191 2227 μάλιστα
3249 2152 3476 2227 νομίζων
3523 2155 3624 2211 αὖ-

1977 2238 2100 2303 τοὺς
2155 2237 2391 2295 ἀνιάσειν
2427 2256 2441 2269 ·
2527 2237 2839 2310 ἐζηλοτύπει
2895 2243 2995 2319 γὰρ
3078 2243 3112 2309 ἡ
3200 2240 3475 2298 Λαοδίκεια
3528 2241 3624 2308 τὴν

1979 2323 2318 2407 Ἀντιόχειαν
2404 2327 2624 2389 ἄνωθεν.
2685 2330 2831 2386 Μετὰ
2886 2328 2941 2385 δὲ
2990 2332 3153 2386 ταῦτα
3207 2331 3296 2387 καὶ
3353 2330 3625 2410 ὲμπιπρᾷν

1977 2414 2187 2482 ἠπείλει
2249 2418 2335 2473 καὶ
2392 2416 2671 2474 καταλύειν
2721 2419 2807 2474 καὶ
2879 2421 2952 2483 εἱς
3009 2419 3199 2496 κώμην
3256 2421 3318 2477 τὸ
3361 2419 3487 2478 ἄστυ
3532 2440 3628 2494 με-

1978 2502 2254 2566 ταϐαλεῖν.
2317 2509 2376 2564 Oi
2428 2505 2481 2562 δὲ
2544 2506 2800 2586 ἄρχοντες
2855 2509 2952 2565 καί
3016 2508 3230 2567 ἂνετλόν
3292 2531 3439 2572 τινας
3497 2509 3623 2588 παρ’

1979 2595 2106 2652 αὐτὸ
2154 2591 2502 2659 συλλαϐόντες
2545 2599 2606 2652 τὸ
2650 2595 2906 2672 τόλμημα
2949 2599 3067 2675 πρὶν
3124 2604 3320 2676 γνῶναι
3349 2599 3442 2654 τὸν
3469 2599 3626 2675 βασι-

1978 2679 2073 2738 λέα
2127 2683 2226 2750 τὴν
2294 2681 2608 2761 τραγῳδίαν.
2672 2692 2844 2743 Ταῦτα
2902 2684 2958 2741 δὲ
3028 2687 3196 2742 πάντα
3276 2689 3304 2742 ὁ
3378 2686 3624 2763 βασιλεὺς

1977 2770 2187 2840 ἠπείλει
2217 2772 2339 2850 μὲν,
2387 2772 2445 2828 ού
2512 2773 2620 2848 μὴν
2705 2774 3041 2853 παραχρῆμα
3095 2775 3286 2855 ὶποίει,
3352 2777 3506 2834 τοῦτο
3534 2784 3627 2834 τοῦ

1977 2861 2141 2938 νόμου
2181 2859 2478 2926 κωλύοντος
2509 2885 2567 2938 9v
2597 2860 2916 2942 Ἀμϐρόσιος
2959 2865 2988 2918 ὁ
3018 2862 3184 2940 μέγας
3223 2866 3437 2931 τεθῆναι
3490 2885 3624 2943 παρ-

1979 2951 2189 3028 ῄνεσεν.
2223 2949 2442 3019 Ἐπειδὴ
2472 2949 2528 3006 δὲ
2571 2954 2714 3030 παρὰ
2755 2953 2852 3020 τὴν
2896 2951 3235 3031 Ἀντιόχειαν
3279 2955 3410 3020 ἧκον
3453 2955 3500 3008 οἱ
3531 2953 3626 3018 τὰς

1982 3038 2203 3102 ἀπειλὰς
2251 3037 2452 3103 ὲκείνας
2483 3041 2788 3118 κομίζοντες
2840 3038 3175 3120 (Ἐλλένιχος
3233 3061 3290 3095 τε
3333 3043 3629 3120 στρατηγὸς

1985 3131 2272 3198 τηνικαῦτα
2325 3129 2398 3186 ὥν
2453 3133 2541 3186 καὶ
2599 3132 2881 3210 Καισάριος
2937 3135 3042 3186 τῶν
3083 3128 3365 3206 βασιλείων
3402 3130 3635 3210 ἡγουμέ·

1987 3243 2100 3300 νος,
2151 3220 2440 3298 μάγιστρον
2497 3217 2550 3275 δὲ
2608 3223 2654 3276 οἱ
2715 3210 2972 3296 Ῥωμαῖοι
3017 3217 3236 3276 καλοῦσι
3291 3222 3384 3275 τὸν
3437 3220 3634 3288 ταύτην

1987 3307 2184 3389 ἔχοντα
2237 3311 2336 3378 τὴν
2386 3309 2608 3390 ἀρχὴν),
2664 3307 2718 3367 ὲν
2774 3307 2876 3366 δέει
2936 3309 3032 3384 μὲν
3089 3309 3227 3375 ἦσαν
3270 3307 3497 3374 ἅπαντες
3541 3311 3635 3374 τὰς

1989 3398 2212 3463 ἀπειλὰς
2294 3400 2730 3480 περιπεφρικότες
2767 3418 2780 3432 ⁸
2842 3400 2888 3455 οἱ
2958 3397 3013 3454 δὲ
3064 3399 3162 3467 τὴν
3234 3398 3496 3478 ὑπώρειαν
3546 3400 3630 3457 οἱ·

1987 3495 2201 3552 κοῦντες
2259 3494 2358 3557 τῆς
2411 3489 2598 3569 ὰρετῆς
2671 3485 2894 3556 ἀθληταὶ
2953 3485 3167 3563 (πολλοὶ
3216 3484 3271 3543 δὲ
3320 3487 3457 3555 ἦσαν
3515 3486 3637 3545 κατ’

1988 3577 2163 3635 έκεῖνο
2225 3577 2426 3659 καιροῦ)
2485 3579 2812 3657 συνήχθοντο
2881 3591 2999 3642 τοῖς
3056 3583 3124 3654 τῇ
3181 3575 3378 3644 ἄπειλῆ
3433 3575 3634 3636 ὑποϐε-

1987 3665 2297 3742 ϐλημένοις,
2384 3668 2472 3723 καὶ
2541 3665 2886 3746 περιέτρεχον
2956 3668 3261 3746 πανταχοῦ,
3337 3667 3424 3723 καὶ
3506 3665 3636 3746 ὑπὲρ

1986 3762 2091 3814 τῶν
2122 3755 2489 3832 κολαζομένων
2519 3758 2592 3814 ὡς
2619 3755 2836 3811 δυνατὸν
2877 3755 3231 3834 παρεκάλουν,

258 3841 422 3916 tudo,
486 3841 561 3903 iis
615 3863 760 3924 quos
793 3845 1157 3923 percellebat
1209 3846 1613 3927 comminatio,
1666 3846 2201 3927 compatiebantur,
2265 3853 2322 3906 et
2377 3844 2842 3926 circumquaque
2901 3851 3235 3918 cursantes,
3287 3841 3363 3905 de
3392 3842 3467 3906 iis
3497 3843 3634 3906 viris

256 3930 355 4010 qui
387 3932 681 4012 supplicio
711 3933 944 3995 fuerant
973 3935 1185 4016 affecti,
1221 3944 1503 4016 quantum
1535 3935 1773 4010 licebat,
1809 3936 1953 3999 alios
1983 3933 2347 4016 solabamur.

338 4018 544 4082 XXXI.
608 4022 772 4084 Unus
825 4032 1022 4084 autem
1083 4014 1325 4085 exiit—lis
1373 4033 1498 4086 erat
1527 4024 1616 4086 vir
1645 4032 1895 4101 sanctus,

2072 4014 2206 4086 AA'.
2239 4025 2338 4090 Εἷς
2368 4023 2423 4080 δέ
2452 4047 2532 4089 τις
2574 4023 2626 4091 ἐξ
2670 4024 2843 4083 αὐτῶν
2872 4023 3007 4103 ἀνὴρ
3048 4021 3224 4102 ἅγιος,
3273 4025 3434 4104 ἀρετῇ
3486 4020 3633 4101 πάσῃ

257 4117 583 4170 exornatus
614 4111 779 4171 omni
802 4111 1042 4185 virtute,
1069 4121 1127 4173 et
1155 4112 1254 4193 qui
1287 4113 1384 4174 die
1407 4124 1699 4194 nocteque
1731 4131 1903 4196 puras

1991 4115 2396 4191 κεκοσμημένος
2452 4116 2538 4171 καὶ
2580 4115 2782 4194 νύκτωρ
2838 4115 2924 4170 καὶ
2968 4111 3084 4190 μεθ’
3123 4113 3327 4192 ἡμέραν
3385 4119 3462 4188 τῷ
3520 4119 3636 4168 Σω-

255 4198 567 4260 orationes
591 4201 854 4262 omnium
889 4201 1178 4264 Salvatori
1201 4201 1620 4265 otl'erebat.llic
1653 4223 1763 4266 nec
1791 4204 1903 4264 im-

1991 4209 2112 4282 τῆρι
2181 4209 2288 4260 τῶν
2344 4202 2482 4260 ὅλων
2558 4205 2786 4284 καθαρὰς
2869 4202 3178 4284 προσφέρων
3248 4202 3435 4283 εὺχᾶς,
3490 4204 3638 4267 οὗτος

258 4289 552 4368 peratoris
612 4290 760 4351 iram
812 4300 1107 4367 metuens,
1161 4311 1271 4354 nec
1323 4310 1528 4354 eorum
1581 4292 1684 4373 qui
1745 4289 1903 4353 missi

1994 4291 2112 4348 οὔτε
2165 4293 2257 4348 τοῦ
2333 4291 2595 4370 βασιλέως
2681 4291 3041 4372 καταπλαγεὶς
3110 4291 3208 4360 τὴν
3274 4293 3436 4370 ὀργὶν
3518 4291 3637 4349 οὕτε

258 4387 452 4450 erant,
510 4387 856 4458 potestatem
908 4381 1104 4442 animo
1136 4389 1437 4461 reputans,
1498 4401 1632 4444 cum
1687 4382 1744 4442 in
1779 4400 1903 4443 me-

1993 4379 2398 4438 ἆποσταλέντων
2462 4382 2562 4450 τὴν
2609 4381 2844 4448 ἐξουσίαν
2915 4383 2989 4447 εἷς
3060 4391 3178 4441 νοῦν
3245 4378 3446 4459 λαϐὼν,
3501 4381 3637 4438 κατὰ

262 4466 416 4528 diam
452 4467 659 4530 urbem
692 4470 972 4551 venisset,
1027 4478 1086 4532 et
1144 4470 1400 4534 amiculo
1457 4474 1706 4534 alterum
1751 4471 1903 4550 lega-

1996 4470 2156 4546 μέσον
2197 4472 2259 4528 τὸ
2308 4471 2437 4528 ἂστυ
2492 4472 2798 4551 γενόμενος,
2829 4472 2917 4529 καὶ
2963 4476 3063 4536 τῆς
3120 4469 3370 4551 χλανίδος
3419 4469 3637 4551 Θατέρου

264 4566 453 4618 torem
513 4559 1030 4638 apprehendisset,
1084 4561 1264 4640 jussit
1295 4571 1609 4641 utrumque
1637 4579 1707 4624 ex
1745 4560 1914 4640 equis

263 4646 662 4708 descendere.
721 4647 790 4708 Hi
823 4666 960 4710 vero
993 4668 1232 4729 parvum
1267 4651 1618 4724 seniculum,
1659 4667 1914 4730 eumque

265 4735 362 4795 viti
408 4754 605 4816 panno
631 4736 907 4800 vestitum
947 4739 1298 4819 conspicati,
1326 4739 1516 4821 primo
1544 4739 1784 4821 quidem
1817 4740 1913 4800 in—

265 4823 664 4903 dignabantur
735 4827 812 4890 At
867 4847 1000 4889 cum
1053 4837 1258 4909 postea
1307 4829 1544 4910 quidam
1594 4847 1662 4891 ex
1712 4828 1784 4890 iis
1813 4831 1913 4909 qui

266 4915 696 4996 sequebantur,
730 4917 1000 4980 virtutem
1029 4919 1138 4980 viri
1191 4920 1684 4990 manifestassent,
1719 4919 1914 4979 conti-

267 5023 380 5066 nuo
405 5005 764 5068 desilierunt
796 5025 865 5070 ex
897 5007 1086 5088 equis,
1106 5017 1164 5070 et
1195 5009 1351 5071 illius
1381 5027 1572 5088 genua
1595 5007 1911 5088 complexi,

273 5094 497 5158 veniam
560 5094 877 5176 petierunt.
937 5097 1041 5158 Vir
1096 5107 1289 5160 autem
1321 5106 1582 5172 sanctus,
1617 5116 1685 5158 ac
1717 5095 1915 5158 divina

272 5185 479 5261 plenus
510 5183 820 5264 sapientia,
858 5185 955 5248 tali
996 5187 1149 5268 apud
1187 5205 1290 5250 eos
1317 5207 1453 5249 usus
1486 5195 1575 5248 est
1596 5185 1862 5248 oratione
1897 5203 1909 5248 :

270 5273 478 5348 Dicite,
505 5293 540 5334 ο
572 5292 708 5336 cara
741 5275 952 5355 capita,
1007 5276 1350 5356 imperatori
1382 5298 1402 5339 :
1433 5275 1562 5338 Non
1596 5276 1916 5355 imperator

273 5365 484 5441 solum,
521 5380 722 5423 verum
756 5364 930 5426 etiam
963 5365 1140 5427 homo
1170 5366 1400 5427 exsistis
1445 5388 1457 5425 :
1503 5384 1577 5427 ne
1606 5364 1786 5445 igitur
1811 5383 1911 5425 so-

272 5449 388 5513 lum
423 5450 767 5532 imperium,
800 5453 904 5515 sed
955 5452 1142 5534 ipsam
1196 5473 1431 5537 quoque
1474 5462 1741 5516 naturam
1772 5472 1916 5514 con-

273 5542 544 5616 sideres;
604 5561 736 5603 cum
789 5541 946 5604 enim
1003 5545 1180 5605 homo
1237 5543 1340 5620 sis,
1393 5543 1660 5624 ejusdem
1692 5549 1916 5604 naturae

274 5630 650 5692 consortibus
714 5632 988 5712 imperas.
1040 5631 1308 5694 Humana
1355 5649 1532 5711 porro
1581 5642 1789 5695 natura
1841 5631 1915 5692 ad

1993 4565 2099 4616 τῶν
2158 4559 2564 4617 ἀποσταλέντων
2609 4561 2886 4642 ἀρχόντων
2934 4559 3252 4636 λαϐόμενος,
3313 4559 3635 4642 ἀμφοτέρους

1996 4647 2056 4704 ὲκ
2109 4655 2217 4706 τῶν
2270 4648 2457 4706 ἵππων
2512 4649 2805 4720 καταϐῆναι
2865 4649 3091 4710 κελεύει.
3138 4652 3199 4709 Οἱ
3243 4647 3297 4706 δὲ
3345 4651 3530 4729 μικρόν
3587 4670 3636 4704 τι

1995 4738 2262 4818 γερόντιον
2319 4737 2505 4807 εὖτελῆ
2563 4740 2717 4817 ῥάκια
2799 4737 3249 4819 περιϐεϐλημένον
3299 4736 3517 4809 ἰδόντες,
3577 4737 3638 4793 τὸ

1997 4833 2204 4907 πρῶτον
2253 4831 2352 4905 μὲν
2405 4831 2494 4886 καὶ
2549 4827 2806 4910 χαλεπῶς
2884 4828 3092 4911 ἔφερον,
3150 4828 3334 4886 ἔπειτα
3383 4825 3437 4883 δέ
3498 4847 3636 4890 τινες

1997 4923 2102 4973 τῶν
2158 4918 2527 4995 συνεπομένων
2573 4920 2669 4987 τὴν
2715 4929 2809 4979 τοῦ
2850 4917 3034 4998 ἀνδρὸς
3084 4916 3353 4988 ἐδήλωσαν
3395 4914 3585 4994 ἀρετήν
3619 4934 3634 4952 ο

1997 5006 2376 5084 κατεπήδησαν
2430 5030 2488 5064 τε
2541 5013 2645 5067 τῶν
2689 5008 2875 5066 ἵππων
2931 5010 3096 5078 εὐθύς,
3150 5006 3238 5063 καὶ
3280 5007 3385 5061 τῶν
3444 5003 3640 5060 ἐκείνου

1995 5098 2233 5177 γονάτων
2290 5096 2572 5174 λαϐόμενοι
2630 5098 2949 5179 συγγνώμην
3002 5096 3237 5168 ἐζήτουν,
3297 5084 3354 5151 Ὀ
3385 5091 3440 5149 δὲ
3497 5091 3643 5158 ὅσιος

1996 5187 2127 5266 ἀνὴρ
2179 5186 2274 5256 τῆς
2330 5187 2472 5252 Θείας
2513 5187 2698 5268 σοφίας
2757 5188 3069 5268 ἐμφορηθεὶς
3097 5181 3336 5241 τοιοῖσδε
3377 5185 3507 5263 πρὸς
3551 5185 3642 5239 αὗ-

1996 5277 2118 5340 τοὺς
2151 5275 2420 5357 ἐχρήσατο
2464 5277 2644 5357 λόγοις
2678 5294 2692 5309 ⁸
2727 5275 2928 5336 Εἴπατε
2957 5274 3048 5348 δὴ,
3079 5277 3124 5330 ὦ
3158 5270 3298 5354 φίλοι
3330 5269 3532 5352 ἄνδρες,
3564 5279 3642 5348 τῷ

1996 5364 2210 5444 βασιλεῖ
2243 5381 2256 5397 ⁸
2293 5368 2364 5425 Ού
2405 5365 2656 5445 βασιλεὺς
2713 5366 2768 5422 εἶ
2827 5364 3016 5441 μόνον,
3060 5361 3198 5420 ἆλλὰ
3226 5363 3315 5420 καὶ
3344 5361 3634 5443 ἄνθρωπος’

1998 5456 2076 5532 μὴ
2120 5455 2288 5513 τοίνυν
2346 5457 2478 5536 πρὸς
2535 5457 2703 5532 μόνην
2757 5452 2853 5533 ὅρα
2894 5454 2992 5522 τὴν
3034 5451 3327 5531 βασιλείαν,
3361 5451 3498 5509 ἀλλὰ
3555 5452 3644 5509 καὶ

1995 5545 2097 5615 τὴν
2139 5545 2293 5626 φύσιν
2339 5544 2504 5612 αὐτὴν
2557 5543 2766 5622 λογίζου
2799 5557 2813 5573 ⁰
2875 5540 3147 5623 ἄνθρωπος
3205 5543 3304 5623 γὰρ
3361 5541 3458 5614 ὥν,
3513 5543 3643 5618 ὁμο⁸

1999 5635 2142 5714 φύῶν
2196 5631 2516 5710 βασιλεύεις.
2564 5629 2694 5690 Κατ’
2756 5632 2931 5689 εἰκόνα
2974 5631 3028 5688 δὲ
3098 5631 3240 5689 θείαν
3319 5631 3406 5687 καὶ
3459 5630 3644 5707 ὁμοίου
