4172 6182
3828 282 3910 345 7‘2

518 288 589 354 71
1354 291 1539 354 VITA
1586 290 1647 352 S.
1695 285 2056 353 AMBROSII
2099 283 2450 350 AUGTORE
2493 283 3063 349 METAPI—IRASTE

521 448 604 483 σιν
659 411 874 490 πάντως
933 426 969 494 ἡ
1027 430 1133 482 τῶν
1209 422 1496 500 ἀνθρώπων
1555 419 2008 500 δεδημιούργηται
2077 419 2149 500 φύ

2254 419 2567 498 imaginem
2593 439 2662 481 ac
2681 419 3135 483 similitudinem
3161 419 3425 480 divinam
3444 415 3687 478 omnino
3710 417 3911 478 efficta

515 535 598 579 σις
632 533 648 549 ⁸
713 514 791 589 μὴ
848 515 1018 570 τοίνυν
1061 516 1224 590 ὡμῶς
1285 511 1422 568 οὕτω
1477 513 1566 568 καὶ
1617 509 1837 577 ἀπηνῶς
1890 515 1983 566 τοῦ
2039 516 2149 567 Θεοί

2252 516 2383 581 est;
2441 510 2718 590 quocirca
2773 510 2889 570 noli
2950 519 3066 570 tam
3124 507 3453 570 crudeliter
3480 505 3906 587 atqueimma-

515 605 616 672 τὴν
662 603 838 660 είκόνα
911 602 1092 659 κέλευε
1145 601 1604 679 κατασφάττεσϐαι
1638 619 1652 634 ⁸
1715 596 2018 676 παροξύνεις
2070 599 2149 678 γάε

2253 598 2408 660 uiter
2460 599 2778 678 imaginem
2836 599 2940 660 Dei
2990 598 3384 677 jugulandam
3419 596 3781 676 prmcipere;
3817 593 3906 654 sic

517 691 654 749 οὕτω
708 692 800 748 τὸν
857 693 1212 772 Δημιουργὸν,
1286 693 1387 757 τὴν
1448 688 1644 746 ἐκείνου
1685 687 1923 760 κολάζων
1968 688 2143 744 εἰκόνα

2253 687 2412 749 enim
2445 688 2515 748 ad
2548 689 2689 749 iram
2723 688 2986 749 concitas
3017 687 3352 757 Artificem,
3396 687 3537 745 dum
3566 685 3623 744 in
3655 685 3785 763 ejus
3810 681 3908 744 ef-

519 781 804 846 Σκόπησον
845 783 970 858 γοῦν
1027 783 1100 843 ὡς
1155 780 1246 836 καὶ
1295 779 1356 836 σὺ
1385 857 1392 859 Δ
1421 777 1638 859 χαλκῆς
1695 777 1849 834 ἕνεκα
1895 774 2149 856 δυσχεραίι

2253 776 2444 854 figiem
2477 777 2920 839 animadvertis.
2950 776 3259 855 Perpende
3290 775 3466 854 igitur
3504 772 3905 854 quemadmo-

515 891 617 926 νων
679 857 879 932 εἰκόνος
922 877 1089 926 ταῦτα
1117 881 1318 932 ποιεῖς,
1357 857 1530 926 ’Ὅσον
1573 865 1627 923 δὲ
1683 872 1779 935 τῆς
1813 865 2027 945 ἀψύχου
2057 865 2149 922 δια·

2249 865 2385 925 dum
2420 876 2477 926 tu
2510 866 2637 946 ipse
2670 876 2910 947 propter
2931 868 3176 944 ﬁguram
3203 882 3420 926 aeream
3445 868 3696 940 graviter
3728 879 3905 922 com-

514 958 658 1037 φέρει
717 960 752 1027 ἡ
811 957 1057 1037 ἔμψυχος
1109 959 1196 1014 καὶ
1252 964 1395 1029 ζῶσα
1436 958 1523 1014 καὶ
1557 955 1773 1034 λογικὴ,
1807 954 1966 1022 δῆλον
1997 952 2149 1012 ἅπασι

2248 967 2439 1016 motus
2469 956 2610 1016 istas
2634 955 2933 1034 designas.
2957 954 3186 1026 Quanto
3216 962 3412 1013 autem
3438 952 3631 1028 imago
3662 951 3904 1031 spirans

512 1060 630 1110 τοῖς
683 1068 740 1104 τε
792 1056 911 1106 νοῦν
970 1045 1188 1127 ἔχουσιν
1241 1048 1437 1121 ὁμοίως
1479 1048 1567 1103 καὶ
1611 1045 1857 1113 αἴσθησιν
1928 1046 2064 1120 Πρὸς
2104 1043 2149 1099 δὲ

2244 1051 2301 1103 et
2349 1063 2474 1105 vnva
2521 1053 2579 1106 et
2629 1045 2935 1106 rationalis
2991 1043 3184 1124 potior
3231 1052 3348 1113 est,
3397 1059 3574 1121 quam
3609 1040 3895 1111 inanima,

509 1137 710 1200 τούτοις
760 1135 1060 1214 λογισάσίνω
1133 1136 1355 1194 κάκεῖνο
1391 1153 1407 1170 ⁸
1491 1137 1563 1199 ὡς
1621 1137 1758 1210 ἡμῖν
1829 1135 1927 1210 μέν
1983 1132 2149 1212 ῥᾴδιον

2242 1133 2621 1213 perspicuum
2682 1143 2769 1194 est
2815 1134 3113 1207 omnibus,
3164 1132 3265 1213 qui
3317 1131 3560 1212 quidem
3592 1138 3790 1190 mente
3826 1147 3897 1190 ac

509 1225 623 1280 ἀντὶ
670 1229 772 1291 τῆς
835 1226 1034 1290 εἰκόνος
1095 1223 1254 1291 τῆσδε
1327 1222 1529 1282 πολλὰς
1585 1221 1976 1302 δημιουργῆσαι
2019 1221 2149 1302 γαλ-

2239 1239 2418 1283 sensu
2449 1223 2567 1284 sint
2601 1223 2856 1303 praediti.
2904 1225 3190 1284 l’rzeterea
3222 1231 3279 1282 et
3309 1222 3420 1282 hoc
3472 1237 3674 1280 secum
3708 1235 3901 1298 repu-

508 1319 606 1376 κᾶς
644 1333 658 1346 ⁸
726 1313 868 1369 αὐτὼ
925 1312 980 1369 δὲ
1038 1319 1318 1393 προῳανῶς
1377 1313 1624 1371 ἀδύνατον
1681 1313 1803 1388 μίαν
1856 1319 1980 1391 γοῦν
2048 1318 2149 1369 τῶν

2241 1320 2340 1382 tet,
2377 1311 2547 1373 nobis
2601 1313 2803 1393 utique
2832 1311 3174 1393 expeditum
3227 1328 3360 1371 esse
3403 1327 3507 1388 pro
3559 1316 3749 1368 statua
3783 1309 3900 1369 ista

505 1402 881 1482 ἀναιρεθέντων
911 1399 1298 1481 δημιουργῆσαι
1327 1403 1509 1483 τρίχα,

586 1668 720 1726 AB’.
795 1669 1004 1725 Τούτων
1089 1667 1405 1732 ἀκούσαντες
1489 1669 1537 1726 οἱ
1619 1668 1907 1744 Θαυμαστοὶ
1964 1666 2143 1747 ἄνδρες

2238 1400 2438 1480 plures
2459 1419 2642 1462 mreas
2672 1401 2818 1462 alias
2873 1402 3132 1462 conﬂare
3160 1418 3173 1462 :
3208 1399 3294 1462 illi
3328 1417 3362 1460 e
3383 1396 3683 1459 contrario
3713 1414 3891 1476 pror-

2230 1506 2332 1549 sus
2353 1488 2746 1569 impossibile,
2775 1508 3010 1563 eorum,
3037 1491 3137 1570 qui
3165 1494 3354 1550 necati
3389 1495 3546 1562 sunt,
3582 1488 3671 1546 vel
3703 1504 3890 1547 unum

2229 1578 2455 1638 crinem
2487 1579 2844 1655 procudere.

2307 1665 2539 1729 XXXII.
2575 1667 2679 1729 His
2734 1669 2973 1738 auditis,
3024 1666 3410 1730 admirabiles
3455 1664 3538 1726 illi
3599 1663 3707 1725 \‘iri
3758 1685 3895 1744 quae

501 1754 723 1836 ἐκεῖνοι,
789 1756 1046 1831 μηνύουσι
1117 1763 1194 1832 τῷ
1264 1755 1479 1832 βασιλεῖ
1519 1757 1587 1813 τὰ
1628 1757 1877 1835 εἰρημένα
1919 1757 2009 1813 καὶ
2052 1758 2148 1824 τὴν

2238 1754 2389 1816 dicta
2420 1757 2672 1828 fuerant,
2709 1757 3046 1836 signiﬁcant
3101 1756 3446 1836 imperatori
3479 1765 3531 1817 et
3568 1755 3897 1817 iracundiae

494 1846 590 1901 τοῦ
645 1848 810 1921 θυμοῦ
849 1843 1175 1903 κατέσϐεσαν
1217 1844 1389 1924 φλόγα
1422 1864 1437 1880 ⁸
1471 1848 1542 1909 ὡς
1588 1847 1702 1902 ἀντὶ
1755 1847 1860 1902 τῶν
1915 1843 2152 1902 ἀπειλῶν

495 1930 708 1990 ἐκείνων
757 1933 1048 2013 ἀπολογίαν
1101 1955 1160 1991 τε
1198 1935 1382 1991 αὐτίκα
1431 1935 1630 2014 γράψαι
1688 1935 1777 1991 καὶ
1827 1939 1927 2001 τῆς
1985 1935 2150 2013 ὀργῆς

493 2021 594 2088 τὴν
649 2023 816 2079 αἰτίαν
862 2021 1098 2090 δηλὼσαι
1184 2026 1292 2082 Οὐκ
1340 2020 1440 2080 ἔδει
1471 2024 1593 2102 γὰρ,
1633 2021 1760 2103 ἔφη,
1800 2022 1931 2098 ἐμοῦ
1970 2021 2151 2098 πλημ-

494 2109 850 2185 μελήσαντος.
937 2125 1166 2191 γυναῖκα
1247 2112 1426 2179 πάσης
1520 2112 1783 2192 εὐφημίας
1855 2110 2151 2178 ἀξιωτάτην

492 2201 758 2268 τοσαύτην
831 2201 967 2277 μετά
1025 2199 1278 2268 τελευτὴν
1352 2198 1591 2266 δέξασθαι
1649 2202 1922 2278 παροινίαν
1957 2217 1970 2232 '
2033 2199 2152 2258 κατ’

491 2289 627 2364 ἐμοῦ
685 2287 742 2345 δὲ
785 2289 958 2370 ἐχρῆν
997 2291 1090 2347 τὸν
1131 2291 1294 2366 Θυμὸν
1347 2291 1470 2353 τοὺς
1524 2289 1947 2368 ἀγανακτοῦντας
2005 2289 2154 2346 ὁπλί-

495 2398 606 2440 σαι,
643 2380 937 2456 Προσετίθει
995 2375 1046 2434 δὲ
1109 2388 1286 2458 τοῦτο,
1346 2379 1420 2444 ὡς
1478 2375 1622 2434 ἀλύει
1673 2378 1762 2434 καὶ
1829 2377 2039 2438 ἀνιᾶταί
2079 2399 2156 2434 τι·

496 2487 588 2529 νας
619 2466 722 2522 ὑπὸ
765 2469 870 2523 τῶν
912 2465 1189 2546 ἀρχόντων
1263 2466 1559 2546 ἀνῃρῆσθαι
1603 2469 1811 2542 μαθων.
1845 2465 1997 2523 Οὕτω
2051 2467 2150 2541 μὲι

496 2555 584 2610 οὗν
637 2556 666 2610 ὁ
723 2553 1070 2635 φιλόχριστος
1127 2553 1376 2630 βασιλεὺς
1425 2555 1515 2611 καὶ
1541 2565 1760 2613 τοιαῦτα
1789 2555 1889 2610 ὑπὸ
1915 2564 2010 2613 τοῦ
2033 2558 2152 2611 Gau-

495 2649 698 2718 μαστοῦ
778 2641 1092 2720 ’Λμϐροσίου
1168 2640 1506 2717 πεπαίδευτο,
1569 2644 1656 2700 καὶ
1711 2643 1976 2710 τοσαύτης
2021 2644 2148 2722 παρ’

496 2733 652 2790 αὐτοῦ
713 2735 810 2798 τῆς
866 2731 1089 2811 χάριτος
1143 2731 1232 2786 καὶ
1301 2735 1400 2797 τῆς
1477 2736 1838 2807 πνευματικῆς
1889 2730 2145 2810 ὠφελείας

493 2815 785 2876 ἀπέλαυσεν
796 2867 812 2880 .

578 3088 660 3139 ΛΓ
674 3073 708 3146 ⁸.

495 3171 714 3253 τρόπον,
761 3173 814 3228 ἐν
870 3177 940 3249 τῇ
985 3173 1079 3254 του
1136 3178 1364 3255 Χριστοῦ
1421 3173 1714 3247 Ἐκκλησία
1757 3174 1811 3230 ἐν
1858 3173 2147 3254 όρθοδόξοις

494 3259 722 3339 δόγμασι
767 3260 1098 3343 διαλάμψας,
1127 3263 1379 3334 ζηλωτής
1423 3285 1480 3320 τε
1534 3265 1621 3319 καὶ
1679 3264 1991 3345 ὑπέρμαχος
2047 3269 2146 3332 τῆς

491 3348 742 3418 ἀληθείας
803 3352 1110 3430 γενόμενος,
1173 3355 1261 3409 καὶ
1316 3350 1743 3428 ἐποικοδομήσας
1802 3354 1888 3411 ἐπὶ
1947 3362 2024 3430 τῷ
2066 3359 2147 3412 θε-

491 3437 661 3514 μελίῳ
741 3445 848 3496 τῶν
923 3440 1236 3498 ἀποστόλων
1293 3444 1380 3498 καὶ
1435 3444 1750 3521 προφητῶν,
1814 3442 2005 3521 λόγους
2089 3466 2145 3501 τε

493 3525 789 3597 ὀρθοδοξίας
870 3531 956 3585 καὶ
1048 3528 1382 3594 διδασκαλίας
1449 3531 1754 3606 ἐκθέμενος,
1812 3535 1900 3590 καὶ
1972 3539 2146 3590 πᾶσαν

491 3615 593 3702 υπὸ
639 3617 840 3698 Ἀρείου
897 3619 984 3674 καὶ
1043 3616 1444 3699 Ἀπολλι-ιαρίου
1512 3623 1870 3678 καινισθεῖσαν
1942 3621 2148 3702 αἵρεσιν

492 3701 785 3777 ἀπελάσας,
845 3703 1016 3763 πάντα
1073 3730 1131 3764 τε
1200 3710 1263 3765 τὰ
1306 3711 1406 3776 τῆς
1440 3711 1598 3766 αὐτοῦ
1626 3708 1910 3778 ἐκκλησίας
1969 3701 2145 3775 καλῶς

2237 1846 2537 1906 flammam
2611 1847 3030 1923 exstinguunt;
3064 1847 3143 1907 ita
3174 1856 3235 1907 ut
3288 1845 3582 1906 minarum
3641 1845 3892 1906 istarum

2240 1929 2367 1996 loco
2396 1953 2567 2014 quam
2603 1935 2858 2015 primum
2893 1936 2981 1996 sui
3014 1935 3303 1997 scriberet
3337 1934 3804 2013 excusationem,
3836 1942 3898 1994 et

2238 2022 2340 2083 irae.
2388 2041 2510 2084 suae
2547 2041 2781 2084 causam
2835 2034 3182 2103 exponeret.
3243 2022 3370 2084 Non
3424 2022 3672 2085 decebat
3701 2023 3893 2095 enim,

2238 2111 2564 2192 inquiebat,
2607 2132 2701 2173 me
2734 2113 3140 2194 deliuquente,
3168 2131 3412 2174 uxorem
3447 2131 3638 2174 meam
3668 2111 3891 2191 praedi-

2239 2202 2472 2261 catione
2507 2201 2673 2261 omni
2706 2202 2743 2261 Ιι.
2765 2221 2875 2280 uge
2899 2203 3306 2279 dignissimam
3335 2209 3559 2261 tantum
3587 2211 3898 2262 contume-

2241 2289 2333 2349 liae
2385 2297 2516 2368 post
2567 2301 2816 2350 mortem
2879 2291 3222 2352 sustinere:
3270 2291 3374 2350 sed
3424 2309 3528 2352 eos
3558 2290 3657 2370 qui
3687 2290 3895 2351 animo

2241 2395 2347 2437 suo
2379 2377 2893 2460 obtemperarent,
2945 2388 3149 2440 contra
3180 2398 3276 2441 me
3306 2378 3614 2460 oportebat
3643 2378 3894 2439 iracun-

2239 2465 2395 2526 diam
2427 2484 2660 2528 armare
2691 2485 2880 2530 suam.
2913 2465 3019 2528 His
3063 2477 3353 2546 prmterea
3385 2467 3683 2547 subjunxit
3711 2466 3891 2540 illud,

2234 2555 2368 2632 angi
2429 2573 2494 2617 se
2545 2556 2725 2616 animi
2781 2564 2956 2636 atque
2998 2557 3200 2619 dolere
3250 2557 3404 2637 quod
3461 2556 3895 2635 cognovisseta

2235 2644 2532 2724 praefectis
2563 2653 2752 2706 morte
2783 2647 3028 2707 affectos
3070 2647 3354 2726 quosdam
3387 2645 3585 2708 fuisse.
3611 2644 3735 2706 Hoc
3769 2645 3890 2706 ita-

2233 2751 2349 2812 que
2405 2733 2579 2794 modo
2624 2734 2949 2813 imperator
2997 2735 3216 2798 Christi
3265 2736 3514 2810 amicus,
3551 2733 3894 2807 talibusque

2234 2821 2542 2901 przeceptis
2566 2822 2638 2883 ab
2659 2821 2989 2884 admirabili
3012 2822 3327 2885 Ambrosio
3349 2823 3537 2885 fuerat
3557 2822 3889 2897 institutus,

2231 2919 2570 2992 tantamque
2600 2911 2848 2990 gratiam
2873 2931 2941 2974 ac
2963 2913 3334 2993 spiritualem
3369 2913 3682 2975 utilitatem
3709 2910 3784 2974 ab
3815 2930 3890 2974 eo

2231 3009 2600 3079 perceperat.

762 3075 820 3142 Ὀ
889 3082 945 3141 δὲ
999 3087 1144 3148 θεῖος
1201 3085 1348 3152 οὗτος
1405 3081 1748 3166 Ἀμϐρόσιος,
1814 3086 1874 3142 ὃν
1933 3086 2145 3166 εἴρηται

2238 3075 2247 3079 '
2310 3087 2561 3152 XXXIII.
2595 3089 2838 3152 Divinus
2895 3101 3086 3153 autem
3149 3091 3247 3153 hic
3279 3091 3628 3154 Ambrosius
3659 3090 3718 3150 in
3765 3087 3888 3150 Ec-

2231 3176 2430 3253 clesia,
2493 3180 2996 3259 quemadmodum
3081 3181 3308 3243 dictum
3368 3189 3478 3261 est,
3540 3177 3887 3242 orthodoxis

2230 3266 2520 3345 degmatis
2571 3270 2824 3348 fulgens,
2886 3270 3310 3352 aemulatorque
3374 3269 3635 3331 veritatis
3692 3268 3887 3329 factus

2231 3365 2290 3418 et
2322 3368 2746 3440 propugnator,
2772 3379 2903 3420 cum
2937 3379 3118 3440 super
3153 3361 3606 3422 fundamentum
3635 3365 3879 3438 aposto-

2233 3445 2420 3507 lorum
2451 3466 2516 3510 ac
2545 3449 2962 3529 prophetarum
2989 3450 3366 3524 aedificasset,
3402 3468 3512 3511 nec
3552 3467 3669 3509 non
3701 3455 3884 3509 rectae

2231 3535 2516 3598 doctrinae
2563 3556 2632 3599 ac
2675 3537 3003 3619 (“SCIPIth
3045 3537 3220 3599 verba
3253 3539 3644 3619 exposuisset,
3677 3537 3884 3616 fugata

2231 3625 2490 3704 qualibet
2522 3626 2735 3687 hieresi
2781 3626 2853 3687 ab
2883 3627 3024 3690 Ario
3050 3636 3224 3708 atque
3264 3628 3632 3708 Apollinario
3660 3645 3883 3688 recens

2232 3712 2482 3787 invecta,
2517 3724 2572 3776 et
2603 3715 2867 3778 Ecclesia
2915 3736 3020 3778 sua
3060 3716 3119 3778 in
3169 3717 3448 3779 omnibus
3473 3718 3694 3798 optima
3721 3734 3878 3777 con-

490 3789 820 3887 ξιαθέμενος,
880 3798 968 3887 καὶ
1029 3797 1104 3861 είς
1165 3798 1292 3875 βαθὺ
1336 3800 1505 3878 γῆρας
1547 3797 1764 3880 ἐλάσας,
1827 3799 2041 3881 πλήρης
2083 3823 2139 3858 τε

2238 3803 2450 3879 stituta,
2485 3805 2544 3865 in
2591 3807 2941 3887 profundam
2994 3824 3346 3887 progressus
3378 3789 3770 3874 senectutem,
3805 3824 3880 3868 ac

487 3879 715 3977 ᾗμεριῦν.
777 3884 1099 3977 γενόμενος,
1159 3887 1500 3977 ⁸ἀνεπαύσατο
1571 3887 1625 3943 ἐν
1707 3891 1912 3966 εἰρήνῃ,
1946 3879 2140 3957 Ἵτεθεὶς

2238 3891 2456 3953 lierum
2495 3879 2728 3974 plenus,
2791 3895 2849 3955 in
2885 3879 3028 3977 pace
3057 3879 3368 3976 requievit.
3401 3896 3750 3959 Tumulatus
3782 3907 3880 3956 est

489 3968 544 4028 ἐν
587 3975 656 4048 τῇ
698 3971 955 4047 ἐκκλησίᾳ
999 3973 1354 4050 Μεδιολάνων,
1410 3977 1631 4052 μνήμην
1669 3976 1842 4044 ἀληθῆ
1894 3980 1985 4035 τὸν
2043 3982 2139 4038 αὖ-

2238 4001 2282 4042 .n
2326 3968 2591 4046 Ecclesia
2643 3968 3094 4056 Mediolanensi,
3145 3968 3357 4047 'veiam
3393 3983 3738 4046 memoriam
3778 3984 3876 4044 sui

488 4059 585 4115 τυῦ
637 4060 751 4135 βίον
807 4062 1118 4120 καταλιπὼν
1172 4065 1356 4121 καὶτὰ
1394 4065 1778 4141 κατορθώματα
1803 4083 1821 4100 ⁸
1864 4069 1940 4123 ὧν
1967 4067 2142 4140 ζηλω-

2238 4071 2596 4153 relinquens,
2634 4073 2930 4154 propriam
2965 4075 3163 4154 utique
3190 4074 3366 4136 vitam
3398 4084 3456 4136 et
3481 4083 3644 4136 recte
3673 4073 3829 4134 facta
3858 4093 3872 4136 :

485 4148 582 4212 τὰς
640 4151 727 4205 καὶ
785 4152 932 4225 ἡμᾶς
983 4151 1224 4229 γενέσθαι
1274 4153 1640 4233 καταξιώσειε,
1695 4157 1783 4212 καὶ
1829 4159 1936 4213 τῶν
1967 4159 2138 4215 αὐτῶν

2238 4148 2473 4241 piorum
2537 4148 2765 4224 ut-nos
2828 4148 3081 4244 quoque
3141 4166 3460 4226 evadamus
3519 4163 3874 4237 imitatores,

485 4233 724 4335 ἀμριϐὦν
771 4236 954 4312 ἐκείνῳ
997 4241 1085 4296 καὶ
1135 4240 1240 4296 τῶν
1300 4243 1571 4322 στεφάνων
1627 4243 1909 4325 ἐπιτυχεῖν
1950 4247 2133 4327 χάριτι

2238 4233 2551 4332 Eademque
2605 4271 2737 4313 cum
2771 4233 2871 4313 illo
2922 4233 3163 4333 praemia
3208 4260 3384 4335 atque
3430 4272 3679 4315 coronas
3707 4233 3872 4314 obti;

482 4323 993 4434 καξιὶριλανξρωπίᾳ
1042 4329 1138 4434 τόὖ
1206 4330 1394 4434 Κυρίου
1452 4333 1606 4408 ἡμῶν
1661 4323 1839 4402 ἰησου
1889 4323 2132 4419 Χριστοῦ,

2241 4323 2513 4416 leamus,i
2524 4359 2627 4422 pse
2656 4323 3142 4421 digneturigratia
3167 4353 3226 4404 et
3244 4323 3608 4424 benignitate
3628 4342 3874 4404 Domini

481 4409 678 4520 ιβδόξα
732 4417 823 4472 καὶ
875 4417 935 4473 τὸ
985 4417 1176 4496 κράτος
1220 4409 1295 4482 είς
1355 4421 1476 4484 τοὺς
1507 4424 1699 4486 atchan
1733 4429 1841 4479 τῶν
1897 4409 2131 4488 αἰώνωνί

2238 4429 2406 4491 nostri
2435 4409 2574 4494 Iesu
2605 4409 2846 4506 Christi,
2907 4409 2997 4492 cui
3030 4433 3219 4494 honor
3265 4442 3352 4497 est
3387 4409 3574 4514 atque
3603 4441 3872 4513 potestas

500 4501 680 4576 Αμῆνο
2222 4519 2280 4580 in
2314 4520 2527 4583 szecula
2555 4501 2928 4581 saeculorum.
2962 4519 3175 4584 Amen.
