4122 6186
300 278 372 362 13
1341 299 1446 361 ex
1491 297 1678 362 EJUS
1724 258 2637 363 POTISSIMUM'SCRIPTIS.
3617 276 3697 366 τι

811 673 1294 830 VlTA
1429 668 2122 826 SANGI‘I
2258 668 3164 828 AMBROSII

1623 940 2079 983 MEDIOLANENSIB
2116 940 2372 980 EPISCOPI

631 1068 725 1125 EX
762 1067 929 1125 EJUS
968 1064 1418 1124 POTISSIMUM
1472 1066 1795 1124 SCRIPTIS
1834 1066 2224 1131 COLLECTA,
2266 1066 2359 1121 ET
2401 1064 2787 1122 SECUNDUM
2826 1067 3353 1125 CHRONOLOGUE

1640 1156 1972 1213 ORDINEM
2011 1156 2343 1211 DIGESTA.

366 1479 633 1573 ‘_-__T80ta
661 1490 856 1573 1'3er
885 1481 1186 1573 εθεωνιξπξ
1210 1477 1932 1573 W_38°it“di391999tri{133
1961 1478 2016 1543 Α
2045 1511 2114 1551 ex
2140 1494 2435 1551 Ambrosii
2457 1494 2625 1551 libris
2653 1495 2889 1551 haurire
2920 1496 3286 1564 conabimur,
3320 1500 3489 1571 cujus
3508 1506 3702 1573 partes

294 1584 360 1625 ac
386 1566 673 1624 librorum
703 1567 994 1623 editorum
1037 1566 1399 1632 celebritate,
1452 1564 1790 1622 sanctitatis
1840 1566 1944 1621 de-

294 1657 467 1730 nique
482 1657 833 1714 etvirtutum
845 1655 1267 1728 episeopalium
1287 1654 1460 1711 laude
1477 1654 1690 1711 claruit
1705 1659 1943 1709 sanctus

290 1746 655 1815 Ambrosius,
683 1750 749 1801 ut
774 1747 965 1801 instar
994 1744 1307 1816 cujusdam
1358 1749 1514 1800 esset
1559 1743 1850 1811 miraculi,
1894 1744 1943 1798 si

294 1835 615 1893 defuissent
641 1834 853 1890 eruditi
884 1833 1175 1902 homines,
1203 1850 1237 1889 a
1260 1833 1474 1905 quibus
1522 1834 1650 1904 ejus
1700 1831 1945 1888 historia

292 1924 619 1980 litterarum
640 1922 1040 1979 monumentis
1070 1922 1558 1978 committeretur.
1584 1921 1945 1977 Exstiterunt

292 2015 487 2085 itaque
508 2028 622 2067 non
654 2012 823 2084 pauci
849 2016 976 2067 tum
1008 2011 1190 2067 Graeci
1222 2016 1349 2067 tum
1383 2011 1597 2076 Latini,
1631 2011 1733 2082 qui
1792 2009 1943 2064 hanc

293 2104 480 2176 ipsam
511 2105 773 2174 spartam
805 2101 1131 2156 ornandam
1163 2103 1573 2172 susceperunt,
1606 2099 1668 2155 in
1727 2097 1941 2171 quibus

291 2192 558 2248 ordinem
589 2190 753 2246 ducit
782 2188 1084 2254 Paulinus,
1118 2189 1305 2244 sancti
1336 2188 1619 2244 antistitis
1675 2185 1939 2242 notarius

294 2287 466 2353 atque
496 2280 801 2346 diaconus,
833 2278 1002 2348 cujus
1033 2276 1209 2332 fidem
1240 2293 1306 2332 ac
1335 2277 1702 2349 diligentiam
1737 2276 1793 2330 in
1829 2276 1937 2330 du-

288 2370 455 2426 bium
516 2383 785 2424 revocare
841 2383 1211 2439 nequaquam
1290 2365 1442 2421 licet.
1525 2365 1936 2421 Verumtamen

290 2457 436 2513 illud
460 2456 520 2511 in
550 2471 619 2512 eo
648 2455 1219 2525 desideratur,-quod
1252 2453 1344 2509 vix
1402 2452 1583 2509 ullam
1642 2453 1700 2507 in
1761 2453 1937 2508 rebus

288 2544 638 2603 enarrandis
660 2543 1051 2617 chronologiae
1070 2543 1275 2599 habuit
1295 2542 1602 2611 rationem,
1628 2546 1687 2597 et
1703 2541 1933 2597 nullum

288 2636 648 2708 scriptorum
675 2632 927 2689 doctoris
959 2634 1139 2688 nostri
1169 2632 1499 2705 catalogum
1533 2631 1755 2686 curavit
1798 2647 1933 2685 con-

286 2730 502 2792 texere,
521 2724 677 2796 qnod
699 2738 814 2779 non
836 2722 1037 2777 omisit
1056 2721 1118 2776 in
1130 2721 1443 2793 Augustini
1462 2720 1590 2775 Vita
1614 2720 1930 2775 Possidius.

286 2813 513 2869 Vitium
540 2811 687 2867 illud
718 2827 988 2883 reparare
1015 2810 1454 2866 eruditissimus
1487 2808 1801 2865 cardinalis
1832 2813 1935 2915 lfa-
1970 2851 2017 2915 Β

282 2903 494 2958 maius
522 2900 927 2968 constituerat,
958 2904 1092 2954 cum
1124 2914 1252 2954 eam
1284 2899 1578 2954 Ambrosii
1602 2898 1792 2952 Vitam
1815 2895 1938 2952 elu-

282 2990 577 3057 subruit,
609 3005 734 3061 quae
760 2984 827 3043 in
850 2989 1116 3045 Romana
1144 2988 1665 3043 Ambrosianorum
1683 2986 1938 3058 Operum

284 3081 548 3137 editione
576 3077 697 3134 illis
725 3078 1052 3150 praamissa,
1093 3077 1475 3149 postmodum
1532 3092 1668 3131 cum
1728 3075 1938 3131 iisdem

279 3168 458 3226 toties
488 3183 697 3223 recusa
722 3167 850 3221 fuit.
883 3170 960 3220 At
986 3182 1120 3221 vero
1148 3165 1244 3220 hic
1272 3166 1418 3221 tanti
1441 3164 1546 3220 viri
1568 3164 1732 3220 labor
1752 3180 1940 3235 usque

286 3258 434 3313 adeo
462 3272 578 3312 non
609 3255 748 3311 tulit
773 3254 1039 3310 omnium
1072 3254 1576 3327 approbationem,
1611 3258 1675 3307 ut
1707 3251 1939 3325 proprio

284 3345 517 3402 auctori
549 3361 666 3400 non
688 3344 1075 3411 satisfecerit;
1125 3344 1341 3416 quippe
1399 3344 1501 3415 qui
1561 3346 1693 3416 post
1753 3357 1940 3397 annos

283 3434 537 3507 aliquot,
568 3450 705 3490 cum
734 3432 795 3489 in
826 3432 1049 3505 ingenti
1080 3449 1188 3487 suo
1224 3431 1542 3487 Annalium
1587 3430 1938 3487 ecclesiasti-

274 3540 490 3580 carum
521 3538 694 3596 opere
724 3521 1057 3589 desudaret,
1087 3521 1555 3593 pronuntiaverit
1608 3522 1679 3575 de
1737 3520 1938 3575 eadem

279 3613 418 3669 Vita
467 3613 567 3685 (ad
621 3629 753 3668 ann.
812 3612 974 3682 397):
1038 3611 1214 3679 Quam
1255 3611 1324 3666 ad
1379 3613 1588 3682 scripta
1642 3610 1705 3665 de
1760 3609 1939 3665 eodem

276 3701 626 3771 (Ambrosio
682 3698 923 3771 scilicet)
980 3701 1043 3754 in
1098 3700 1425 3766 Annalibus,
1482 3716 1609 3755 cum
1663 3700 1941 3754 diversum

268 3792 333 3845 in
366 3806 436 3846 ea
488 3791 736 3845 invenies
763 3788 928 3860 (quod
955 3790 1277 3859 posteriores
1305 3790 1655 3859 cogitationes
1693 3789 1944 3843 meliores

265 3894 388 3935 ese
440 3872 677 3949 soleant)
733 3876 1186 3949 conformaan
1240 3877 1544 3947 intelliges.
1631 3875 1941 3943 Quocirca,

268 3971 674 4039 praeterquam
751 3966 906 4038 quod
955 3965 1160 4022 eadem
1224 3958 1358 4022 Vit'a
1411 3964 1787 4037 longiuscule
1831 3970 1938 4031 est,

266 4055 444 4112 illam
478 4054 655 4128 praelo
685 4054 975 4125 subjicere
1005 4054 1132 4110 sine
1162 4054 1625 4110 correctionibus
1661 4053 1941 4110 mutatio-

267 4144 580 4215 nibusque
599 4143 945 4215 neutiquam
978 4159 1307 4216 possemus,
1343 4144 1499 4215 quod
1534 4143 1841 4199 noluimus
1880 4143 1941 4198 in

265 4248 453 4305 opere
479 4231 683 4288 alieno
716 4232 887 4287 nobis
912 4231 1108 4287 licere.

2059 1584 2323 1658 singulas
2354 1584 2427 1639 ad
2472 1601 2598 1641 eam
2649 1585 3103 1642 concinnitatem
3154 1604 3219 1642 ac
3264 1590 3702 1661 proportionem

2054 1698 2159 1755 pro
2186 1680 2553 1737 nostravirili
2586 1698 2789 1754 cogere
2833 1687 3210 1756 satagemus;
3260 1688 3327 1740 ut
3376 1685 3538 1742 illius
3604 1688 3703 1744 be-

2055 1770 2261 1825 neficio
2314 1770 2492 1826 lector
2545 1788 2663 1826 non
2718 1772 2891 1827 modo
2931 1773 3220 1829 factorum
3276 1775 3704 1847 scriptorumve

2050 1859 2573 1914 Ambrosianorum
2638 1860 2901 1915 ordinem
2973 1879 3176 1934 capere
3236 1863 3397 1919 nullo
3470 1864 3702 1938 negotio

2048 1946 2258 2016 valeat,
2290 1965 2491 2004 verum
2526 1947 2699 2003 etiam
2733 1950 2802 2003 ad
2845 1950 3109 2006 studium
3159 1953 3501 2009 eorumdem
3562 1970 3701 2028 ope-

2050 2053 2183 2092 rum
2229 2036 2465 2093 lectioni
2523 2055 2656 2093 cum
2716 2039 2912 2095 fructu
2969 2039 3429 2113 impendendum
3490 2044 3698 2101 evadat

2051 2125 2325 2197 paratior.

2119 2251 2172 2304 4.
2224 2250 2352 2321 (Au.
2401 2252 2552 2322 340.)
2609 2252 2783 2308 Extra
2842 2254 3293 2311 controversiam
3356 2259 3444 2311 est
3495 2259 3698 2312 natum

2048 2338 2108 2392 in
2131 2338 2332 2393 Galliis
2359 2355 2487 2395 esse
2518 2345 2784 2397 nostrum
2826 2343 3243 2411 Ambrosium;
3304 2345 3432 2415 ejus
3485 2361 3699 2418 paren-

2047 2432 2186 2492 tem,
2219 2429 2595 2483 Ambrosium
2629 2428 2803 2485 etiam
2838 2432 3094 2497 nomine,
3130 2432 3423 2488 iniisdem
3469 2435 3701 2506 provin-

2046 2514 2150 2570 ciis
2183 2515 2436 2586 praefecti
2467 2515 2810 2586 dignitatem
2843 2519 3165 2575 obtinuisse
3196 2538 3209 2586 ;
3243 2521 3560 2593 ipsumque
3593 2539 3701 2578 an-

2044 2607 2281 2675 tequam
2304 2604 2574 2659 ederetur
2600 2611 2840 2660 sanctus
2871 2608 3239 2671 Ambrosius,
3300 2611 3530 2665 duobus
3570 2611 3699 2680 jam

2046 2692 2265 2760 liberis,
2320 2692 2657 2747 Marcelline
2700 2694 2922 2751 scilicet
2961 2712 3028 2750 ac
3066 2696 3294 2768 Satyro,
3352 2698 3535 2754 fuisse
3590 2715 3701 2753 au-

2047 2786 2234 2845 ctum,
2269 2787 2443 2851 atque
2474 2781 2618 2835 adeo
2663 2788 2931 2838 sanctum
2986 2783 3140 2838 hunc
3192 2789 3457 2840 nostrum
3496 2785 3699 2843 ordine

2050 2878 2328 2933 nascendi
2381 2877 2619 2933 tertium
2662 2879 2953 2935 exstitisse
2999 2881 3091 2950 (De
3115 2896 3333 2936 excessu.
3372 2881 3577 2954 Satyri,
3593 2880 3697 2939 lib.

2050 2984 2088 3032 ι,
2125 2984 2179 3022 n.
2211 2967 2322 3037 54).
2357 2971 2433 3021 At
2464 2984 2579 3022 non
2606 2972 2770 3024 tanta
2799 2972 2887 3024 est
2917 2969 2988 3024 de
3046 2973 3309 3042 tempore
3359 2975 3415 3025 et
3452 2970 3577 3027 loco
3639 2972 3699 3028 in

2048 3072 2162 3127 quo
2194 3055 2453 3128 primum
2476 3055 2667 3112 lucem
2687 3057 2974 3129 adspexit,
2997 3058 3351 3131 scriptorum
3367 3060 3697 3117 consensio.

2048 3144 2194 3199 Nam
2226 3145 2380 3215 quod
2413 3144 2484 3199 ad
2516 3149 2771 3218 tempus,
2806 3146 2903 3217 qui
2937 3147 3246 3203 Ambrosio
3282 3165 3412 3204 LXIV
3442 3150 3569 3204 vita:
3601 3167 3701 3224 ap-

2049 3249 2156 3288 nos
2184 3232 2471 3300 tribuunt,
2502 3251 2722 3289 annum
2737 3236 2840 3290 333
2857 3236 2907 3289 ei
2930 3235 3178 3291 natalem
3197 3254 3324 3293 esse
3349 3237 3687 3295 affirmant:

2048 3331 2148 3400 qui
2181 3334 2373 3387 autem
2422 3334 2734 3386 autumant
2764 3333 2960 3405 ipsum
2995 3350 3108 3388 non
3142 3333 3295 3389 ultra
3325 3352 3547 3390 annum
3577 3351 3692 3393 LVII

2045 3418 2224 3475 vitam
2258 3420 2626 3491 produxisse,
2659 3425 2851 3476 ortum
2885 3422 3149 3491 ejusdem
3205 3440 3317 3478 non
3378 3425 3695 3497 contigisse

2051 3506 2163 3562 nisi
2198 3524 2349 3563 anno
2369 3510 2492 3572 340,
2527 3508 2698 3578 plane
2747 3511 3125 3565 contendunt.
3181 3510 3425 3583 Utrique
3482 3511 3721 3569 harum‘

2052 3596 2393 3668 opinionum
2428 3595 2572 3650 illud
2601 3613 2912 3652 commune
2971 3603 3080 3663 est,
3141 3601 3295 3670 quod
3356 3617 3510 3656 anno
3568 3602 3696 3671 397,

2051 3684 2139 3739 vel
2170 3685 2293 3751 398,
2326 3683 2530 3740 volunt
2577 3700 2606 3739 e
2652 3685 2795 3740 vivis
2828 3688 3166 3753 excessisse
3211 3694 3482 3744 sanetum
3543 3689 3698 3747 anti-

2052 3783 2248 3838 stitem
2274 3799 2286 3835 :
2316 3782 2496 3836 totius
2528 3787 2723 3837 autem
2757 3782 3121 3840 difficultatis
3152 3787 3325 3840 cardo
3376 3787 3529 3843 circa
3588 3806 3698 3844 nu-

2055 3887 2280 3925 merum
2314 3887 2601 3925 annorum
2636 3887 2784 3941 quos
2814 3870 2911 3926 ille
2940 3870 3100 3937 vixit,
3152 3873 3209 3926 in
3265 3872 3374 3928 hoc
3431 3875 3698 3941 vertitur,

2054 3960 2207 4031 quod
2241 3975 2373 4014 cum
2397 3958 2484 4013 vir
2514 3965 2753 4015 sanctus
2784 3959 3028 4032 epistola
3061 3966 3171 4029 IIIX,
3226 3978 3354 4032 quas
3413 3963 3485 4017 ad
3532 3964 3701 4020 Seve-

2052 4064 2185 4102 rum
2214 4048 2511 4103 destinata
2535 4051 2646 4113 est,
2680 4063 2901 4102 annum
2924 4065 3094 4120 agere
3126 4066 3186 4104 se
3205 4066 3301 4104 LIII
3334 4051 3699 4109 testiﬁcetur.

2053 4135 2172 4190 illic
2204 4135 2377 4191 etiam
2410 4136 2531 4191 haec
2554 4136 2727 4191 verba
2757 4137 2976 4192 scribat
3009 4138 3201 4210 (epist.
3253 4139 3340 4211 59,
3404 4157 3568 4195 num.
3610 4142 3698 4214 3):

1967 4216 2011 4281 C
2047 4226 2150 4280 Nos
2183 4228 2382 4291 autem,
2442 4224 2657 4296 inquit,
2724 4225 2920 4294 obiecti
2979 4226 3280 4282 barbaricis
3335 4229 3590 4296 motibus,
3652 4238 3703 4287 et

338 4324 402 4375 2_
437 4321 817 4378 Hermannus
848 4320 1204 4378 Sorbonicus
1233 4322 1436 4378 doctor
1474 4325 1606 4394 post
1630 4321 1945 4377 Baronium
2056 4315 2321 4369 bellorum
2336 4315 2611 4386 procellis,
2648 4316 2709 4368 in
2742 4315 2919 4370 medio
2950 4332 3234 4370 versamur
3284 4318 3531 4372 omnium
3586 4334 3702 4375 mo-

266 4426 496 4467 novam
528 4409 824 4465 Ambrosii
855 4409 1052 4465 Vitam
1095 4409 1402 4483 evulgavit,
1470 4427 1647 4482 quam
1707 4410 1945 4481 quidem
2053 4405 2354 4458 lestiarum.
2389 4403 2691 4458 Enimvero
2727 4403 2825 4475 qui
2856 4403 3051 4459 locum
3086 4403 3251 4460 ill'um
3285 4422 3420 4462 cum
3452 4408 3701 4483 Baronio

262 4502 444 4555 tanta
471 4498 819 4572 dignatione
849 4514 1055 4554 omnes
1075 4502 1446 4571 exceperunt,
1484 4501 1768 4571 quantam
1822 4514 1946 4554 me-
2057 4493 2128 4548 de
2150 4491 2300 4547 bello
2334 4492 2613 4547 adversus
2645 4491 2963 4547 Maximum
3013 4496 3329 4565 tyrannum
3390 4482 3553 4568 gesto
3607 4498 3702 4552 in-

261 4588 522 4643 rebatur
579 4587 835 4643 auctoris
894 4587 1204 4662 diligentia
1256 4595 1313 4644 et
1371 4589 1645 4645 eruditio.
1729 4588 1946 4644 Verum
2056 4589 2872 4661 terpretantur,Ambrosium
2905 4590 3040 4646 inde
3061 4590 3343 4665 colligunt
3373 4594 3705 4665 pervenisse

256 4676 518 4731 etiamsi
547 4675 857 4732 vernaculo
890 4676 1189 4743 idiomate,
1224 4694 1339 4749 quo
1370 4677 1528 4733 edita
1558 4681 1665 4743 est,
1720 4678 1941 4749 scripta
2059 4679 2131 4734 ad
2165 4694 2387 4733 annum
2416 4677 2545 4732 vitae
2577 4694 2691 4740 Liv.
2726 4696 2791 4733 eo
2824 4680 2975 4750 quod
3012 4698 3164 4736 anno
3222 4683 3327 4736 397
3383 4683 3536 4737 idem
3597 4683 3705 4737 hoc
3752 4722 3760 4737 η

259 4780 393 4818 non
426 4763 679 4831 fuisset;
712 4780 846 4820 cum
901 4782 993 4822 res
1026 4766 1420 4822 Ambrosiano
1456 4783 1575 4822 aevo
1603 4771 1660 4822 et
1720 4766 1779 4821 in
1837 4766 1947 4821 im-
2055 4767 2276 4823 bellum
2309 4767 2695 4839 trepidatione
2726 4784 2791 4821 ac
2811 4772 3029 4823 terrore
3074 4769 3447 4841 compleverit
3476 4786 3710 4825 omnem

262 4852 441 4922 peric
475 4857 538 4907 et
568 4853 629 4907 in
660 4853 919 4909 Ecclesia
948 4858 1148 4927 gestas
1180 4855 1626 4926 complectatur,
1690 4854 1942 4927 amplior
2060 4856 2308 4920 Italiam,
2343 4861 2584 4911 sanctus
2614 4873 2746 4911 vero
2779 4856 2992 4926 praesul
3022 4874 3135 4912 non
3167 4863 3301 4913 ante
3349 4875 3567 4912 annum
3604 4858 3711 4913 397

266 4954 426 4994 sane
458 4942 554 4995 est
582 4938 745 4996 illius
762 4941 971 5011 moles,
1004 4958 1184 5013 quam
1221 4947 1284 4998 ut
1313 4943 1503 5016 ipsam
1539 4944 1789 4999 istorum
1848 4960 1947 4999 vo-
2059 4945 2174 5000 fato
2208 4944 2444 4999 functus
2476 4944 2569 4999 sit.
2598 4945 2705 5008 Qui
2738 4948 2935 4999 autem
2968 4946 3146 5001 citata
3194 4946 3369 5000 verba
3425 4946 3495 5000 de
3556 4945 3709 5003 bello

276 5024 600 5083 luminum
635 5029 848 5085 modus
876 5034 1127 5102 caperet.
2057 5033 2414 5105 Eugeniano,
2439 5049 2555 5104 quo
2596 5050 2748 5087 anno
2808 5034 2913 5088 393
2967 5033 3051 5089 vel
3109 5035 3213 5088 394
3269 5037 3563 5105 patratum
3623 5039 3713 5092 est

352 5116 409 5174 3.
450 5118 662 5190 Itaque
694 5118 988 5190 optimum
1033 5119 1204 5176 nobis
1260 5119 1406 5176 illud
1462 5121 1654 5177 visum
1713 5127 1821 5189 est,
1884 5126 1948 5176 ut
2058 5120 2437 5193 intelligenda
2510 5138 2639 5177 esse
2684 5121 3025 5189 defendunt,
3097 5122 3269 5175 iidem
3332 5122 3709 5181 Ambrosium

271 5206 441 5263 Vitis
487 5207 747 5277 duabus,
806 5220 1059 5281 quarum
1118 5208 1364 5265 alteram
1406 5210 1591 5266 edidit
1644 5209 1947 5278 Paulinus,
2056 5227 2243 5265 annos
2276 5214 2477 5264 natum
2512 5227 2619 5263 LVII
2655 5213 2902 5264 mortem
2937 5208 3150 5263 obiisse
3183 5208 3344 5264 nullo
3377 5210 3548 5267 modo
3583 5230 3707 5268 am-

262 5294 537 5353 alteram
567 5295 804 5353 Graecus
834 5301 1038 5353 auctor
1086 5299 1521 5354 consarcinavit
1554 5342 1567 5369 ,
1603 5299 1946 5372 praemissis,
2058 5298 2288 5371 bigunt.
2325 5298 2601 5354 Fatemur
2632 5297 2870 5369 quidem
2902 5297 2963 5350 in
2994 5295 3101 5350 hac
3134 5299 3395 5354 secunda
3437 5300 3710 5372 opinione

262 5387 527 5441 tertiam
558 5385 806 5457 insuper
834 5385 1318 5459 adjungeremUS,
1357 5405 1484 5460 quae
1533 5389 1603 5443 ad
1648 5387 1951 5444 chronolo-
1983 5372 2028 5437 Β
2060 5396 2344 5467 majorem
2379 5396 2695 5469 quamdam
2722 5393 2982 5448 veritatis
3010 5394 3263 5466 speciem
3292 5396 3516 5453 elucere
3542 5416 3554 5455 :
3606 5400 3710 5457 sed

261 5474 481 5547 sicam
542 5474 834 5531 rationem
892 5476 1241 5545 accuratior,
1300 5477 1597 5533 defectum
1655 5478 1954 5551 suppleret
2060 5483 2251 5541 inhac
2275 5484 2579 5558 questione
2635 5498 2917 5555 magnum
2958 5481 3152 5540 inesse
3211 5500 3396 5558 operae
3454 5487 3709 5559 pretium

262 5560 539 5627 illarum
573 5562 907 5641 utriusque.
940 5564 1157 5640 Ipsam,
1190 5565 1387 5644 quoad
1417 5567 1545 5644 ejus
1574 5568 1700 5626 ﬁeri
1740 5569 1954 5644 poterit
2062 5589 2177 5633 non
2226 5574 2602 5631 arbitramur.
2653 5570 2879 5628 Etenim
2936 5570 3044 5631 hos
3104 5577 3324 5651 septem
3377 5592 3581 5653 annos,
3640 5578 3712 5644 de

673 5707 894 5765 mon
936 5692 1102 5768 XIV.
2119 5694 2122 5698 “
3355 5700 3393 5777 8
