4172 6182
426 274 505 337 75
1765 276 1951 342 VITA
1994 281 2059 343 S.
2108 280 2486 343 AMBROSII
2786 339 2793 345 .
3750 280 3832 341 76

429 411 645 485 quibus
675 411 771 468 hic
800 412 1267 481 controvertitur,
1300 414 1371 469 ad
1402 411 1581 468 vitam
1633 413 1705 467 ab
1767 412 2071 466 Ambrosio
2108 415 2147 479 Α
2188 414 2610 484 propagaverit,
2644 414 3141 485 quemadmodum
3172 414 3331 471 edita
3360 413 3433 470 ab
3463 428 3530 469 eo
3588 411 3829 483 scripta,

428 505 562 557 ante
589 501 955 575 baptismum
987 505 1045 558 et
1072 501 1131 557 in
1162 500 1530 558 saacularium
1566 518 1758 556 rerum
1792 518 2072 555 cunnum--

428 590 517 646 cio
547 593 809 647 exactam
846 590 1135 664 pertinere
1168 591 1227 645 in
1285 589 1550 646 confesso
1606 593 1723 646 est:
1777 591 1848 645 de
1902 589 2073 645 annis

426 694 560 735 vero
589 695 739 752 quos
776 679 918 735 vixit
975 679 1304 752 episcopus,
1340 682 1395 733 et
1452 678 1523 733 ad
1585 695 1734 750 quos
1781 679 2075 750 praecipua

430 783 675 840 quisque
724 769 910 841 ipsius
959 768 1108 823 facta
1155 767 1508 835 referuntur,
1566 772 1833 824 auctores
1894 768 2073 824 ferme

431 856 585 913 inter
613 873 677 913 se
706 856 1099 914 consentiunt.

497 947 552 1002 5.
587 946 749 1013 Quod
774 962 943 1017 porro
974 946 1044 999 ad
1073 944 1265 1000 locum
1300 946 1400 1017 qui
1431 946 1703 1002 eumdem
1736 950 2070 1002 nascentem

430 1035 739 1107 exceperit,
772 1034 913 1090 satis
942 1034 1316 1105 cognoscitur
1341 1050 1411 1090 ex
1441 1034 1631 1091 verbis
1663 1033 1892 1090 Paulini
1943 1051 2071 1090 eam

434 1123 636 1180 urbem
667 1122 868 1191 fuisse,
900 1121 959 1177 in
1008 1139 1125 1194 qua
1181 1123 1381 1178 sedem
1423 1122 1637 1180 habere
1695 1129 2073 1180 consueverat

430 1211 753 1269 Galliarum
784 1211 1091 1283 praefectus
1115 1210 1312 1279 (Basil.
1346 1213 1516 1282 Epist.
1557 1211 1627 1267 ad
1662 1213 1869 1281 Ambr;
1919 1213 2070 1267 Pau-

429 1299 534 1355 lin.
567 1298 627 1355 in
666 1300 783 1355 Vita
810 1299 1017 1368 Ambr.,
1051 1300 1204 1370 etc.).
1231 1299 1447 1355 Verum
1479 1300 1579 1356 illa
1608 1300 1739 1373 ipsa
1756 1302 1894 1357 urbs
1917 1319 2070 1373 quaa-

430 1406 566 1444 nam
598 1388 891 1445 censenda
921 1388 1017 1456 sit,
1050 1387 1205 1444 haud
1241 1406 1415 1461 parva
1445 1388 1520 1445 lis
1577 1394 1700 1458 est;
1758 1389 1857 1445 alii
1914 1390 2071 1445 enim

428 1476 671 1542 Arelati,
704 1475 800 1532 alii
834 1475 1086 1531 Treviris
1116 1477 1417 1531 autetiam
1452 1477 1733 1550 Lugdune
1765 1477 1923 1532 hunc
1968 1476 2070 1532 ho-

429 1582 631 1622 norem
665 1564 950 1633 deferunt,
986 1564 1199 1638 singuli
1241 1564 1509 1621 videlicet
1565 1566 1773 1621 harum
1836 1566 2071 1621 urbium

429 1653 722 1711 nobilitati
754 1670 820 1709 ac
852 1653 1248 1727 praarogativis
1280 1654 1537 1727 antiquis
1561 1656 1678 1710 nixi
1706 1671 1719 1711 :
1744 1655 1843 1711 sed
1876 1671 2076 1711 revera

429 1742 681 1800 nulllum
704 1746 1117 1814 argumentum
1149 1760 1266 1815 quo
1296 1744 1517 1799 caeteris
1550 1744 1606 1798 in
1664 1744 1771 1800 hoc
1828 1750 2073 1816 antepo-

429 1832 623 1888 nenda
638 1830 859 1903 liquido
876 1832 1331 1896 demonstretur,
1352 1832 1411 1887 in
1430 1832 1690 1888 medium
1713 1837 2068 1905 promentes.

426 1920 551 1976 Non
583 1920 797 1977 desunt
825 1925 1101 1993 praeterea
1128 1920 1228 1992 qui
1269 1921 1515 1976 Romam
1573 1921 1763 1994 ipsam
1820 1921 2074 1977 vocitent

427 2009 724 2067 Ambrosii
782 2010 1063 2083 patriam:
1133 2011 1235 2066 sed
1284 2011 1477 2082 patria
1518 2009 1665 2065 nihil
1712 2010 1867 2065 aliud
1915 2011 2069 2082 apud

428 2115 528 2155 eos
556 2098 651 2154 his
680 2098 823 2155 locis
854 2103 1042 2166 sonat,
1068 2115 1246 2170 quam
1301 2097 1536 2155 familiae
1595 2104 1769 2171 atque
1827 2099 2072 2171 originis

428 2186 622 2244 solum
652 2186 867 2255 natale,
900 2203 1005 2244 nec
1045 2204 1163 2243 non
1214 2186 1455 2244 solitum
1514 2192 1825 2259 parentum
1883 2189 2072 2244 sancti

427 2275 556 2347 viri,
587 2280 646 2334 et
674 2275 864 2350 ipsius
894 2277 1070 2334 etiam
1102 2293 1217 2332 non
1257 2275 1508 2332 modicio
1565 2280 1826 2348 tempore
1881 2277 2069 2332 domi-

426 2364 650 2423 cilium.

496 2458 549 2511 6.
587 2457 650 2512 In
698 2455 800 2511 illa
854 2455 1035 2529 igitur
1085 2453 1295 2511 harum
1350 2454 1605 2522 urbium,
1660 2454 1758 2510 ubi
1818 2455 2070 2527 praefecti

424 2544 748 2601 Galliarum
780 2544 1115 2618 praetorium
1171 2547 1315 2614 erat,
1372 2543 1428 2599 in
1490 2544 1682 2601 lucem
1743 2543 1935 2600 editus
1984 2548 2074 2600 est

426 2639 625 2690 noster
652 2633 1033 2689 Ambrosius:
1063 2633 1161 2688 ubi
1193 2638 1251 2689 et
1297 2632 1577 2690 Paulinus
1635 2633 1715 2705 (in
1770 2634 1887 2689 Vita
1943 2634 2072 2688 Am-

426 2724 593 2791 bros.,
627 2740 684 2777 n.
717 2724 773 2790 3)
804 2722 1139 2795 prodigium
1190 2722 1332 2777 illud
1392 2727 1677 2777 memorat
1733 2722 2068 2793 contigisse,

426 2829 543 2885 quo
575 2810 817 2883 apicula:
847 2812 906 2866 in
950 2828 1015 2867 os
1073 2810 1345 2866 infantuli
1396 2810 1729 2865 alternatim
1784 2810 2070 2865 intrantes

426 2906 601 2974 atque
629 2905 930 2967 exeuntes,
963 2915 1259 2955 summam
1293 2898 1455 2953 illius
1484 2897 1543 2953 in
1576 2894 1843 2963 dicendo,
1894 2906 1951 2952 et
2008 2901 2068 2955 in

424 2988 763 3047 hominibus
793 2988 864 3044 ad
897 2987 1114 3043 Christi
1144 2986 1494 3058 obsequium
1518 2984 1863 3053 alliciendis,
1884 2987 2071 3042 suavi-

422 3084 600 3136 tatem
631 3077 764 3133 visaa
795 3080 935 3133 sunt
954 3076 1317 3148 portendere.

2184 502 2434 573 virgines
2463 504 2593 575 ejus
2624 502 2898 558 manibus
2930 503 3178 560 solemni
3207 504 3323 559 ritu
3352 501 3580 557 Christo
3619 517 3831 555 conse-

2184 595 2372 659 cratze,
2408 591 2763 646 monasteria
2791 593 3031 647 demum
3061 592 3237 648 variis
3268 592 3329 647 in
3377 590 3521 647 locis
3572 590 3642 645 ab
3700 589 3834 661 ipso

2184 678 2455 735 instituta
2482 679 2676 752 palam
2711 680 2951 736 faciunt.
2985 684 3141 737 Inter
3168 681 3424 754 virgines
3446 684 3643 736 autem
3702 694 3835 751 qua!

2184 785 2215 823 a
2247 773 2448 823 sancto
2480 768 2728 840 praesule
2757 770 2830 824 ad
2862 770 3243 842 professionis
3275 787 3394 827 suae
3416 768 3839 841 perfectionem

2182 857 2506 912 informata;
2563 862 2722 923 sunt,
2781 856 3008 913 nullam
3065 858 3485 931 insignioribus
3546 856 3837 911 virtutum

2183 946 2450 1001 omnium
2482 946 2717 1002 fulsisse
2750 946 3133 1011 documentis,
3180 962 3356 1019 quam
3406 944 3835 1013 Mareellinam,

2184 1035 2372 1105 ipsius
2404 1035 2626 1106 efﬁgies
2654 1052 2687 1091 a
2718 1035 2813 1106 pio
2845 1038 3019 1091 fratre
3049 1036 3197 1107 stylo
3227 1052 3503 1107 expressa
3531 1034 3684 1089 clare
3728 1035 3839 1089 de-

2183 1128 2472 1177 monstrat
2502 1124 2625 1194 (lib.
2658 1141 2717 1178 ιιι
2748 1125 2822 1178 De
2852 1126 2993 1193 virg.
3027 1141 3153 1196 cap.
3189 1128 3242 1190 4,
3274 1141 3436 1179 num.
3470 1124 3541 1178 l5
3568 1126 3621 1178 et
3672 1123 3837 1194 seq.).

2184 1212 2379 1266 Romae
2412 1212 2650 1283 quidem
2686 1213 3163 1268 commorabatur
3220 1214 3425 1269 eadem
3486 1211 3669 1284 virgo,
3728 1210 3837 1267 sed

2183 1300 2345 1355 fratri
2376 1317 2608 1372 semper
2638 1301 2842 1356 intimo
2874 1302 3129 1373 quodam
3161 1300 3493 1356 animorum
3527 1317 3674 1355 nexu
3696 1316 3838 1355 con-

2175 1388 2384 1459 juncta
2416 1388 2550 1455 fuit;
2586 1389 2667 1443 ita
2698 1393 2761 1443 ut
2788 1390 2937 1460 ejus,
2972 1389 3022 1445 si
3053 1389 3287 1461 quando
3318 1388 3514 1460 ipsum
3535 1387 3596 1444 in
3621 1387 3841 1445 Urbem

2184 1476 2438 1533 traheret
2466 1477 2802 1545 necessitas,
2852 1483 3169 1550 conspectu
3226 1477 3342 1533 frui
3398 1476 3642 1533 minime
3695 1492 3841 1533 con-

2185 1570 2349 1621 tenta
2381 1566 2629 1622 subinde
2662 1566 3053 1623 Mediolanum
3078 1566 3248 1623 itaret
3278 1566 3351 1621 ad
3382 1582 3518 1622 eum
3575 1565 3844 1622 invisen-

2185 1656 2361 1710 dum:
2397 1656 2625 1726 quoties
2656 1661 2851 1711 autem
2883 1656 2955 1712 ab
2989 1655 3235 1712 invicem
3266 1655 3526 1711 locorum
3556 1654 3844 1711 distantia

2185 1745 2627 1813 separabantur,
2660 1745 2879 1800 crebris
2908 1744 3175 1816 epistolis
3204 1744 3394 1816 iisque
3422 1744 3497 1799 de
3524 1742 3736 1799 virtute
3767 1759 3840 1800 ac

2183 1831 2461 1904 religione
2495 1833 2868 1903 potissimum
2897 1833 3155 1904 scriptis,
3188 1836 3462 1888 mutuum
3481 1832 3571 1887 sui
3602 1832 3837 1888 deside-

2182 1922 2335 1976 rium
2368 1922 2825 1978 consolarentur.
2856 1927 2932 1978 At
2959 1927 3238 1994 praeterea
3284 1921 3334 1976 si
3390 1921 3533 1994 quid
3590 1920 3839 1976 anxium

2182 2010 2572 2065 sollicitumve
2629 2011 2911 2067 reddebat
2967 2009 3369 2077 Ambrosium,
3419 2010 3840 2067 amantissima

2181 2116 2348 2155 soror
2400 2100 2718 2155 fraternam
2777 2099 3233 2161 sollicitudinem
3300 2115 3437 2155 cum
3490 2115 3557 2155 eo
3622 2099 3836 2172 partiri

2182 2206 2485 2260 nunquam
2518 2188 2759 2255 destitit,
2793 2190 2985 2260 quoad
3038 2187 3136 2245 ille
3192 2187 3372 2244 vixit:
3424 2188 3616 2261 ipsam
3664 2188 3837 2245 enim

2182 2278 2560 2349 superstitem
2591 2278 2641 2333 ei
2666 2276 2848 2333 fuisse
2874 2277 3121 2334 dubium
3148 2293 3264 2333 non
3295 2282 3406 2333 est.

2250 2368 2304 2421 9.
2339 2366 2686 2423 Ambrosius
2718 2366 2859 2422 dum
2890 2366 3010 2438 egit
3039 2367 3253 2435 Romae,
3304 2366 3623 2422 liberalibus
3670 2366 3842 2423 disci-

2178 2456 2351 2529 plinis
2381 2454 2629 2526 (Paulin.
2663 2454 2724 2510 in
2760 2457 2877 2511 Vita
2907 2455 3116 2525 Ambr.,
3149 2472 3312 2511 num.
3345 2456 3400 2527 5)
3427 2471 3662 2527 operam
3727 2456 3844 2511 ds-

2181 2544 2284 2612 dit,
2321 2561 2705 2617 magnosque,
2739 2548 2804 2599 ut
2835 2561 2904 2599 ex
2951 2547 3080 2616 ejus
3129 2543 3637 2601 lucubrationibus
3698 2543 3842 2600 licet

2181 2650 2550 2703 cognoscere,
2584 2637 2640 2689 et
2670 2634 2728 2688 in
2752 2632 2995 2689 lectione
3012 2635 3298 2689 bonorum
3334 2639 3657 2697 auctorum,
3680 2636 3740 2688 et
3764 2632 3831 2688 in

2180 2721 2512 2776 Graecarum
2548 2723 2871 2777 litterarum
2930 2721 3260 2793 cognitione
3319 2738 3659 2793 progressus
3716 2720 3829 2777 ha-

2179 2809 2325 2864 buit.
2362 2812 2500 2866 inde
2530 2827 2665 2865 cum
2688 2810 2927 2865 orandis
2954 2810 3014 2864 in
3043 2812 3163 2865 foro
3194 2810 3390 2865 causis
3420 2810 3683 2865 animum
3727 2810 3836 2865 ad-

2169 2900 2432 2969 jecisset,
2464 2904 2695 2954 tantum
2728 2916 2846 2971 prae
2877 2915 2939 2954 se
2967 2898 3103 2954 tulit
3123 2899 3365 2971 ingenii,
3391 2898 3736 2969 eloquentia
3764 2902 3829 2955 et

2176 2988 2478 3059 gravitatis
2507 3005 2521 3056 ;
2556 2993 2621 3043 ut
2646 3004 2780 3043 eum
2812 2988 3035 3044 Probus
3066 2988 3336 3060 praetorio
3388 2988 3693 3059 praefectus
3751 2987 3827 3043 ad

2177 3077 2471 3132 consilium
2546 3076 2897 3132 tribuendum
2949 3076 3209 3149 eligeret.
3269 3076 3513 3148 Satyrus
3565 3092 3826 3148 quoque,

490 3171 546 3223 7.
603 3167 736 3238 (An.
797 3164 948 3237 353.)
1002 3165 1169 3220 Patre
1227 3166 1476 3231 mortuo,
1533 3164 1883 3220 Ambrosius
1931 3182 2064 3221 cum
2096 3150 2138 3215 C
2177 3169 2410 3237 peracto
2440 3164 2772 3220 studiorum
2805 3182 3050 3222 suorum
3080 3164 3395 3232 curriculo,
3427 3164 3618 3221 forum
3649 3179 3828 3220 secu-

422 3261 610 3314 matre
640 3256 884 3312 Romam
919 3270 1184 3309 reversus
1214 3256 1320 3319 est,
1355 3269 1471 3324 qua
1500 3252 1557 3307 in
1608 3253 1750 3308 urbe
1781 3253 2065 3310 Marcelli-

423 3362 582 3411 nam,
604 3359 729 3417 quae
744 3344 1136 3413 virginitatem,
1153 3346 1219 3397 ut
1232 3339 1369 3397 Paul
1380 3341 1515 3397 inus
1534 3345 1745 3397 testatu
1756 3360 1782 3396 r
1793 3342 1957 3414 (num
1969 3344 2063 3416 .4),

413 3435 536 3505 jam
567 3435 748 3503 fuerat
771 3432 1040 3504 professa,
1100 3446 1235 3486 cum
1286 3430 1401 3485 alia
1446 3430 1588 3486 item
1630 3447 1798 3487 sacra
1845 3431 2067 3504 virgine

419 3520 782 3579 habitantem
809 3520 1041 3594 reperit.
1065 3521 1207 3576 Cum
1231 3524 1427 3575 autem
1458 3536 1526 3575 ex
1550 3520 1800 3592 ipsomet
1825 3521 2061 3577 Ambro-

420 3613 509 3670 sio
564 3627 913 3685 cognoscere
956 3609 1032 3665 sit
1089 3610 1357 3665 eamdem
1424 3608 1798 3665 Marcellinan
1854 3611 2064 3668 Liberii

420 3700 716 3774 pontiﬁcis
747 3699 1022 3755 manibus
1048 3696 1225 3752 natali
1258 3697 1351 3752 die
1382 3696 1594 3753 Christi
1626 3699 1857 3754 Domini
1901 3700 2063 3756 ﬂam-

413 3806 544 3848 meo
572 3786 845 3863 virginali
881 3787 1062 3843 fuisse
1092 3790 1491 3842 consecratam
1523 3786 1648 3855 (lib.
1693 3802 1755 3841 IIl
1787 3790 1862 3842 De
1918 3792 2058 3860 virg.

412 3895 539 3952 cap.
575 3879 627 3946 1,
655 3894 820 3933 num.
854 3876 909 3949 4)
936 3894 949 3931 :
983 3874 1219 3931 aliunde
1250 3891 1383 3930 vero
1414 3891 1531 3930 non
1591 3875 1896 3930 dubitetur
1918 3877 2062 3949 quin

408 3966 506 4025 ille
536 3966 800 4040 pontifex
828 3981 884 4020 xI
916 3962 1041 4019 Kal.
1072 3963 1282 4019 Junius
1312 3961 1450 4018 anni
1482 3966 1712 4017 tantum
1754 3963 1879 4032 352,
1940 3967 2060 4020 suf-

405 4057 592 4114 fectus
617 4055 797 4113 fuerit
828 4054 888 4109 in
919 4052 1246 4110 decessoris
1306 4051 1398 4107 sui
1453 4050 1592 4106 Julii
1653 4052 1873 4119 sedem,
1919 4053 2056 4110 hinc

402 4142 468 4198 ﬁt
496 4145 863 4215 compertum
895 4138 1244 4196 Marcelline:
1271 4128 1767 4195 consecrationem
1792 4156 1907 4196 non
1941 4141 2053 4198 nisi

398 4247 499 4289 vm
532 4231 656 4288 Kal.
687 4228 1008 4287 Januarias
1034 4226 1194 4292 anni,
1244 4232 1309 4283 ut
1367 4227 1707 4294 minimum,
1764 4229 1888 4297 353,
1949 4236 2052 4287 aut

398 4320 595 4391 potius
626 4320 755 4387 354,
792 4316 915 4373 ﬁeri
950 4315 1232 4389 potuisse.
1267 4316 1441 4373 Porro
1499 4333 1632 4372 cum
1692 4318 1762 4373 ad
1812 4324 2045 4393 tempus

2176 3258 2293 3319 tus,
2353 3254 2669 3309 incredibili
2732 3254 3117 3322 admiratione,
3177 3258 3242 3309 ut
3295 3253 3592 3309 Ambrosii
3646 3252 3828 3309 verba

2174 3359 2549 3414 usurpemus,
2584 3345 2643 3398 in
2672 3343 2948 3399 auditorio
2992 3345 3335 3416 praefecturae
3386 3344 3637 3399 sublimis
3682 3343 3826 3398 erui-

2173 3434 2288 3487 cuit
2314 3433 2409 3503 (De
2435 3448 2658 3488 excessu
2680 3426 2888 3505 Satyri,
2923 3450 2980 3487 n.
3007 3434 3123 3504 29).
3158 3433 3223 3487 Et
3253 3448 3455 3488 revera
3505 3431 3676 3487 ambo
3735 3430 3826 3487 illi

2175 3520 2382 3577 fratres
2442 3521 2724 3577 virtutum
2779 3538 3023 3577 suarum
3097 3521 3377 3593 sutiragio
3458 3520 3826 3578 clarissimas

2174 3626 2435 3683 quasque
2466 3610 2783 3683 dignitates
2823 3611 3075 3666 assecuti
3107 3616 3263 3677 sunt,
3297 3627 3445 3681 quas
3475 3626 3591 3682 quo
3615 3610 3824 3665 animo

2170 3698 2346 3754 iidem
2379 3699 2649 3765 adierint,
2685 3699 2837 3754 clare
2875 3699 3225 3771 signiﬁcavit
3279 3698 3649 3764 Ambrosius,
3711 3698 3823 3754 ubi

2171 3787 2291 3843 haec
2321 3787 2727 3845 dixit:Saeculi
2773 3788 2939 3859 hujus
2988 3789 3234 3855 honores,
3262 3788 3477 3859 inquit,
3522 3829 3536 3843 .
3580 3828 3593 3842 .
3640 3827 3654 3842 .
3681 3802 3822 3857 quos

2168 3875 2285 3931 ideo
2316 3877 2500 3949 adepti
2528 3894 2737 3945 sumus,
2788 3894 2898 3933 non
2946 3880 3079 3950 quia
3125 3878 3233 3949 fuit
3282 3876 3587 3949 expetenda
3622 3891 3820 3932 eorum

2162 3967 2454 4037 perceptio,
2486 3965 2578 4021 sed
2598 3982 2667 4020 ne
2705 3966 2835 4020 vilis
2871 3964 3237 4021 dissimulatio
3286 3964 3565 4020 videretur
3627 3962 3819 4035 (ibid.,

2167 4071 2331 4110 num.
2362 4056 2473 4123 25).
2509 4054 3014 4119 Quemadmodum
3047 4057 3242 4109 autem
3284 4057 3523 4126 Satyrus
3575 4051 3822 4124 provin-

2164 4143 2317 4199 ciam
2374 4142 2873 4199 administraverit
2950 4160 3069 4199 suas
3126 4158 3281 4198 cura:
3338 4142 3639 4207 creditam,
3691 4157 3818 4198 non

2162 4230 2399 4287 aliunde
2424 4231 2635 4287 melius
2668 4248 2846 4303 quam
2873 4248 2942 4287 ex
2999 4230 3110 4286 hoc
3168 4231 3422 4286 fraterno
3468 4228 3817 4286 testimonio

2160 4320 2383 4375 discere
2411 4318 2579 4375 licet:
2605 4320 2801 4390 Qualis
2832 4322 2891 4376 in
2914 4321 3194 4376 uniuersos
3215 4320 3404 4389 fuerit,
3436 4318 3519 4373 ait
3542 4316 3657 4384 ille,
3674 4333 3818 4389 pro-

397 4408 788 4462 Ambrosiano
820 4405 878 4460 in
910 4406 1117 4460 urbem
1150 4404 1337 4460 reditu
1371 4406 1662 4477 posterius
1700 4407 1987 4463 referatur
2017 4427 2051 4465 a
2157 4409 2485 4464 vincialium
2512 4409 2709 4479 quibus
2736 4410 2986 4479 praefuit,
3039 4407 3223 4464 studia
3260 4407 3453 4463 docent
3480 4407 3578 4477 qui
3613 4421 3818 4477 paren-

396 4495 641 4552 Paulino
672 4494 886 4568 saepius
917 4493 1013 4549 hic
1037 4494 1295 4559 citando,
1330 4494 1484 4566 quod
1508 4494 1663 4550 idem
1697 4498 2045 4553 Ambrosius
2078 4518 2124 4582 θ
2156 4499 2265 4551 tem
2319 4499 2501 4565 magis
2556 4499 2863 4568 proprium,
2911 4513 3078 4567 quam
3124 4496 3373 4568 judicem
3421 4490 3812 4566 loquebantur.

398 4600 612 4640 manus
643 4600 782 4640 suas
813 4586 1097 4655 tanquam
1131 4584 1307 4637 futuri
1340 4583 2043 4657 episcOpiexosculandas
2151 4594 2370 4656 gratum
2436 4586 2542 4656 piae
2621 4585 3038 4641 necessitudinis
3102 4584 3399 4648 arbitrum,
3462 4585 3815 4639 constantem

397 4672 603 4746 puellae
635 4671 957 4745 porrigeret
977 4675 1334 4737 memoratas,
1365 4688 1431 4727 ex
1464 4671 1597 4727 lusu
1627 4672 1727 4729 illo
1748 4690 1888 4729 sane
1908 4691 2047 4745 pue-

320 4758 325 4765 ’
397 4760 487 4817 rili
522 4761 667 4819 satis
690 4759 989 4834 colligitur
1017 4759 1365 4816 Pauliniana
1420 4761 1614 4828 verba,
1672 4779 1798 4817 cum
1852 4762 2042 4818 adole-

393 4852 576 4922 visset,
612 4848 979 4922 potiorijure
1010 4849 1080 4904 de
1121 4850 1305 4904 sancti
1366 4851 1548 4905 nostri
1611 4867 1762 4907 anno
1818 4868 1893 4906 xu
1953 4851 2041 4907 vel

392 4957 491 4996 xm
523 4938 796 5012 intelligi,
829 4954 1004 5010 quam
1039 4938 1110 4993 de
1139 4954 1234 4992 xxx
1265 4943 1367 4993 aut
1395 4955 1487 4994 xx.
1518 4937 1681 4995 Unde
1717 4938 1863 4995 illud
1924 4957 2040 4996 non

392 5026 596 5084 leviter
625 5032 817 5100 potest
844 5028 1211 5094 conﬁrmare,
1243 5028 1399 5100 quod
1416 5028 1708 5084 Ambrosii
1733 5034 1927 5084 ortum
1945 5046 2042 5084 an-

390 5132 465 5172 no
496 5117 605 5171 3&0
638 5116 1094 5189 assignavimus.

456 5206 510 5259 8.
559 5205 851 5260 Educatus
905 5205 966 5260 in
1025 5205 1406 5261 contubernio
1464 5203 1674 5259 harum
1734 5205 2039 5275 virginum

383 5297 585 5349 noster
613 5293 984 5359 Ambrosius,
1036 5294 1170 5349 inde
1227 5298 1389 5349 tanto
1448 5310 1586 5366 erga
1642 5294 2037 5365 virginitatem

384 5385 561 5453 atque
589 5380 920 5435 caelibatum
954 5398 1151 5438 amore
1177 5383 1421 5438 affectus
1452 5387 1558 5449 cst,
1593 5386 1659 5436 ut
1711 5380 1855 5437 illud
1905 5383 2035 5438 vitae

384 5485 573 5544 genus
604 5485 724 5525 non
758 5469 930 5526 modo
961 5469 1087 5543 ipse
1115 5487 1349 5544 semper
1377 5469 1623 5527 coluerit
1680 5487 1857 5543 quam
1913 5477 2035 5528 stu-

385 5558 745 5633 diosissime,
775 5575 978 5622 verum
1007 5560 1185 5621 etiam
1207 5561 1343 5623 totis
1361 5559 1585 5621 viribus
1604 5558 1775 5641 longe
1801 5559 2035 5641 lateque

2152 4676 2296 4745 a’qui
2342 4674 2494 4745 juris
2522 4673 2929 4745 disceptatorem
2960 4672 3118 4744 (ibid.
3147 4688 3311 4727 num.
3343 4672 3454 4741 58).

2225 4763 2306 4817 10,
2345 4763 2476 4834 (ΑΝ.
2508 4762 2658 4833 375.)
2715 4761 2901 4825 Quam
2931 4762 3227 4834 regionem
3283 4761 3528 4833 Satyrus
3597 4775 3812 4831 regen-

2151 4851 2289 4906 dam
2332 4851 2637 4924 acceperit,
2689 4850 2932 4907 minime
2990 4854 3257 4907 constat:
3319 4850 3476 4923 quod
3535 4864 3668 4904 vero
3726 4849 3807 4905 ad

2150 4940 2549 5009 Ambrosium,
2598 4940 2821 4995 Probus
2874 4940 3000 5010 jam
3058 4943 3194 4994 ante
3247 4941 3608 4994 memoratus
3663 4952 3808 4993 eum

2149 5028 2405 5100 przefecit
2434 5028 2679 5101 Liguriae
2710 5032 2886 5099 atque
2915 5027 3181 5094 dimiliaa,
3213 5027 3430 5100 quibus
3484 5024 3810 5099 provinciis

2149 5116 2716 5188 archiepiscopatum
2802 5114 3323 5184 Mediolanensem,
3424 5112 3807 5185 Liguriarum

2145 5204 2591 5274 Taurinensem,
2650 5204 3040 5271 Genuensem,
3100 5210 3280 5276 atque
3365 5202 3806 5259 Bononiensem

2148 5292 2562 5365 comprehendi
2594 5292 2766 5365 vulgo
2799 5293 3157 5349 existimant.
3176 5292 3323 5347 Cum
3347 5308 3517 5364 porro
3548 5290 3806 5347 Ambro-

2147 5382 2300 5437 sium
2334 5380 2473 5436 illuc
2504 5382 2608 5437 abs
2665 5397 2727 5437 se
2770 5381 2993 5437 Probus
3054 5381 3395 5449 dimitteret,
3450 5395 3585 5435 cum
3633 5377 3806 5435 hisce

2143 5470 2337 5526 verbis
2371 5470 2554 5525 fertur
2583 5468 2905 5527 allocutus:
2948 5470 3105 5539 Vade,
3162 5469 3374 5541 inquit,
3431 5483 3530 5538 age
3565 5481 3677 5523 non
3736 5476 3811 5527 ut

2134 5560 2329 5639 judex,
2384 5560 2477 5621 sed
2529 5564 2593 5620 ut
2646 5562 2922 5643 episcopus
2969 5558 3219 5641 (Paulin.
3272 5558 3333 5617 in
3404 5559 3526 5618 Vita
3599 5556 3805 5625 Ambr.
