4122 6186
276 369 346 428 ’Π
1332 371 1436 432 EX
1480 371 1671 434 EJUS
1715 365 2203 435 POTISSIMUM
2245 369 2619 433 SCRIPTIS.
3595 381 3676 443 78

278 516 431 557 num.
463 500 521 572 8)
555 519 570 569 ;
611 500 895 558 nimirum
928 506 992 557 ut
1016 501 1213 574 potius
1266 500 1636 558 clementiam
1695 503 1919 574 episco-
1953 502 2003 568 Α
2032 502 2275 573 episcopi
2291 502 2527 572 judicio,
2561 505 2853 560 orientales
2883 508 3047 562 etiam
3077 510 3318 580 exemplo
3348 511 3674 582 probarunt,

276 589 692 663 palcm,quam
732 590 954 662 judicia
1014 590 1380 648 severitatem
1442 590 1737 648 exhiberet
1792 609 1922 663 pro-

270 678 644 748 vincialibus,
677 679 1075 752 pulcherrime
1096 681 1443 736 admonens.

340 768 427 824 11.
459 766 649 839 Hujus
677 769 953 842 praecepti
981 768 1141 825 haud
1181 769 1497 825 immemor
1537 769 1760 826 exstitit
1787 773 1923 825 Am-

272 856 505 914 brosius
538 873 552 912 :
585 856 940 931 populorum
972 857 1129 914 enim
1180 857 1411 913 animos
1464 862 1767 930 tantopere
1814 858 1926 914 sibi

276 946 529 1003 devinxit
558 947 834 1003 comitate
864 963 975 1002 sua
1003 949 1060 1003 et
1091 947 1563 1015 mansuetudine,
1597 951 1684 1014 ut,
1710 947 1924 1004 exstin-

279 1039 373 1093 cto
400 1035 709 1107 Auxentio,
734 1035 960 1108 perfido
988 1034 1089 1091 illo
1117 1035 1331 1092 Ariano
1362 1036 1487 1109 (qui
1519 1036 1719 1091 sedem
1750 1053 1924 1092 occu-

274 1129 440 1199 parat
467 1124 986 1192 Mediolanensem,
1021 1125 1176 1180 unde
1208 1125 1430 1195 ejectus
1460 1129 1517 1179 et
1548 1124 1601 1179 in
1655 1124 1924 1180 exsilium

278 1214 637 1271 amandatus
663 1218 789 1270 erat
804 1217 1045 1270 sanctus
1073 1213 1435 1287 Dionysius),
1465 1213 1523 1269 in
1556 1214 1686 1285 ejus
1732 1213 1926 1270 locum

270 1305 521 1377 ipsemet
544 1303 827 1360 suﬂ'ectus
858 1302 1033 1358 fuerit
1062 1303 1134 1358 ad
1165 1319 1300 1359 eum
1334 1302 1574 1358 modum
1602 1302 1758 1375 quia
1787 1303 1929 1359 Pau-

268 1392 391 1449 lino
421 1391 720 1466 eleganter
744 1391 1122 1448 describitur.
1164 1391 1510 1448 Ambrosius
1542 1390 1650 1447 hac
1707 1391 1768 1447 in
1818 1391 1928 1449 ele-

268 1482 466 1539 ctione
491 1481 613 1537 vim
647 1481 761 1537 sibi
791 1480 1018 1537 illatam
1051 1480 1234 1537 fuisse
1266 1481 1600 1552 frequenter
1628 1481 1930 1553 conqueri-

266 1576 366 1627 tur
393 1570 580 1644 (ibid,
610 1587 777 1626 num.
822 1570 858 1624 6
886 1574 939 1625 et
966 1570 1102 1642 seq.)
1161 1585 1416 1642 namque
1445 1568 1506 1624 in
1558 1570 1747 1641 primo
1778 1569 1927 1627 libro

264 1661 340 1739 de
368 1659 594 1717 Otﬁciis
618 1660 636 1731 (
662 1675 827 1715 num.
859 1662 896 1714 2
923 1662 982 1715 et
1027 1660 1082 1730 4)
1110 1659 1285 1715 modo
1314 1658 1427 1714 sibi
1474 1660 1777 1731 refugienti
1824 1662 1926 1715 im-

258 1752 503 1822 positam
552 1749 849 1805 sacerdotii
909 1747 1366 1804 necessitudinem
1412 1747 1587 1814 dolet,
1646 1748 1820 1803 modo
1871 1766 1929 1805 se

261 1846 495 1911 raptum
521 1855 557 1893 a
583 1838 965 1893 tribunalibus
994 1846 1157 1909 atque
1185 1837 1698 1893 administrationis
1729 1838 1928 1908 infulis
1953 1872 2002 1938 Β

265 1928 338 1983 ad
393 1926 782 1983 sacerdotium.
842 1926 911 1981 Et
969 1924 1083 1980 alio
1114 1925 1174 1980 in
1209 1923 1359 1979 libro
1394 1941 1406 1978 :
1441 1926 1681 1992 Dicetur,
1713 1926 1922 1998 inquit,

267 2019 402 2073 Ecce
430 2016 531 2071 ille
556 2032 668 2072 non
697 2017 757 2070 in
799 2014 1053 2070 Ecclesia
1100 2016 1344 2069 nutritus
1400 2016 1551 2080 sinu,
1584 2030 1694 2070 non
1721 2014 1925 2070 edomi-

266 2111 357 2161 tus
386 2122 422 2159 a
442 2121 617 2177 puero
649 2121 662 2161 :
687 2104 781 2160 sed
810 2106 998 2176 raptus
1026 2120 1061 2159 a
1116 2103 1525 2171 tribunalibus,
1560 2102 1822 2159 abductus
1862 2105 1927 2160 de

266 2194 614 2251 vanitatibus
644 2192 835 2249 seaculi
873 2193 1058 2263 hujus,
1088 2207 1123 2246 a
1160 2192 1432 2264 praconis
1460 2206 1585 2246 voce
1638 2191 1709 2247 ad
1761 2193 1926 2248 Psal-

265 2287 458 2342 mista:
502 2285 842 2353 assuefactus
899 2282 1173 2336 canticum
1204 2279 1328 2351 (lib.
1364 2296 1403 2334 ιι
1436 2281 1510 2335 De
1559 2283 1751 2352 ptenit.
1785 2298 1834 2337 c.
1867 2286 1923 2349 8,

267 2389 439 2429 num.
488 2372 604 2439 67).
632 2371 705 2426 Et
760 2375 893 2443 post
956 2384 1187 2441 pauca:
1252 2368 1471 2424 Custodi
1523 2369 1726 2424 donum
1779 2370 1926 2442 quod

268 2462 561 2519 contulisti
588 2461 764 2516 etiam
819 2459 1133 2530 refugienti.
1181 2458 1291 2529 Ego
1322 2460 1472 2513 enim
1501 2458 1736 2514 sciebam
1787 2459 1926 2531 quod

268 2568 379 2608 non
409 2566 534 2606 sum
566 2549 775 2622 dignus
810 2549 1010 2604 vocari
1031 2549 1333 2619 episcopus,
1381 2549 1643 2618 quoniam
1670 2547 1924 2603 dederam

266 2657 354 2697 me
378 2638 590 2696 saeculo
618 2637 747 2693 huic
777 2655 791 2692 :
817 2637 921 2693 sed
947 2640 1134 2710 gratia
1164 2644 1258 2691 tua
1311 2653 1433 2690 sum
1489 2636 1629 2708 quod
1657 2653 1797 2691 sum.
1859 2627 1923 2693 Et

266 2747 393 2786 sum
423 2728 658 2801 quidem
687 2727 957 2781 minimus
986 2727 1237 2781 omnium
1283 2726 1675 2796 episcoporum,
1708 2729 1760 2782 et
1792 2726 1919 2797 infi-

268 2836 393 2874 mus
426 2816 647 2872 merito.
683 2814 747 2870 In
776 2812 1024 2886 epistola
1053 2828 1286 2885 quoque
1318 2813 1390 2867 ad
1422 2812 1815 2870 Vercellenses
1843 2816 1922 2871 ita

270 2907 590 2980 loquitur:
649 2904 823 2972 Quam
906 2903 1223 2958 resistebam
1278 2918 1348 2957 ne
1412 2901 1765 2959 ordinarer...
1821 2904 1922 2961 Sed

269 3013 385 3052 non
412 2995 595 3050 valuit
624 2994 990 3065 praescriptio,
1039 2992 1335 3063 praevaluit
1388 2992 1669 3063 impressio
1728 2993 1917 3064 (epist.

263 3087 357 3151 63,
393 3083 700 3153 num.65).
734 3084 898 3138 Certe
944 3080 1180 3153 quidem
1240 3079 1410 3136 exiis
1458 3097 1585 3151 quae
1637 3081 1920 3139 Paulinus

266 3175 379 3230 hac
408 3174 485 3229 de
515 3189 577 3228 re
605 3174 805 3226 narrat
830 3170 912 3243 (in
947 3172 1063 3226 Vita
1091 3170 1277 3225 Ambr.
1330 3187 1389 3224 n.
1417 3171 1472 3224 7.
1504 3172 1555 3224 et
1605 3171 1760 3242 seq.),
1796 3171 1920 3243 pla-

2034 591 2530 659 quemadmodum
2560 596 2809 649 testatur
2831 595 3074 666 ipsemet
3099 598 3463 668 Ambrosius,
3497 601 3678 671 quiet

2035 680 2344 752 subjungit
2376 698 2388 736 :
2421 680 2480 736 Si
2507 681 2700 737 dilatio
2730 684 3068 741 ordinatioai
3123 686 3315 759 deluit,
3349 689 3429 743 vis
3482 705 3675 758 cogen-

2035 769 2104 822 tis
2134 776 2212 823 est
2240 785 2259 822 :
2288 770 2341 823 si
2369 786 2477 824 non
2504 772 2647 826 deest
2678 772 2970 829 humilitas
2998 780 3304 847 competens
3352 778 3671 847 sacerdotio,

2037 856 2132 911 ubi
2160 873 2325 912 causa
2345 873 2457 913 non
2485 858 2677 926 lueret,
2710 862 2903 916 vilium
2935 878 3040 918 non
3075 865 3396 935 imputatur.
3536 871 3540 875 ’

2107 944 2193 1007 13,
2226 945 2555 1001 Verisimile
2585 952 2675 1002 est
2704 950 3199 1006 consecrationem
3230 953 3390 1010 illam
3427 973 3506 1012 vn
3539 958 3676 1013 Idus

2036 1036 2258 1092 mensis
2281 1037 2613 1092 Decembris
2637 1037 2846 1094 factam
2871 1041 3052 1096 fuisse
3075 1043 3553 1115 quandoquidem
3567 1046 3678 1103 hoc

2038 1124 2165 1196 ipso
2218 1125 2311 1180 die
2343 1124 2562 1181 mentio
2602 1127 2730 1197 ejus
2764 1128 2826 1181 ﬁt
2856 1132 2972 1183 tam
3010 1130 3161 1201 apud
3195 1130 3444 1201 Graecos,
3496 1151 3675 1206 quam

2040 1214 2192 1285 apud
2227 1212 2461 1269 Latinos
2490 1231 2502 1268 :
2547 1214 2688 1286 quin
2721 1215 2905 1271 ethoc
2957 1216 3113 1272 idem
3161 1218 3420 1275 indicare
3449 1222 3681 1279 videtur

2038 1302 2404 1371 Ambrosius,
2439 1320 2573 1358 cum
2606 1319 2786 1376 agens
2818 1304 2888 1359 de
2947 1304 3151 1361 Felicis
3209 1307 3510 1365 Comensis
3566 1311 3683 1382 epi—

2037 1391 2195 1463 scopi
2223 1392 2604 1458 ordinatione,
2652 1408 2777 1463 qute
2806 1395 2873 1447 in
2894 1394 3117 1450 exordio
3154 1397 3273 1466 ipsa
3311 1397 3682 1454 Kalendarum

2036 1481 2420 1536 Novembrium
2450 1482 2699 1549 redibat,
2724 1481 2808 1536 sic
2840 1498 2974 1538 eum
3008 1482 3325 1555 alloquitur
3357 1503 3369 1541 :
3431 1488 3681 1544 Natalem

2038 1577 2195 1625 tuum
2221 1586 2610 1642 prosequemur
2646 1572 2845 1626 nostris
2900 1573 3259 1640 orationibus,
3291 1577 3341 1629 et
3396 1577 3456 1630 tu
3510 1578 3683 1632 nostri

2036 1662 2094 1713 in
2121 1661 2229 1715 tuis
2283 1661 2420 1715 votis
2473 1677 2585 1716 non
2637 1660 2980 1716 obliviscaris
3040 1661 3231 1734 (epist.
3295 1664 3346 1730 4,
3381 1680 3544 1720 num.
3601 1665 3678 1736 2).

2036 1749 2259 1804 Etenim
2295 1749 2345 1804 si
2394 1748 2572 1804 dictio
2619 1752 2794 1805 nostri
2823 1751 3037 1807 efﬁciat
3065 1768 3260 1807 vocem
3294 1755 3519 1821 natalis,
3579 1754 3682 1809 ad-

2037 1839 2277 1893 modum
2307 1837 2610 1909 probabile
2640 1839 2815 1894 fuerit
2841 1839 3032 1895 virum
3058 1844 3325 1896 sanctum
3350 1858 3465 1897 non
3498 1840 3685 1897 aliun-

2035 1927 2105 1982 de
2123 1927 2193 1982 ad
2224 1927 2345 1982 haec
2376 1927 2682 1982 scribenda
2713 1927 3017 1983 inductum
3048 1945 3197 1997 esse,
3221 1929 3335 1985 nisi
3362 1930 3502 2002 quia
3551 1929 3684 1986 initi

2034 2016 2139 2072 abs
2170 2032 2231 2071 se
2272 2015 2640 2087 episcopatus
2670 2017 3133 2072 anniversarium
3194 2019 3489 2091 cogitabat
3540 2022 3685 2075 tunc

2035 2105 2366 2160 imminere.
2419 2104 2594 2176 Atqui
2654 2121 2980 2161 consensus
3013 2106 3581 2180 chronologistarum
3613 2109 3686 2165 de

2037 2210 2190 2248 anno
2221 2193 2677 2250 consecrationis
2706 2195 2971 2263 ejusdem
3013 2196 3199 2250 sancti
3252 2196 3435 2252 multo
3494 2197 3686 2269 major

2035 2288 2143 2349 est,
2176 2299 2379 2338 eorum
2409 2282 2567 2338 enim
2600 2282 2944 2355 peritissimi
2976 2300 3128 2339 anno
3156 2286 3262 2339 374
3319 2301 3448 2340 eam
3504 2284 3681 2342 collo-

2034 2375 2205 2439 cant;
2239 2387 2579 2443 quanquam
2612 2389 2729 2427 non
2762 2371 2953 2427 desint
2971 2373 3071 2444 qui
3093 2374 3358 2429 eamdem
3378 2374 3437 2429 in
3458 2391 3683 2431 annum

2032 2461 2441 2531 insequentem
2474 2460 2674 2515 ditl'ere
2706 2460 3012 2529 voluerint,
3047 2479 3163 2516 non
3194 2464 3337 2518 satis
3397 2464 3679 2521 nimirum

2031 2549 2399 2607 attendentes
2426 2547 2838 2615 Valentiniani,
2877 2565 3052 2619 quem
3085 2551 3459 2622 superstitem
3497 2553 3681 2610 fuisse

2031 2642 2261 2694 constat
2305 2654 2419 2709 quo
2450 2640 2709 2708 tempore
2741 2637 2812 2691 ad
2872 2637 3273 2709 episcopatum
3332 2641 3678 2698 Ambrosius

2031 2729 2334 2799 cooptatus
2363 2729 2470 2793 est,
2502 2725 2727 2780 obitum
2759 2726 3021 2781 evenisse
3077 2743 3231 2782 anno
3288 2728 3415 2795 375,
3472 2745 3677 2786 mense

2029 2814 2356 2872 Novembri.
2411 2813 2857 2884 Quamprimum
2930 2830 3065 2869 vero
3123 2820 3365 2872 sanctus
3420 2818 3670 2875 antistes

2031 2905 2372 2962 electionem
2397 2917 2564 2958 suam
2597 2902 2887 2974 episcopis
2918 2919 3052 2957 cum
3074 2903 3375 2960 orientalis
3404 2905 3674 2963 Ecclesiae

2030 3001 2155 3049 tum
2186 2990 2584 3056 occidentalis,
2630 2995 2695 3045 ut
2721 2992 2902 3045 moris
2954 2996 3097 3059 erat,
3159 2992 3529 3064 significavit,
3588 3012 3680 3051 ex-

2030 3088 2261 3154 statque
2291 3080 2615 3137 etiamnum
2648 3079 2871 3150 episola
2912 3081 3111 3151 magni
3143 3081 3341 3136 Basilii
3395 3099 3679 3155 perquam

2035 3171 2285 3244 egregia,
2346 3186 2465 3239 qua
2513 3168 2722 3224 litteris
2772 3169 3179 3224 Ambrosianis
3229 3169 3328 3225 ille
3368 3174 3683 3244 respondet

262 3262 588 3319 nissimum
641 3264 732 3316 est
787 3238 1057 3314 sanctum
1113 3259 1271 3313 hunc
1327 3261 1614 3327 nostrum,
1670 3238 1755 3315 ut
1788 3238 1923 3316 huic
1954 3238 1996 3305 C
2036 3238 2232 3331 (Easil.
2266 3238 2436 3330 epist.
2469 3259 2584 3327 55),
2615 3262 2671 3312 et
2702 3257 2801 3328 qui
2832 3257 3089 3328 epistolae
3119 3258 3377 3331 Dionysii
3405 3238 3580 3331 quem
3616 3262 3680 3317 in

266 3350 435 3408 oneri
498 3349 851 3406 subduceret
907 3347 1206 3414 humeros,
1267 3345 1411 3401 nihil
1471 3363 1585 3403 non
1642 3352 1920 3405 tentasse.

265 3441 693 3497 Verumtamen
724 3436 825 3493 ubi
854 3435 1251 3492 Valentiniani
1291 3435 1536 3492 Caesaris
1566 3434 1753 3491 allatas
1786 3443 1926 3495 sunt

264 3529 506 3597 littera,
536 3527 748 3583 divina:
795 3524 1086 3582 voluntati
1112 3541 1290 3597 quam
1341 3530 1476 3596 post
1504 3528 1591 3580 tot
1621 3525 1834 3583 indicia
1864 3527 1923 3583 in

263 3619 521 3675 dubium
554 3614 822 3671 revOcare
842 3615 971 3686 jam
1005 3632 1122 3670 non
1155 3618 1399 3686 poterat,
1449 3630 1672 3670 morem
1725 3632 1924 3689 gerere

262 3712 518 3764 coactus
544 3704 674 3760 fuit.
707 3704 849 3759 Eam
880 3702 953 3759 ob
984 3719 1106 3758 rem
1135 3702 1352 3758 secutis
1375 3703 1758 3775 temporibus,
1788 3706 1922 3762 c‘um

267 3793 647 3852 atrocissime
678 3791 1059 3865 impeteretur
1080 3791 1153 3847 ab
1174 3790 1420 3860 Arianis,
1444 3791 1922 3850 Valentinianum

266 3883 606 3941 secundum
662 3880 758 3936 his
823 3880 1015 3936 verbis
1064 3879 1497 3951 compellabat:
1558 3881 1777 3948 Omitto,
1834 3884 1923 3939 in-

266 3972 510 4046 quiens,
544 3973 680 4043 quia
698 3970 820 4041 jam
852 3985 964 4041 ipse
980 3968 1214 4041 populus
1236 3969 1530 4040 judicavit,
1551 3972 1761 4037 omitto,
1795 3975 1925 4044 quia

265 4077 396 4117 eum
426 4076 595 4132 quem
622 4059 802 4124 habet,
835 4057 900 4113 de
922 4060 1082 4129 patre
1111 4058 1417 4113 clementia:
1447 4065 1557 4113 tua:
1580 4060 1880 4130 postulavit
1908 4080 1920 4117 :

264 4153 426 4206 taceo
464 4149 603 4221 quia
649 4153 807 4220 pater
827 4147 1050 4219 pietatis
1075 4148 1184 4201 tum
1243 4146 1475 4217 quietem
1501 4147 1749 4216 futuram
1802 4166 1924 4222 spo-

263 4238 491 4311 pondit,
522 4239 575 4291 si
601 4237 800 4291 electus
844 4237 1145 4306 susciperet
1170 4233 1551 4290 sacerdotium.
1588 4238 1737 4293 Hanc
1764 4239 1926 4309 fidem

265 4331 492 4383 semitas
519 4342 642 4380 sum
665 4326 1059 4396 promissorum
1087 4323 1279 4395 (epist.
1309 4324 1400 4391 2i,
1433 4340 1596 4382 num.
1633 4325 1710 4397 7).

347 4418 437 4471 12.
471 4414 794 4485 Postquam
825 4412 1007 4485 igitur
1024 4410 1238 4466 divinis
1264 4411 1458 4483 paruit
1486 4411 1811 4485 imperatis,
1843 4433 1928 4473 re-

266 4502 678 4576 generationis
728 4501 957 4557 lavacro
1017 4500 1273 4573 episcopi
1333 4500 1604 4558 catholici
1652 4506 1927 4562 manibus

2033 3349 2369 3420 episcopatu
2401 3346 2623 3417 excepit
2648 3346 3014 3411 Ambrosius,
3042 3346 3321 3419 reliquias
3372 3349 3680 3419 adjunctus

2032 3438 2215 3494 fuisse
2245 3436 2487 3508 quidam
2518 3434 2871 3490 existimant.
2906 3435 3172 3491 Mortuus
3220 3443 3416 3492 autem
3472 3443 3561 3495 est
3616 3439 3681 3496 in

2033 3527 2235 3583 exsilio
2267 3528 2508 3581 sanctus
2538 3524 2851 3596 Dionysius
2906 3541 3005 3579 vm
3063 3525 3187 3581 Kal.
3245 3525 3474 3599 Apriles
3521 3529 3678 3600 ejus-

2033 3618 2166 3672 dem
2198 3614 2335 3670 anni
2367 3614 2491 3668 374.

2106 3706 2193 3759 ti.
2226 3704 2511 3759 Caeterum
2542 3700 2890 3756 Ambrosius
2921 3705 3118 3758 noster
3145 3703 3342 3759 statim
3375 3708 3551 3777 atque
3607 3707 3682 3763 ad

2034 3797 2256 3848 tantam
2291 3789 2635 3862 dignitatem
2669 3793 3012 3860 assumptus
3047 3790 3173 3858 fuit,
3221 3809 3455 3847 omnem
3502 3794 3679 3851 aliam

2035 3897 2235 3938 curam
2268 3888 2654 3952 praeterquam
2686 3862 2966 3949 implendi
3018 3880 3279 3935 muneris
3311 3882 3402 3935 sui
3435 3899 3469 3936 a
3498 3898 3561 3937 se
3590 3898 3680 3939 re-

2036 3970 2238 4025 movit.
2274 3971 2329 4024 ls
2359 3968 2513 4023 enim
2549 3968 2699 4022 bona
2726 3965 3090 4037 temporalia,
3122 3969 3339 4038 quibus
3367 3969 3554 4041 ipsius
3602 3971 3684 4027 fa-

2036 4058 2200 4115 milia
2229 4055 2489 4127 locuples
2521 4060 2667 4119 erat,
2701 4071 2834 4110 cum
2876 4056 3147 4127 Satyrum
3180 4058 3415 4113 fratrem
3474 4059 3685 4131 opibus

2035 4165 2350 4223 pauperem
2383 4147 2563 4202 fuisse
2591 4145 2679 4199 vir
2708 4149 2948 4200 sanctus
2980 4151 3152 4217 neget
3199 4146 3294 4218 (De
3309 4164 3530 4204 excessu
3582 4150 3686 4206 Sa-

2038 4240 2172 4310 tyri,
2203 4253 2367 4291 num.
2399 4235 2513 4305 56),
2562 4233 2836 4288 universa
2865 4232 3175 4304 abdicavit,
3206 4251 3465 4307 auroque
3513 4242 3571 4292 et
3600 4254 3686 4293 ar-

2035 4330 2208 4400 gento
2264 4326 2322 4379 in
2379 4340 2594 4396 egenos
2646 4321 2873 4387 collato,
2934 4322 3151 4393 praedia
3210 4340 3336 4390 sua,
3396 4332 3703 4400 reservato,

2035 4415 2217 4471 sorori
2250 4412 2373 4470 solo
2425 4411 2752 4477 usufructu,
2810 4410 3075 4466 Ecclesiae
3136 4411 3340 4470 tribuit
3402 4414 3587 4484 (Paul.
3622 4414 3683 4471 in

2044 4508 2161 4561 Vita
2227 4501 2413 4557 Ambr.
2475 4516 2638 4574 num.
2700 4498 2813 4571 58).
2877 4499 3015 4555 Inde
3073 4505 3166 4556 est
3207 4502 3362 4573 quod
3423 4508 3686 4577 tempore

278 4591 473 4648 voluit
503 4590 723 4663 expiari
757 4607 770 4644 :
817 4591 1142 4663 Baptizatus
1170 4595 1364 4645 autem
1414 4593 1594 4662 fertur
1621 4595 1805 4650 omnia
1852 4612 1936 4652 ec-
1967 4604 2014 4669 D
2044 4593 2267 4649 Arianae
2311 4587 2731 4662 persecutionis
2760 4589 3127 4659 responderit
3158 4594 3319 4645 tanta
3348 4609 3481 4649 cum
3530 4593 3687 4649 fidu-

265 4682 590 4737 ctesiastica
618 4681 804 4751 ofﬁcia
834 4680 1105 4751 implesse,
1134 4688 1295 4750 atque
1319 4684 1506 4736 octava
1526 4681 1614 4737 die
1651 4686 1929 4758 episcopus

266 4771 571 4827 ordinatus
602 4777 679 4825 est
717 4768 966 4840 (Paulin.
1002 4768 1063 4823 in
1101 4770 1217 4824 Vita
1245 4768 1430 4823 Ambr.
1466 4786 1608 4825 num
1638 4770 1717 4843 9.)
1770 4772 1931 4830 Nihi-

268 4858 545 4915 lominus
566 4861 773 4913 tamen
805 4862 873 4912 ut
900 4855 1172 4913 Ecclesia:
1203 4856 1380 4928 leges,
1416 4874 1541 4928 quae
1573 4861 1929 4935 neophytum

265 4951 480 5004 vetant
510 4945 862 5018 consecrari,
895 4944 1267 5017 aliquatenus
1325 4945 1792 5018 observarentur,
1827 4968 1929 5006 an-

270 5038 450 5092 nisus
506 5039 601 5092 est
654 5034 880 5090 viribus
936 5035 1234 5102 omnibus,
1296 5042 1358 5090 ut
1412 5036 1603 5091 saltem
1658 5038 1932 5097 ordinatio

264 5126 651 5197 protelaretur
699 5122 898 5195 (epist.
955 5123 1045 5188 63,
1108 5139 1273 5178 num.
1295 5124 1375 5183 6.)
1404 5122 1618 5179 Verum
1651 5143 1782 5182 cum
1815 5145 1931 5184 non

269 5215 396 5271 alia
426 5215 504 5271 de
534 5228 719 5270 causa
749 5212 1094 5283 hujusmodi
1126 5211 1505 5283 prohibeatur
1535 5213 1930 5288 inauguratio,

266 5321 463 5378 quam
494 5319 568 5359 ne
621 5304 684 5357 in
741 5301 1061 5372 superbiam
1089 5302 1289 5369 elatus,
1325 5304 1387 5356 in
1409 5302 1683 5374 judicium
1731 5306 1937 5362 incidat

265 5393 497 5449 diaboli
542 5392 595 5462 (1
623 5392 758 5446 Tim.
790 5408 874 5457 nx,
903 5390 983 5461 7),
1026 5388 1195 5461 eique
1224 5389 1482 5461 periculo
1513 5391 1763 5449 obnoxia
1820 5411 1934 5450 non

264 5482 586 5539 videretur
614 5479 1004 5535 Ambrosiana
1033 5477 1339 5534 humilitas
1373 5497 1386 5547 ;
1449 5484 1691 5554 urgente
1740 5481 1934 5539 Eccle-

257 5573 370 5629 sia
404 5569 695 5639 utilitate,
722 5585 837 5625 non
868 5566 1093 5625 diutius
1140 5566 1361 5623 differri
1418 5573 1681 5641 oportere
1702 5570 1936 5641 judica-

258 5664 398 5726 tum
429 5664 548 5726 est.
602 5657 673 5721 Et
725 5674 867 5724 sane
895 5656 1059 5721 illam
1116 5655 1517 5720 ordinationem
1571 5659 1937 5725 occidentales

2041 4683 2131 4739 cia
2161 4699 2174 4737 :
2208 4682 2269 4736 Si
2299 4697 2331 4734 a
2355 4695 2441 4733 me
2467 4681 2667 4749 peteret
2696 4678 3057 4750 (imperator)
3111 4679 3253 4750 quod
3293 4698 3471 4737 meum
3530 4685 3684 4747 esset,

2043 4772 2101 4827 id
2172 4774 2248 4827 est
2297 4768 2532 4840 fundum
2604 4783 2805 4831 meum,
2867 4772 3157 4837 argentum
3212 4786 3414 4836 meum,
3474 4768 3688 4840 quidvis

2039 4858 2356 4931 hujusmodi
2386 4873 2586 4921 meum,
2618 4872 2701 4909 me
2728 4871 2837 4909 non
2869 4857 3277 4928 refragaturum
3305 4876 3325 4918 .·
3375 4873 3685 4927 quanquam

2038 4951 2229 5006 omnia
2258 4961 2385 5018 qua?
2412 4947 2526 5000 mei
2578 4946 2729 5011 sunt,
2780 4949 2955 4999 essent
2978 4962 3287 5016 pauperum
3342 4945 3533 5015 (epist.
3593 4946 3686 5001 20.

2039 5055 2203 5095 num.
2239 5036 2317 5108 8).
2375 5034 2800 5089 Patrimonium
2837 5051 2971 5089 cum
3024 5034 3301 5088 fratribus
3335 5032 3536 5103 partiri
3570 5050 3688 5089 κυο-

2040 5126 2169 5192 luit,
2205 5126 2308 5181 sed
2339 5125 2466 5193 ejus
2498 5141 2720 5191 curam,
2746 5140 2860 5179 non
2892 5139 3059 5179 secus
3088 5138 3154 5176 ac
3184 5121 3433 5176 aliarum
3491 5139 3689 5180 rerum

2040 5213 2435 5281 saecularium,
2469 5214 2621 5269 sicut
2669 5212 2844 5268 etiam
2900 5228 3199 5267 servorum
3239 5227 3303 5265 ac
3336 5211 3570 5268 familia:
3600 5213 3689 5268 di-

2041 5304 2359 5360 rectionem
2395 5302 2452 5356 in
2486 5303 2755 5373 Satyrum
2788 5300 3005 5370 rcjecit.
3038 5299 3235 5356 Frater
3274 5300 3369 5357 ille
3428 5302 3687 5359 dilectis-

2043 5394 2235 5450 simus
2276 5391 2347 5446 ad
2379 5407 2512 5446 eum
2568 5395 2801 5444 venerat
2859 5387 3275 5459 Mediolanum,
3334 5392 3476 5448 adeo
3533 5392 3691 5449 enim

2043 5482 2190 5538 alter
2220 5481 2291 5536 ab
2325 5480 2503 5535 altero
2534 5476 2798 5533 divulsus
2857 5477 3043 5533 vivere
3101 5497 3214 5535 non
3251 5484 3496 5552 poterat,
3530 5485 3596 5537 ut
3623 5498 3693 5537 ea

2044 5571 2114 5629 de
2146 5587 2207 5628 re
2264 5566 2608 5626 Ambrosius
2660 5565 2741 5622 ita
2796 5564 3072 5640 loquatur
3106 5584 3118 5624 :
3150 5568 3256 5625 Nec
3303 5571 3430 5644 ipsi,
3463 5570 3562 5639 ait,
3593 5586 3693 5628 nos

2043 5661 2238 5725 saeculi
2266 5659 2430 5738 hujus
2449 5656 2787 5718 delectabant
2832 5657 3085 5733 honores,
3141 5659 3286 5741 quod
3328 5676 3425 5720 nos
3454 5678 3493 5719 a
3534 5659 3692 5730 nobis
