4172 6182
425 297 507 360 79
1018 294 1027 303 ‘
1771 293 1956 354 VITA
1999 293 2062 354 s.
2109 294 2487 383 sucensu
3751 300 3833 375 ao

430 432 665 488 invicem
682 428 997 486 dividebant
1026 428 1129 499 (De
1181 443 1405 483 excessu
1459 418 1670 497 Satyri,
1730 444 1891 480 num.
1954 428 2065 481 25‘.
2104 434 2147 493 Α
2182 429 2411 484 Testem
2432 429 2980 502 habemushujusce
2998 431 3078 487 rei
3096 449 3377 507 magnum
3406 434 3828 505 Augustinum,

428 522 615 587 Tanta
644 534 776 575 vero
806 516 1119 590 prudentia
1145 520 1203 571 et
1230 515 1681 571 mansuetudine
1712 514 1862 570 hanc
1893 515 2075 570 admi-

430 606 837 664 nistrationem
866 605 1048 662 obivit
1085 605 1348 678 Satyrus,
1381 610 1447 660 ut
1477 604 1586 677 ipsi
1636 604 1763 675 jam
1821 609 2072 659 mortuo.

428 696 832 754 testimonium
862 694 973 752 hoc
1004 694 1211 750 reddat
1239 698 1479 749 sanctus
1499 693 1714 749 frater:
1750 692 1879 747 Sine
1907 691 2078 766 offen-

428 787 581 853 sione
598 784 721 841 ulla
743 793 796 841 et
850 784 1169 855 gubernasti
1211 784 1404 854 fratris
1460 782 1759 849 domum,et
1809 798 2073 837 commen-

427 874 574 931 dasti
598 873 962 932 sacerdotium
992 871 1177 944 (ibid,
1209 888 1373 927 num.
1407 872 1516 944 20).

491 965 589 1020 .15.
610 964 983 1036 Quapropter
1010 960 1313 1033 expeditus
1345 977 1411 1016 ac
1440 959 1588 1016 liber
1619 977 1652 1015 a
1684 961 1862 1016 rebus
1898 964 2073 1015 terre-

434 1054 527 1109 nis
558 1066 743 1108 novus
772 1048 1102 1122 episcopus,
1136 1047 1455 1104 caelestium
1490 1048 1861 1121 acquisitioni
1916 1052 2074 1105 totus

430 1139 698 1201 incubuit
729 1156 743 1195 :
778 1142 835 1194 et
864 1136 1129 1210 quamvis
1158 1140 1293 1193 ante
1323 1141 1659 1209 susceptum
1692 1154 1923 1194 sacrum
1972 1138 2071 1193 ba-

429 1231 655 1305 ptisma
675 1232 797 1285 tam
828 1227 1070 1283 honeste
1098 1229 1334 1296 tamque
1365 1226 1695 1283 Christiane
1722 1227 1900 1282 vitam
1959 1226 2076 1282 ins-

430 1318 709 1386 tituisset,
744 1321 813 1372 ut
835 1315 931 1372 vix
942 1314 1099 1370 aliud
1133 1314 1291 1385 quod
1312 1315 1645 1382 adderetur,
1668 1315 1944 1371 culminis
1961 1315 2076 1386 epi-

430 1406 685 1480 scopalis
714 1402 987 1477 perfectio
1035 1402 1327 1457 videretur
1354 1404 1581 1474 exigere
1615 1421 1627 1469 ;
1689 1402 2075 1459 nihilominus

428 1501 628 1554 tamen
654 1498 821 1550 tanta
848 1491 1031 1548 animi
1064 1491 1434 1547 contentione
1462 1508 1696 1563 operam
1747 1491 1905 1547 dedit
1958 1492 2075 1547 vir-

428 1586 663 1643 tatibus
687 1582 983 1651 omnibus,
1005 1584 1227 1652 quanta
1257 1580 1306 1636 si
1338 1580 1562 1636 nullam
1586 1580 1695 1637 sibi
1729 1582 1920 1637 inesse
1952 1598 2075 1654 per-

428 1689 674 1732 suasum
703 1669 1024 1727 habuisset.
1057 1670 1182 1735 Qua
1207 1669 1429 1726 ratione
1457 1668 1592 1725 talis
1624 1670 1884 1738 eﬁ‘c’ctus,
1930 1687 2072 1743 qua-

426 1763 543 1820 lem
625 1775 1107 1832 unumquemque
1191 1756 1559 1815 subditorum
1646 1776 1888 1815 suorum
1947 1776 2075 1816 esse

326 1842 333 1853 ’
427 1851 791 1925 peroptabat,
850 1848 1068 1905 eisdem
1128 1848 1199 1903 ad
1260 1848 1413 1903 bona
1471 1863 1649 1920 opera
1705 1850 1892 1904 facem
1925 1866 2076 1904 nun-

428 1940 609 2013 quam
640 1955 758 1995 non
785 1938 1144 2011 praeferebat.
1175 1937 1237 1992 In
1268 1936 1479 2009 primis
1501 1941 1698 1993 autem
1721 1937 1801 1993 ita
1831 1955 1894 1994 se
1916 1955 2078 1995 man-

426 2029 649 2102 ciparat
677 2028 861 2085 cultui
910 2042 1208 2083 sacrorum
1239 2025 1533 2096 altarium,
1567 2030 1633 2081 ut
1662 2027 1843 2083 nullis
1901 2044 2073 2101 nego-

422 2117 523 2176 tiis
555 2117 871 2191 quominus
891 2117 1152 2189 quotidie
1172 2116 1437 2171 divinum
1468 2116 1695 2172 offerret
1720 2116 2074 2172 sacriﬁcium

424 2206 621 2280 (epist.
650 2205 740 2274 20,
774 2220 938 2260 num.
972 2204 1061 2275 15)
1092 2207 1449 2258 avocaretur.
1489 2202 1599 2258 Sed
1626 2217 1761 2258 cum
1795 2202 2075 2259 Paulinus

426 2294 573 2352 satis
616 2297 885 2351 accurate
945 2291 1364 2347 Ambrosianas
1414 2290 1781 2363 singulorum
1841 2292 2070 2348 dierum

424 2382 866 2442 exercitationes
896 2380 1251 2437 enarraverit
1300 2380 1447 2451 (Vita
1475 2381 1744 2447 Ambros.,
1805 2398 1968 2436 num.
2002 2382 2072 2436 38

423 2477 477 2530 et
530 2472 687 2545 seq.),
717 2475 784 2527 ut
839 2486 919 2526 eae
964 2467 1305 2539 minutatim
1366 2468 1473 2523 hoc
1528 2467 1656 2525 loco
1685 2473 2068 2540 exponuntur,

424 2561 571 2619 nihil
600 2564 691 2618 est
718 2575 976 2616 necesse.
1008 2558 1291 2613 Caeterum
1322 2561 1561 2612 sanctus
1590 2557 1806 2629 praesul
1853 2562 2071 2615 attente

423 2650 801 2706 considerans
821 2644 1219 2720 gubernacula
1245 2646 1375 2716 ejus
1399 2645 1666 2700 Ecclesiae
1693 2645 1804 2702 sibi
1830 2647 2064 2702 credita.

423 2754 602 2811 quam
632 2737 976 2806 Auxentius,
1009 2735 1108 2808 qui
1140 2750 1271 2790 eam
1302 2737 1454 2789 totos
1482 2734 1555 2788 20
1581 2750 1767 2790 annos
1815 2751 2068 2806 occupa-

421 2831 604 2895 verat,
637 2826 986 2883 Arianorum
1018 2823 1361 2897 dogmatum
1392 2837 1611 2878 veneno
1643 2822 1878 2879 inﬁcere
1907 2823 2067 2877 omni

423 2933 534 2990 ope
561 2914 811 2972 conatus
839 2914 1072 2980 fuerat;
1131 2928 1163 2967 e
1218 2910 1509 2967 contrario
1561 2911 1688 2982 ipse
1750 2911 2067 2967 arbitratus

423 3009 514 3063 est
541 3002 657 3061 sibi
688 3003 879 3059 nervis
909 3000 1184 3057 omnibus
1214 3016 1343 3057 esse
1371 2999 1811 3069 connitendum,
1841 3005 1907 3055 ut
1949 3017 2065 3055 non

424 3093 599 3151 modo
648 3091 913 3164 ejusdem
941 3091 1164 3147 Arianae
1196 3089 1519 3156 dementiae,
1553 3089 1653 3144 sed
1688 3094 1743 3145 et
1801 3088 2063 3145 omnium

2185 518 2356 588 cujus
2388 517 2509 574 haec
2537 518 2712 574 verba
2741 523 2911 576 sunt:
2945 519 3352 580 Secludentibns
3382 538 3490 592 me,
3522 522 3732 595 inquit,
3763 525 3834 580 ab

2182 607 2300 677 ejus
2330 623 2464 662 aure
2493 615 2653 678 atque
2694 623 2788 662 ore
2815 612 3044 665 catervis
3072 615 3475 683 negotiosorum
3528 611 3835 680 hominum,

2185 711 2416 765 quorum
2441 694 2866 763 inﬁrmitatibus
2894 701 3180 770 serviebat,
3213 718 3337 756 cum
3368 701 3564 773 quibus
3619 702 3839 774 quando

2183 800 2290 838 non
2322 786 2457 852 erat,
2481 782 2621 855 quod
2647 800 2749 855 per
2776 787 3044 855 exiguum
3092 792 3350 862 temporis
3405 797 3542 857 erat,
3567 799 3662 846 aut
3716 808 3837 848 cor-

2178 888 2281 943 pus
2310 871 2585 941 reﬁciebat
2632 877 2955 931 necessariis
3009 878 3411 946 sustentaculis,
3454 884 3563 934 aut
3605 880 3840 936 lectione

2182 962 2434 1015 animum
2479 960 2741 1032 (Con/ess.
2793 961 2832 1017 l.
2866 981 2947 1031 v1,
2978 982 3106 1040 cap.
3167 967 3219 1033 3,
3261 985 3419 1022 num.
3453 969 3529 1041 3).
3586 969 3698 1027 Sed
3733 985 3842 1026 nec

2184 1049 2565 1106 fidelissimus
2622 1050 2718 1106 ille
2760 1052 3090 1125 discipulus
3150 1056 3566 1129 negligendum
3634 1061 3838 1114 tacen-

2183 1138 2395 1193 dumve
2423 1139 2799 1211 existimavit,
2835 1158 3011 1213 quam
3047 1144 3329 1200 rationem
3376 1146 3434 1200 in
3476 1145 3723 1218 legendo
3746 1152 3838 1202 te-

2182 1233 2346 1281 neret
2378 1233 2696 1299 praeceptor
2724 1246 2869 1285 suus
2897 1256 2910 1297 ;
2943 1233 3146 1287 eodem
3178 1233 3335 1289 enim
3369 1232 3496 1290 loco
3547 1234 3663 1291 ista
3692 1236 3837 1291 sub-

2175 1315 2377 1386 jungit
2407 1332 2419 1370 :
2455 1316 2556 1371 Sed
2584 1334 2707 1372 cum
2738 1319 2968 1389 legebat.
3018 1321 3118 1387 ait,
3151 1323 3300 1377 oculi
3345 1322 3682 1396 ducebantur
3734 1341 3841 1397 per

2180 1406 2438 1473 paginas,
2469 1408 2521 1460 et
2565 1421 2658 1460 cor
2713 1409 3057 1464 intellectum
3109 1410 3440 1479 rimabatur,
3498 1429 3605 1468 vox
3648 1418 3842 1469 autem

2182 1496 2235 1547 et
2284 1494 2477 1563 lingua
2532 1496 2842 1566 quiescebat
2894 1497 3099 1569 (Ibid.).
3153 1499 3352 1572 Neque
3419 1517 3553 1557 vero
3612 1502 3838 1559 diurnis

2184 1580 2334 1636 lucis
2417 1583 2779 1639 curriculum
2832 1587 2960 1658 ejus
3014 1587 3343 1645 sufﬁciebat
3389 1589 3672 1659 avidiati;
3732 1586 3840 1649 sed

2185 1676 2352 1726 nocte
2383 1672 2492 1726 dici
2526 1672 2634 1729 hoc
2662 1673 2720 1729 in
2772 1692 2943 1746 opere
2989 1678 3415 1750 propemodum
3474 1680 3839 1751 continuata,

2185 1762 2367 1815 redux
2426 1778 2460 1816 a
2518 1762 2700 1819 sacris
2751 1764 2990 1836 vigiliis,
3027 1765 3337 1823 lectionem
3394 1769 3839 1843 quamprimum

2188 1850 2540 1919 resumebat,
2577 1851 2730 1907 sicut
2757 1853 2882 1926 ipse
2910 1854 3258 1912 charissimo
3281 1873 3387 1913 suo
3421 1857 3635 1913 Irenzeo
3667 1858 3835 1932 inge-

2186 1954 2301 1993 nue
2331 1938 2547 1994 fatetur
2571 1939 2679 1995 hoc
2728 1941 2901 1997 modo
2962 1943 3266 2019 scribens:
3319 1947 3464 2000 Inter
3514 1945 3836 2018 legendum,

2186 2026 2395 2099 inquit,
2428 2045 2551 2083 cum
2578 2029 2870 2100 paululum
2926 2032 3311 2103 requievissem
3339 2036 3547 2103 animo,
3580 2037 3713 2109 quia
3743 2037 3834 2092 lu-

2182 2116 2500 2172 cubratione
2526 2118 2864 2189 destiteram,
2894 2123 3232 2177 versiculum
3263 2123 3425 2179 illum
3454 2126 3591 2197 coepi
3620 2141 3837 2182 mecum

2184 2206 2473 2271 revolvere,
2533 2222 2637 2277 quo
2702 2210 2916 2280 vesperi
3000 2211 3061 2264 in
3139 2212 3347 2281 vigiliis
3395 2215 3486 2268 usi
3548 2215 3838 2284 fueramus

2182 2292 2374 2365 (epist.
2401 2294 2493 2366 29,
2522 2312 2686 2350 num.
2743 2297 2820 2368 1.)
2850 2296 3000 2361 Quin
3057 2298 3235 2355 etiam
3293 2304 3603 2373 postquam
3663 2307 3836 2361 astate

2172 2382 2299 2453 jam
2331 2386 2455 2438 erat
2503 2385 2845 2455 provectior,
2895 2385 2965 2441 de
2997 2390 3117 2442 tam
3148 2388 3416 2460 improbo
3449 2390 3640 2447 studio
3684 2391 3839 2448 nihil

2180 2470 2426 2538 remisit,
2461 2474 2961 2543 quemadmodum
2992 2492 3062 2532 ex
3093 2493 3211 2532 una
3266 2479 3397 2549 ejus
3447 2480 3835 2551 epistolarum

2180 2559 2396 2615 Sabino
2427 2561 2616 2616 amico
2649 2579 2754 2617 suo
2787 2567 2844 2618 et
2873 2563 3147 2619 familiari
3207 2567 3424 2639 scripta
3480 2585 3832 2639 cognoscere

2178 2654 2266 2702 est
2300 2666 2312 2716 ;
2348 2648 2405 2702 in
2446 2665 2510 2701 ea
2546 2650 2760 2721 quippe
2791 2648 2911 2705 haec
2939 2653 3115 2707 verba
3144 2651 3398 2725 legimus
3432 2671 3444 2709 :
3499 2656 3613 2711 Non
3670 2658 3829 2713 enim

2175 2735 2442 2791 dictamus
2492 2738 2698 2803 omnia,
2738 2746 2788 2793 et
2817 2740 3058 2795 maxime
3110 2742 3379 2811 noctibus,
3411 2744 3600 2815 quibus
3647 2745 3820 2801 nolu-

2174 2840 2296 2879 mus
2325 2826 2456 2880 aliis
2486 2842 2676 2894 graves
2696 2843 2811 2882 esse
2866 2844 2931 2883 ac
2960 2818 3177 2885 molesti
3206 2830 3398 2903 (epist.
3432 2833 3519 2899 47,
3551 2850 3716 2889 num.
3750 2836 3828 2907 1).

2174 2914 2363 2984 Atque
2396 2914 2475 2968 ita
2505 2913 2603 2985 qui
2635 2913 2819 2970 labori
2879 2933 2985 2972 suo
3017 2934 3328 2990 nunquam
3362 2920 3655 2993 parcebat,
3692 2939 3830 2996 par-

2175 3001 2344 3056 cebat
2402 3001 2611 3057 alieno.
2674 3003 2997 3076 Quaproter
3053 3022 3187 3061 cum
3247 3008 3529 3065 acerrimo
3590 3008 3830 3085 ingenio

2175 3091 2452 3161 praeditus
2509 3095 2663 3148 esset
2690 3096 2746 3148 et
2803 3093 3253 3151 humanioribus
3312 3094 3525 3153 litteris
3557 3099 3832 3172 apprime

423 3162 985 3240 aliarumvhasreseon
1014 3195 1193 3252 prava
1213 3177 1477 3252 germina
1493 3177 1761 3249 stirpitus
1793 3195 1863 3233 ex
1883 3194 2065 3250 popu~
2097 3162 2139 3228 C
2176 3178 2503 3247 institutus,
2549 3181 2803 3236 maxime
2853 3198 2990 3237 vero
3021 3185 3253 3249 Graecis,
3314 3186 3375 3240 in
3401 3162 3653 3257 quibus-
3674 3189 3832 3246 inter

423 3273 614 3329 lorum
645 3270 939 3329 mentibus
970 3268 1259 3335 evelleret,
1292 3265 1608 3322 Pastoralis
1663 3266 1844 3337 hujus
1907 3266 2066 3322 solli.

420 3359 700 3418 citudinis
729 3359 998 3415 effectum
1043 3355 1357 3413 declaravit
1384 3360 1623 3410 sanctus
1678 3355 2068 3426 Hieronymus

420 3451 481 3507 in
510 3449 612 3506 illa
637 3450 811 3505 verba
842 3464 856 3503 :
882 3453 1008 3503 Post
1038 3446 1321 3511 Aumentii,
1362 3443 1576 3514 inquit,
1607 3459 1787 3499 seram
1813 3452 2062 3510 mortem,

417 3539 711 3597 Mediolani
759 3536 1041 3593 Ambrosio
1088 3535 1399 3600 constituto,
1432 3533 1610 3589 omnis
1663 3533 1732 3587 ad
1768 3532 1925 3603 ﬁdem
1984 3551 2066 3589 re-

415 3631 558 3685 ctam
586 3628 753 3684 Italia
779 3626 1119 3683 convertitur
1166 3623 1420 3695 (Hieron,
1454 3622 1513 3676 in
1554 3622 1803 3694 Chron).
1837 3624 2061 3679 Tantus

414 3723 610 3776 autem
639 3716 740 3779 ille
769 3730 1077 3773 successus
1110 3729 1175 3768 eo
1224 3710 1456 3785 dignior
1510 3716 1600 3767 est
1651 3710 2059 3784 admiratione,

414 3824 529 3880 quo
579 3807 654 3864 ad
699 3804 868 3861 illum
925 3800 1366 3875 adipiscendum
1427 3800 1677 3856 breviori
1734 3800 1923 3872 spatio
1974 3802 2061 3857 vir

412 3900 653 3953 sanctus
682 3892 939 3969 indiguit
972 3910 985 3962 ;
1018 3894 1144 3965 ipse
1173 3891 1466 3962 siquidem
1524 3905 1627 3962 per
1655 3888 1877 3945 Arianae
1912 3894 2057 3946 tem-

410 3985 658 4058 pestatis
689 3989 973 4056 tempora,
1006 3982 1066 4036 id
1097 3984 1186 4036 est
1215 3996 1369 4035 anno
1400 3979 1507 4033 385
1536 3981 1638 4033 aut
1659 3978 1784 4045 386,
1820 3979 1906 4035 sic
1928 3980 2056 4051 jam

409 4073 703 4131 scribebat
735 4089 748 4127 :
782 4071 1013 4126 Prodire
1038 4070 1106 4124 de
1132 4068 1353 4124 Arionis
1383 4067 1575 4121 nullus
1620 4065 1873 4136 audebat,
1924 4070 2058 4139 quia

406 4178 507 4218 nec
532 4164 823 4233 quisquam
849 4158 917 4213 de
943 4158 1153 4213 civibus
1179 4158 1318 4223 erat,
1348 4162 1513 4227 pauci
1541 4155 1606 4211 de
1627 4157 1851 4228 familia
1878 4160 2051 4229 regia,

407 4250 671 4305 nonnulli
721 4249 891 4305 etiam
921 4244 1076 4302 Gothi
1101 4245 1295 4317 (epist.
1331 4247 1422 4313 20,
1454 4261 1616 4302 num.
1679 4246 1764 4299 12.
1800 4245 1918 4301 Ηοο
1975 4247 2054 4302 si-

408 4336 629 4393 militer
658 4342 922 4407 tempore
949 4334 1345 4407 Augustinum
1379 4350 1412 4388 a
1440 4333 1891 4389 Manichaeorum
1924 4352 2051 4391 cas-

408 4424 577 4481 sibus
601 4423 871 4481 liberavit
901 4427 1141 4480 sanctus
1171 4422 1415 4478 antistes
1451 4439 1463 4477 :
1498 4438 1685 4494 neque
1717 4423 1894 4479 etiam
1941 4425 2049 4479 du-

2170 3267 2411 3324 Latinos
2442 3269 2643 3325 Patres
2675 3270 2775 3324 uni
2810 3270 3162 3341 Hieronymo
3196 3274 3416 3344 primas
3448 3277 3829 3345 concedebat,

2177 3357 2394 3412 mirum
2446 3375 2561 3413 non
2590 3358 2905 3427 videbitur,
2936 3359 2985 3414 si
3018 3360 3278 3428 Patrum,
3313 3366 3435 3417 tam
3489 3363 3829 3422 Graecorum

2175 3462 2350 3517 quam
2404 3445 2765 3518 Latinorum,
2827 3449 3103 3520 operibus
3153 3449 3449 3507 indefessa
3475 3468 3652 3508 manu
3696 3453 3826 3508 vol-

2172 3535 2394 3601 vendis,
2428 3540 2485 3589 et
2515 3535 2699 3590 sacris
2731 3536 3039 3608 utriusque
3070 3536 3282 3609 linguae
3315 3539 3615 3595 codicibus
3667 3541 3827 3598 inter

2172 3639 2234 3678 se
2264 3623 2651 3690 conferendis,
2710 3627 2904 3679 tantos
2963 3642 3310 3699 progressus
3368 3633 3486 3683 tam
3519 3628 3674 3684 brevi
3720 3629 3828 3685 ha-

2171 3712 2377 3768 buerit.
2412 3712 2556 3767 Nam
2593 3713 2745 3785 quod
2771 3714 3071 3770 contendit
3103 3732 3353 3788 magnus
3384 3716 3699 3773 cardinalis
3732 3718 3823 3791 (iu

2171 3802 2289 3857 Vita
2315 3801 2497 3857 Ambr.
2526 3806 2584 3857 et
2614 3802 2673 3856 in
2699 3802 2842 3857 Ann.
2879 3802 2950 3859 ad
2977 3820 3110 3858 ann.
3145 3805 3251 3860 375
3279 3808 3336 3862 et
3390 3805 3537 3878 385),
3596 3805 3824 3863 Dama-

2168 3908 2298 3947 sum
2333 3896 2491 3963 pont.
2527 3908 2680 3947 max.
2719 3892 2817 3947 ubi
2859 3893 3145 3965 comperit
3172 3894 3464 3959 Ambrosii
3497 3894 3685 3950 adhuc
3718 3913 3821 3953 ca-

2162 3979 2487 4036 techumini
2507 3980 2869 4049 electionem,
2897 3981 3367 4054 Simplicianum,
3400 3984 3499 4055 qui
3527 3998 3657 4040 eum
3692 3985 3820 4056 pri-

2164 4070 2279 4124 mis
2308 4069 2677 4140 episcopatus
2706 4073 2797 4124 sui
2829 4070 3000 4126 annis
3025 4071 3085 4126 in
3116 4071 3509 4128 ecclesiastica
3566 4073 3824 4130 scientia

2163 4158 2440 4227 erudiret,
2474 4157 2868 4213 Mediolanum
2910 4159 3163 4227 misisse,
3208 4161 3366 4216 haud
3398 4161 3540 4216 satis
3600 4160 3821 4218 idoneo

2163 4247 2372 4302 nititur
2402 4246 2777 4301 fundamento
2813 4265 2827 4314 ;
2861 4247 3015 4318 quod
3050 4248 3206 4303 enim
3236 4247 3581 4304 Ambrosius
3643 4266 3824 4308 suam

2162 4336 2233 4390 ad
2273 4335 2546 4391 eumdem
2605 4334 3054 4407 Simplicianum
3115 4336 3422 4408 epistolam
3481 4336 3573 4392 his
3614 4338 3821 4397 verbis

2160 4423 2513 4480 concluserit
2545 4440 2557 4479 :
2592 4425 2695 4480 Nos
2718 4426 2969 4496 parentis
2996 4424 3200 4499 affectu
3246 4426 3414 4498 dilige
3438 4425 3628 4499 (epist.
3661 4428 3760 4499 65)
3802 4447 3818 4498 ;

408 4513 789 4571 bitaverimus
819 4511 1018 4586 plures
1048 4512 1194 4568 alios
1227 4529 1340 4567 non
1372 4515 1491 4566 tam
1524 4511 1850 4584 pervicaces
1874 4530 2051 4586 quam
2083 4530 2130 4594 Ι)
2163 4518 2219 4570 et
2242 4513 2608 4586 Augustinus
2640 4512 2837 4585 ipsum
2872 4514 3139 4569 vocitarit
3165 4518 3376 4586 patrem
3407 4517 3467 4570 in
3489 4516 3820 4588 accipienda

403 4602 823 4677 Augustinum,
853 4601 1164 4658 Ambrosio
1205 4602 1323 4674 iam
1357 4604 1491 4657 ante
1547 4600 1820 4658 debuisse
1877 4602 2052 4675 primi

403 4691 495 4750 sui
527 4692 741 4749 erroris
772 4690 1198 4765 depulsionem.

472 4779 498 4837 4
511 4784 562 4836 6.
592 4780 1008 4837 Verumtamen
1057 4781 1267 4835 uberes
1292 4778 1375 4834 illi
1429 4779 1655 4835 fructus
1685 4795 1896 4852 magno
1928 4783 2051 4836 stu-

401 4870 497 4926 dio
538 4868 861 4942 multisque
913 4868 1215 4925 laboribus
1246 4867 1557 4924 constitere
1592 4885 1735 4924 novo
1768 4868 2001 4939 praesuli
2036 4886 2049 4935 ;

400 4974 537 5015 nam
568 4958 702 5016 licet
729 4976 765 5015 a
795 4958 966 5014 nobis
995 4958 1366 5014 observatum
1400 4956 1477 5011 sit
1509 4956 1851 5012 liberalibus
1882 4957 2051 5013 illum

400 5047 611 5103 litteris
641 5064 708 5103 ac
739 5047 1071 5119 disciplinis
1110 5047 1181 5101 ab
1239 5045 1630 5101 adolescentia
1696 5046 2048 5101 instructum

400 5133 602 5199 fuisse,
632 5133 1088 5190 ecclesiasticam
1142 5124 1333 5189 tamen
1389 5135 1733 5201 doctrinam,
1795 5151 1927 5189 cum
1977 5136 2047 5190 ad

401 5222 805 5295 episcopatum
835 5227 1140 5293 provectus
1163 5224 1290 5287 fuit,
1322 5222 1374 5277 ei
1398 5222 1654 5277 defuisse
1678 5223 1914 5294 negabit
1949 5239 2048 5278 ne-

400 5309 598 5366 mo.Ut
614 5309 794 5382 igitur
808 5309 962 5366 hanc
981 5312 1289 5367 scientiam
1314 5310 1422 5365 sibi
1468 5316 1852 5381 compararet,
1878 5311 2047 5383 quid-

400 5398 542 5470 quid
556 5390 833 5471 tem'porie
847 5399 957 5456 sibi
971 5418 1005 5456 a
1016 5400 1265 5473 negotiis
1284 5399 1545 5455 muneris
1559 5399 1779 5468 sui,aut
1791 5417 2052 5457 necessa-

402 5488 489 5545 ria
499 5487 759 5562 corporis
776 5505 917 5547 cura
930 5506 1179 5547 vacuum
1199 5488 1680 5559 erat,incredibili
1703 5488 2050 5547 assiduitate

400 5577 710 5661 Scriptura
748 5596 927 5643 sacrae
977 5578 1346 5641 meditationi
1400 5583 1591 5642 totum
1648 5579 2046 5663 impendebat.

2163 4604 2345 4673 gratia
2393 4606 2523 4658 tunc
2578 4603 2816 4675 episcopi
2864 4603 3155 4672 Ambrosii,
3188 4613 3241 4660 et
3281 4621 3439 4677 quem
3470 4621 3591 4661 vere
3609 4613 3671 4661 ut
3720 4623 3829 4678 pa-

2163 4695 2302 4748 trem
2353 4690 2619 4761 diligebat
2675 4690 2940 4765 (August.
2975 4691 3014 4746 l.
3073 4709 3175 4747 VIII
3234 4692 3387 4764 Conf.
3431 4710 3557 4766 cap.
3588 4693 3692 4765 2);
3758 4694 3824 4750 id

2163 4780 2400 4837 aliunde
2432 4798 2549 4835 non
2599 4797 2728 4836 esse
2760 4780 2979 4836 factum
3004 4781 3129 4852 jam
3187 4782 3573 4851 ostendimus,
3633 4799 3823 4855 quam

2161 4870 2300 4942 quia
2340 4869 2507 4925 illum
2538 4869 2694 4925 idem
2724 4870 3026 4942 presbyter
3057 4870 3249 4926 adhuc
3271 4871 3545 4942 juvenem
3605 4872 3822 4944 primis

2162 4960 2407 5014 fortasse
2434 4957 2736 5031 religionis
2767 4957 3071 5014 elementis
3102 4959 3299 5019 Romaa
3356 4960 3668 5024 imbuerat,
3722 4961 3824 5018 vel

2160 5047 2299 5119 quia
2328 5064 2463 5102 eum
2497 5052 2629 5118 post
2660 5046 2997 5103 electionem
3030 5047 3103 5103 ad
3145 5053 3512 5104 sacramenta
3566 5064 3816 5121 regene-

2157 5137 2400 5192 rationis
2460 5136 2970 5208 ordinationisquo
3020 5137 3398 5210 suscipienda
3428 5150 3643 5211 parare
3677 5143 3823 5199 stu,-

2157 5225 2381 5280 duerat.

2232 5315 2316 5368 17.
2351 5314 2462 5385 (ΑΝ
2491 5312 2639 5384 375).
2673 5313 3016 5370 Ambrosius
3047 5317 3449 5388 comparandas
3475 5332 3666 5373 rerum
3727 5334 3829 5375 ec-

2159 5401 2643 5470 clesiasticarum,
2685 5406 2741 5457 et
2796 5404 3225 5477 Scripturarum
3281 5406 3656 5478 potissimum
3712 5424 3826 5464 co-

2156 5490 2406 5565 gnitioni
2437 5507 2554 5547 non
2586 5489 2698 5546 alio
2730 5490 2973 5548 consilio
3032 5493 3377 5561 dcsudabat,
3436 5494 3550 5549 nisi
3584 5499 3649 5550 ut
3700 5493 3824 5552 im-

2154 5579 2313 5657 plere
2336 5583 2534 5661 posset
2553 5580 2807 5642 doctoris
2830 5582 3581 5664 munus,qusmadmodum
3614 5584 3827 5661 aperte
