  <div class='ocr_page' id='page_1' title='image "/cluster/home/n/w/nwhite01/storage/ocr_20150623/14/hvd.32044048207138/046.png"; bbox 0 0 4122 6186; ppageno 0'>
   <div class='ocr_carea' id='block_1_1' title="bbox 274 338 3679 452">
    <p class='ocr_par' dir='ltr' id='par_1_1' title="bbox 274 338 3679 452">
     <span class='ocr_line' id='line_1_1' title="bbox 274 338 3679 452; baseline 0.003 -11"><span class='ocrx_word' id='word_1_1' title='bbox 274 354 351 441; x_wconf 74' lang='lat' dir='ltr'>s‘r</span> <span class='ocrx_word' id='word_1_2' title='bbox 1324 374 1431 445; x_wconf 77' lang='lat' dir='ltr'>ex</span> <span class='ocrx_word' id='word_1_3' title='bbox 1473 374 1661 445; x_wconf 69' lang='grc' dir='ltr'>ειυς</span> <span class='ocrx_word' id='word_1_4' title='bbox 1706 368 2198 443; x_wconf 66' lang='lat' dir='ltr'>portentumst</span> <span class='ocrx_word' id='word_1_5' title='bbox 2242 370 2621 447; x_wconf 78' lang='lat' dir='ltr'>SCRIPTIS.</span> <span class='ocrx_word' id='word_1_6' title='bbox 3598 338 3679 452; x_wconf 59' lang='lat' dir='ltr'>si</span> 
     </span>
    </p>
   </div>
   <div class='ocr_carea' id='block_1_2' title="bbox 271 508 3675 598">
    <p class='ocr_par' dir='ltr' id='par_1_2' title="bbox 271 508 3675 598">
     <span class='ocr_line' id='line_1_2' title="bbox 271 508 3675 598; baseline 0.002 -28"><span class='ocrx_word' id='word_1_7' title='bbox 271 508 597 598; x_wconf 76' lang='lat' dir='ltr'>significant</span> <span class='ocrx_word' id='word_1_8' title='bbox 643 511 766 571; x_wconf 58' lang='lat' dir='ltr'>hac</span> <span class='ocrx_word' id='word_1_9' title='bbox 784 511 910 587; x_wconf 85' lang='lat' dir='ltr'>ejus</span> <span class='ocrx_word' id='word_1_10' title='bbox 934 512 1144 572; x_wconf 86' lang='lat' dir='ltr'>verba:</span> <span class='ocrx_word' id='word_1_11' title='bbox 1186 512 1290 572; x_wconf 85' lang='lat' dir='ltr'>Sed</span> <span class='ocrx_word' id='word_1_12' title='bbox 1319 512 1695 571; x_wconf 81' lang='lat' dir='ltr'>tantummodo</span> <span class='ocrx_word' id='word_1_13' title='bbox 1725 517 1906 571; x_wconf 86' lang='lat' dir='ltr'>inten-</span> <span class='ocrx_word' id='word_1_14' title='bbox 1938 516 1989 578; x_wconf 83' lang='grc' dir='ltr'><strong>Α</strong></span> <span class='ocrx_word' id='word_1_15' title='bbox 2018 513 2245 570; x_wconf 83' lang='lat' dir='ltr'>Etenim</span> <span class='ocrx_word' id='word_1_16' title='bbox 2276 518 2342 570; x_wconf 89' lang='lat' dir='ltr'>ut</span> <span class='ocrx_word' id='word_1_17' title='bbox 2369 514 2529 572; x_wconf 88' lang='lat' dir='ltr'>illam</span> <span class='ocrx_word' id='word_1_18' title='bbox 2561 517 2991 576; x_wconf 79' lang='lat' dir='ltr'>enarrationem</span> <span class='ocrx_word' id='word_1_19' title='bbox 3020 515 3507 590; x_wconf 56' lang='lat' dir='ltr'>Theodoreti,-oui</span> <span class='ocrx_word' id='word_1_20' title='bbox 3539 536 3675 587; x_wconf 70' lang='lat' dir='ltr'>eam</span> 
     </span>
    </p>
   </div>
   <div class='ocr_carea' id='block_1_3' title="bbox 270 603 1913 678">
    <p class='ocr_par' dir='ltr' id='par_1_3' title="bbox 270 603 1913 678">
     <span class='ocr_line' id='line_1_3' title="bbox 270 603 1913 678; baseline 0.001 -20"><span class='ocrx_word' id='word_1_21' title='bbox 270 603 463 658; x_wconf 81' lang='lat' dir='ltr'>tionem</span> <span class='ocrx_word' id='word_1_22' title='bbox 500 605 552 658; x_wconf 86' lang='lat' dir='ltr'>et</span> <span class='ocrx_word' id='word_1_23' title='bbox 597 603 947 677; x_wconf 78' lang='lat' dir='ltr'>diligentiam</span> <span class='ocrx_word' id='word_1_24' title='bbox 993 606 1142 661; x_wconf 88' lang='lat' dir='ltr'>circa</span> <span class='ocrx_word' id='word_1_25' title='bbox 1189 604 1505 678; x_wconf 87' lang='lat' dir='ltr'>Scripturas</span> <span class='ocrx_word' id='word_1_26' title='bbox 1526 603 1746 661; x_wconf 81' lang='lat' dir='ltr'>divinas</span> <span class='ocrx_word' id='word_1_27' title='bbox 1793 609 1913 673; x_wconf 84' lang='lat' dir='ltr'>opto</span> 
     </span>
    </p>
   </div>
   <div class='ocr_carea' id='block_1_4' title="bbox 269 693 1911 767">
    <p class='ocr_par' dir='ltr' id='par_1_4' title="bbox 269 693 1911 767">
     <span class='ocr_line' id='line_1_4' title="bbox 269 693 1911 767; baseline 0.001 -20"><span class='ocrx_word' id='word_1_28' title='bbox 269 695 564 765; x_wconf 65' lang='lat' dir='ltr'>assequi...</span> <span class='ocrx_word' id='word_1_29' title='bbox 618 702 669 749; x_wconf 89' lang='lat' dir='ltr'>et</span> <span class='ocrx_word' id='word_1_30' title='bbox 694 694 836 749; x_wconf 86' lang='lat' dir='ltr'>hanc</span> <span class='ocrx_word' id='word_1_31' title='bbox 884 695 1065 767; x_wconf 85' lang='lat' dir='ltr'>ipsam</span> <span class='ocrx_word' id='word_1_32' title='bbox 1112 704 1171 751; x_wconf 87' lang='lat' dir='ltr'>ut</span> <span class='ocrx_word' id='word_1_33' title='bbox 1222 694 1460 751; x_wconf 78' lang='lat' dir='ltr'>docentis</span> <span class='ocrx_word' id='word_1_34' title='bbox 1489 693 1670 749; x_wconf 88' lang='lat' dir='ltr'>studio</span> <span class='ocrx_word' id='word_1_35' title='bbox 1708 694 1911 764; x_wconf 89' lang='lat' dir='ltr'>possim</span> 
     </span>
    </p>
   </div>
   <div class='ocr_carea' id='block_1_5' title="bbox 267 779 1911 857">
    <p class='ocr_par' dir='ltr' id='par_1_5' title="bbox 267 779 1911 857">
     <span class='ocr_line' id='line_1_5' title="bbox 267 779 1911 857; baseline 0 -22"><span class='ocrx_word' id='word_1_36' title='bbox 267 779 463 836; x_wconf 82' lang='lat' dir='ltr'>discere</span> <span class='ocrx_word' id='word_1_37' title='bbox 509 781 636 853; x_wconf 93' lang='lat' dir='ltr'>(lib.</span> <span class='ocrx_word' id='word_1_38' title='bbox 686 800 705 837; x_wconf 79' lang='grc' dir='ltr'><strong><em>ι</em></strong></span> <span class='ocrx_word' id='word_1_39' title='bbox 754 783 828 838; x_wconf 91' lang='lat' dir='ltr'>De</span> <span class='ocrx_word' id='word_1_40' title='bbox 873 783 1017 856; x_wconf 82' lang='lat' dir='ltr'>ofﬁc.</span> <span class='ocrx_word' id='word_1_41' title='bbox 1070 800 1196 857; x_wconf 87' lang='lat' dir='ltr'>cap.</span> <span class='ocrx_word' id='word_1_42' title='bbox 1246 785 1296 850; x_wconf 92' lang='grc'>1,</span> <span class='ocrx_word' id='word_1_43' title='bbox 1342 800 1504 838; x_wconf 91' lang='lat' dir='ltr'>num.</span> <span class='ocrx_word' id='word_1_44' title='bbox 1538 782 1614 855; x_wconf 80' lang='lat'>3).</span> <span class='ocrx_word' id='word_1_45' title='bbox 1648 782 1805 837; x_wconf 88' lang='lat' dir='ltr'>Hanc</span> <span class='ocrx_word' id='word_1_46' title='bbox 1837 780 1911 836; x_wconf 89' lang='lat' dir='ltr'>ob</span> 
     </span>
    </p>
   </div>
   <div class='ocr_carea' id='block_1_6' title="bbox 267 867 1906 943">
    <p class='ocr_par' dir='ltr' id='par_1_6' title="bbox 267 867 1906 943">
     <span class='ocr_line' id='line_1_6' title="bbox 267 867 1906 943; baseline -0.001 -18"><span class='ocrx_word' id='word_1_47' title='bbox 267 886 382 925; x_wconf 90' lang='lat' dir='ltr'>rem</span> <span class='ocrx_word' id='word_1_48' title='bbox 404 870 604 926; x_wconf 82' lang='lat' dir='ltr'>statim</span> <span class='ocrx_word' id='word_1_49' title='bbox 622 888 655 926; x_wconf 90' lang='lat' dir='ltr'>a</span> <span class='ocrx_word' id='word_1_50' title='bbox 674 870 882 943; x_wconf 81' lang='lat' dir='ltr'>primis</span> <span class='ocrx_word' id='word_1_51' title='bbox 906 872 1217 928; x_wconf 83' lang='lat' dir='ltr'>sacerdotii</span> <span class='ocrx_word' id='word_1_52' title='bbox 1248 871 1419 928; x_wconf 88' lang='lat' dir='ltr'>annis</span> <span class='ocrx_word' id='word_1_53' title='bbox 1448 871 1741 926; x_wconf 73' lang='lat' dir='ltr'>festinavit</span> <span class='ocrx_word' id='word_1_54' title='bbox 1764 867 1906 924; x_wconf 90' lang='lat' dir='ltr'>illud</span> 
     </span>
    </p>
   </div>
   <div class='ocr_carea' id='block_1_7' title="bbox 267 959 1908 1033">
    <p class='ocr_par' dir='ltr' id='par_1_7' title="bbox 267 959 1908 1033">
     <span class='ocr_line' id='line_1_7' title="bbox 267 959 1908 1033; baseline 0.001 -21"><span class='ocrx_word' id='word_1_55' title='bbox 267 959 495 1032; x_wconf 80' lang='lat' dir='ltr'>aggredi</span> <span class='ocrx_word' id='word_1_56' title='bbox 521 977 535 1027; x_wconf 89' lang='lat'>;</span> <span class='ocrx_word' id='word_1_57' title='bbox 571 976 687 1015; x_wconf 89' lang='lat' dir='ltr'>non</span> <span class='ocrx_word' id='word_1_58' title='bbox 714 960 871 1017; x_wconf 89' lang='lat' dir='ltr'>enim</span> <span class='ocrx_word' id='word_1_59' title='bbox 903 961 1149 1016; x_wconf 89' lang='lat' dir='ltr'>obscure</span> <span class='ocrx_word' id='word_1_60' title='bbox 1173 961 1229 1016; x_wconf 91' lang='lat' dir='ltr'>id</span> <span class='ocrx_word' id='word_1_61' title='bbox 1252 960 1448 1033; x_wconf 90' lang='lat' dir='ltr'>ipsum</span> <span class='ocrx_word' id='word_1_62' title='bbox 1470 959 1746 1025; x_wconf 80' lang='lat' dir='ltr'>declarat,</span> <span class='ocrx_word' id='word_1_63' title='bbox 1766 959 1908 1014; x_wconf 90' lang='lat' dir='ltr'>dum</span> 
     </span>
    </p>
   </div>
   <div class='ocr_carea' id='block_1_8' title="bbox 264 1047 1910 1121">
    <p class='ocr_par' dir='ltr' id='par_1_8' title="bbox 264 1047 1910 1121">
     <span class='ocr_line' id='line_1_8' title="bbox 264 1047 1910 1121; baseline -0.001 -19"><span class='ocrx_word' id='word_1_64' title='bbox 264 1052 421 1104; x_wconf 89' lang='lat' dir='ltr'>tanta</span> <span class='ocrx_word' id='word_1_65' title='bbox 463 1065 596 1104; x_wconf 89' lang='lat' dir='ltr'>cum</span> <span class='ocrx_word' id='word_1_66' title='bbox 646 1048 934 1105; x_wconf 83' lang='lat' dir='ltr'>modestia</span> <span class='ocrx_word' id='word_1_67' title='bbox 977 1055 1034 1105; x_wconf 91' lang='lat' dir='ltr'>et</span> <span class='ocrx_word' id='word_1_68' title='bbox 1084 1050 1174 1105; x_wconf 91' lang='lat' dir='ltr'>sui</span> <span class='ocrx_word' id='word_1_69' title='bbox 1226 1049 1548 1106; x_wconf 88' lang='lat' dir='ltr'>demisione</span> <span class='ocrx_word' id='word_1_70' title='bbox 1604 1047 1910 1121; x_wconf 86' lang='lat' dir='ltr'>proﬁtetur</span> 
     </span>
    </p>
   </div>
   <div class='ocr_carea' id='block_1_9' title="bbox 262 1136 1905 1213">
    <p class='ocr_par' dir='ltr' id='par_1_9' title="bbox 262 1136 1905 1213">
     <span class='ocr_line' id='line_1_9' title="bbox 262 1136 1905 1213; baseline 0 -23"><span class='ocrx_word' id='word_1_71' title='bbox 262 1136 472 1191; x_wconf 80' lang='lat' dir='ltr'>factum</span> <span class='ocrx_word' id='word_1_72' title='bbox 521 1137 725 1206; x_wconf 83' lang='lat' dir='ltr'>fuisse,</span> <span class='ocrx_word' id='word_1_73' title='bbox 774 1140 1057 1213; x_wconf 28' lang='lat' dir='ltr'>ut‘prius,</span> <span class='ocrx_word' id='word_1_74' title='bbox 1108 1139 1319 1211; x_wconf 86' lang='lat' dir='ltr'>inquit,</span> <span class='ocrx_word' id='word_1_75' title='bbox 1371 1139 1557 1193; x_wconf 87' lang='lat' dir='ltr'>docere</span> <span class='ocrx_word' id='word_1_76' title='bbox 1587 1139 1905 1207; x_wconf 81' lang='lat' dir='ltr'>inciperem,</span> 
     </span>
    </p>
   </div>
   <div class='ocr_carea' id='block_1_10' title="bbox 259 1225 1906 1297">
    <p class='ocr_par' dir='ltr' id='par_1_10' title="bbox 259 1225 1906 1297">
     <span class='ocr_line' id='line_1_10' title="bbox 259 1225 1906 1297; baseline 0 -18"><span class='ocrx_word' id='word_1_77' title='bbox 259 1232 419 1297; x_wconf 72' lang='lat' dir='ltr'>quam</span> <span class='ocrx_word' id='word_1_78' title='bbox 474 1225 698 1282; x_wconf 86' lang='lat' dir='ltr'>discere.</span> <span class='ocrx_word' id='word_1_79' title='bbox 762 1227 1087 1283; x_wconf 79' lang='lat' dir='ltr'>Discendum</span> <span class='ocrx_word' id='word_1_80' title='bbox 1139 1229 1314 1297; x_wconf 79' lang='lat' dir='ltr'>igitur</span> <span class='ocrx_word' id='word_1_81' title='bbox 1363 1227 1505 1281; x_wconf 85' lang='lat' dir='ltr'>mihi</span> <span class='ocrx_word' id='word_1_82' title='bbox 1532 1226 1703 1281; x_wconf 81' lang='lat' dir='ltr'><em>simul</em></span> <span class='ocrx_word' id='word_1_83' title='bbox 1732 1234 1781 1281; x_wconf 91' lang='lat' dir='ltr'>et</span> <span class='ocrx_word' id='word_1_84' title='bbox 1812 1225 1906 1279; x_wconf 86' lang='lat' dir='ltr'>do-</span> 
     </span>
    </p>
   </div>
   <div class='ocr_carea' id='block_1_11' title="bbox 256 1314 1902 1386">
    <p class='ocr_par' dir='ltr' id='par_1_11' title="bbox 256 1314 1902 1386">
     <span class='ocr_line' id='line_1_11' title="bbox 256 1314 1902 1386; baseline -0.001 -16"><span class='ocrx_word' id='word_1_85' title='bbox 256 1315 503 1381; x_wconf 86' lang='lat' dir='ltr'>cendum,</span> <span class='ocrx_word' id='word_1_86' title='bbox 566 1318 827 1386; x_wconf 84' lang='lat' dir='ltr'>quoniam</span> <span class='ocrx_word' id='word_1_87' title='bbox 869 1333 979 1371; x_wconf 81' lang='lat' dir='ltr'>non</span> <span class='ocrx_word' id='word_1_88' title='bbox 1027 1318 1237 1372; x_wconf 81' lang='lat' dir='ltr'>vacavit</span> <span class='ocrx_word' id='word_1_89' title='bbox 1288 1321 1417 1371; x_wconf 93' lang='lat' dir='ltr'>ante</span> <span class='ocrx_word' id='word_1_90' title='bbox 1473 1316 1685 1371; x_wconf 75' lang='lat' dir='ltr'>discere</span> <span class='ocrx_word' id='word_1_91' title='bbox 1748 1314 1902 1386; x_wconf 83' lang='lat' dir='ltr'>(ibid.</span> 
     </span>
    </p>
   </div>
   <div class='ocr_carea' id='block_1_12' title="bbox 254 1402 1903 1478">
    <p class='ocr_par' dir='ltr' id='par_1_12' title="bbox 254 1402 1903 1478">
     <span class='ocr_line' id='line_1_12' title="bbox 254 1402 1903 1478; baseline -0.002 -18"><span class='ocrx_word' id='word_1_92' title='bbox 254 1420 416 1460; x_wconf 88' lang='lat' dir='ltr'>num.</span> <span class='ocrx_word' id='word_1_93' title='bbox 452 1404 525 1473; x_wconf 71' lang='grc'>4).</span> <span class='ocrx_word' id='word_1_94' title='bbox 550 1403 753 1460; x_wconf 81' lang='lat' dir='ltr'>Clerici</span> <span class='ocrx_word' id='word_1_95' title='bbox 785 1422 956 1478; x_wconf 88' lang='lat' dir='ltr'>porro</span> <span class='ocrx_word' id='word_1_96' title='bbox 988 1422 1136 1478; x_wconf 88' lang='lat' dir='ltr'>quos</span> <span class='ocrx_word' id='word_1_97' title='bbox 1167 1405 1261 1461; x_wconf 90' lang='lat' dir='ltr'>hic</span> <span class='ocrx_word' id='word_1_98' title='bbox 1284 1403 1620 1475; x_wconf 82' lang='lat' dir='ltr'>alloquitur,</span> <span class='ocrx_word' id='word_1_99' title='bbox 1656 1420 1770 1458; x_wconf 90' lang='lat' dir='ltr'>non</span> <span class='ocrx_word' id='word_1_100' title='bbox 1796 1402 1903 1459; x_wconf 90' lang='lat' dir='ltr'>soli</span> 
     </span>
    </p>
   </div>
   <div class='ocr_carea' id='block_1_13' title="bbox 253 1492 1903 1567">
    <p class='ocr_par' dir='ltr' id='par_1_13' title="bbox 253 1492 1903 1567">
     <span class='ocr_line' id='line_1_13' title="bbox 253 1492 1903 1567; baseline -0.002 -19"><span class='ocrx_word' id='word_1_101' title='bbox 253 1493 621 1559; x_wconf 75' lang='lat' dir='ltr'>exstiterunt,</span> <span class='ocrx_word' id='word_1_102' title='bbox 672 1493 744 1548; x_wconf 89' lang='lat' dir='ltr'>ad</span> <span class='ocrx_word' id='word_1_103' title='bbox 795 1510 943 1564; x_wconf 89' lang='lat' dir='ltr'>quos</span> <span class='ocrx_word' id='word_1_104' title='bbox 993 1494 1195 1567; x_wconf 63' lang='lat' dir='ltr'>primae</span> <span class='ocrx_word' id='word_1_105' title='bbox 1236 1493 1397 1548; x_wconf 89' lang='lat' dir='ltr'>illius</span> <span class='ocrx_word' id='word_1_106' title='bbox 1428 1510 1578 1548; x_wconf 62' lang='lat' dir='ltr'>cura</span> <span class='ocrx_word' id='word_1_107' title='bbox 1610 1492 1903 1565; x_wconf 87' lang='lat' dir='ltr'>pertinue-</span> 
     </span>
    </p>
   </div>
   <div class='ocr_carea' id='block_1_14' title="bbox 250 1580 1903 1655">
    <p class='ocr_par' dir='ltr' id='par_1_14' title="bbox 250 1580 1903 1655">
     <span class='ocr_line' id='line_1_14' title="bbox 250 1580 1903 1655; baseline 0 -20"><span class='ocrx_word' id='word_1_108' title='bbox 250 1582 421 1650; x_wconf 85' lang='lat' dir='ltr'>rint;</span> <span class='ocrx_word' id='word_1_109' title='bbox 479 1581 541 1636; x_wconf 90' lang='lat' dir='ltr'>in</span> <span class='ocrx_word' id='word_1_110' title='bbox 593 1581 1034 1638; x_wconf 88' lang='lat' dir='ltr'>catechumenis</span> <span class='ocrx_word' id='word_1_111' title='bbox 1092 1582 1270 1638; x_wconf 82' lang='lat' dir='ltr'>etiam</span> <span class='ocrx_word' id='word_1_112' title='bbox 1331 1582 1402 1638; x_wconf 84' lang='lat' dir='ltr'>ad</span> <span class='ocrx_word' id='word_1_113' title='bbox 1455 1580 1737 1655; x_wconf 83' lang='lat' dir='ltr'>genitalia</span> <span class='ocrx_word' id='word_1_114' title='bbox 1811 1597 1903 1636; x_wconf 87' lang='lat' dir='ltr'>sa-</span> 
     </span>
    </p>
   </div>
   <div class='ocr_carea' id='block_1_15' title="bbox 249 1668 1903 1743">
    <p class='ocr_par' dir='ltr' id='par_1_15' title="bbox 249 1668 1903 1743">
     <span class='ocr_line' id='line_1_15' title="bbox 249 1668 1903 1743; baseline 0 -20"><span class='ocrx_word' id='word_1_115' title='bbox 249 1674 549 1726; x_wconf 85' lang='lat' dir='ltr'>cramenta</span> <span class='ocrx_word' id='word_1_116' title='bbox 584 1670 862 1742; x_wconf 79' lang='lat' dir='ltr'>parandis</span> <span class='ocrx_word' id='word_1_117' title='bbox 895 1670 1352 1743; x_wconf 90' lang='lat' dir='ltr'>erudiendisque</span> <span class='ocrx_word' id='word_1_118' title='bbox 1384 1669 1708 1743; x_wconf 90' lang='lat' dir='ltr'>plurimum</span> <span class='ocrx_word' id='word_1_119' title='bbox 1742 1668 1903 1725; x_wconf 90' lang='lat' dir='ltr'>labo-</span> 
     </span>
    </p>
   </div>
   <div class='ocr_carea' id='block_1_16' title="bbox 246 1757 1900 1830">
    <p class='ocr_par' dir='ltr' id='par_1_16' title="bbox 246 1757 1900 1830">
     <span class='ocr_line' id='line_1_16' title="bbox 246 1757 1900 1830; baseline 0 -18"><span class='ocrx_word' id='word_1_120' title='bbox 246 1759 434 1813; x_wconf 82' lang='lat' dir='ltr'>rabat.</span> <span class='ocrx_word' id='word_1_121' title='bbox 467 1757 538 1813; x_wconf 88' lang='lat' dir='ltr'>Et</span> <span class='ocrx_word' id='word_1_122' title='bbox 565 1763 652 1814; x_wconf 90' lang='lat' dir='ltr'>tot</span> <span class='ocrx_word' id='word_1_123' title='bbox 697 1759 826 1830; x_wconf 83' lang='lat' dir='ltr'>ejus</span> <span class='ocrx_word' id='word_1_124' title='bbox 873 1757 1009 1814; x_wconf 88' lang='lat' dir='ltr'>libri</span> <span class='ocrx_word' id='word_1_125' title='bbox 1039 1776 1109 1815; x_wconf 88' lang='lat' dir='ltr'>ex</span> <span class='ocrx_word' id='word_1_126' title='bbox 1161 1758 1532 1815; x_wconf 89' lang='lat' dir='ltr'>sermonibus</span> <span class='ocrx_word' id='word_1_127' title='bbox 1562 1759 1634 1814; x_wconf 90' lang='lat' dir='ltr'>ad</span> <span class='ocrx_word' id='word_1_128' title='bbox 1665 1758 1900 1813; x_wconf 91' lang='lat' dir='ltr'>eosdem</span> 
     </span>
    </p>
   </div>
   <div class='ocr_carea' id='block_1_17' title="bbox 2024 604 3674 684">
    <p class='ocr_par' dir='ltr' id='par_1_17' title="bbox 2024 604 3674 684">
     <span class='ocr_line' id='line_1_17' title="bbox 2024 604 3674 684; baseline 0.007 -26"><span class='ocrx_word' id='word_1_129' title='bbox 2024 604 2325 672; x_wconf 86' lang='lat' dir='ltr'>debemus,</span> <span class='ocrx_word' id='word_1_130' title='bbox 2358 605 2548 662; x_wconf 88' lang='lat' dir='ltr'>verbis</span> <span class='ocrx_word' id='word_1_131' title='bbox 2582 606 2728 679; x_wconf 88' lang='lat' dir='ltr'>ipsis</span> <span class='ocrx_word' id='word_1_132' title='bbox 2760 614 3247 681; x_wconf 66' lang='lat' dir='ltr'>repraesentemus</span> <span class='ocrx_word' id='word_1_133' title='bbox 3281 627 3294 666; x_wconf 93' lang='lat'><strong>:</strong></span> <span class='ocrx_word' id='word_1_134' title='bbox 3328 612 3528 668; x_wconf 86' lang='lat' dir='ltr'>Paucis</span> <span class='ocrx_word' id='word_1_135' title='bbox 3550 617 3674 684; x_wconf 79' lang='lat' dir='ltr'>post</span> 
     </span>
    </p>
   </div>
   <div class='ocr_carea' id='block_1_18' title="bbox 2022 692 3679 766">
    <p class='ocr_par' dir='ltr' id='par_1_18' title="bbox 2022 692 3679 766">
     <span class='ocr_line' id='line_1_18' title="bbox 2022 692 3679 766; baseline 0.006 -18"><span class='ocrx_word' id='word_1_136' title='bbox 2022 692 2231 760; x_wconf 87' lang='lat' dir='ltr'>diebus,</span> <span class='ocrx_word' id='word_1_137' title='bbox 2265 694 2544 751; x_wconf 86' lang='lat' dir='ltr'>nimirum</span> <span class='ocrx_word' id='word_1_138' title='bbox 2576 696 2650 751; x_wconf 91' lang='lat' dir='ltr'>ab</span> <span class='ocrx_word' id='word_1_139' title='bbox 2682 697 3064 766; x_wconf 87' lang='lat' dir='ltr'>ordinatione,</span> <span class='ocrx_word' id='word_1_140' title='bbox 3110 716 3234 755; x_wconf 87' lang='lat' dir='ltr'>cum</span> <span class='ocrx_word' id='word_1_141' title='bbox 3272 698 3501 757; x_wconf 83' lang='lat' dir='ltr'>divinus</span> <span class='ocrx_word' id='word_1_142' title='bbox 3547 704 3679 758; x_wconf 82' lang='lat' dir='ltr'>Am-</span> 
     </span>
    </p>
   </div>
   <div class='ocr_carea' id='block_1_19' title="bbox 2024 782 3674 862">
    <p class='ocr_par' dir='ltr' id='par_1_19' title="bbox 2024 782 3674 862">
     <span class='ocr_line' id='line_1_19' title="bbox 2024 782 3674 862; baseline 0.007 -26"><span class='ocrx_word' id='word_1_143' title='bbox 2024 782 2235 837; x_wconf 89' lang='lat' dir='ltr'>brosius</span> <span class='ocrx_word' id='word_1_144' title='bbox 2264 784 2440 838; x_wconf 88' lang='lat' dir='ltr'>multa</span> <span class='ocrx_word' id='word_1_145' title='bbox 2469 800 2597 840; x_wconf 88' lang='lat' dir='ltr'>cum</span> <span class='ocrx_word' id='word_1_146' title='bbox 2654 785 2903 842; x_wconf 78' lang='lat' dir='ltr'>libertate</span> <span class='ocrx_word' id='word_1_147' title='bbox 2947 790 3333 859; x_wconf 76' lang='lat' dir='ltr'>imperatorem</span> <span class='ocrx_word' id='word_1_148' title='bbox 3367 789 3674 862; x_wconf 75' lang='lat' dir='ltr'>alloquens,</span> 
     </span>
    </p>
   </div>
   <div class='ocr_carea' id='block_1_20' title="bbox 2020 873 3675 949">
    <p class='ocr_par' dir='ltr' id='par_1_20' title="bbox 2020 873 3675 949">
     <span class='ocr_line' id='line_1_20' title="bbox 2020 873 3675 949; baseline 0.007 -24"><span class='ocrx_word' id='word_1_149' title='bbox 2020 873 2292 927; x_wconf 86' lang='lat' dir='ltr'>nonnulla</span> <span class='ocrx_word' id='word_1_150' title='bbox 2338 874 2785 944; x_wconf 79' lang='lat' dir='ltr'>reprehendisset,</span> <span class='ocrx_word' id='word_1_151' title='bbox 2835 889 2959 947; x_wconf 50' lang='lat' dir='ltr'>qua</span> <span class='ocrx_word' id='word_1_152' title='bbox 2986 892 3022 930; x_wconf 89' lang='lat' dir='ltr'>a</span> <span class='ocrx_word' id='word_1_153' title='bbox 3066 878 3489 949; x_wconf 76' lang='lat' dir='ltr'>magistratibus</span> <span class='ocrx_word' id='word_1_154' title='bbox 3529 879 3675 937; x_wconf 80' lang='lat' dir='ltr'>haud</span> 
     </span>
    </p>
   </div>
   <div class='ocr_carea' id='block_1_21' title="bbox 2019 962 3672 1037">
    <p class='ocr_par' dir='ltr' id='par_1_21' title="bbox 2019 962 3672 1037">
     <span class='ocr_line' id='line_1_21' title="bbox 2019 962 3672 1037; baseline 0.007 -22"><span class='ocrx_word' id='word_1_155' title='bbox 2019 969 2164 1016; x_wconf 87' lang='lat' dir='ltr'>recte</span> <span class='ocrx_word' id='word_1_156' title='bbox 2182 962 2329 1030; x_wconf 72' lang='lat' dir='ltr'>facta</span> <span class='ocrx_word' id='word_1_157' title='bbox 2354 978 2469 1017; x_wconf 83' lang='lat' dir='ltr'>esse</span> <span class='ocrx_word' id='word_1_158' title='bbox 2482 962 2828 1031; x_wconf 80' lang='lat' dir='ltr'>videbantur,</span> <span class='ocrx_word' id='word_1_159' title='bbox 2860 964 3137 1035; x_wconf 80' lang='lat' dir='ltr'>respondit</span> <span class='ocrx_word' id='word_1_160' title='bbox 3160 967 3486 1037; x_wconf 78' lang='lat' dir='ltr'>imperator:</span> <span class='ocrx_word' id='word_1_161' title='bbox 3520 970 3672 1025; x_wconf 80' lang='lat' dir='ltr'>Hanc</span> 
     </span>
    </p>
   </div>
   <div class='ocr_carea' id='block_1_22' title="bbox 2019 1050 3677 1122">
    <p class='ocr_par' dir='ltr' id='par_1_22' title="bbox 2019 1050 3677 1122">
     <span class='ocr_line' id='line_1_22' title="bbox 2019 1050 3677 1122; baseline 0.005 -19"><span class='ocrx_word' id='word_1_162' title='bbox 2019 1054 2171 1104; x_wconf 88' lang='lat' dir='ltr'>tuam</span> <span class='ocrx_word' id='word_1_163' title='bbox 2200 1050 2503 1105; x_wconf 87' lang='lat' dir='ltr'>libertatem</span> <span class='ocrx_word' id='word_1_164' title='bbox 2524 1052 2645 1122; x_wconf 88' lang='lat' dir='ltr'>jam</span> <span class='ocrx_word' id='word_1_165' title='bbox 2665 1051 2879 1122; x_wconf 82' lang='lat' dir='ltr'>pridem</span> <span class='ocrx_word' id='word_1_166' title='bbox 2907 1054 3181 1122; x_wconf 85' lang='lat' dir='ltr'>cognitam</span> <span class='ocrx_word' id='word_1_167' title='bbox 3220 1054 3486 1112; x_wconf 79' lang='lat' dir='ltr'>habebam</span> <span class='ocrx_word' id='word_1_168' title='bbox 3504 1073 3529 1120; x_wconf 86' lang='lat'><em>;</em></span> <span class='ocrx_word' id='word_1_169' title='bbox 3570 1059 3677 1119; x_wconf 81' lang='lat' dir='ltr'>sed</span> 
     </span>
    </p>
   </div>
   <div class='ocr_carea' id='block_1_23' title="bbox 2020 1138 3662 1215">
    <p class='ocr_par' dir='ltr' id='par_1_23' title="bbox 2020 1138 3662 1215">
     <span class='ocr_line' id='line_1_23' title="bbox 2020 1138 3662 1215; baseline 0.007 -23"><span class='ocrx_word' id='word_1_170' title='bbox 2020 1138 2145 1194; x_wconf 87' lang='lat' dir='ltr'>licet</span> <span class='ocrx_word' id='word_1_171' title='bbox 2174 1156 2292 1195; x_wconf 88' lang='lat' dir='ltr'>eam</span> <span class='ocrx_word' id='word_1_172' title='bbox 2319 1141 2485 1211; x_wconf 86' lang='lat' dir='ltr'>probe</span> <span class='ocrx_word' id='word_1_173' title='bbox 2526 1156 2754 1206; x_wconf 86' lang='lat' dir='ltr'>nossem,</span> <span class='ocrx_word' id='word_1_174' title='bbox 2788 1158 2899 1197; x_wconf 83' lang='lat' dir='ltr'>non</span> <span class='ocrx_word' id='word_1_175' title='bbox 2945 1143 3123 1197; x_wconf 87' lang='lat' dir='ltr'>solum</span> <span class='ocrx_word' id='word_1_176' title='bbox 3172 1159 3281 1199; x_wconf 83' lang='lat' dir='ltr'>non</span> <span class='ocrx_word' id='word_1_177' title='bbox 3322 1146 3662 1215; x_wconf 69' lang='lat' dir='ltr'>contradici,</span> 
     </span>
    </p>
   </div>
   <div class='ocr_carea' id='block_1_24' title="bbox 2018 1229 3667 1301">
    <p class='ocr_par' dir='ltr' id='par_1_24' title="bbox 2018 1229 3667 1301">
     <span class='ocr_line' id='line_1_24' title="bbox 2018 1229 3667 1301; baseline 0.007 -19"><span class='ocrx_word' id='word_1_178' title='bbox 2018 1229 2128 1283; x_wconf 89' lang='lat' dir='ltr'>imo</span> <span class='ocrx_word' id='word_1_179' title='bbox 2178 1244 2454 1283; x_wconf 85' lang='lat' dir='ltr'>assensum</span> <span class='ocrx_word' id='word_1_180' title='bbox 2498 1229 2714 1301; x_wconf 72' lang='lat' dir='ltr'>praebui</span> <span class='ocrx_word' id='word_1_181' title='bbox 2760 1231 3096 1287; x_wconf 87' lang='lat' dir='ltr'>ordinationi</span> <span class='ocrx_word' id='word_1_182' title='bbox 3132 1238 3262 1288; x_wconf 79' lang='lat' dir='ltr'>tuae.</span> <span class='ocrx_word' id='word_1_183' title='bbox 3311 1235 3552 1291; x_wconf 84' lang='lat' dir='ltr'>Proinde</span> <span class='ocrx_word' id='word_1_184' title='bbox 3579 1236 3667 1292; x_wconf 84' lang='lat' dir='ltr'>de-</span> 
     </span>
    </p>
   </div>
   <div class='ocr_carea' id='block_1_25' title="bbox 2019 1316 3663 1395">
    <p class='ocr_par' dir='ltr' id='par_1_25' title="bbox 2019 1316 3663 1395">
     <span class='ocr_line' id='line_1_25' title="bbox 2019 1316 3663 1395; baseline 0.005 -25"><span class='ocrx_word' id='word_1_185' title='bbox 2019 1316 2161 1373; x_wconf 83' lang='lat' dir='ltr'>lictis</span> <span class='ocrx_word' id='word_1_186' title='bbox 2186 1320 2501 1374; x_wconf 86' lang='lat' dir='ltr'>animarum</span> <span class='ocrx_word' id='word_1_187' title='bbox 2528 1323 2845 1374; x_wconf 83' lang='lat' dir='ltr'>nostrarum</span> <span class='ocrx_word' id='word_1_188' title='bbox 2870 1318 3202 1374; x_wconf 84' lang='lat' dir='ltr'>medicinam</span> <span class='ocrx_word' id='word_1_189' title='bbox 3229 1320 3444 1389; x_wconf 85' lang='lat' dir='ltr'>adhibe,</span> <span class='ocrx_word' id='word_1_190' title='bbox 3476 1339 3663 1395; x_wconf 84' lang='lat' dir='ltr'>quem-</span> 
     </span>
    </p>
   </div>
   <div class='ocr_carea' id='block_1_26' title="bbox 2017 1406 3661 1481">
    <p class='ocr_par' dir='ltr' id='par_1_26' title="bbox 2017 1406 3661 1481">
     <span class='ocr_line' id='line_1_26' title="bbox 2017 1406 3661 1481; baseline 0.005 -21"><span class='ocrx_word' id='word_1_191' title='bbox 2017 1406 2310 1461; x_wconf 86' lang='lat' dir='ltr'>admodum</span> <span class='ocrx_word' id='word_1_192' title='bbox 2364 1407 2551 1463; x_wconf 86' lang='lat' dir='ltr'>divina</span> <span class='ocrx_word' id='word_1_193' title='bbox 2610 1408 2700 1463; x_wconf 72' lang='lat' dir='ltr'>lea:</span> <span class='ocrx_word' id='word_1_194' title='bbox 2747 1410 3006 1481; x_wconf 71' lang='lat' dir='ltr'>praecipit</span> <span class='ocrx_word' id='word_1_195' title='bbox 3058 1407 3184 1477; x_wconf 88' lang='lat' dir='ltr'>(lib.</span> <span class='ocrx_word' id='word_1_196' title='bbox 3230 1426 3286 1465; x_wconf 77' lang='grc' dir='ltr'>ιν</span> <span class='ocrx_word' id='word_1_197' title='bbox 3340 1412 3477 1467; x_wconf 81' lang='lat' dir='ltr'>Hist.</span> <span class='ocrx_word' id='word_1_198' title='bbox 3508 1413 3661 1481; x_wconf 87' lang='lat' dir='ltr'>eccl.,</span> 
     </span>
    </p>
   </div>
   <div class='ocr_carea' id='block_1_27' title="bbox 2016 1495 2255 1567">
    <p class='ocr_par' dir='ltr' id='par_1_27' title="bbox 2016 1495 2255 1567">
     <span class='ocr_line' id='line_1_27' title="bbox 2016 1495 2255 1567; baseline 0.004 -18"><span class='ocrx_word' id='word_1_199' title='bbox 2016 1510 2143 1567; x_wconf 87' lang='lat' dir='ltr'>cap.</span> <span class='ocrx_word' id='word_1_200' title='bbox 2179 1495 2255 1566; x_wconf 89' lang='lat'>7).</span> 
     </span>
    </p>
   </div>
   <div class='ocr_carea' id='block_1_28' title="bbox 2084 1584 3651 1657">
    <p class='ocr_par' dir='ltr' id='par_1_28' title="bbox 2084 1584 3651 1657">
     <span class='ocr_line' id='line_1_28' title="bbox 2084 1584 3651 1657; baseline 0.004 -18"><span class='ocrx_word' id='word_1_201' title='bbox 2084 1584 2173 1639; x_wconf 85' lang='grc'>21.</span> <span class='ocrx_word' id='word_1_202' title='bbox 2224 1584 2327 1639; x_wconf 90' lang='lat' dir='ltr'>Hic</span> <span class='ocrx_word' id='word_1_203' title='bbox 2400 1584 2720 1657; x_wconf 87' lang='lat' dir='ltr'>imperator</span> <span class='ocrx_word' id='word_1_204' title='bbox 2771 1602 2845 1640; x_wconf 83' lang='lat' dir='ltr'>xv</span> <span class='ocrx_word' id='word_1_205' title='bbox 2904 1584 3029 1642; x_wconf 87' lang='lat' dir='ltr'>Kal.</span> <span class='ocrx_word' id='word_1_206' title='bbox 3068 1586 3417 1645; x_wconf 88' lang='lat' dir='ltr'>Decembres</span> <span class='ocrx_word' id='word_1_207' title='bbox 3494 1588 3651 1646; x_wconf 87' lang='lat' dir='ltr'>diem</span> 
     </span>
    </p>
   </div>
   <div class='ocr_carea' id='block_1_29' title="bbox 2014 1671 3666 1741">
    <p class='ocr_par' dir='ltr' id='par_1_29' title="bbox 2014 1671 3666 1741">
     <span class='ocr_line' id='line_1_29' title="bbox 2014 1671 3666 1741; baseline 0.004 -14"><span class='ocrx_word' id='word_1_208' title='bbox 2014 1672 2179 1739; x_wconf 89' lang='lat' dir='ltr'>obiit,</span> <span class='ocrx_word' id='word_1_209' title='bbox 2238 1671 2457 1730; x_wconf 87' lang='lat' dir='ltr'>relictis</span> <span class='ocrx_word' id='word_1_210' title='bbox 2505 1675 2739 1730; x_wconf 90' lang='lat' dir='ltr'>duobus</span> <span class='ocrx_word' id='word_1_211' title='bbox 2789 1674 2950 1741; x_wconf 85' lang='lat' dir='ltr'>ﬁliis,</span> <span class='ocrx_word' id='word_1_212' title='bbox 3002 1674 3280 1733; x_wconf 87' lang='lat' dir='ltr'>Gratiano</span> <span class='ocrx_word' id='word_1_213' title='bbox 3350 1676 3666 1734; x_wconf 81' lang='lat' dir='ltr'>scilicetac</span> 
     </span>
    </p>
   </div>
   <div class='ocr_carea' id='block_1_30' title="bbox 2011 1760 3669 1838">
    <p class='ocr_par' dir='ltr' id='par_1_30' title="bbox 2011 1760 3669 1838">
     <span class='ocr_line' id='line_1_30' title="bbox 2011 1760 3669 1838; baseline 0.005 -22"><span class='ocrx_word' id='word_1_214' title='bbox 2011 1760 2462 1818; x_wconf 87' lang='lat' dir='ltr'>Valentiniano:</span> <span class='ocrx_word' id='word_1_215' title='bbox 2517 1779 2770 1835; x_wconf 90' lang='lat' dir='ltr'>quorum</span> <span class='ocrx_word' id='word_1_216' title='bbox 2813 1762 2911 1819; x_wconf 90' lang='lat' dir='ltr'>ille</span> <span class='ocrx_word' id='word_1_217' title='bbox 2969 1763 3128 1835; x_wconf 90' lang='lat' dir='ltr'>prior</span> <span class='ocrx_word' id='word_1_218' title='bbox 3168 1764 3669 1838; x_wconf 51' lang='lat' dir='ltr'>jam‘impleverat</span> 
     </span>
    </p>
   </div>
   <div class='ocr_carea' id='block_1_31' title="bbox 242 1845 3666 1947">
    <p class='ocr_par' dir='ltr' id='par_1_31' title="bbox 242 1845 3666 1947">
     <span class='ocr_line' id='line_1_31' title="bbox 242 1845 3666 1947; baseline 0.003 -45"><span class='ocrx_word' id='word_1_219' title='bbox 242 1846 469 1945; x_wconf 70' lang='lat' dir='ltr'>habitis</span> <span class='ocrx_word' id='word_1_220' title='bbox 498 1847 831 1947; x_wconf 76' lang='lat' dir='ltr'>compositi,</span> <span class='ocrx_word' id='word_1_221' title='bbox 884 1847 1114 1903; x_wconf 88' lang='lat' dir='ltr'>abunde</span> <span class='ocrx_word' id='word_1_222' title='bbox 1172 1848 1422 1919; x_wconf 87' lang='lat' dir='ltr'>probant</span> <span class='ocrx_word' id='word_1_223' title='bbox 1469 1846 1564 1947; x_wconf 50' lang='lat' dir='ltr'>vis</span> <span class='ocrx_word' id='word_1_224' title='bbox 1594 1845 1753 1947; x_wconf 77' lang='lat' dir='ltr'>aliud</span> <span class='ocrx_word' id='word_1_225' title='bbox 1788 1845 1897 1917; x_wconf 87' lang='lat' dir='ltr'>ipsi</span> <span class='ocrx_word' id='word_1_226' title='bbox 1930 1883 1977 1947; x_wconf 77' lang='grc' dir='ltr'><strong>Β</strong></span> <span class='ocrx_word' id='word_1_227' title='bbox 2013 1867 2234 1905; x_wconf 90' lang='lat' dir='ltr'>annum</span> <span class='ocrx_word' id='word_1_228' title='bbox 2251 1851 2437 1907; x_wconf 65' lang='lat' dir='ltr'>aetatis</span> <span class='ocrx_word' id='word_1_229' title='bbox 2466 1868 2604 1917; x_wconf 81' lang='lat' dir='ltr'>XVII,</span> <span class='ocrx_word' id='word_1_230' title='bbox 2636 1855 2692 1908; x_wconf 90' lang='lat' dir='ltr'>et</span> <span class='ocrx_word' id='word_1_231' title='bbox 2741 1851 2835 1907; x_wconf 90' lang='lat' dir='ltr'>die</span> <span class='ocrx_word' id='word_1_232' title='bbox 2866 1870 2923 1907; x_wconf 80' lang='lat' dir='ltr'><strong>Ix</strong></span> <span class='ocrx_word' id='word_1_233' title='bbox 2969 1852 3093 1907; x_wconf 86' lang='lat' dir='ltr'>Kal.</span> <span class='ocrx_word' id='word_1_234' title='bbox 3125 1854 3666 1925; x_wconf 85' lang='lat' dir='ltr'>Septembresanni</span> 
     </span>
    </p>
   </div>
   <div class='ocr_carea' id='block_1_32' title="bbox 241 1934 3664 2011">
    <p class='ocr_par' dir='ltr' id='par_1_32' title="bbox 241 1934 3664 2011">
     <span class='ocr_line' id='line_1_32' title="bbox 241 1934 3664 2011; baseline 0.003 -20"><span class='ocrx_word' id='word_1_235' title='bbox 241 1936 430 1992; x_wconf 82' lang='lat' dir='ltr'>luisse</span> <span class='ocrx_word' id='word_1_236' title='bbox 480 1936 802 2007; x_wconf 83' lang='lat' dir='ltr'>antiquius,</span> <span class='ocrx_word' id='word_1_237' title='bbox 855 1953 1029 2008; x_wconf 88' lang='lat' dir='ltr'>quam</span> <span class='ocrx_word' id='word_1_238' title='bbox 1062 1941 1127 1992; x_wconf 88' lang='lat' dir='ltr'>ut</span> <span class='ocrx_word' id='word_1_239' title='bbox 1156 1937 1397 1993; x_wconf 88' lang='lat' dir='ltr'>idoneas</span> <span class='ocrx_word' id='word_1_240' title='bbox 1426 1935 1694 1991; x_wconf 89' lang='lat' dir='ltr'>redderet</span> <span class='ocrx_word' id='word_1_241' title='bbox 1723 1934 1897 1990; x_wconf 89' lang='lat' dir='ltr'>hasce</span> <span class='ocrx_word' id='word_1_242' title='bbox 1930 1934 1976 1947; x_wconf 73' lang='lat'><em>&quot;</em></span> <span class='ocrx_word' id='word_1_243' title='bbox 2006 1939 2111 1994; x_wconf 87' lang='lat'>367</span> <span class='ocrx_word' id='word_1_244' title='bbox 2137 1940 2407 2011; x_wconf 90' lang='lat' dir='ltr'>Augutus</span> <span class='ocrx_word' id='word_1_245' title='bbox 2440 1939 2630 1995; x_wconf 85' lang='lat' dir='ltr'>fuerat</span> <span class='ocrx_word' id='word_1_246' title='bbox 2674 1939 3005 2011; x_wconf 90' lang='lat' dir='ltr'>salutatus;</span> <span class='ocrx_word' id='word_1_247' title='bbox 3031 1941 3482 2000; x_wconf 86' lang='lat' dir='ltr'>Valentinianus</span> <span class='ocrx_word' id='word_1_248' title='bbox 3530 1960 3664 2001; x_wconf 89' lang='lat' dir='ltr'>vero</span> 
     </span>
    </p>
   </div>
   <div class='ocr_carea' id='block_1_33' title="bbox 239 2022 1896 2097">
    <p class='ocr_par' dir='ltr' id='par_1_33' title="bbox 239 2022 1896 2097">
     <span class='ocr_line' id='line_1_33' title="bbox 239 2022 1896 2097; baseline -0.001 -17"><span class='ocrx_word' id='word_1_249' title='bbox 239 2030 481 2080; x_wconf 87' lang='lat' dir='ltr'>teneras</span> <span class='ocrx_word' id='word_1_250' title='bbox 509 2024 761 2097; x_wconf 88' lang='lat' dir='ltr'>plantas,</span> <span class='ocrx_word' id='word_1_251' title='bbox 787 2042 916 2097; x_wconf 73' lang='lat' dir='ltr'>quae</span> <span class='ocrx_word' id='word_1_252' title='bbox 939 2024 1172 2097; x_wconf 88' lang='lat' dir='ltr'>pietatis</span> <span class='ocrx_word' id='word_1_253' title='bbox 1193 2025 1492 2081; x_wconf 88' lang='lat' dir='ltr'>radicibus</span> <span class='ocrx_word' id='word_1_254' title='bbox 1522 2022 1700 2079; x_wconf 90' lang='lat' dir='ltr'>altius</span> <span class='ocrx_word' id='word_1_255' title='bbox 1731 2022 1896 2089; x_wconf 89' lang='lat' dir='ltr'>actis,</span> 
     </span>
    </p>
   </div>
   <div class='ocr_carea' id='block_1_34' title="bbox 243 2106 1902 2185">
    <p class='ocr_par' dir='ltr' id='par_1_34' title="bbox 243 2106 1902 2185">
     <span class='ocr_line' id='line_1_34' title="bbox 243 2106 1902 2185; baseline -0.001 -17"><span class='ocrx_word' id='word_1_256' title='bbox 243 2106 477 2169; x_wconf 74' lang='lat' dir='ltr'>fructus</span> <span class='ocrx_word' id='word_1_257' title='bbox 521 2113 730 2169; x_wconf 87' lang='lat' dir='ltr'>uberes</span> <span class='ocrx_word' id='word_1_258' title='bbox 778 2113 1094 2185; x_wconf 86' lang='lat' dir='ltr'>aliquando</span> <span class='ocrx_word' id='word_1_259' title='bbox 1143 2112 1378 2169; x_wconf 83' lang='lat' dir='ltr'>ferrent.</span> <span class='ocrx_word' id='word_1_260' title='bbox 1414 2113 1749 2169; x_wconf 87' lang='lat' dir='ltr'>Indefessus</span> <span class='ocrx_word' id='word_1_261' title='bbox 1777 2116 1902 2167; x_wconf 89' lang='lat' dir='ltr'>erat</span> 
     </span>
    </p>
   </div>
   <div class='ocr_carea' id='block_1_35' title="bbox 245 2202 1900 2273">
    <p class='ocr_par' dir='ltr' id='par_1_35' title="bbox 245 2202 1900 2273">
     <span class='ocr_line' id='line_1_35' title="bbox 245 2202 1900 2273; baseline -0.002 -15"><span class='ocrx_word' id='word_1_262' title='bbox 245 2203 305 2258; x_wconf 87' lang='lat' dir='ltr'>in</span> <span class='ocrx_word' id='word_1_263' title='bbox 336 2202 450 2258; x_wconf 88' lang='lat' dir='ltr'>hoc</span> <span class='ocrx_word' id='word_1_264' title='bbox 478 2218 740 2269; x_wconf 89' lang='lat' dir='ltr'>munere,</span> <span class='ocrx_word' id='word_1_265' title='bbox 792 2207 851 2258; x_wconf 90' lang='lat' dir='ltr'>et</span> <span class='ocrx_word' id='word_1_266' title='bbox 888 2203 1126 2258; x_wconf 87' lang='lat' dir='ltr'>omnino</span> <span class='ocrx_word' id='word_1_267' title='bbox 1152 2205 1211 2257; x_wconf 89' lang='lat' dir='ltr'>in</span> <span class='ocrx_word' id='word_1_268' title='bbox 1239 2204 1402 2258; x_wconf 84' lang='lat' dir='ltr'>rebus</span> <span class='ocrx_word' id='word_1_269' title='bbox 1426 2202 1631 2258; x_wconf 86' lang='lat' dir='ltr'>divinis</span> <span class='ocrx_word' id='word_1_270' title='bbox 1660 2202 1900 2273; x_wconf 85' lang='lat' dir='ltr'>implen-</span> 
     </span>
    </p>
   </div>
   <div class='ocr_carea' id='block_1_36' title="bbox 246 2289 1896 2362">
    <p class='ocr_par' dir='ltr' id='par_1_36' title="bbox 246 2289 1896 2362">
     <span class='ocr_line' id='line_1_36' title="bbox 246 2289 1896 2362; baseline -0.002 -15"><span class='ocrx_word' id='word_1_271' title='bbox 246 2291 348 2357; x_wconf 82' lang='lat' dir='ltr'>dis,</span> <span class='ocrx_word' id='word_1_272' title='bbox 373 2291 444 2345; x_wconf 88' lang='lat' dir='ltr'>ut</span> <span class='ocrx_word' id='word_1_273' title='bbox 472 2290 755 2346; x_wconf 87' lang='lat' dir='ltr'>Paulinus</span> <span class='ocrx_word' id='word_1_274' title='bbox 799 2290 1059 2362; x_wconf 88' lang='lat' dir='ltr'>loquitur</span> <span class='ocrx_word' id='word_1_275' title='bbox 1105 2292 1191 2362; x_wconf 91' lang='lat' dir='ltr'>(In</span> <span class='ocrx_word' id='word_1_276' title='bbox 1226 2293 1343 2347; x_wconf 80' lang='lat' dir='ltr'>Vita</span> <span class='ocrx_word' id='word_1_277' title='bbox 1373 2291 1553 2346; x_wconf 86' lang='lat' dir='ltr'>Ambr.</span> <span class='ocrx_word' id='word_1_278' title='bbox 1592 2307 1756 2344; x_wconf 89' lang='lat' dir='ltr'>num.</span> <span class='ocrx_word' id='word_1_279' title='bbox 1784 2289 1896 2355; x_wconf 65' lang='lat'>38&#39;),</span> 
     </span>
    </p>
   </div>
   <div class='ocr_carea' id='block_1_37' title="bbox 244 2378 1901 2452">
    <p class='ocr_par' dir='ltr' id='par_1_37' title="bbox 244 2378 1901 2452">
     <span class='ocr_line' id='line_1_37' title="bbox 244 2378 1901 2452; baseline -0.002 -17"><span class='ocrx_word' id='word_1_280' title='bbox 244 2379 629 2446; x_wconf 81' lang='lat' dir='ltr'>fortissimus,</span> <span class='ocrx_word' id='word_1_281' title='bbox 687 2378 745 2433; x_wconf 90' lang='lat' dir='ltr'>in</span> <span class='ocrx_word' id='word_1_282' title='bbox 782 2382 1012 2435; x_wconf 90' lang='lat' dir='ltr'>tantum</span> <span class='ocrx_word' id='word_1_283' title='bbox 1059 2384 1124 2434; x_wconf 90' lang='lat' dir='ltr'>ut</span> <span class='ocrx_word' id='word_1_284' title='bbox 1156 2380 1310 2452; x_wconf 91' lang='lat' dir='ltr'>quod</span> <span class='ocrx_word' id='word_1_285' title='bbox 1342 2379 1548 2435; x_wconf 88' lang='lat' dir='ltr'>solitus</span> <span class='ocrx_word' id='word_1_286' title='bbox 1596 2384 1718 2433; x_wconf 87' lang='lat' dir='ltr'>erat</span> <span class='ocrx_word' id='word_1_287' title='bbox 1747 2378 1901 2432; x_wconf 89' lang='lat' dir='ltr'>circa</span> 
     </span>
    </p>
   </div>
   <div class='ocr_carea' id='block_1_38' title="bbox 242 2467 1901 2541">
    <p class='ocr_par' dir='ltr' id='par_1_38' title="bbox 242 2467 1901 2541">
     <span class='ocr_line' id='line_1_38' title="bbox 242 2467 1901 2541; baseline -0.002 -18"><span class='ocrx_word' id='word_1_288' title='bbox 242 2468 635 2540; x_wconf 86' lang='lat' dir='ltr'>baptizandos</span> <span class='ocrx_word' id='word_1_289' title='bbox 660 2468 922 2540; x_wconf 85' lang='lat' dir='ltr'>implere,</span> <span class='ocrx_word' id='word_1_290' title='bbox 949 2468 1208 2540; x_wconf 90' lang='lat' dir='ltr'>quinque</span> <span class='ocrx_word' id='word_1_291' title='bbox 1241 2473 1443 2541; x_wconf 82' lang='lat' dir='ltr'>postea</span> <span class='ocrx_word' id='word_1_292' title='bbox 1472 2467 1730 2541; x_wconf 89' lang='lat' dir='ltr'>episcopi</span> <span class='ocrx_word' id='word_1_293' title='bbox 1759 2472 1901 2522; x_wconf 88' lang='lat' dir='ltr'>tem-</span> 
     </span>
    </p>
   </div>
   <div class='ocr_carea' id='block_1_39' title="bbox 246 2556 1328 2629">
    <p class='ocr_par' dir='ltr' id='par_1_39' title="bbox 246 2556 1328 2629">
     <span class='ocr_line' id='line_1_39' title="bbox 246 2556 1328 2629; baseline -0.002 -17"><span class='ocrx_word' id='word_1_294' title='bbox 246 2574 385 2629; x_wconf 87' lang='lat' dir='ltr'>pore</span> <span class='ocrx_word' id='word_1_295' title='bbox 419 2573 538 2629; x_wconf 91' lang='lat' dir='ltr'>quo</span> <span class='ocrx_word' id='word_1_296' title='bbox 572 2556 845 2623; x_wconf 86' lang='lat' dir='ltr'>decessit,</span> <span class='ocrx_word' id='word_1_297' title='bbox 876 2557 970 2612; x_wconf 81' lang='lat' dir='ltr'>vix</span> <span class='ocrx_word' id='word_1_298' title='bbox 997 2556 1328 2628; x_wconf 86' lang='lat' dir='ltr'>implerent.</span> 
     </span>
    </p>
   </div>
   <div class='ocr_carea' id='block_1_40' title="bbox 314 2681 1898 2755">
    <p class='ocr_par' dir='ltr' id='par_1_40' title="bbox 314 2681 1898 2755">
     <span class='ocr_line' id='line_1_40' title="bbox 314 2681 1898 2755; baseline -0.001 -18"><span class='ocrx_word' id='word_1_299' title='bbox 314 2684 402 2737; x_wconf 88' lang='grc'>18.</span> <span class='ocrx_word' id='word_1_300' title='bbox 438 2681 757 2753; x_wconf 87' lang='lat' dir='ltr'>Superiora</span> <span class='ocrx_word' id='word_1_301' title='bbox 801 2682 918 2739; x_wconf 91' lang='lat' dir='ltr'>duo</span> <span class='ocrx_word' id='word_1_302' title='bbox 970 2682 1373 2739; x_wconf 88' lang='lat' dir='ltr'>conditionum</span> <span class='ocrx_word' id='word_1_303' title='bbox 1422 2698 1637 2755; x_wconf 87' lang='lat' dir='ltr'>genera</span> <span class='ocrx_word' id='word_1_304' title='bbox 1697 2685 1898 2737; x_wconf 88' lang='lat' dir='ltr'>sancto</span> 
     </span>
    </p>
   </div>
   <div class='ocr_carea' id='block_1_41' title="bbox 242 2769 1899 2844">
    <p class='ocr_par' dir='ltr' id='par_1_41' title="bbox 242 2769 1899 2844">
     <span class='ocr_line' id='line_1_41' title="bbox 242 2769 1899 2844; baseline 0 -18"><span class='ocrx_word' id='word_1_305' title='bbox 242 2772 520 2844; x_wconf 88' lang='lat' dir='ltr'>episcopo</span> <span class='ocrx_word' id='word_1_306' title='bbox 551 2769 753 2842; x_wconf 87' lang='lat' dir='ltr'>populi</span> <span class='ocrx_word' id='word_1_307' title='bbox 800 2769 1154 2827; x_wconf 88' lang='lat' dir='ltr'>oblivionem</span> <span class='ocrx_word' id='word_1_308' title='bbox 1204 2771 1361 2827; x_wconf 88' lang='lat' dir='ltr'>haud</span> <span class='ocrx_word' id='word_1_309' title='bbox 1411 2771 1800 2827; x_wconf 86' lang='lat' dir='ltr'>induxerunt:</span> <span class='ocrx_word' id='word_1_310' title='bbox 1848 2771 1899 2826; x_wconf 90' lang='lat' dir='ltr'>is</span> 
     </span>
    </p>
   </div>
   <div class='ocr_carea' id='block_1_42' title="bbox 241 2858 1897 2931">
    <p class='ocr_par' dir='ltr' id='par_1_42' title="bbox 241 2858 1897 2931">
     <span class='ocr_line' id='line_1_42' title="bbox 241 2858 1897 2931; baseline -0.001 -16"><span class='ocrx_word' id='word_1_311' title='bbox 241 2859 401 2915; x_wconf 86' lang='lat' dir='ltr'>enim</span> <span class='ocrx_word' id='word_1_312' title='bbox 436 2858 706 2915; x_wconf 86' lang='lat' dir='ltr'>sedulam</span> <span class='ocrx_word' id='word_1_313' title='bbox 739 2875 976 2931; x_wconf 88' lang='lat' dir='ltr'>operam</span> <span class='ocrx_word' id='word_1_314' title='bbox 1016 2860 1196 2916; x_wconf 85' lang='lat' dir='ltr'>dabat</span> <span class='ocrx_word' id='word_1_315' title='bbox 1228 2876 1344 2915; x_wconf 90' lang='lat' dir='ltr'>non</span> <span class='ocrx_word' id='word_1_316' title='bbox 1376 2860 1549 2915; x_wconf 90' lang='lat' dir='ltr'>modo</span> <span class='ocrx_word' id='word_1_317' title='bbox 1579 2858 1738 2914; x_wconf 88' lang='lat' dir='ltr'>illius</span> <span class='ocrx_word' id='word_1_318' title='bbox 1768 2874 1897 2913; x_wconf 89' lang='lat' dir='ltr'>mo-</span> 
     </span>
    </p>
   </div>
   <div class='ocr_carea' id='block_1_43' title="bbox 240 2946 1897 3013">
    <p class='ocr_par' dir='ltr' id='par_1_43' title="bbox 240 2946 1897 3013">
     <span class='ocr_line' id='line_1_43' title="bbox 240 2946 1897 3013; baseline 0 -10"><span class='ocrx_word' id='word_1_319' title='bbox 240 2948 407 3004; x_wconf 86' lang='lat' dir='ltr'>ribus</span> <span class='ocrx_word' id='word_1_320' title='bbox 441 2949 725 3002; x_wconf 80' lang='lat' dir='ltr'>virtutum</span> <span class='ocrx_word' id='word_1_321' title='bbox 758 2949 1026 3003; x_wconf 85' lang='lat' dir='ltr'>omnium</span> <span class='ocrx_word' id='word_1_322' title='bbox 1086 2954 1432 3005; x_wconf 88' lang='lat' dir='ltr'>ornamento</span> <span class='ocrx_word' id='word_1_323' title='bbox 1472 2946 1801 3003; x_wconf 80' lang='lat' dir='ltr'>excolendis</span> <span class='ocrx_word' id='word_1_324' title='bbox 1831 2964 1897 3013; x_wconf 82' lang='lat' dir='ltr'>ac</span> 
     </span>
    </p>
   </div>
   <div class='ocr_carea' id='block_1_44' title="bbox 239 3036 1898 3109">
    <p class='ocr_par' dir='ltr' id='par_1_44' title="bbox 239 3036 1898 3109">
     <span class='ocr_line' id='line_1_44' title="bbox 239 3036 1898 3109; baseline -0.001 -17"><span class='ocrx_word' id='word_1_325' title='bbox 239 3036 616 3103; x_wconf 87' lang='lat' dir='ltr'>decorandis,</span> <span class='ocrx_word' id='word_1_326' title='bbox 680 3052 884 3092; x_wconf 90' lang='lat' dir='ltr'>verum</span> <span class='ocrx_word' id='word_1_327' title='bbox 949 3037 1125 3093; x_wconf 87' lang='lat' dir='ltr'>etiam</span> <span class='ocrx_word' id='word_1_328' title='bbox 1190 3038 1376 3109; x_wconf 89' lang='lat' dir='ltr'>ipsius</span> <span class='ocrx_word' id='word_1_329' title='bbox 1425 3036 1639 3092; x_wconf 87' lang='lat' dir='ltr'>animis</span> <span class='ocrx_word' id='word_1_330' title='bbox 1696 3040 1898 3091; x_wconf 88' lang='lat' dir='ltr'>contra</span> 
     </span>
    </p>
   </div>
   <div class='ocr_carea' id='block_1_45' title="bbox 238 3124 1892 3198">
    <p class='ocr_par' dir='ltr' id='par_1_45' title="bbox 238 3124 1892 3198">
     <span class='ocr_line' id='line_1_45' title="bbox 238 3124 1892 3198; baseline -0.001 -18"><span class='ocrx_word' id='word_1_331' title='bbox 238 3126 489 3183; x_wconf 84' lang='lat' dir='ltr'>technas</span> <span class='ocrx_word' id='word_1_332' title='bbox 530 3141 596 3180; x_wconf 88' lang='lat' dir='ltr'>ac</span> <span class='ocrx_word' id='word_1_333' title='bbox 626 3125 928 3196; x_wconf 82' lang='lat' dir='ltr'>perﬁdiam</span> <span class='ocrx_word' id='word_1_334' title='bbox 976 3126 1381 3182; x_wconf 60' lang='lat' dir='ltr'>haereticorum</span> <span class='ocrx_word' id='word_1_335' title='bbox 1416 3124 1892 3198; x_wconf 70' lang='lat' dir='ltr'>prazmuniendis.</span> 
     </span>
    </p>
   </div>
   <div class='ocr_carea' id='block_1_46' title="bbox 237 3212 1889 3288">
    <p class='ocr_par' dir='ltr' id='par_1_46' title="bbox 237 3212 1889 3288">
     <span class='ocr_line' id='line_1_46' title="bbox 237 3212 1889 3288; baseline -0.002 -17"><span class='ocrx_word' id='word_1_336' title='bbox 237 3216 359 3271; x_wconf 85' lang='lat' dir='ltr'>Hoc</span> <span class='ocrx_word' id='word_1_337' title='bbox 385 3216 518 3285; x_wconf 82' lang='lat' dir='ltr'>eius</span> <span class='ocrx_word' id='word_1_338' title='bbox 558 3215 822 3270; x_wconf 87' lang='lat' dir='ltr'>noscitur</span> <span class='ocrx_word' id='word_1_339' title='bbox 869 3215 1049 3271; x_wconf 81' lang='lat' dir='ltr'>fuisse</span> <span class='ocrx_word' id='word_1_340' title='bbox 1097 3215 1486 3288; x_wconf 81' lang='lat' dir='ltr'>propositum,</span> <span class='ocrx_word' id='word_1_341' title='bbox 1536 3214 1770 3287; x_wconf 89' lang='lat' dir='ltr'>quando</span> <span class='ocrx_word' id='word_1_342' title='bbox 1820 3212 1889 3267; x_wconf 90' lang='lat' dir='ltr'>li-</span> 
     </span>
    </p>
   </div>
   <div class='ocr_carea' id='block_1_47' title="bbox 235 3303 1889 3376">
    <p class='ocr_par' dir='ltr' id='par_1_47' title="bbox 235 3303 1889 3376">
     <span class='ocr_line' id='line_1_47' title="bbox 235 3303 1889 3376; baseline -0.002 -17"><span class='ocrx_word' id='word_1_343' title='bbox 235 3304 412 3360; x_wconf 85' lang='lat' dir='ltr'>brum</span> <span class='ocrx_word' id='word_1_344' title='bbox 464 3320 641 3359; x_wconf 88' lang='lat' dir='ltr'>suum</span> <span class='ocrx_word' id='word_1_345' title='bbox 692 3304 767 3358; x_wconf 90' lang='lat' dir='ltr'>De</span> <span class='ocrx_word' id='word_1_346' title='bbox 814 3303 1093 3375; x_wconf 86' lang='lat' dir='ltr'>paradiso,</span> <span class='ocrx_word' id='word_1_347' title='bbox 1148 3321 1326 3376; x_wconf 87' lang='lat' dir='ltr'>quem</span> <span class='ocrx_word' id='word_1_348' title='bbox 1385 3304 1494 3360; x_wconf 90' lang='lat' dir='ltr'>hoc</span> <span class='ocrx_word' id='word_1_349' title='bbox 1554 3303 1679 3376; x_wconf 88' lang='lat' dir='ltr'>ipso</span> <span class='ocrx_word' id='word_1_350' title='bbox 1737 3318 1889 3357; x_wconf 87' lang='lat' dir='ltr'>anno</span> 
     </span>
    </p>
   </div>
   <div class='ocr_carea' id='block_1_48' title="bbox 234 3392 1893 3464">
    <p class='ocr_par' dir='ltr' id='par_1_48' title="bbox 234 3392 1893 3464">
     <span class='ocr_line' id='line_1_48' title="bbox 234 3392 1893 3464; baseline -0.001 -16"><span class='ocrx_word' id='word_1_351' title='bbox 234 3393 465 3449; x_wconf 81' lang='lat' dir='ltr'>editum</span> <span class='ocrx_word' id='word_1_352' title='bbox 512 3397 811 3464; x_wconf 87' lang='lat' dir='ltr'>putamus,</span> <span class='ocrx_word' id='word_1_353' title='bbox 857 3409 925 3448; x_wconf 88' lang='lat' dir='ltr'>ea</span> <span class='ocrx_word' id='word_1_354' title='bbox 975 3394 1045 3449; x_wconf 88' lang='lat' dir='ltr'>de</span> <span class='ocrx_word' id='word_1_355' title='bbox 1094 3410 1155 3449; x_wconf 89' lang='lat' dir='ltr'>re</span> <span class='ocrx_word' id='word_1_356' title='bbox 1203 3394 1263 3449; x_wconf 92' lang='lat' dir='ltr'>in</span> <span class='ocrx_word' id='word_1_357' title='bbox 1311 3393 1503 3449; x_wconf 89' lang='lat' dir='ltr'>lucem</span> <span class='ocrx_word' id='word_1_358' title='bbox 1550 3392 1786 3459; x_wconf 90' lang='lat' dir='ltr'>emisit;</span> <span class='ocrx_word' id='word_1_359' title='bbox 1820 3407 1893 3447; x_wconf 89' lang='lat' dir='ltr'>ne</span> 
     </span>
    </p>
   </div>
   <div class='ocr_carea' id='block_1_49' title="bbox 234 3480 1893 3554">
    <p class='ocr_par' dir='ltr' id='par_1_49' title="bbox 234 3480 1893 3554">
     <span class='ocr_line' id='line_1_49' title="bbox 234 3480 1893 3554; baseline -0.002 -16"><span class='ocrx_word' id='word_1_360' title='bbox 234 3481 461 3554; x_wconf 77' lang='lat' dir='ltr'>Apellis</span> <span class='ocrx_word' id='word_1_361' title='bbox 515 3480 810 3552; x_wconf 79' lang='lat' dir='ltr'>discipuli,</span> <span class='ocrx_word' id='word_1_362' title='bbox 861 3486 963 3537; x_wconf 88' lang='lat' dir='ltr'>aut</span> <span class='ocrx_word' id='word_1_363' title='bbox 1010 3481 1313 3538; x_wconf 77' lang='lat' dir='ltr'>Manichzei</span> <span class='ocrx_word' id='word_1_364' title='bbox 1368 3482 1568 3553; x_wconf 85' lang='lat' dir='ltr'>potius</span> <span class='ocrx_word' id='word_1_365' title='bbox 1619 3481 1893 3552; x_wconf 79' lang='lat' dir='ltr'>simplices</span> 
     </span>
    </p>
   </div>
   <div class='ocr_carea' id='block_1_50' title="bbox 228 3570 1894 3643">
    <p class='ocr_par' dir='ltr' id='par_1_50' title="bbox 228 3570 1894 3643">
     <span class='ocr_line' id='line_1_50' title="bbox 228 3570 1894 3643; baseline -0.002 -15"><span class='ocrx_word' id='word_1_366' title='bbox 228 3575 461 3635; x_wconf 69' lang='lat' dir='ltr'>alentes,</span> <span class='ocrx_word' id='word_1_367' title='bbox 521 3570 735 3641; x_wconf 88' lang='lat' dir='ltr'>inquit,</span> <span class='ocrx_word' id='word_1_368' title='bbox 784 3570 1068 3627; x_wconf 78' lang='lat' dir='ltr'>malitiosa</span> <span class='ocrx_word' id='word_1_369' title='bbox 1118 3573 1566 3643; x_wconf 81' lang='lat' dir='ltr'>interpretatione</span> <span class='ocrx_word' id='word_1_370' title='bbox 1604 3570 1894 3626; x_wconf 79' lang='lat' dir='ltr'>traducunt</span> 
     </span>
    </p>
   </div>
   <div class='ocr_carea' id='block_1_51' title="bbox 231 3653 1894 3732">
    <p class='ocr_par' dir='ltr' id='par_1_51' title="bbox 231 3653 1894 3732">
     <span class='ocr_line' id='line_1_51' title="bbox 231 3653 1894 3732; baseline -0.001 -17"><span class='ocrx_word' id='word_1_371' title='bbox 231 3660 360 3732; x_wconf 90' lang='lat' dir='ltr'>(lib.</span> <span class='ocrx_word' id='word_1_372' title='bbox 431 3665 511 3715; x_wconf 89' lang='lat' dir='ltr'>De</span> <span class='ocrx_word' id='word_1_373' title='bbox 561 3659 759 3729; x_wconf 89' lang='lat' dir='ltr'>parad.</span> <span class='ocrx_word' id='word_1_374' title='bbox 819 3676 948 3731; x_wconf 87' lang='lat' dir='ltr'>cap.</span> <span class='ocrx_word' id='word_1_375' title='bbox 999 3661 1054 3729; x_wconf 89' lang='lat'>5,</span> <span class='ocrx_word' id='word_1_376' title='bbox 1106 3678 1165 3715; x_wconf 90' lang='lat' dir='ltr'>n.</span> <span class='ocrx_word' id='word_1_377' title='bbox 1208 3653 1321 3732; x_wconf 77' lang='lat'>28).</span> <span class='ocrx_word' id='word_1_378' title='bbox 1374 3660 1519 3716; x_wconf 88' lang='lat' dir='ltr'>Huic</span> <span class='ocrx_word' id='word_1_379' title='bbox 1567 3659 1714 3715; x_wconf 89' lang='lat' dir='ltr'>libro</span> <span class='ocrx_word' id='word_1_380' title='bbox 1746 3658 1894 3714; x_wconf 89' lang='lat' dir='ltr'>alios</span> 
     </span>
    </p>
   </div>
   <div class='ocr_carea' id='block_1_52' title="bbox 229 3746 1891 3820">
    <p class='ocr_par' dir='ltr' id='par_1_52' title="bbox 229 3746 1891 3820">
     <span class='ocr_line' id='line_1_52' title="bbox 229 3746 1891 3820; baseline -0.001 -16"><span class='ocrx_word' id='word_1_381' title='bbox 229 3749 382 3804; x_wconf 87' lang='lat' dir='ltr'>duos</span> <span class='ocrx_word' id='word_1_382' title='bbox 444 3746 684 3817; x_wconf 77' lang='lat' dir='ltr'>adjecit,</span> <span class='ocrx_word' id='word_1_383' title='bbox 736 3748 837 3819; x_wconf 90' lang='lat' dir='ltr'>qui</span> <span class='ocrx_word' id='word_1_384' title='bbox 888 3749 965 3803; x_wconf 89' lang='lat' dir='ltr'>De</span> <span class='ocrx_word' id='word_1_385' title='bbox 1015 3750 1153 3805; x_wconf 81' lang='lat' dir='ltr'>Cain</span> <span class='ocrx_word' id='word_1_386' title='bbox 1197 3749 1402 3804; x_wconf 81' lang='lat' dir='ltr'>etAbel</span> <span class='ocrx_word' id='word_1_387' title='bbox 1434 3748 1698 3820; x_wconf 89' lang='lat' dir='ltr'>inscripti</span> <span class='ocrx_word' id='word_1_388' title='bbox 1730 3752 1891 3815; x_wconf 89' lang='lat' dir='ltr'>sunt,</span> 
     </span>
    </p>
   </div>
   <div class='ocr_carea' id='block_1_53' title="bbox 233 3835 1896 3910">
    <p class='ocr_par' dir='ltr' id='par_1_53' title="bbox 233 3835 1896 3910">
     <span class='ocr_line' id='line_1_53' title="bbox 233 3835 1896 3910; baseline -0.002 -16"><span class='ocrx_word' id='word_1_389' title='bbox 233 3840 296 3894; x_wconf 86' lang='lat' dir='ltr'>in</span> <span class='ocrx_word' id='word_1_390' title='bbox 328 3837 553 3909; x_wconf 87' lang='lat' dir='ltr'>quibus</span> <span class='ocrx_word' id='word_1_391' title='bbox 585 3835 829 3891; x_wconf 88' lang='lat' dir='ltr'>faciliori</span> <span class='ocrx_word' id='word_1_392' title='bbox 861 3836 1052 3893; x_wconf 88' lang='lat' dir='ltr'>adhuc</span> <span class='ocrx_word' id='word_1_393' title='bbox 1103 3838 1333 3910; x_wconf 89' lang='lat' dir='ltr'>negotio</span> <span class='ocrx_word' id='word_1_394' title='bbox 1376 3836 1896 3909; x_wconf 86' lang='lat' dir='ltr'>deprehenduntur</span> 
     </span>
    </p>
   </div>
   <div class='ocr_carea' id='block_1_54' title="bbox 238 3925 1892 3996">
    <p class='ocr_par' dir='ltr' id='par_1_54' title="bbox 238 3925 1892 3996">
     <span class='ocr_line' id='line_1_54' title="bbox 238 3925 1892 3996; baseline -0.002 -15"><span class='ocrx_word' id='word_1_395' title='bbox 238 3927 280 3982; x_wconf 88' lang='lat' dir='ltr'>ii</span> <span class='ocrx_word' id='word_1_396' title='bbox 311 3940 643 3994; x_wconf 85' lang='lat' dir='ltr'>sermones,</span> <span class='ocrx_word' id='word_1_397' title='bbox 668 3925 769 3996; x_wconf 90' lang='lat' dir='ltr'>qui</span> <span class='ocrx_word' id='word_1_398' title='bbox 797 3925 1112 3981; x_wconf 87' lang='lat' dir='ltr'>Christiani</span> <span class='ocrx_word' id='word_1_399' title='bbox 1143 3926 1391 3982; x_wconf 89' lang='lat' dir='ltr'>oratoris</span> <span class='ocrx_word' id='word_1_400' title='bbox 1422 3943 1534 3981; x_wconf 90' lang='lat' dir='ltr'>non</span> <span class='ocrx_word' id='word_1_401' title='bbox 1568 3926 1649 3981; x_wconf 88' lang='lat' dir='ltr'>ita</span> <span class='ocrx_word' id='word_1_402' title='bbox 1678 3926 1892 3980; x_wconf 86' lang='lat' dir='ltr'>maturi</span> 
     </span>
    </p>
   </div>
   <div class='ocr_carea' id='block_1_55' title="bbox 231 4012 1891 4087">
    <p class='ocr_par' dir='ltr' id='par_1_55' title="bbox 231 4012 1891 4087">
     <span class='ocr_line' id='line_1_55' title="bbox 231 4012 1891 4087; baseline -0.001 -17"><span class='ocrx_word' id='word_1_403' title='bbox 231 4014 543 4087; x_wconf 82' lang='lat' dir='ltr'>ingenium</span> <span class='ocrx_word' id='word_1_404' title='bbox 610 4012 883 4081; x_wconf 85' lang='lat' dir='ltr'>referant,</span> <span class='ocrx_word' id='word_1_405' title='bbox 961 4012 1096 4069; x_wconf 90' lang='lat' dir='ltr'>licet</span> <span class='ocrx_word' id='word_1_406' title='bbox 1160 4014 1221 4069; x_wconf 90' lang='lat' dir='ltr'>hi</span> <span class='ocrx_word' id='word_1_407' title='bbox 1280 4014 1394 4087; x_wconf 85' lang='lat' dir='ltr'>ipsi</span> <span class='ocrx_word' id='word_1_408' title='bbox 1456 4013 1756 4086; x_wconf 67' lang='lat' dir='ltr'>praeceptis</span> <span class='ocrx_word' id='word_1_409' title='bbox 1820 4014 1891 4068; x_wconf 89' lang='lat' dir='ltr'>ad</span> 
     </span>
    </p>
   </div>
   <div class='ocr_carea' id='block_1_56' title="bbox 228 4102 1893 4176">
    <p class='ocr_par' dir='ltr' id='par_1_56' title="bbox 228 4102 1893 4176">
     <span class='ocr_line' id='line_1_56' title="bbox 228 4102 1893 4176; baseline -0.002 -16"><span class='ocrx_word' id='word_1_410' title='bbox 228 4105 423 4160; x_wconf 77' lang='lat' dir='ltr'>honos</span> <span class='ocrx_word' id='word_1_411' title='bbox 492 4117 687 4157; x_wconf 89' lang='lat' dir='ltr'>mores</span> <span class='ocrx_word' id='word_1_412' title='bbox 758 4102 1217 4174; x_wconf 89' lang='lat' dir='ltr'>appositissimis</span> <span class='ocrx_word' id='word_1_413' title='bbox 1289 4102 1509 4176; x_wconf 87' lang='lat' dir='ltr'>passim</span> <span class='ocrx_word' id='word_1_414' title='bbox 1576 4118 1893 4175; x_wconf 85' lang='lat' dir='ltr'>aspergan-</span> 
     </span>
    </p>
   </div>
   <div class='ocr_carea' id='block_1_57' title="bbox 227 4196 352 4246">
    <p class='ocr_par' dir='ltr' id='par_1_57' title="bbox 227 4196 352 4246">
     <span class='ocr_line' id='line_1_57' title="bbox 227 4196 352 4246; baseline 0.008 -1"><span class='ocrx_word' id='word_1_415' title='bbox 227 4196 352 4246; x_wconf 80' lang='lat' dir='ltr'>tur.</span> 
     </span>
    </p>
   </div>
   <div class='ocr_carea' id='block_1_58' title="bbox 302 4304 1893 4378">
    <p class='ocr_par' dir='ltr' id='par_1_58' title="bbox 302 4304 1893 4378">
     <span class='ocr_line' id='line_1_58' title="bbox 302 4304 1893 4378; baseline -0.001 -17"><span class='ocrx_word' id='word_1_416' title='bbox 302 4306 397 4361; x_wconf 74' lang='grc'>49.</span> <span class='ocrx_word' id='word_1_417' title='bbox 451 4304 827 4360; x_wconf 82' lang='lat' dir='ltr'>Ambrosium</span> <span class='ocrx_word' id='word_1_418' title='bbox 892 4304 1143 4378; x_wconf 86' lang='lat' dir='ltr'>singulis</span> <span class='ocrx_word' id='word_1_419' title='bbox 1189 4306 1397 4362; x_wconf 89' lang='lat' dir='ltr'>diebus</span> <span class='ocrx_word' id='word_1_420' title='bbox 1457 4304 1773 4363; x_wconf 87' lang='lat' dir='ltr'>Dominicis</span> <span class='ocrx_word' id='word_1_421' title='bbox 1821 4304 1893 4360; x_wconf 89' lang='lat' dir='ltr'>ad</span> 
     </span>
    </p>
   </div>
   <div class='ocr_carea' id='block_1_59' title="bbox 228 4392 1894 4467">
    <p class='ocr_par' dir='ltr' id='par_1_59' title="bbox 228 4392 1894 4467">
     <span class='ocr_line' id='line_1_59' title="bbox 228 4392 1894 4467; baseline -0.001 -19"><span class='ocrx_word' id='word_1_422' title='bbox 228 4393 528 4467; x_wconf 83' lang='lat' dir='ltr'>populum</span> <span class='ocrx_word' id='word_1_423' title='bbox 557 4392 734 4448; x_wconf 90' lang='lat' dir='ltr'>verba</span> <span class='ocrx_word' id='word_1_424' title='bbox 763 4393 950 4449; x_wconf 86' lang='lat' dir='ltr'>facere</span> <span class='ocrx_word' id='word_1_425' title='bbox 980 4394 1350 4450; x_wconf 88' lang='lat' dir='ltr'>consuevisse</span> <span class='ocrx_word' id='word_1_426' title='bbox 1378 4396 1546 4451; x_wconf 90' lang='lat' dir='ltr'>testis</span> <span class='ocrx_word' id='word_1_427' title='bbox 1575 4398 1665 4449; x_wconf 87' lang='lat' dir='ltr'>est</span> <span class='ocrx_word' id='word_1_428' title='bbox 1691 4396 1894 4465; x_wconf 87' lang='lat' dir='ltr'>Augu-</span> 
     </span>
    </p>
   </div>
   <div class='ocr_carea' id='block_1_60' title="bbox 230 4481 1893 4555">
    <p class='ocr_par' dir='ltr' id='par_1_60' title="bbox 230 4481 1893 4555">
     <span class='ocr_line' id='line_1_60' title="bbox 230 4481 1893 4555; baseline -0.002 -17"><span class='ocrx_word' id='word_1_429' title='bbox 230 4483 459 4548; x_wconf 80' lang='lat' dir='ltr'>stinus,</span> <span class='ocrx_word' id='word_1_430' title='bbox 492 4497 627 4536; x_wconf 89' lang='lat' dir='ltr'>cum</span> <span class='ocrx_word' id='word_1_431' title='bbox 658 4481 1003 4555; x_wconf 79' lang='lat' dir='ltr'>proﬁtetur:</span> <span class='ocrx_word' id='word_1_432' title='bbox 1038 4486 1176 4538; x_wconf 86' lang='lat' dir='ltr'>Eum</span> <span class='ocrx_word' id='word_1_433' title='bbox 1207 4484 1424 4555; x_wconf 87' lang='lat' dir='ltr'>quidem</span> <span class='ocrx_word' id='word_1_434' title='bbox 1457 4485 1516 4538; x_wconf 89' lang='lat' dir='ltr'>in</span> <span class='ocrx_word' id='word_1_435' title='bbox 1546 4483 1745 4555; x_wconf 84' lang='lat' dir='ltr'>populo</span> <span class='ocrx_word' id='word_1_436' title='bbox 1774 4498 1893 4536; x_wconf 92' lang='lat' dir='ltr'>ver-</span> 
     </span>
    </p>
   </div>
   <div class='ocr_carea' id='block_1_61' title="bbox 230 4572 1894 4629">
    <p class='ocr_par' dir='ltr' id='par_1_61' title="bbox 230 4572 1894 4629">
     <span class='ocr_line' id='line_1_61' title="bbox 230 4572 1894 4629; baseline -0.001 -3"><span class='ocrx_word' id='word_1_437' title='bbox 230 4573 367 4626; x_wconf 71' lang='lat' dir='ltr'>bum</span> <span class='ocrx_word' id='word_1_438' title='bbox 393 4572 650 4626; x_wconf 78' lang='lat' dir='ltr'>veritatis</span> <span class='ocrx_word' id='word_1_439' title='bbox 705 4575 848 4626; x_wconf 85' lang='lat' dir='ltr'>recte</span> <span class='ocrx_word' id='word_1_440' title='bbox 906 4577 1237 4629; x_wconf 85' lang='lat' dir='ltr'>tractantem</span> <span class='ocrx_word' id='word_1_441' title='bbox 1291 4575 1445 4628; x_wconf 87' lang='lat' dir='ltr'>omni</span> <span class='ocrx_word' id='word_1_442' title='bbox 1491 4573 1587 4627; x_wconf 81' lang='lat' dir='ltr'>die</span> <span class='ocrx_word' id='word_1_443' title='bbox 1616 4572 1894 4627; x_wconf 87' lang='lat' dir='ltr'>Dominico</span> 
     </span>
    </p>
   </div>
   <div class='ocr_carea' id='block_1_62' title="bbox 224 4622 1974 4743">
    <p class='ocr_par' dir='ltr' id='par_1_62' title="bbox 224 4622 1974 4743">
     <span class='ocr_line' id='line_1_62' title="bbox 224 4622 1974 4743; baseline -0.002 -27"><span class='ocrx_word' id='word_1_444' title='bbox 224 4622 689 4729; x_wconf 43' lang='lat' dir='ltr'>insignis.</span> <span class='ocrx_word' id='word_1_445' title='bbox 721 4622 783 4714; x_wconf 48' lang='grc' dir='ltr'><strong>ἦ</strong></span> <span class='ocrx_word' id='word_1_446' title='bbox 799 4622 1265 4734; x_wconf 43' lang='lat' dir='ltr'>initiatis).</span> <span class='ocrx_word' id='word_1_447' title='bbox 1294 4622 1895 4743; x_wconf 47' lang='lat' dir='ltr'>artasatis</span> <span class='ocrx_word' id='word_1_448' title='bbox 1928 4622 1974 4686; x_wconf 74' lang='grc' dir='ltr'><strong>Β</strong></span> 
     </span>
    </p>
   </div>
   <div class='ocr_carea' id='block_1_63' title="bbox 224 4747 1892 4821">
    <p class='ocr_par' dir='ltr' id='par_1_63' title="bbox 224 4747 1892 4821">
     <span class='ocr_line' id='line_1_63' title="bbox 224 4747 1892 4821; baseline -0.001 -18"><span class='ocrx_word' id='word_1_449' title='bbox 224 4749 349 4804; x_wconf 82' lang='lat' dir='ltr'>nisi</span> <span class='ocrx_word' id='word_1_450' title='bbox 380 4749 456 4803; x_wconf 90' lang='lat' dir='ltr'>de</span> <span class='ocrx_word' id='word_1_451' title='bbox 488 4747 860 4804; x_wconf 87' lang='lat' dir='ltr'>sermonibus</span> <span class='ocrx_word' id='word_1_452' title='bbox 898 4766 1002 4821; x_wconf 88' lang='lat' dir='ltr'>per</span> <span class='ocrx_word' id='word_1_453' title='bbox 1032 4751 1170 4806; x_wconf 90' lang='lat' dir='ltr'>anni</span> <span class='ocrx_word' id='word_1_454' title='bbox 1220 4766 1461 4806; x_wconf 90' lang='lat' dir='ltr'>cursum</span> <span class='ocrx_word' id='word_1_455' title='bbox 1496 4765 1563 4804; x_wconf 88' lang='lat' dir='ltr'>ex</span> <span class='ocrx_word' id='word_1_456' title='bbox 1597 4747 1892 4804; x_wconf 88' lang='lat' dir='ltr'>communi</span> 
     </span>
    </p>
   </div>
   <div class='ocr_carea' id='block_1_64' title="bbox 225 4834 1896 4910">
    <p class='ocr_par' dir='ltr' id='par_1_64' title="bbox 225 4834 1896 4910">
     <span class='ocr_line' id='line_1_64' title="bbox 225 4834 1896 4910; baseline 0.001 -18"><span class='ocrx_word' id='word_1_457' title='bbox 225 4854 399 4894; x_wconf 85' lang='lat' dir='ltr'>more</span> <span class='ocrx_word' id='word_1_458' title='bbox 429 4834 637 4891; x_wconf 83' lang='lat' dir='ltr'>haberi</span> <span class='ocrx_word' id='word_1_459' title='bbox 688 4835 880 4892; x_wconf 88' lang='lat' dir='ltr'>solitis</span> <span class='ocrx_word' id='word_1_460' title='bbox 929 4838 1267 4910; x_wconf 87' lang='lat' dir='ltr'>accipienda</span> <span class='ocrx_word' id='word_1_461' title='bbox 1316 4842 1493 4908; x_wconf 89' lang='lat' dir='ltr'>sunt;</span> <span class='ocrx_word' id='word_1_462' title='bbox 1526 4838 1584 4892; x_wconf 90' lang='lat' dir='ltr'>in</span> <span class='ocrx_word' id='word_1_463' title='bbox 1619 4837 1781 4893; x_wconf 80' lang='lat' dir='ltr'>festis</span> <span class='ocrx_word' id='word_1_464' title='bbox 1811 4853 1896 4893; x_wconf 88' lang='lat' dir='ltr'>ce-</span> 
     </span>
    </p>
   </div>
   <div class='ocr_carea' id='block_1_65' title="bbox 222 4925 1892 4998">
    <p class='ocr_par' dir='ltr' id='par_1_65' title="bbox 222 4925 1892 4998">
     <span class='ocr_line' id='line_1_65' title="bbox 222 4925 1892 4998; baseline 0 -17"><span class='ocrx_word' id='word_1_465' title='bbox 222 4925 618 4992; x_wconf 78' lang='lat' dir='ltr'>lebrior-ibus,</span> <span class='ocrx_word' id='word_1_466' title='bbox 653 4941 878 4981; x_wconf 89' lang='lat' dir='ltr'>necnon</span> <span class='ocrx_word' id='word_1_467' title='bbox 908 4926 969 4981; x_wconf 89' lang='lat' dir='ltr'>in</span> <span class='ocrx_word' id='word_1_468' title='bbox 1001 4929 1210 4984; x_wconf 89' lang='lat' dir='ltr'>diebus</span> <span class='ocrx_word' id='word_1_469' title='bbox 1243 4925 1717 4983; x_wconf 82' lang='lat' dir='ltr'>extraordinariis</span> <span class='ocrx_word' id='word_1_470' title='bbox 1752 4942 1892 4998; x_wconf 78' lang='lat' dir='ltr'>quo-</span> 
     </span>
    </p>
   </div>
   <div class='ocr_carea' id='block_1_66' title="bbox 222 5013 1898 5085">
    <p class='ocr_par' dir='ltr' id='par_1_66' title="bbox 222 5013 1898 5085">
     <span class='ocr_line' id='line_1_66' title="bbox 222 5013 1898 5085; baseline 0.002 -16"><span class='ocrx_word' id='word_1_471' title='bbox 222 5015 402 5085; x_wconf 83' lang='lat' dir='ltr'>tidie,</span> <span class='ocrx_word' id='word_1_472' title='bbox 436 5014 562 5068; x_wconf 85' lang='lat' dir='ltr'>imo</span> <span class='ocrx_word' id='word_1_473' title='bbox 592 5029 728 5069; x_wconf 90' lang='lat' dir='ltr'>vero</span> <span class='ocrx_word' id='word_1_474' title='bbox 752 5013 1048 5071; x_wconf 88' lang='lat' dir='ltr'>interdum</span> <span class='ocrx_word' id='word_1_475' title='bbox 1082 5016 1257 5071; x_wconf 87' lang='lat' dir='ltr'>etiam</span> <span class='ocrx_word' id='word_1_476' title='bbox 1286 5015 1463 5072; x_wconf 89' lang='lat' dir='ltr'>semel</span> <span class='ocrx_word' id='word_1_477' title='bbox 1488 5022 1544 5071; x_wconf 89' lang='lat' dir='ltr'>et</span> <span class='ocrx_word' id='word_1_478' title='bbox 1564 5016 1775 5071; x_wconf 89' lang='lat' dir='ltr'>iterum</span> <span class='ocrx_word' id='word_1_479' title='bbox 1809 5032 1898 5072; x_wconf 87' lang='lat' dir='ltr'>eo-</span> 
     </span>
    </p>
   </div>
   <div class='ocr_carea' id='block_1_67' title="bbox 221 5103 1896 5172">
    <p class='ocr_par' dir='ltr' id='par_1_67' title="bbox 221 5103 1896 5172">
     <span class='ocr_line' id='line_1_67' title="bbox 221 5103 1896 5172; baseline 0.001 -14"><span class='ocrx_word' id='word_1_480' title='bbox 221 5104 369 5158; x_wconf 85' lang='lat' dir='ltr'>dem</span> <span class='ocrx_word' id='word_1_481' title='bbox 392 5103 495 5157; x_wconf 85' lang='lat' dir='ltr'>die</span> <span class='ocrx_word' id='word_1_482' title='bbox 511 5105 860 5172; x_wconf 81' lang='lat' dir='ltr'>suggestum</span> <span class='ocrx_word' id='word_1_483' title='bbox 881 5105 1326 5171; x_wconf 88' lang='lat' dir='ltr'>conscendebat,</span> <span class='ocrx_word' id='word_1_484' title='bbox 1350 5106 1502 5161; x_wconf 85' lang='lat' dir='ltr'>sicut</span> <span class='ocrx_word' id='word_1_485' title='bbox 1521 5121 1556 5160; x_wconf 91' lang='lat' dir='ltr'>a</span> <span class='ocrx_word' id='word_1_486' title='bbox 1582 5104 1749 5159; x_wconf 89' lang='lat' dir='ltr'>nobis</span> <span class='ocrx_word' id='word_1_487' title='bbox 1772 5104 1896 5160; x_wconf 88' lang='lat' dir='ltr'>suis</span> 
     </span>
    </p>
   </div>
   <div class='ocr_carea' id='block_1_68' title="bbox 220 5190 1900 5264">
    <p class='ocr_par' dir='ltr' id='par_1_68' title="bbox 220 5190 1900 5264">
     <span class='ocr_line' id='line_1_68' title="bbox 220 5190 1900 5264; baseline 0 -18"><span class='ocrx_word' id='word_1_488' title='bbox 220 5190 379 5247; x_wconf 76' lang='lat' dir='ltr'>locis</span> <span class='ocrx_word' id='word_1_489' title='bbox 411 5192 792 5245; x_wconf 85' lang='lat' dir='ltr'>observatum</span> <span class='ocrx_word' id='word_1_490' title='bbox 824 5196 915 5247; x_wconf 90' lang='lat' dir='ltr'>est</span> <span class='ocrx_word' id='word_1_491' title='bbox 964 5192 1211 5263; x_wconf 86' lang='lat' dir='ltr'>(Admon.</span> <span class='ocrx_word' id='word_1_492' title='bbox 1258 5196 1317 5250; x_wconf 87' lang='lat' dir='ltr'>in</span> <span class='ocrx_word' id='word_1_493' title='bbox 1350 5194 1445 5249; x_wconf 87' lang='lat' dir='ltr'>lib.</span> <span class='ocrx_word' id='word_1_494' title='bbox 1479 5194 1544 5248; x_wconf 91' lang='lat' dir='ltr'>de</span> <span class='ocrx_word' id='word_1_495' title='bbox 1572 5192 1726 5264; x_wconf 75' lang='lat' dir='ltr'>Myst.</span> <span class='ocrx_word' id='word_1_496' title='bbox 1758 5202 1807 5248; x_wconf 88' lang='lat' dir='ltr'>et</span> <span class='ocrx_word' id='word_1_497' title='bbox 1840 5195 1900 5248; x_wconf 85' lang='lat' dir='ltr'>in</span> 
     </span>
    </p>
   </div>
   <div class='ocr_carea' id='block_1_69' title="bbox 223 5278 682 5349">
    <p class='ocr_par' dir='ltr' id='par_1_69' title="bbox 223 5278 682 5349">
     <span class='ocr_line' id='line_1_69' title="bbox 223 5278 682 5349; baseline -0.011 -13"><span class='ocrx_word' id='word_1_498' title='bbox 223 5281 329 5336; x_wconf 77' lang='lat' dir='ltr'>lib.</span> <span class='ocrx_word' id='word_1_499' title='bbox 365 5278 682 5349; x_wconf 67' lang='lat' dir='ltr'>Hexaem)</span> 
     </span>
    </p>
   </div>
   <div class='ocr_carea' id='block_1_70' title="bbox 294 5393 1899 5471">
    <p class='ocr_par' dir='ltr' id='par_1_70' title="bbox 294 5393 1899 5471">
     <span class='ocr_line' id='line_1_70' title="bbox 294 5393 1899 5471; baseline 0.001 -20"><span class='ocrx_word' id='word_1_500' title='bbox 294 5397 393 5451; x_wconf 82' lang='lat'>20.</span> <span class='ocrx_word' id='word_1_501' title='bbox 431 5393 655 5450; x_wconf 88' lang='lat' dir='ltr'>Primis</span> <span class='ocrx_word' id='word_1_502' title='bbox 681 5411 911 5469; x_wconf 84' lang='lat' dir='ltr'>quoque</span> <span class='ocrx_word' id='word_1_503' title='bbox 946 5397 1705 5471; x_wconf 87' lang='lat' dir='ltr'>Ambrosianiepiscopatus</span> <span class='ocrx_word' id='word_1_504' title='bbox 1727 5397 1899 5453; x_wconf 90' lang='lat' dir='ltr'>annis</span> 
     </span>
    </p>
   </div>
   <div class='ocr_carea' id='block_1_71' title="bbox 217 5482 1899 5560">
    <p class='ocr_par' dir='ltr' id='par_1_71' title="bbox 217 5482 1899 5560">
     <span class='ocr_line' id='line_1_71' title="bbox 217 5482 1899 5560; baseline 0 -20"><span class='ocrx_word' id='word_1_505' title='bbox 217 5500 591 5557; x_wconf 76' lang='lat' dir='ltr'>generosam</span> <span class='ocrx_word' id='word_1_506' title='bbox 622 5482 786 5539; x_wconf 87' lang='lat' dir='ltr'>illam</span> <span class='ocrx_word' id='word_1_507' title='bbox 805 5485 1159 5556; x_wconf 89' lang='lat' dir='ltr'>libertatem,</span> <span class='ocrx_word' id='word_1_508' title='bbox 1193 5504 1371 5560; x_wconf 90' lang='lat' dir='ltr'>quam</span> <span class='ocrx_word' id='word_1_509' title='bbox 1391 5486 1662 5543; x_wconf 89' lang='lat' dir='ltr'>sacerdos</span> <span class='ocrx_word' id='word_1_510' title='bbox 1685 5486 1899 5543; x_wconf 87' lang='lat' dir='ltr'>Christi</span> 
     </span>
    </p>
   </div>
   <div class='ocr_carea' id='block_1_72' title="bbox 218 5573 1902 5650">
    <p class='ocr_par' dir='ltr' id='par_1_72' title="bbox 218 5573 1902 5650">
     <span class='ocr_line' id='line_1_72' title="bbox 218 5573 1902 5650; baseline 0.002 -21"><span class='ocrx_word' id='word_1_511' title='bbox 218 5576 526 5631; x_wconf 77' lang='lat' dir='ltr'>adversus</span> <span class='ocrx_word' id='word_1_512' title='bbox 575 5573 875 5647; x_wconf 89' lang='lat' dir='ltr'>principes</span> <span class='ocrx_word' id='word_1_513' title='bbox 917 5582 1338 5650; x_wconf 85' lang='lat' dir='ltr'>magnatesque</span> <span class='ocrx_word' id='word_1_514' title='bbox 1389 5574 1585 5632; x_wconf 67' lang='lat' dir='ltr'>saeculi</span> <span class='ocrx_word' id='word_1_515' title='bbox 1625 5575 1902 5633; x_wconf 86' lang='lat' dir='ltr'>adhibere</span> 
     </span>
    </p>
   </div>
   <div class='ocr_carea' id='block_1_73' title="bbox 219 5663 1899 5737">
    <p class='ocr_par' dir='ltr' id='par_1_73' title="bbox 219 5663 1899 5737">
     <span class='ocr_line' id='line_1_73' title="bbox 219 5663 1899 5737; baseline 0.002 -18"><span class='ocrx_word' id='word_1_516' title='bbox 219 5663 655 5731; x_wconf 76' lang='lat' dir='ltr'>constituerat,</span> <span class='ocrx_word' id='word_1_517' title='bbox 689 5668 961 5736; x_wconf 88' lang='lat' dir='ltr'>expertus</span> <span class='ocrx_word' id='word_1_518' title='bbox 1007 5670 1095 5722; x_wconf 83' lang='lat' dir='ltr'>est</span> <span class='ocrx_word' id='word_1_519' title='bbox 1150 5664 1600 5721; x_wconf 87' lang='lat' dir='ltr'>Valentinianus</span> <span class='ocrx_word' id='word_1_520' title='bbox 1630 5664 1899 5737; x_wconf 88' lang='lat' dir='ltr'>Magnus.</span> 
     </span>
    </p>
   </div>
   <div class='ocr_carea' id='block_1_74' title="bbox 2008 2028 3662 2105">
    <p class='ocr_par' dir='ltr' id='par_1_74' title="bbox 2008 2028 3662 2105">
     <span class='ocr_line' id='line_1_74' title="bbox 2008 2028 3662 2105; baseline 0.005 -21"><span class='ocrx_word' id='word_1_521' title='bbox 2008 2028 2200 2084; x_wconf 88' lang='lat' dir='ltr'>adhuc</span> <span class='ocrx_word' id='word_1_522' title='bbox 2227 2028 2577 2101; x_wconf 88' lang='lat' dir='ltr'>quadrimus</span> <span class='ocrx_word' id='word_1_523' title='bbox 2609 2033 2770 2085; x_wconf 79' lang='lat' dir='ltr'>sexto</span> <span class='ocrx_word' id='word_1_524' title='bbox 2801 2029 2893 2086; x_wconf 91' lang='lat' dir='ltr'>die</span> <span class='ocrx_word' id='word_1_525' title='bbox 2921 2034 3056 2102; x_wconf 90' lang='lat' dir='ltr'>post</span> <span class='ocrx_word' id='word_1_526' title='bbox 3083 2031 3310 2088; x_wconf 90' lang='lat' dir='ltr'>obitum</span> <span class='ocrx_word' id='word_1_527' title='bbox 3350 2036 3662 2105; x_wconf 86' lang='lat' dir='ltr'>paternum</span> 
     </span>
    </p>
   </div>
   <div class='ocr_carea' id='block_1_75' title="bbox 2006 2116 3662 2193">
    <p class='ocr_par' dir='ltr' id='par_1_75' title="bbox 2006 2116 3662 2193">
     <span class='ocr_line' id='line_1_75' title="bbox 2006 2116 3662 2193; baseline 0.004 -21"><span class='ocrx_word' id='word_1_528' title='bbox 2006 2116 2325 2189; x_wconf 82' lang='lat' dir='ltr'>imperator</span> <span class='ocrx_word' id='word_1_529' title='bbox 2383 2118 2712 2174; x_wconf 88' lang='lat' dir='ltr'>declaratus</span> <span class='ocrx_word' id='word_1_530' title='bbox 2741 2123 2851 2174; x_wconf 90' lang='lat' dir='ltr'>est.</span> <span class='ocrx_word' id='word_1_531' title='bbox 2886 2118 3212 2191; x_wconf 89' lang='lat' dir='ltr'>Utrumque</span> <span class='ocrx_word' id='word_1_532' title='bbox 3250 2120 3462 2177; x_wconf 87' lang='lat' dir='ltr'>borum</span> <span class='ocrx_word' id='word_1_533' title='bbox 3494 2122 3662 2193; x_wconf 88' lang='lat' dir='ltr'>prin-</span> 
     </span>
    </p>
   </div>
   <div class='ocr_carea' id='block_1_76' title="bbox 2008 2205 3663 2281">
    <p class='ocr_par' dir='ltr' id='par_1_76' title="bbox 2008 2205 3663 2281">
     <span class='ocr_line' id='line_1_76' title="bbox 2008 2205 3663 2281; baseline 0.005 -21"><span class='ocrx_word' id='word_1_534' title='bbox 2008 2205 2205 2276; x_wconf 90' lang='lat' dir='ltr'>cipum</span> <span class='ocrx_word' id='word_1_535' title='bbox 2238 2222 2469 2278; x_wconf 89' lang='lat' dir='ltr'>semper</span> <span class='ocrx_word' id='word_1_536' title='bbox 2513 2207 2858 2264; x_wconf 84' lang='lat' dir='ltr'>Ambrosius</span> <span class='ocrx_word' id='word_1_537' title='bbox 2901 2212 3100 2264; x_wconf 88' lang='lat' dir='ltr'>tenero</span> <span class='ocrx_word' id='word_1_538' title='bbox 3145 2209 3404 2281; x_wconf 88' lang='lat' dir='ltr'>quodam</span> <span class='ocrx_word' id='word_1_539' title='bbox 3445 2213 3503 2279; x_wconf 81' lang='lat' dir='ltr'>et</span> <span class='ocrx_word' id='word_1_540' title='bbox 3530 2225 3663 2267; x_wconf 77' lang='lat' dir='ltr'>vero</span> 
     </span>
    </p>
   </div>
   <div class='ocr_carea' id='block_1_77' title="bbox 2008 2294 3660 2369">
    <p class='ocr_par' dir='ltr' id='par_1_77' title="bbox 2008 2294 3660 2369">
     <span class='ocr_line' id='line_1_77' title="bbox 2008 2294 3660 2369; baseline 0.004 -20"><span class='ocrx_word' id='word_1_541' title='bbox 2008 2296 2196 2365; x_wconf 89' lang='lat' dir='ltr'>patrio</span> <span class='ocrx_word' id='word_1_542' title='bbox 2226 2311 2423 2351; x_wconf 89' lang='lat' dir='ltr'>amore</span> <span class='ocrx_word' id='word_1_543' title='bbox 2468 2294 2808 2367; x_wconf 83' lang='lat' dir='ltr'>complexus</span> <span class='ocrx_word' id='word_1_544' title='bbox 2833 2300 2940 2364; x_wconf 88' lang='lat' dir='ltr'>est,</span> <span class='ocrx_word' id='word_1_545' title='bbox 2993 2313 3169 2369; x_wconf 88' lang='lat' dir='ltr'>quem</span> <span class='ocrx_word' id='word_1_546' title='bbox 3198 2302 3258 2354; x_wconf 88' lang='lat' dir='ltr'>et</span> <span class='ocrx_word' id='word_1_547' title='bbox 3286 2296 3372 2353; x_wconf 92' lang='lat' dir='ltr'>illi</span> <span class='ocrx_word' id='word_1_548' title='bbox 3400 2297 3660 2355; x_wconf 84' lang='lat' dir='ltr'>vicissim</span> 
     </span>
    </p>
   </div>
   <div class='ocr_carea' id='block_1_78' title="bbox 2009 2380 3658 2457">
    <p class='ocr_par' dir='ltr' id='par_1_78' title="bbox 2009 2380 3658 2457">
     <span class='ocr_line' id='line_1_78' title="bbox 2009 2380 3658 2457; baseline 0.005 -21"><span class='ocrx_word' id='word_1_549' title='bbox 2009 2383 2266 2453; x_wconf 89' lang='lat' dir='ltr'>parentis</span> <span class='ocrx_word' id='word_1_550' title='bbox 2324 2383 2537 2455; x_wconf 88' lang='lat' dir='ltr'>proprii</span> <span class='ocrx_word' id='word_1_551' title='bbox 2600 2383 2724 2439; x_wconf 91' lang='lat' dir='ltr'>loco</span> <span class='ocrx_word' id='word_1_552' title='bbox 2783 2401 3088 2457; x_wconf 89' lang='lat' dir='ltr'>nunquam</span> <span class='ocrx_word' id='word_1_553' title='bbox 3147 2403 3263 2442; x_wconf 88' lang='lat' dir='ltr'>non</span> <span class='ocrx_word' id='word_1_554' title='bbox 3308 2380 3658 2456; x_wconf 85' lang='lat' dir='ltr'>coluerunt;</span> 
     </span>
    </p>
   </div>
   <div class='ocr_carea' id='block_1_79' title="bbox 2008 2471 3659 2547">
    <p class='ocr_par' dir='ltr' id='par_1_79' title="bbox 2008 2471 3659 2547">
     <span class='ocr_line' id='line_1_79' title="bbox 2008 2471 3659 2547; baseline 0.005 -22"><span class='ocrx_word' id='word_1_555' title='bbox 2008 2472 2163 2542; x_wconf 88' lang='lat' dir='ltr'>quod</span> <span class='ocrx_word' id='word_1_556' title='bbox 2198 2471 2354 2526; x_wconf 89' lang='lat' dir='ltr'>enim</span> <span class='ocrx_word' id='word_1_557' title='bbox 2386 2473 2499 2527; x_wconf 91' lang='lat' dir='ltr'>sub</span> <span class='ocrx_word' id='word_1_558' title='bbox 2522 2472 2777 2542; x_wconf 86' lang='lat' dir='ltr'>junioris</span> <span class='ocrx_word' id='word_1_559' title='bbox 2826 2473 3074 2547; x_wconf 89' lang='lat' dir='ltr'>imperio</span> <span class='ocrx_word' id='word_1_560' title='bbox 3103 2476 3466 2532; x_wconf 84' lang='lat' dir='ltr'>vexationem</span> <span class='ocrx_word' id='word_1_561' title='bbox 3505 2480 3659 2535; x_wconf 86' lang='lat' dir='ltr'>atro-</span> 
     </span>
    </p>
   </div>
   <div class='ocr_carea' id='block_1_80' title="bbox 2008 2558 3683 2637">
    <p class='ocr_par' dir='ltr' id='par_1_80' title="bbox 2008 2558 3683 2637">
     <span class='ocr_line' id='line_1_80' title="bbox 2008 2558 3683 2637; baseline 0.005 -24"><span class='ocrx_word' id='word_1_562' title='bbox 2008 2558 2307 2615; x_wconf 89' lang='lat' dir='ltr'>cissimam</span> <span class='ocrx_word' id='word_1_563' title='bbox 2341 2559 2625 2615; x_wconf 87' lang='lat' dir='ltr'>sustinuit</span> <span class='ocrx_word' id='word_1_564' title='bbox 2670 2565 2911 2617; x_wconf 88' lang='lat' dir='ltr'>sanctus</span> <span class='ocrx_word' id='word_1_565' title='bbox 2953 2562 3288 2634; x_wconf 89' lang='lat' dir='ltr'>episcopus,</span> <span class='ocrx_word' id='word_1_566' title='bbox 3315 2562 3374 2618; x_wconf 91' lang='lat' dir='ltr'>id</span> <span class='ocrx_word' id='word_1_567' title='bbox 3410 2563 3470 2619; x_wconf 90' lang='lat' dir='ltr'>in</span> <span class='ocrx_word' id='word_1_568' title='bbox 3502 2563 3683 2637; x_wconf 52' lang='lat' dir='ltr'>furog,</span> 
     </span>
    </p>
   </div>
   <div class='ocr_carea' id='block_1_81' title="bbox 2007 2647 3677 2725">
    <p class='ocr_par' dir='ltr' id='par_1_81' title="bbox 2007 2647 3677 2725">
     <span class='ocr_line' id='line_1_81' title="bbox 2007 2647 3677 2725; baseline 0.005 -23"><span class='ocrx_word' id='word_1_569' title='bbox 2007 2665 2129 2704; x_wconf 89' lang='lat' dir='ltr'>rem</span> <span class='ocrx_word' id='word_1_570' title='bbox 2190 2647 2470 2703; x_wconf 60' lang='lat' dir='ltr'>haereticis</span> <span class='ocrx_word' id='word_1_571' title='bbox 2548 2648 2796 2716; x_wconf 67' lang='lat' dir='ltr'>feminas,</span> <span class='ocrx_word' id='word_1_572' title='bbox 2868 2665 2994 2720; x_wconf 67' lang='lat' dir='ltr'>quae</span> <span class='ocrx_word' id='word_1_573' title='bbox 3059 2649 3271 2721; x_wconf 90' lang='lat' dir='ltr'>puerili</span> <span class='ocrx_word' id='word_1_574' title='bbox 3330 2650 3435 2705; x_wconf 84' lang='lat' dir='ltr'>ﬁlii</span> <span class='ocrx_word' id='word_1_575' title='bbox 3491 2655 3677 2725; x_wconf 66' lang='grc' dir='ltr'>ωῳιθ,</span> 
     </span>
    </p>
   </div>
   <div class='ocr_carea' id='block_1_82' title="bbox 2009 2736 3679 2809">
    <p class='ocr_par' dir='ltr' id='par_1_82' title="bbox 2009 2736 3679 2809">
     <span class='ocr_line' id='line_1_82' title="bbox 2009 2736 3679 2809; baseline 0.002 -16"><span class='ocrx_word' id='word_1_576' title='bbox 2009 2736 2361 2793; x_wconf 88' lang='lat' dir='ltr'>abutebatur</span> <span class='ocrx_word' id='word_1_577' title='bbox 2415 2736 2576 2808; x_wconf 88' lang='lat' dir='ltr'>(orat.</span> <span class='ocrx_word' id='word_1_578' title='bbox 2636 2737 2701 2792; x_wconf 88' lang='lat' dir='ltr'>de</span> <span class='ocrx_word' id='word_1_579' title='bbox 2758 2737 2889 2793; x_wconf 88' lang='lat' dir='ltr'>obit.</span> <span class='ocrx_word' id='word_1_580' title='bbox 2953 2737 3204 2809; x_wconf 84' lang='lat' dir='ltr'>Valent.),</span> <span class='ocrx_word' id='word_1_581' title='bbox 3273 2737 3679 2809; x_wconf 46' lang='lat' dir='ltr'>rejicicndum»</span> 
     </span>
    </p>
   </div>
   <div class='ocr_carea' id='block_1_83' title="bbox 2008 2831 3593 2880">
    <p class='ocr_par' dir='ltr' id='par_1_83' title="bbox 2008 2831 3593 2880">
     <span class='ocr_line' id='line_1_83' title="bbox 2008 2831 3593 2880; baseline -0.001 0"><span class='ocrx_word' id='word_1_582' title='bbox 2008 2831 2115 2880; x_wconf 90' lang='lat' dir='ltr'>est.</span> <span class='ocrx_word' id='word_1_583' title='bbox 3316 2870 3321 2875; x_wconf 92' lang='lat'>.</span> <span class='ocrx_word' id='word_1_584' title='bbox 3589 2874 3593 2879; x_wconf 88' lang='lat'>.</span> 
     </span>
    </p>
   </div>
   <div class='ocr_carea' id='block_1_84' title="bbox 2076 2913 3659 2987">
    <p class='ocr_par' dir='ltr' id='par_1_84' title="bbox 2076 2913 3659 2987">
     <span class='ocr_line' id='line_1_84' title="bbox 2076 2913 3659 2987; baseline 0.002 -19"><span class='ocrx_word' id='word_1_585' title='bbox 2076 2916 2163 2968; x_wconf 88' lang='lat'>22.</span> <span class='ocrx_word' id='word_1_586' title='bbox 2194 2914 2322 2984; x_wconf 79' lang='lat' dir='ltr'>(AN.</span> <span class='ocrx_word' id='word_1_587' title='bbox 2352 2913 2501 2984; x_wconf 89' lang='lat'>376).</span> <span class='ocrx_word' id='word_1_588' title='bbox 2565 2913 3100 2985; x_wconf 82' lang='lat' dir='ltr'>Quantumcunque</span> <span class='ocrx_word' id='word_1_589' title='bbox 3153 2930 3325 2986; x_wconf 87' lang='lat' dir='ltr'>porro</span> <span class='ocrx_word' id='word_1_590' title='bbox 3384 2913 3659 2987; x_wconf 78' lang='lat' dir='ltr'>quaelibet</span> 
     </span>
    </p>
   </div>
   <div class='ocr_carea' id='block_1_85' title="bbox 2006 3000 3658 3075">
    <p class='ocr_par' dir='ltr' id='par_1_85' title="bbox 2006 3000 3658 3075">
     <span class='ocr_line' id='line_1_85' title="bbox 2006 3000 3658 3075; baseline 0.002 -18"><span class='ocrx_word' id='word_1_591' title='bbox 2006 3003 2153 3059; x_wconf 88' lang='lat' dir='ltr'>ratio</span> <span class='ocrx_word' id='word_1_592' title='bbox 2184 3003 2352 3058; x_wconf 86' lang='lat' dir='ltr'>beato</span> <span class='ocrx_word' id='word_1_593' title='bbox 2385 3000 2615 3075; x_wconf 81' lang='lat' dir='ltr'>praesuli</span> <span class='ocrx_word' id='word_1_594' title='bbox 2648 3019 2798 3057; x_wconf 74' lang='lat' dir='ltr'>cura:</span> <span class='ocrx_word' id='word_1_595' title='bbox 2828 3001 3022 3073; x_wconf 80' lang='lat' dir='ltr'>fuerit,</span> <span class='ocrx_word' id='word_1_596' title='bbox 3054 3001 3284 3059; x_wconf 91' lang='lat' dir='ltr'>nullum</span> <span class='ocrx_word' id='word_1_597' title='bbox 3318 3002 3658 3063; x_wconf 84' lang='lat' dir='ltr'>institutum</span> 
     </span>
    </p>
   </div>
   <div class='ocr_carea' id='block_1_86' title="bbox 2004 3090 3655 3167">
    <p class='ocr_par' dir='ltr' id='par_1_86' title="bbox 2004 3090 3655 3167">
     <span class='ocr_line' id='line_1_86' title="bbox 2004 3090 3655 3167; baseline 0.004 -21"><span class='ocrx_word' id='word_1_598' title='bbox 2004 3091 2417 3148; x_wconf 90' lang='lat' dir='ltr'>sollicitudinis</span> <span class='ocrx_word' id='word_1_599' title='bbox 2474 3107 2594 3146; x_wconf 84' lang='lat' dir='ltr'>suae</span> <span class='ocrx_word' id='word_1_600' title='bbox 2653 3090 2954 3147; x_wconf 89' lang='lat' dir='ltr'>laboribus</span> <span class='ocrx_word' id='word_1_601' title='bbox 3005 3092 3057 3147; x_wconf 89' lang='lat' dir='ltr'>ei</span> <span class='ocrx_word' id='word_1_602' title='bbox 3115 3109 3380 3165; x_wconf 86' lang='lat' dir='ltr'>unquam</span> <span class='ocrx_word' id='word_1_603' title='bbox 3416 3093 3655 3167; x_wconf 80' lang='lat' dir='ltr'>dignius</span> 
     </span>
    </p>
   </div>
   <div class='ocr_carea' id='block_1_87' title="bbox 2001 3180 3651 3252">
    <p class='ocr_par' dir='ltr' id='par_1_87' title="bbox 2001 3180 3651 3252">
     <span class='ocr_line' id='line_1_87' title="bbox 2001 3180 3651 3252; baseline 0.002 -17"><span class='ocrx_word' id='word_1_604' title='bbox 2001 3180 2194 3237; x_wconf 88' lang='lat' dir='ltr'>visum</span> <span class='ocrx_word' id='word_1_605' title='bbox 2224 3184 2333 3247; x_wconf 91' lang='lat' dir='ltr'>est,</span> <span class='ocrx_word' id='word_1_606' title='bbox 2384 3196 2562 3251; x_wconf 90' lang='lat' dir='ltr'>quam</span> <span class='ocrx_word' id='word_1_607' title='bbox 2612 3180 2962 3252; x_wconf 89' lang='lat' dir='ltr'>virgineum.</span> <span class='ocrx_word' id='word_1_608' title='bbox 3022 3181 3155 3237; x_wconf 85' lang='lat' dir='ltr'>Jam</span> <span class='ocrx_word' id='word_1_609' title='bbox 3208 3180 3345 3237; x_wconf 87' lang='lat' dir='ltr'>inde</span> <span class='ocrx_word' id='word_1_610' title='bbox 3381 3182 3454 3238; x_wconf 90' lang='lat' dir='ltr'>ab</span> <span class='ocrx_word' id='word_1_611' title='bbox 3484 3181 3651 3238; x_wconf 91' lang='lat' dir='ltr'>initio</span> 
     </span>
    </p>
   </div>
   <div class='ocr_carea' id='block_1_88' title="bbox 2000 3268 3652 3343">
    <p class='ocr_par' dir='ltr' id='par_1_88' title="bbox 2000 3268 3652 3343">
     <span class='ocr_line' id='line_1_88' title="bbox 2000 3268 3652 3343; baseline 0.002 -19"><span class='ocrx_word' id='word_1_612' title='bbox 2000 3269 2371 3341; x_wconf 87' lang='lat' dir='ltr'>episcopatus</span> <span class='ocrx_word' id='word_1_613' title='bbox 2392 3268 2827 3325; x_wconf 87' lang='lat' dir='ltr'>lucubrationes</span> <span class='ocrx_word' id='word_1_614' title='bbox 2866 3286 3004 3325; x_wconf 90' lang='lat' dir='ltr'>suas</span> <span class='ocrx_word' id='word_1_615' title='bbox 3035 3268 3260 3326; x_wconf 89' lang='lat' dir='ltr'>domini</span> <span class='ocrx_word' id='word_1_616' title='bbox 3290 3269 3381 3327; x_wconf 88' lang='lat' dir='ltr'>sui</span> <span class='ocrx_word' id='word_1_617' title='bbox 3414 3270 3652 3343; x_wconf 85' lang='lat' dir='ltr'>sponsis</span> 
     </span>
    </p>
   </div>
   <div class='ocr_carea' id='block_1_89' title="bbox 2003 3357 3649 3427">
    <p class='ocr_par' dir='ltr' id='par_1_89' title="bbox 2003 3357 3649 3427">
     <span class='ocr_line' id='line_1_89' title="bbox 2003 3357 3649 3427; baseline 0.002 -15"><span class='ocrx_word' id='word_1_618' title='bbox 2003 3358 2359 3413; x_wconf 89' lang='lat' dir='ltr'>devotandas</span> <span class='ocrx_word' id='word_1_619' title='bbox 2407 3357 2632 3427; x_wconf 86' lang='lat' dir='ltr'>putavit</span> <span class='ocrx_word' id='word_1_620' title='bbox 2672 3375 2685 3423; x_wconf 92' lang='lat'><strong>;</strong></span> <span class='ocrx_word' id='word_1_621' title='bbox 2735 3374 2869 3413; x_wconf 89' lang='lat' dir='ltr'>eum</span> <span class='ocrx_word' id='word_1_622' title='bbox 2916 3374 3033 3413; x_wconf 89' lang='lat' dir='ltr'>non</span> <span class='ocrx_word' id='word_1_623' title='bbox 3081 3359 3310 3414; x_wconf 80' lang='lat' dir='ltr'>tardius</span> <span class='ocrx_word' id='word_1_624' title='bbox 3362 3357 3472 3414; x_wconf 88' lang='lat' dir='ltr'>hoe</span> <span class='ocrx_word' id='word_1_625' title='bbox 3495 3374 3649 3415; x_wconf 89' lang='lat' dir='ltr'>anno</span> 
     </span>
    </p>
   </div>
   <div class='ocr_carea' id='block_1_90' title="bbox 2000 3445 3651 3520">
    <p class='ocr_par' dir='ltr' id='par_1_90' title="bbox 2000 3445 3651 3520">
     <span class='ocr_line' id='line_1_90' title="bbox 2000 3445 3651 3520; baseline -0.001 -18"><span class='ocrx_word' id='word_1_626' title='bbox 2000 3445 2239 3502; x_wconf 87' lang='lat' dir='ltr'>ineunte</span> <span class='ocrx_word' id='word_1_627' title='bbox 2269 3446 2339 3501; x_wconf 91' lang='lat' dir='ltr'>ad</span> <span class='ocrx_word' id='word_1_628' title='bbox 2371 3462 2469 3501; x_wconf 90' lang='lat' dir='ltr'>eas</span> <span class='ocrx_word' id='word_1_629' title='bbox 2500 3445 2685 3501; x_wconf 89' lang='lat' dir='ltr'>habiti</span> <span class='ocrx_word' id='word_1_630' title='bbox 2741 3446 3052 3501; x_wconf 89' lang='lat' dir='ltr'>videantur</span> <span class='ocrx_word' id='word_1_631' title='bbox 3108 3445 3533 3520; x_wconf 83' lang='lat' dir='ltr'>elegantissimi</span> <span class='ocrx_word' id='word_1_632' title='bbox 3565 3445 3651 3501; x_wconf 91' lang='lat' dir='ltr'>illi</span> 
     </span>
    </p>
   </div>
   <div class='ocr_carea' id='block_1_91' title="bbox 2002 3532 3650 3606">
    <p class='ocr_par' dir='ltr' id='par_1_91' title="bbox 2002 3532 3650 3606">
     <span class='ocr_line' id='line_1_91' title="bbox 2002 3532 3650 3606; baseline 0.002 -16"><span class='ocrx_word' id='word_1_633' title='bbox 2002 3550 2324 3601; x_wconf 87' lang='lat' dir='ltr'>sermones,</span> <span class='ocrx_word' id='word_1_634' title='bbox 2383 3550 2453 3589; x_wconf 83' lang='lat' dir='ltr'>ex</span> <span class='ocrx_word' id='word_1_635' title='bbox 2507 3534 2723 3606; x_wconf 86' lang='lat' dir='ltr'>quibus</span> <span class='ocrx_word' id='word_1_636' title='bbox 2771 3532 2907 3589; x_wconf 90' lang='lat' dir='ltr'>libri</span> <span class='ocrx_word' id='word_1_637' title='bbox 2956 3536 3030 3590; x_wconf 91' lang='lat' dir='ltr'>De</span> <span class='ocrx_word' id='word_1_638' title='bbox 3074 3536 3386 3606; x_wconf 84' lang='lat' dir='ltr'>virginibus</span> <span class='ocrx_word' id='word_1_639' title='bbox 3416 3533 3650 3593; x_wconf 88' lang='lat' dir='ltr'>concin-</span> 
     </span>
    </p>
   </div>
   <div class='ocr_carea' id='block_1_92' title="bbox 2002 3622 3651 3695">
    <p class='ocr_par' dir='ltr' id='par_1_92' title="bbox 2002 3622 3651 3695">
     <span class='ocr_line' id='line_1_92' title="bbox 2002 3622 3651 3695; baseline 0.001 -17"><span class='ocrx_word' id='word_1_640' title='bbox 2002 3624 2119 3678; x_wconf 89' lang='lat' dir='ltr'>nati</span> <span class='ocrx_word' id='word_1_641' title='bbox 2154 3627 2313 3679; x_wconf 89' lang='lat' dir='ltr'>sunt.</span> <span class='ocrx_word' id='word_1_642' title='bbox 2349 3623 2614 3686; x_wconf 88' lang='lat' dir='ltr'>Quantus</span> <span class='ocrx_word' id='word_1_643' title='bbox 2646 3626 2838 3678; x_wconf 90' lang='lat' dir='ltr'>autem</span> <span class='ocrx_word' id='word_1_644' title='bbox 2867 3622 3079 3678; x_wconf 88' lang='lat' dir='ltr'>horum</span> <span class='ocrx_word' id='word_1_645' title='bbox 3110 3639 3243 3679; x_wconf 90' lang='lat' dir='ltr'>cum</span> <span class='ocrx_word' id='word_1_646' title='bbox 3288 3623 3651 3695; x_wconf 87' lang='lat' dir='ltr'>pronuntiati</span> 
     </span>
    </p>
   </div>
   <div class='ocr_carea' id='block_1_93' title="bbox 2004 3711 3646 3784">
    <p class='ocr_par' dir='ltr' id='par_1_93' title="bbox 2004 3711 3646 3784">
     <span class='ocr_line' id='line_1_93' title="bbox 2004 3711 3646 3784; baseline 0.001 -16"><span class='ocrx_word' id='word_1_647' title='bbox 2004 3716 2160 3780; x_wconf 88' lang='lat' dir='ltr'>sunt,</span> <span class='ocrx_word' id='word_1_648' title='bbox 2193 3712 2419 3767; x_wconf 81' lang='lat' dir='ltr'>fructus</span> <span class='ocrx_word' id='word_1_649' title='bbox 2475 3711 2753 3782; x_wconf 88' lang='lat' dir='ltr'>eruperit,</span> <span class='ocrx_word' id='word_1_650' title='bbox 2813 3727 2882 3765; x_wconf 85' lang='lat' dir='ltr'>ex</span> <span class='ocrx_word' id='word_1_651' title='bbox 2939 3727 3010 3767; x_wconf 92' lang='lat' dir='ltr'>eo</span> <span class='ocrx_word' id='word_1_652' title='bbox 3054 3712 3199 3767; x_wconf 83' lang='lat' dir='ltr'>satis</span> <span class='ocrx_word' id='word_1_653' title='bbox 3229 3711 3422 3784; x_wconf 84' lang='lat' dir='ltr'>colligi</span> <span class='ocrx_word' id='word_1_654' title='bbox 3453 3713 3646 3780; x_wconf 87' lang='lat' dir='ltr'>datur,</span> 
     </span>
    </p>
   </div>
   <div class='ocr_carea' id='block_1_94' title="bbox 2003 3798 3653 3874">
    <p class='ocr_par' dir='ltr' id='par_1_94' title="bbox 2003 3798 3653 3874">
     <span class='ocr_line' id='line_1_94' title="bbox 2003 3798 3653 3874; baseline -0.001 -16"><span class='ocrx_word' id='word_1_655' title='bbox 2003 3802 2157 3874; x_wconf 88' lang='lat' dir='ltr'>quod</span> <span class='ocrx_word' id='word_1_656' title='bbox 2191 3802 2275 3856; x_wconf 88' lang='lat' dir='ltr'>vir</span> <span class='ocrx_word' id='word_1_657' title='bbox 2305 3798 2521 3871; x_wconf 86' lang='lat' dir='ltr'>alioqui</span> <span class='ocrx_word' id='word_1_658' title='bbox 2550 3798 3024 3855; x_wconf 88' lang='lat' dir='ltr'>modestissimus</span> <span class='ocrx_word' id='word_1_659' title='bbox 3050 3799 3219 3857; x_wconf 89' lang='lat' dir='ltr'>illum</span> <span class='ocrx_word' id='word_1_660' title='bbox 3249 3816 3515 3872; x_wconf 86' lang='lat' dir='ltr'>premere</span> <span class='ocrx_word' id='word_1_661' title='bbox 3536 3816 3653 3863; x_wconf 87' lang='lat' dir='ltr'>non</span> 
     </span>
    </p>
   </div>
   <div class='ocr_carea' id='block_1_95' title="bbox 2002 3886 3656 3963">
    <p class='ocr_par' dir='ltr' id='par_1_95' title="bbox 2002 3886 3656 3963">
     <span class='ocr_line' id='line_1_95' title="bbox 2002 3886 3656 3963; baseline -0.002 -17"><span class='ocrx_word' id='word_1_662' title='bbox 2002 3888 2290 3963; x_wconf 89' lang='lat' dir='ltr'>potuerit:</span> <span class='ocrx_word' id='word_1_663' title='bbox 2324 3890 2401 3944; x_wconf 87' lang='lat' dir='ltr'>De</span> <span class='ocrx_word' id='word_1_664' title='bbox 2447 3888 2791 3954; x_wconf 81' lang='lat' dir='ltr'>Placentino,</span> <span class='ocrx_word' id='word_1_665' title='bbox 2846 3886 3062 3960; x_wconf 89' lang='lat' dir='ltr'>inquit,</span> <span class='ocrx_word' id='word_1_666' title='bbox 3102 3887 3390 3945; x_wconf 64' lang='lat' dir='ltr'>sacranda:</span> <span class='ocrx_word' id='word_1_667' title='bbox 3417 3889 3656 3960; x_wconf 85' lang='lat' dir='ltr'>virgines</span> 
     </span>
    </p>
   </div>
   <div class='ocr_carea' id='block_1_96' title="bbox 2001 3976 3654 4055">
    <p class='ocr_par' dir='ltr' id='par_1_96' title="bbox 2001 3976 3654 4055">
     <span class='ocr_line' id='line_1_96' title="bbox 2001 3976 3654 4055; baseline -0.001 -21"><span class='ocrx_word' id='word_1_668' title='bbox 2001 3982 2247 4046; x_wconf 80' lang='lat' dir='ltr'>veniunt,</span> <span class='ocrx_word' id='word_1_669' title='bbox 2303 3978 2368 4033; x_wconf 90' lang='lat' dir='ltr'>de</span> <span class='ocrx_word' id='word_1_670' title='bbox 2414 3978 2748 4033; x_wconf 84' lang='lat' dir='ltr'>Bononiensi</span> <span class='ocrx_word' id='word_1_671' title='bbox 2794 3978 3044 4043; x_wconf 81' lang='lat' dir='ltr'>veniunt,</span> <span class='ocrx_word' id='word_1_672' title='bbox 3093 3976 3159 4032; x_wconf 87' lang='lat' dir='ltr'>de</span> <span class='ocrx_word' id='word_1_673' title='bbox 3197 3976 3537 4037; x_wconf 79' lang='lat' dir='ltr'>Mauritania</span> <span class='ocrx_word' id='word_1_674' title='bbox 3562 3992 3654 4055; x_wconf 69' lang='lat' dir='ltr'>ue-</span> 
     </span>
    </p>
   </div>
   <div class='ocr_carea' id='block_1_97' title="bbox 2000 4064 3652 4138">
    <p class='ocr_par' dir='ltr' id='par_1_97' title="bbox 2000 4064 3652 4138">
     <span class='ocr_line' id='line_1_97' title="bbox 2000 4064 3652 4138; baseline -0.002 -15"><span class='ocrx_word' id='word_1_675' title='bbox 2000 4070 2182 4132; x_wconf 84' lang='lat' dir='ltr'>niunt,</span> <span class='ocrx_word' id='word_1_676' title='bbox 2241 4074 2300 4122; x_wconf 79' lang='lat' dir='ltr'>ut</span> <span class='ocrx_word' id='word_1_677' title='bbox 2343 4067 2432 4122; x_wconf 86' lang='lat' dir='ltr'>hic</span> <span class='ocrx_word' id='word_1_678' title='bbox 2472 4067 2720 4121; x_wconf 87' lang='lat' dir='ltr'>velentur</span> <span class='ocrx_word' id='word_1_679' title='bbox 2776 4064 2897 4138; x_wconf 87' lang='lat' dir='ltr'>(lib.</span> <span class='ocrx_word' id='word_1_680' title='bbox 2949 4067 3024 4122; x_wconf 88' lang='lat' dir='ltr'>De</span> <span class='ocrx_word' id='word_1_681' title='bbox 3075 4067 3218 4135; x_wconf 83' lang='lat' dir='ltr'>virg.</span> <span class='ocrx_word' id='word_1_682' title='bbox 3266 4081 3314 4121; x_wconf 90' lang='lat' dir='ltr'>c.</span> <span class='ocrx_word' id='word_1_683' title='bbox 3365 4065 3452 4133; x_wconf 88' lang='grc'>10,</span> <span class='ocrx_word' id='word_1_684' title='bbox 3486 4081 3652 4123; x_wconf 88' lang='lat' dir='ltr'>num.</span> 
     </span>
    </p>
   </div>
   <div class='ocr_carea' id='block_1_98' title="bbox 1999 4152 3654 4227">
    <p class='ocr_par' dir='ltr' id='par_1_98' title="bbox 1999 4152 3654 4227">
     <span class='ocr_line' id='line_1_98' title="bbox 1999 4152 3654 4227; baseline -0.001 -15"><span class='ocrx_word' id='word_1_685' title='bbox 1999 4158 2131 4226; x_wconf 72' lang='lat'>57):</span> <span class='ocrx_word' id='word_1_686' title='bbox 2149 4158 2283 4221; x_wconf 66' lang='lat' dir='ltr'>Quae</span> <span class='ocrx_word' id='word_1_687' title='bbox 2314 4156 2553 4227; x_wconf 90' lang='lat' dir='ltr'>quidem</span> <span class='ocrx_word' id='word_1_688' title='bbox 2581 4155 2756 4210; x_wconf 89' lang='lat' dir='ltr'>verba</span> <span class='ocrx_word' id='word_1_689' title='bbox 2786 4160 3019 4226; x_wconf 90' lang='lat' dir='ltr'>tempus</span> <span class='ocrx_word' id='word_1_690' title='bbox 3047 4154 3227 4211; x_wconf 89' lang='lat' dir='ltr'>etiam</span> <span class='ocrx_word' id='word_1_691' title='bbox 3268 4171 3385 4227; x_wconf 88' lang='lat' dir='ltr'>quo</span> <span class='ocrx_word' id='word_1_692' title='bbox 3418 4152 3502 4209; x_wconf 88' lang='lat' dir='ltr'>illi</span> <span class='ocrx_word' id='word_1_693' title='bbox 3533 4170 3654 4211; x_wconf 86' lang='lat' dir='ltr'>ser-</span> 
     </span>
    </p>
   </div>
   <div class='ocr_carea' id='block_1_99' title="bbox 2003 4241 3655 4312">
    <p class='ocr_par' dir='ltr' id='par_1_99' title="bbox 2003 4241 3655 4312">
     <span class='ocr_line' id='line_1_99' title="bbox 2003 4241 3655 4312; baseline -0.002 -11"><span class='ocrx_word' id='word_1_694' title='bbox 2003 4262 2208 4301; x_wconf 88' lang='lat' dir='ltr'>mones</span> <span class='ocrx_word' id='word_1_695' title='bbox 2238 4244 2421 4300; x_wconf 89' lang='lat' dir='ltr'>habiti</span> <span class='ocrx_word' id='word_1_696' title='bbox 2454 4243 2634 4310; x_wconf 83' lang='lat' dir='ltr'>fuere,</span> <span class='ocrx_word' id='word_1_697' title='bbox 2659 4242 2803 4298; x_wconf 88' lang='lat' dir='ltr'>satis</span> <span class='ocrx_word' id='word_1_698' title='bbox 2833 4243 3128 4312; x_wconf 88' lang='lat' dir='ltr'>innuunt;</span> <span class='ocrx_word' id='word_1_699' title='bbox 3161 4259 3296 4299; x_wconf 89' lang='lat' dir='ltr'>cum</span> <span class='ocrx_word' id='word_1_700' title='bbox 3328 4241 3485 4299; x_wconf 87' lang='lat' dir='ltr'>enim</span> <span class='ocrx_word' id='word_1_701' title='bbox 3515 4244 3655 4298; x_wconf 88' lang='lat' dir='ltr'>Am-</span> 
     </span>
    </p>
   </div>
   <div class='ocr_carea' id='block_1_100' title="bbox 2004 4332 3655 4404">
    <p class='ocr_par' dir='ltr' id='par_1_100' title="bbox 2004 4332 3655 4404">
     <span class='ocr_line' id='line_1_100' title="bbox 2004 4332 3655 4404; baseline -0.001 -15"><span class='ocrx_word' id='word_1_702' title='bbox 2004 4334 2235 4389; x_wconf 88' lang='lat' dir='ltr'>brosius</span> <span class='ocrx_word' id='word_1_703' title='bbox 2295 4332 2587 4389; x_wconf 88' lang='lat' dir='ltr'>triennalis</span> <span class='ocrx_word' id='word_1_704' title='bbox 2642 4332 2885 4388; x_wconf 88' lang='lat' dir='ltr'>sacerdos</span> <span class='ocrx_word' id='word_1_705' title='bbox 2944 4332 3101 4403; x_wconf 86' lang='lat' dir='ltr'>(ibid.</span> <span class='ocrx_word' id='word_1_706' title='bbox 3161 4332 3261 4388; x_wconf 91' lang='lat' dir='ltr'>lib.</span> <span class='ocrx_word' id='word_1_707' title='bbox 3320 4347 3398 4398; x_wconf 84' lang='lat' dir='ltr'>IV,</span> <span class='ocrx_word' id='word_1_708' title='bbox 3440 4347 3567 4404; x_wconf 86' lang='lat' dir='ltr'>cap.</span> <span class='ocrx_word' id='word_1_709' title='bbox 3596 4332 3655 4398; x_wconf 86' lang='lat'>6,</span> 
     </span>
    </p>
   </div>
   <div class='ocr_carea' id='block_1_101' title="bbox 2004 4418 3655 4495">
    <p class='ocr_par' dir='ltr' id='par_1_101' title="bbox 2004 4418 3655 4495">
     <span class='ocr_line' id='line_1_101' title="bbox 2004 4418 3655 4495; baseline -0.002 -18"><span class='ocrx_word' id='word_1_710' title='bbox 2004 4439 2061 4477; x_wconf 91' lang='lat' dir='ltr'>n.</span> <span class='ocrx_word' id='word_1_711' title='bbox 2096 4423 2185 4493; x_wconf 83' lang='lat'>39)</span> <span class='ocrx_word' id='word_1_712' title='bbox 2209 4422 2445 4477; x_wconf 90' lang='lat' dir='ltr'>eosdem</span> <span class='ocrx_word' id='word_1_713' title='bbox 2487 4420 2775 4495; x_wconf 77' lang='lat' dir='ltr'>redegerit</span> <span class='ocrx_word' id='word_1_714' title='bbox 2803 4419 2864 4475; x_wconf 89' lang='lat' dir='ltr'>in</span> <span class='ocrx_word' id='word_1_715' title='bbox 2888 4418 3177 4476; x_wconf 89' lang='lat' dir='ltr'>librorum</span> <span class='ocrx_word' id='word_1_716' title='bbox 3208 4421 3481 4489; x_wconf 86' lang='lat' dir='ltr'>formam,</span> <span class='ocrx_word' id='word_1_717' title='bbox 3514 4419 3655 4476; x_wconf 87' lang='lat' dir='ltr'>hinc</span> 
     </span>
    </p>
   </div>
   <div class='ocr_carea' id='block_1_102' title="bbox 2003 4507 3661 4582">
    <p class='ocr_par' dir='ltr' id='par_1_102' title="bbox 2003 4507 3661 4582">
     <span class='ocr_line' id='line_1_102' title="bbox 2003 4507 3661 4582; baseline 0.002 -17"><span class='ocrx_word' id='word_1_718' title='bbox 2003 4510 2299 4582; x_wconf 88' lang='lat' dir='ltr'>intelligas</span> <span class='ocrx_word' id='word_1_719' title='bbox 2331 4508 2530 4580; x_wconf 90' lang='lat' dir='ltr'>unius,</span> <span class='ocrx_word' id='word_1_720' title='bbox 2592 4513 2658 4563; x_wconf 89' lang='lat' dir='ltr'>ut</span> <span class='ocrx_word' id='word_1_721' title='bbox 2716 4508 3018 4580; x_wconf 89' lang='lat' dir='ltr'>nimirum,</span> <span class='ocrx_word' id='word_1_722' title='bbox 3069 4508 3208 4564; x_wconf 88' lang='lat' dir='ltr'>anni</span> <span class='ocrx_word' id='word_1_723' title='bbox 3253 4507 3441 4582; x_wconf 89' lang='lat' dir='ltr'>spatio</span> <span class='ocrx_word' id='word_1_724' title='bbox 3473 4507 3661 4569; x_wconf 83' lang='lat' dir='ltr'>fuisse.</span> 
     </span>
    </p>
   </div>
   <div class='ocr_carea' id='block_1_103' title="bbox 2005 4596 3655 4671">
    <p class='ocr_par' dir='ltr' id='par_1_103' title="bbox 2005 4596 3655 4671">
     <span class='ocr_line' id='line_1_103' title="bbox 2005 4596 3655 4671; baseline -0.001 -17"><span class='ocrx_word' id='word_1_725' title='bbox 2005 4614 2172 4671; x_wconf 87' lang='lat' dir='ltr'>Opus,</span> <span class='ocrx_word' id='word_1_726' title='bbox 2207 4603 2272 4653; x_wconf 90' lang='lat' dir='ltr'>ut</span> <span class='ocrx_word' id='word_1_727' title='bbox 2300 4597 2532 4653; x_wconf 87' lang='lat' dir='ltr'>illarum</span> <span class='ocrx_word' id='word_1_728' title='bbox 2565 4596 2911 4652; x_wconf 84' lang='lat' dir='ltr'>concinnum</span> <span class='ocrx_word' id='word_1_729' title='bbox 2947 4597 3102 4653; x_wconf 86' lang='lat' dir='ltr'>fama</span> <span class='ocrx_word' id='word_1_730' title='bbox 3132 4598 3192 4652; x_wconf 91' lang='lat' dir='ltr'>in</span> <span class='ocrx_word' id='word_1_731' title='bbox 3222 4596 3352 4653; x_wconf 89' lang='lat' dir='ltr'>loca</span> <span class='ocrx_word' id='word_1_732' title='bbox 3379 4600 3499 4652; x_wconf 88' lang='lat' dir='ltr'>tam</span> <span class='ocrx_word' id='word_1_733' title='bbox 3534 4596 3655 4661; x_wconf 77' lang='lat' dir='ltr'>dis-</span> 
     </span>
    </p>
   </div>
   <div class='ocr_carea' id='block_1_104' title="bbox 2007 4685 3650 4763">
    <p class='ocr_par' dir='ltr' id='par_1_104' title="bbox 2007 4685 3650 4763">
     <span class='ocr_line' id='line_1_104' title="bbox 2007 4685 3650 4763; baseline -0.002 -19"><span class='ocrx_word' id='word_1_734' title='bbox 2007 4687 2139 4757; x_wconf 82' lang='lat' dir='ltr'>sita,</span> <span class='ocrx_word' id='word_1_735' title='bbox 2172 4693 2228 4744; x_wconf 91' lang='lat' dir='ltr'>et</span> <span class='ocrx_word' id='word_1_736' title='bbox 2260 4686 2512 4742; x_wconf 84' lang='lat' dir='ltr'>maxime</span> <span class='ocrx_word' id='word_1_737' title='bbox 2542 4685 2603 4741; x_wconf 92' lang='lat' dir='ltr'>in</span> <span class='ocrx_word' id='word_1_738' title='bbox 2635 4685 3049 4742; x_wconf 88' lang='lat' dir='ltr'>Mauritaniam</span> <span class='ocrx_word' id='word_1_739' title='bbox 3088 4702 3278 4758; x_wconf 89' lang='lat' dir='ltr'>usque</span> <span class='ocrx_word' id='word_1_740' title='bbox 3307 4685 3650 4763; x_wconf 79' lang='lat' dir='ltr'>pervadens,</span> 
     </span>
    </p>
   </div>
   <div class='ocr_carea' id='block_1_105' title="bbox 2006 4773 3652 4849">
    <p class='ocr_par' dir='ltr' id='par_1_105' title="bbox 2006 4773 3652 4849">
     <span class='ocr_line' id='line_1_105' title="bbox 2006 4773 3652 4849; baseline -0.002 -17"><span class='ocrx_word' id='word_1_741' title='bbox 2006 4775 2284 4833; x_wconf 88' lang='lat' dir='ltr'>velandas</span> <span class='ocrx_word' id='word_1_742' title='bbox 2338 4774 2593 4848; x_wconf 89' lang='lat' dir='ltr'>virgines</span> <span class='ocrx_word' id='word_1_743' title='bbox 2652 4774 3049 4832; x_wconf 91' lang='lat' dir='ltr'>Mediolanum</span> <span class='ocrx_word' id='word_1_744' title='bbox 3107 4776 3243 4833; x_wconf 89' lang='lat' dir='ltr'>inde</span> <span class='ocrx_word' id='word_1_745' title='bbox 3290 4773 3652 4849; x_wconf 81' lang='lat' dir='ltr'>pertraxerit.</span> 
     </span>
    </p>
   </div>
   <div class='ocr_carea' id='block_1_106' title="bbox 2006 4863 3658 4940">
    <p class='ocr_par' dir='ltr' id='par_1_106' title="bbox 2006 4863 3658 4940">
     <span class='ocr_line' id='line_1_106' title="bbox 2006 4863 3658 4940; baseline -0.002 -19"><span class='ocrx_word' id='word_1_746' title='bbox 2006 4866 2289 4932; x_wconf 88' lang='lat' dir='ltr'>Quocirca</span> <span class='ocrx_word' id='word_1_747' title='bbox 2332 4865 2382 4921; x_wconf 88' lang='lat' dir='ltr'>si</span> <span class='ocrx_word' id='word_1_748' title='bbox 2412 4866 2627 4920; x_wconf 83' lang='lat' dir='ltr'>festum</span> <span class='ocrx_word' id='word_1_749' title='bbox 2658 4865 2840 4921; x_wconf 81' lang='lat' dir='ltr'>beatae</span> <span class='ocrx_word' id='word_1_750' title='bbox 2869 4866 3112 4939; x_wconf 85' lang='lat' dir='ltr'>Agnetis</span> <span class='ocrx_word' id='word_1_751' title='bbox 3140 4883 3220 4922; x_wconf 76' lang='lat' dir='ltr'>xu</span> <span class='ocrx_word' id='word_1_752' title='bbox 3252 4864 3377 4932; x_wconf 86' lang='lat' dir='ltr'>Kal,</span> <span class='ocrx_word' id='word_1_753' title='bbox 3410 4863 3658 4940; x_wconf 46' lang='lat' dir='ltr'>Februaf</span> 
     </span>
    </p>
   </div>
   <div class='ocr_carea' id='block_1_107' title="bbox 2004 4949 3660 5023">
    <p class='ocr_par' dir='ltr' id='par_1_107' title="bbox 2004 4949 3660 5023">
     <span class='ocr_line' id='line_1_107' title="bbox 2004 4949 3660 5023; baseline -0.002 -13"><span class='ocrx_word' id='word_1_754' title='bbox 2004 4955 2123 5011; x_wconf 88' lang='lat' dir='ltr'>rias</span> <span class='ocrx_word' id='word_1_755' title='bbox 2152 4954 2577 5018; x_wconf 82' lang='lat' dir='ltr'>celebrabatur,</span> <span class='ocrx_word' id='word_1_756' title='bbox 2636 4959 2699 5008; x_wconf 93' lang='lat' dir='ltr'>ut</span> <span class='ocrx_word' id='word_1_757' title='bbox 2757 4970 2913 5011; x_wconf 88' lang='lat' dir='ltr'>nunc</span> <span class='ocrx_word' id='word_1_758' title='bbox 2974 4955 3155 5011; x_wconf 90' lang='lat' dir='ltr'>moris</span> <span class='ocrx_word' id='word_1_759' title='bbox 3199 4956 3307 5019; x_wconf 90' lang='lat' dir='ltr'>est,</span> <span class='ocrx_word' id='word_1_760' title='bbox 3340 4950 3500 5009; x_wconf 89' lang='lat' dir='ltr'>haud</span> <span class='ocrx_word' id='word_1_761' title='bbox 3532 4949 3660 5023; x_wconf 81' lang='lat' dir='ltr'>sine</span> 
     </span>
    </p>
   </div>
   <div class='ocr_carea' id='block_1_108' title="bbox 2005 5039 3661 5111">
    <p class='ocr_par' dir='ltr' id='par_1_108' title="bbox 2005 5039 3661 5111">
     <span class='ocr_line' id='line_1_108' title="bbox 2005 5039 3661 5111; baseline -0.002 -12"><span class='ocrx_word' id='word_1_762' title='bbox 2005 5061 2186 5099; x_wconf 84' lang='lat' dir='ltr'>causa</span> <span class='ocrx_word' id='word_1_763' title='bbox 2213 5041 2635 5098; x_wconf 88' lang='lat' dir='ltr'>crediderimus</span> <span class='ocrx_word' id='word_1_764' title='bbox 2667 5044 3005 5099; x_wconf 88' lang='lat' dir='ltr'>eorumdem</span> <span class='ocrx_word' id='word_1_765' title='bbox 3028 5056 3367 5099; x_wconf 88' lang='lat' dir='ltr'>sermonum</span> <span class='ocrx_word' id='word_1_766' title='bbox 3397 5039 3661 5111; x_wconf 87' lang='lat' dir='ltr'>primum</span> 
     </span>
    </p>
   </div>
   <div class='ocr_carea' id='block_1_109' title="bbox 2007 5127 3660 5204">
    <p class='ocr_par' dir='ltr' id='par_1_109' title="bbox 2007 5127 3660 5204">
     <span class='ocr_line' id='line_1_109' title="bbox 2007 5127 3660 5204; baseline -0.001 -17"><span class='ocrx_word' id='word_1_767' title='bbox 2007 5133 2115 5187; x_wconf 90' lang='lat' dir='ltr'>hoc</span> <span class='ocrx_word' id='word_1_768' title='bbox 2144 5132 2271 5204; x_wconf 91' lang='lat' dir='ltr'>ipso</span> <span class='ocrx_word' id='word_1_769' title='bbox 2303 5147 2456 5186; x_wconf 92' lang='lat' dir='ltr'>anno</span> <span class='ocrx_word' id='word_1_770' title='bbox 2489 5129 2550 5185; x_wconf 90' lang='lat' dir='ltr'>in</span> <span class='ocrx_word' id='word_1_771' title='bbox 2607 5131 2789 5188; x_wconf 85' lang='lat' dir='ltr'>natali</span> <span class='ocrx_word' id='word_1_772' title='bbox 2819 5130 2981 5187; x_wconf 88' lang='lat' dir='ltr'>illius</span> <span class='ocrx_word' id='word_1_773' title='bbox 3011 5127 3307 5202; x_wconf 87' lang='lat' dir='ltr'>martyris,</span> <span class='ocrx_word' id='word_1_774' title='bbox 3350 5127 3497 5186; x_wconf 87' lang='lat' dir='ltr'>alios</span> <span class='ocrx_word' id='word_1_775' title='bbox 3526 5144 3660 5185; x_wconf 87' lang='lat' dir='ltr'>vero</span> 
     </span>
    </p>
   </div>
   <div class='ocr_carea' id='block_1_110' title="bbox 2007 5215 3673 5293">
    <p class='ocr_par' dir='ltr' id='par_1_110' title="bbox 2007 5215 3673 5293">
     <span class='ocr_line' id='line_1_110' title="bbox 2007 5215 3673 5293; baseline -0.003 -16"><span class='ocrx_word' id='word_1_776' title='bbox 2007 5221 2136 5277; x_wconf 89' lang='lat' dir='ltr'>aliis</span> <span class='ocrx_word' id='word_1_777' title='bbox 2182 5221 2390 5276; x_wconf 85' lang='lat' dir='ltr'>diebus</span> <span class='ocrx_word' id='word_1_778' title='bbox 2449 5237 2519 5276; x_wconf 80' lang='lat' dir='ltr'>ex</span> <span class='ocrx_word' id='word_1_779' title='bbox 2573 5219 2873 5276; x_wconf 89' lang='lat' dir='ltr'>intervallo</span> <span class='ocrx_word' id='word_1_780' title='bbox 2931 5219 3120 5274; x_wconf 90' lang='lat' dir='ltr'>dictos</span> <span class='ocrx_word' id='word_1_781' title='bbox 3168 5215 3372 5275; x_wconf 84' lang='lat' dir='ltr'>fuisse.</span> <span class='ocrx_word' id='word_1_782' title='bbox 3406 5216 3525 5273; x_wconf 87' lang='lat' dir='ltr'>Hoc</span> <span class='ocrx_word' id='word_1_783' title='bbox 3555 5233 3673 5293; x_wconf 13' lang='lat' dir='ltr'>au-V</span> 
     </span>
    </p>
   </div>
   <div class='ocr_carea' id='block_1_111' title="bbox 2007 5304 3660 5381">
    <p class='ocr_par' dir='ltr' id='par_1_111' title="bbox 2007 5304 3660 5381">
     <span class='ocr_line' id='line_1_111' title="bbox 2007 5304 3660 5381; baseline -0.002 -16"><span class='ocrx_word' id='word_1_784' title='bbox 2007 5315 2127 5367; x_wconf 86' lang='lat' dir='ltr'>tem</span> <span class='ocrx_word' id='word_1_785' title='bbox 2156 5310 2503 5366; x_wconf 87' lang='lat' dir='ltr'>Ambrosius</span> <span class='ocrx_word' id='word_1_786' title='bbox 2532 5313 2696 5365; x_wconf 89' lang='lat' dir='ltr'>tanta</span> <span class='ocrx_word' id='word_1_787' title='bbox 2716 5324 2846 5363; x_wconf 87' lang='lat' dir='ltr'>cum</span> <span class='ocrx_word' id='word_1_788' title='bbox 2870 5305 3143 5362; x_wconf 87' lang='lat' dir='ltr'>facundia</span> <span class='ocrx_word' id='word_1_789' title='bbox 3166 5309 3223 5360; x_wconf 90' lang='lat' dir='ltr'>et</span> <span class='ocrx_word' id='word_1_790' title='bbox 3236 5308 3467 5376; x_wconf 89' lang='lat' dir='ltr'>ornatu,</span> <span class='ocrx_word' id='word_1_791' title='bbox 3481 5304 3660 5381; x_wconf 82' lang='lat' dir='ltr'>simul</span> 
     </span>
    </p>
   </div>
   <div class='ocr_carea' id='block_1_112' title="bbox 2008 5394 3662 5466">
    <p class='ocr_par' dir='ltr' id='par_1_112' title="bbox 2008 5394 3662 5466">
     <span class='ocr_line' id='line_1_112' title="bbox 2008 5394 3662 5466; baseline -0.003 -11"><span class='ocrx_word' id='word_1_792' title='bbox 2008 5417 2141 5455; x_wconf 89' lang='lat' dir='ltr'>vero</span> <span class='ocrx_word' id='word_1_793' title='bbox 2169 5403 2335 5454; x_wconf 87' lang='lat' dir='ltr'>tanta</span> <span class='ocrx_word' id='word_1_794' title='bbox 2391 5415 2527 5454; x_wconf 91' lang='lat' dir='ltr'>cum</span> <span class='ocrx_word' id='word_1_795' title='bbox 2584 5395 2954 5453; x_wconf 89' lang='lat' dir='ltr'>vehementia</span> <span class='ocrx_word' id='word_1_796' title='bbox 3008 5399 3065 5450; x_wconf 90' lang='lat' dir='ltr'>et</span> <span class='ocrx_word' id='word_1_797' title='bbox 3122 5394 3384 5452; x_wconf 81' lang='lat' dir='ltr'>efﬁcacia</span> <span class='ocrx_word' id='word_1_798' title='bbox 3418 5409 3662 5466; x_wconf 85' lang='lat' dir='ltr'>persua-</span> 
     </span>
    </p>
   </div>
   <div class='ocr_carea' id='block_1_113' title="bbox 2011 5481 3660 5561">
    <p class='ocr_par' dir='ltr' id='par_1_113' title="bbox 2011 5481 3660 5561">
     <span class='ocr_line' id='line_1_113' title="bbox 2011 5481 3660 5561; baseline -0.004 -16"><span class='ocrx_word' id='word_1_799' title='bbox 2011 5488 2180 5545; x_wconf 90' lang='lat' dir='ltr'>dendi</span> <span class='ocrx_word' id='word_1_800' title='bbox 2213 5487 2521 5561; x_wconf 65' lang='lat' dir='ltr'>praestitit;</span> <span class='ocrx_word' id='word_1_801' title='bbox 2573 5489 2639 5542; x_wconf 88' lang='lat' dir='ltr'>ut</span> <span class='ocrx_word' id='word_1_802' title='bbox 2693 5488 2751 5540; x_wconf 90' lang='lat' dir='ltr'>et</span> <span class='ocrx_word' id='word_1_803' title='bbox 2784 5482 3025 5540; x_wconf 87' lang='lat' dir='ltr'>nimiam</span> <span class='ocrx_word' id='word_1_804' title='bbox 3057 5482 3342 5541; x_wconf 86' lang='lat' dir='ltr'>orationis</span> <span class='ocrx_word' id='word_1_805' title='bbox 3369 5481 3660 5559; x_wconf 85' lang='lat' dir='ltr'>luxuriem</span> 
     </span>
    </p>
   </div>
   <div class='ocr_carea' id='block_1_114' title="bbox 2008 5569 3664 5651">
    <p class='ocr_par' dir='ltr' id='par_1_114' title="bbox 2008 5569 3664 5651">
     <span class='ocr_line' id='line_1_114' title="bbox 2008 5569 3664 5651; baseline -0.004 -18"><span class='ocrx_word' id='word_1_806' title='bbox 2008 5578 2261 5651; x_wconf 88' lang='lat' dir='ltr'>ipsemet</span> <span class='ocrx_word' id='word_1_807' title='bbox 2289 5578 2611 5643; x_wconf 71' lang='lat' dir='ltr'>excusaret,</span> <span class='ocrx_word' id='word_1_808' title='bbox 2674 5577 2731 5630; x_wconf 91' lang='lat' dir='ltr'>ct</span> <span class='ocrx_word' id='word_1_809' title='bbox 2762 5576 2980 5631; x_wconf 88' lang='lat' dir='ltr'>matres</span> <span class='ocrx_word' id='word_1_810' title='bbox 3038 5592 3111 5632; x_wconf 89' lang='lat' dir='ltr'>ne</span> <span class='ocrx_word' id='word_1_811' title='bbox 3165 5572 3301 5630; x_wconf 74' lang='lat' dir='ltr'>ﬁlias</span> <span class='ocrx_word' id='word_1_812' title='bbox 3346 5589 3467 5631; x_wconf 65' lang='lat' dir='ltr'>suae</span> <span class='ocrx_word' id='word_1_813' title='bbox 3513 5569 3664 5629; x_wconf 87' lang='lat' dir='ltr'>tanti</span> 
     </span>
    </p>
   </div>
   <div class='ocr_carea' id='block_1_115' title="bbox 2011 5661 3664 5738">
    <p class='ocr_par' dir='ltr' id='par_1_115' title="bbox 2011 5661 3664 5738">
     <span class='ocr_line' id='line_1_115' title="bbox 2011 5661 3664 5738; baseline -0.004 -15"><span class='ocrx_word' id='word_1_814' title='bbox 2011 5667 2266 5724; x_wconf 87' lang='lat' dir='ltr'>doctoris</span> <span class='ocrx_word' id='word_1_815' title='bbox 2286 5662 2621 5737; x_wconf 87' lang='lat' dir='ltr'>eloquentia</span> <span class='ocrx_word' id='word_1_816' title='bbox 2649 5679 2964 5735; x_wconf 63' lang='lat' dir='ltr'>persuasae,</span> <span class='ocrx_word' id='word_1_817' title='bbox 2995 5664 3392 5738; x_wconf 84' lang='lat' dir='ltr'>virginitatem</span> <span class='ocrx_word' id='word_1_818' title='bbox 3405 5661 3664 5720; x_wconf 85' lang='lat' dir='ltr'>Christo-</span> 
     </span>
    </p>
   </div>
  </div>
