4172 6182
448 303 528 375 83

1790 308 1977 377 VITA
2020 310 2085 377 S.
2131 311 2508 382 AMBROSII

3770 313 3853 382 84

449 446 873 516 consecrarent,
929 463 1027 504 eas
1084 443 1144 503 in
1203 445 1460 504 conclavi
1491 445 1696 504 sedulo
1728 446 1985 505 inclusas
2017 450 2087 505 ad
2119 448 2175 516 Α
2203 468 2381 525 quam
2428 450 2928 511 continuationem
2971 454 3106 512 libri
3147 455 3225 513 De
3269 450 3453 513 viduis
3499 450 3747 526 (Adnwn.
3786 455 3851 511 in

448 553 585 595 eum
617 536 973 593 audiendum
1008 537 1065 592 in
1097 537 1401 593 ecclesiam
1452 538 1642 593 venire
1675 554 1786 594 non
1822 544 2091 611 pateren-

449 629 567 682 tur.

522 716 614 771 23.
665 714 885 782 Ariani,
948 731 1081 770 cum
1113 731 1325 769 novum
1384 715 1705 773 antistitem
1735 717 1939 773 hieresi
1973 734 2092 772 suae

449 803 674 860 bellum
718 804 1020 870 indixisse,
1071 820 1137 859 ac
1187 803 1409 859 nullam
1443 822 1476 859 a
1505 805 1693 877 primo
1723 806 1816 860 die
1848 811 2091 877 acceptae

451 892 835 949 ordinationis
893 893 1255 949 occasionem
1307 895 1914 967 eorumoppugnandi
1950 911 2092 966 prae-

449 982 773 1037 termittere
803 982 1239 1053 conspicerent;
1303 987 1601 1055 cmperunt
1656 984 1807 1039 serio
1851 983 2002 1039 inter
2031 999 2094 1039 se

452 1070 774 1139 consulere,
799 1070 1014 1142 quibus
1035 1070 1319 1126 machinis
1332 1071 1660 1127 adversario
1682 1073 1947 1144 partibus
1969 1072 2093 1127 suis

452 1159 771 1233 perniciem
821 1160 1145 1232 proximam
1196 1159 1487 1215 minitanti
1537 1178 1665 1216 sese
1712 1165 2090 1233 Opponerent.

451 1250 528 1305 Eo
555 1249 773 1318 animo,
838 1253 901 1303 ut
951 1249 1189 1320 quidam
1247 1250 1563 1319 prudenter
1592 1250 1948 1318 existimant,
1980 1250 2092 1305 Va-

450 1336 666 1393 lentem
699 1336 999 1409 elegerunt
1048 1337 1258 1392 furoris
1304 1336 1395 1392 sui
1427 1337 1763 1394 ministrum
1793 1337 2089 1404 idoneum,

451 1427 553 1498 qui
585 1426 909 1489 Petavione,
944 1426 1112 1495 cujus
1144 1426 1422 1481 thronum
1453 1425 1864 1498 episcopalem,
1910 1427 2092 1497 ejecto

451 1515 664 1580 Marco,
698 1531 797 1584 per
826 1514 939 1567 vim
1003 1519 1334 1585 occuparat,
1383 1517 1631 1586 turpiter
1698 1514 1999 1586 expulsus,
2032 1515 2090 1568 in

453 1602 677 1658 Italiam
712 1602 782 1655 ad
814 1602 1239 1674 perturbandas
1282 1601 1443 1657 illius
1473 1603 1761 1658 Ecclesias
1794 1620 1855 1658 se
1887 1610 2092 1659 contu-

449 1690 615 1746 lerat.
651 1691 762 1746 Sed
798 1707 1062 1760 repressa
1117 1695 1204 1746 est
1234 1692 1363 1760 ejus
1411 1696 1667 1746 amentia
1697 1691 1953 1747 Gratiani
1988 1711 2089 1748 au-

450 1780 755 1846 ctoritate;
816 1778 1004 1851 legem
1058 1779 1213 1835 enim
1245 1780 1526 1835 adversus
1587 1779 1755 1834 illum
1786 1780 1859 1835 ab
1890 1782 2091 1837 eodem

450 1869 711 1942 principe
745 1869 923 1923 fuisse
973 1868 1149 1923 latam
1195 1886 1264 1924 ex
1311 1868 1519 1941 primis
1561 1868 1752 1924 verbis
1802 1869 1905 1925 lib.
1939 1887 1995 1926 iv
2020 1875 2095 1927 De

449 1960 638 2017 laxaret.
667 1958 965 2015 discamus
994 1958 1147 2013 licet.

518 2050 608 2104 24.
644 2049 770 2120 (ΑΝ,
803 2050 948 2117 377).
980 2048 1111 2103 Jam
1143 2064 1323 2118 supra
1374 2046 1742 2103 narravimus
1773 2064 1951 2119 quam
1982 2047 2096 2104 late

446 2138 963 2194 Ambrosianorum
1022 2137 1094 2191 de
1156 2135 1491 2207 virginitate
1545 2152 1887 2191 sermonum
1939 2138 2097 2193 fama

447 2244 510 2284 se
542 2226 888 2282 diiiudisset.
920 2225 1056 2280 Inde
1105 2224 1324 2279 factum
1367 2228 1456 2279 est
1503 2226 1566 2279 ut
1609 2224 1863 2297 virgines
1894 2243 2092 2291 sacris,

444 2333 573 2390 quae
607 2319 841 2389 propter
871 2315 1129 2369 locorum
1157 2312 1498 2368 distantiam
1555 2314 1687 2369 illas
1735 2314 2094 2371 adhortatio—

447 2424 554 2463 nes
572 2405 811 2461 auribus
832 2404 1069 2458 haurire
1094 2418 1209 2457 non
1243 2407 1528 2473 poterant,
1555 2419 1654 2459 eas
1686 2402 1893 2459 saltem
1927 2405 2093 2459 char-

447 2497 525 2552 tis
554 2494 799 2551 traditas
848 2493 1035 2564 legere
1070 2495 1472 2564 percupcrent.
1520 2492 1633 2547 Nec
1686 2493 1941 2564 profecto
1971 2508 2094 2548 cre-

449 2584 627 2642 dibile
657 2588 746 2639 est
776 2579 1173 2637 Mareellinam
1203 2579 1495 2635 Ambrosii
1541 2596 1822 2651 sororem,
1855 2585 1913 2637 et
1962 2584 2096 2636 ante

447 2673 668 2730 multos
700 2689 884 2727 annos
941 2671 997 2725 id
1058 2669 1185 2724 vita:
1241 2686 1427 2740 genus
1484 2668 1715 2740 publice
1746 2669 2092 2741 professam.

448 2763 596 2819 ferre
629 2761 913 2834 potuisse,
966 2764 1030 2815 ut
1079 2758 1151 2813 ab
1184 2758 1298 2813 alia
1344 2758 1401 2812 in
1434 2757 1543 2813 hoc
1596 2759 1914 2830 expetendo
1946 2775 2095 2830 prac-

444 2854 824 2906 verteretur:
879 2851 1118 2903 sanctus
1175 2852 1367 2901 autem
1439 2846 1651 2918 praesul
1709 2846 2096 2903 libentissime

449 2940 762 2994 obsecutus
791 2942 881 2993 est
910 2953 1111 2992 eorum
1132 2935 1278 2990 votis
1308 2952 1320 2990 :
1356 2935 1510 3006 quod
1544 2934 1667 3007 ipse
1692 2936 2000 2992 manifesto
2025 2936 2097 2991 dc

450 3041 513 3080 se
559 3029 829 3091 testatur,
883 3023 976 3079 his
1021 3023 1215 3077 verbis
1264 3021 1556 3093 loquens:
1610 3024 1940 3091 Roganlibus
1976 3026 2096 3078 vir-

443 3114 669 3184 ginibus
716 3129 787 3168 ne
832 3114 930 3167 hoc
983 3112 1201 3184 quidem
1253 3113 1441 3181 putavi
1478 3112 1792 3177 negandum
1839 3111 1961 3184 (lib.
2020 3114 2095 3169 De

444 3183 584 3274 cirg.
620 3219 745 3274 cap.
802 3203 873 3272 1).
926 3183 1032 3255 Illa
1083 3201 1154 3255 de
1197 3216 1376 3255 causa
1420 3201 1653 3254 eosdem
1700 3216 2000 3257 sermones
2031 3200 2089 3256 in
2123 3183 2165 3248 Ο

443 3296 563 3348 tres
593 3291 773 3346 libros
822 3291 892 3346 de
932 3290 1256 3362 virginibus
1301 3289 1351 3343 is
1385 3289 1823 3344 transtermavit
1851 3290 2089 3345 nondum

448 3384 740 3441 triennalis
768 3381 1034 3446 sacerdos,
1088 3384 1152 3433 ut
1174 3380 1300 3449 jam
1355 3379 1575 3434 dictum
1607 3383 1714 3446 est,
1748 3380 2092 3437 Marcellinze

451 3472 631 3530 sorori
665 3472 773 3526 hoc
800 3471 952 3524 idem
985 3486 1133 3540 opus
1162 3466 1512 3539 inscriptum
1547 3468 1745 3536 voluit,
1782 3469 1838 3523 in
1890 3488 2006 3542 quo
2038 3475 2095 3527 et

450 3562 773 3619 orationem
823 3559 981 3614 illam
1037 3557 1233 3613 retulit
1279 3557 1525 3629 (rtdmon.
1577 3560 1637 3612 in
1668 3559 1764 3614 lib.
1798 3564 1876 3615 De
1905 3561 2089 3633 viz-9.),

452 3667 628 3723 quam
677 3650 818 3705 dum
874 3646 952 3702 illi
1000 3645 1466 3703 sanetiomoniali
1520 3646 1711 3703 velum
1744 3647 2089 3721 imponeret,

445 3740 651 3796 habuit
671 3737 952 3795 Liberius.

510 3830 600 3885 25.
633 3830 759 3884 Non
790 3828 869 3882 ita
901 3825 1084 3881 multo
1115 3828 1245 3898 post
1272 3824 1490 3879 librum
1528 3825 1598 3879 De
1628 3824 1805 3880 viduis
1837 3826 2085 3896 (.ldmon.

436 3920 498 3973 in
530 3919 625 3973 lib.
663 3919 734 3972 De
781 3916 1003 3983 viduis),
1056 3914 1153 3986 qui
1198 3912 1470 3968 similiter
1520 3917 1748 3968 constat
1795 3931 1825 3968 e
1866 3931 2087 3970 sermo-

436 4007 634 4072 nibus,
662 4006 719 4059 in
754 4004 965 4074 vulgus
1016 4003 1215 4057 edidit.
1266 4001 1588 4055 Viduarum
1621 4001 2083 4059 Christianarum

433 4094 744 4151 commoda
772 4097 830 4147 et
862 4091 1069 4145 merita
1096 4089 1211 4143 illic
1245 4088 1540 4159 praedicat,
1578 4107 1681 4144 nec
1732 4108 1847 4146 non
1881 4108 2082 4148 earum

431 4183 827 4238 conditionem
859 4177 1119 4250 proxime
1149 4177 1418 4232 accedere
1449 4177 1520 4231 ad
1552 4176 1891 4251 virginalem
1911 4197 2086 4253 appo-

430 4271 540 4327 site
595 4271 822 4343 probat.
889 4267 1130 4322 Dederat
1186 4270 1381 4321 autcm
1431 4266 1620 4322 eidem
1673 4266 1873 4339 opella:
1912 4285 2081 4325 occa-

430 4358 654 4415 sionem
686 4357 954 4430 quwdam
987 4355 1179 4423 vidua,
1231 4372 1357 4427 quas
1390 4372 1524 4410 cum
1558 4356 1798 4412 haberet
1829 4374 1896 4413 ex
1926 4356 2079 4413 tilia-

427 4447 539 4503 bus
572 4446 715 4502 alias
746 4450 981 4517 nuptas,
1020 4444 1163 4500 alias
1197 4461 1327 4500 vero
1361 4443 1586 4516 nuptiis
1621 4449 1905 4515 maturas,
1941 4464 2076 4504 eum

2201 543 2297 597 lib.
2348 544 2423 598 De
2463 544 2651 614 virg.),
2686 559 2940 615 eumque
2979 542 3248 600 similiter
3277 541 3669 616 compositum
3719 559 3850 601 esse

2199 648 2269 687 ex
2315 632 2707 699 sermonibus,
2766 649 2913 704 quos
2958 637 3022 688 ut
3085 637 3443 689 commotam
3511 637 3852 689 memoratis

2199 721 2389 776 vidua:
2423 724 2675 775 mentem
2706 720 2981 794 placaret,
3015 722 3364 794 composuit.
3410 721 3628 777 Verum
3660 722 3855 794 prius-

2202 825 2380 880 quam
2424 809 2688 864 eamdem
2732 810 2971 866 viduam
2994 808 3410 881 alloquerctur,
3434 809 3562 865 fuse
3591 808 3860 882 disputat

2203 897 2273 952 de
2320 897 2588 952 instituto
2630 896 3004 970 virginitatis,
3066 896 3332 970 illudque
3389 913 3490 953 nec
3545 898 3854 970 improbum

2201 1002 2335 1053 esse,
2386 1001 2485 1040 nec
2529 1002 2749 1054 novum,
2809 1003 2908 1041 nec
2958 985 3160 1042 inutile
3210 984 3575 1058 argumentis
3640 985 3859 1042 evincit

2201 1075 2305 1147 (De
2350 1077 2488 1144 virg.
2541 1092 2667 1146 cap.
2715 1077 2771 1142 6,
2825 1093 2885 1131 n.
2932 1077 3004 1130 27
3049 1078 3101 1131 et
3154 1075 3325 1147 seq.),
3382 1075 3452 1131 Et
3490 1074 3600 1132 hac
3629 1074 3857 1133 ratione

2200 1167 2324 1219 tam
2369 1164 2441 1219 de
2490 1163 2834 1236 virginibus,
2890 1180 3069 1236 quam
3117 1163 3187 1220 de
3235 1161 3424 1219 viduis
3466 1161 3589 1219 illic
3635 1162 3855 1236 agitur,

2203 1252 2455 1309 maxime
2486 1269 2617 1309 vero
2649 1253 2719 1309 de
2768 1252 2861 1307 his
2894 1251 3140 1308 ultimis.
3175 1253 3320 1309 Cum
3372 1255 3570 1308 autem
3601 1250 3749 1308 liber
3782 1253 3860 1308 De

2200 1342 2381 1397 viduis
2428 1342 2649 1397 absolvi
2707 1340 2819 1397 nisi
2878 1344 3136 1397 vertente
3191 1357 3345 1396 anno
3403 1339 3703 1412 superiore
3734 1358 3854 1397 non

2203 1430 2476 1502 potuerit,
2508 1430 2645 1485 hinc
2682 1429 2918 1486 evidens
2943 1433 3034 1485 est
3061 1446 3198 1485 eum
3229 1428 3448 1484 librum
3479 1429 3552 1485 de
3582 1445 3694 1500 quo
3725 1430 3855 1504 agi-

2203 1536 2359 1583 mus,
2393 1519 2680 1575 conscribi
2713 1522 2845 1574 ante
2871 1518 3027 1573 hunc
3058 1534 3279 1573 annum
3312 1534 3428 1573 non
3461 1518 3741 1590 potuisse.

2274 1608 2364 1663 28.
2399 1608 2626 1663 Interea
2654 1608 2795 1663 dum
2826 1606 3173 1663 Ambrosius
3215 1611 3339 1662 tam
3370 1605 3616 1662 feliciter
3645 1606 3855 1663 haeresi

2203 1694 2577 1759 debellanda,
2612 1694 2765 1751 vitiis
2821 1693 3233 1768 exstirpandis,
3282 1711 3347 1750 ac
3375 1693 3704 1751 inserendis
3731 1694 3856 1750 vir—

2204 1784 2432 1840 tutibus
2462 1801 2698 1857 operam
2756 1784 3023 1853 navabat,
3082 1782 3297 1840 Valens
3355 1783 3690 1855 imperator,
3748 1784 3857 1857 qui

2204 1873 2522 1930 catholicos
2578 1873 2897 1930 afﬂictabat
2951 1876 3070 1929 tam
3129 1872 3420 1940 atrociter,
3481 1873 3768 1929 maximas
3823 1890 3860 1928 a

2204 1962 2407 2018 Gothis
2429 1961 2639 2037 clades.
2671 1961 2928 2035 pertulit.
2962 1962 3175 2018 Contra
3195 1977 3326 2017 vero
3358 1960 3694 2028 Gratianus,
3723 1962 3860 2034 ejus

2203 2068 2274 2107 ex
2294 2051 2471 2107 fratre
2502 2068 2702 2123 nepos,
2736 2054 2903 2106 rectm
2934 2050 3068 2106 ﬁdei
3094 2048 3376 2106 beneficio
3408 2050 3626 2123 ubique
3649 2051 3863 2107 trium-

2204 2139 2441 2211 phabat.
2494 2141 2548 2196 Is
2597 2139 2791 2212 igitur,
2847 2142 3143 2211 comperto
3206 2138 3399 2210 patrui
3461 2138 3741 2210 periculo,
3794 2139 3859 2195 in

2202 2227 2497 2284 Orientem
2529 2228 2718 2284 eidem
2747 2227 2978 2284 laturus
3006 2226 3289 2284 auxilium
3336 2227 3589 2283 transire
3640 2228 3863 2284 consti-

2202 2316 2335 2373 tuit.
2360 2318 2655 2389 Itaque,ut
2673 2317 2952 2372 adversus
2970 2316 3242 2371 adeunda
3261 2314 3521 2387 pericula
3540 2315 3860 2388 potentiori

2204 2406 2476 2477 praesidio
2550 2405 2940 2461 communiret
3005 2421 3089 2472 se,
3148 2409 3253 2460 aut
3324 2404 3622 2476 superiore
3697 2421 3859 2462 anno

2204 2499 2469 2563 exeunte,
2503 2499 2604 2549 aut
2630 2493 2871 2550 ineunte
2902 2492 3195 2566 praesenti,
3228 2492 3455 2565 rogavit
3472 2492 3856 2549 Ambrosium

2206 2588 2269 2639 ut
2301 2582 2413 2638 sibi
2472 2582 3027 2639 commentationem
3077 2580 3327 2654 (Admon.
3377 2583 3440 2636 in
3469 2581 3563 2637 lib.
3594 2582 3668 2637 De
3694 2581 3853 2654 ﬁde),

2206 2690 2321 2744 qua
2346 2671 2474 2727 Filii
2496 2671 2597 2728 Dei
2618 2671 2896 2728 divinitas
2921 2673 3303 2736 astruerctur,
3329 2668 3695 2737 lucubraret;
3730 2686 3857 2742 quo

2205 2760 2428 2817 scilicet
2485 2761 2750 2833 regiones
2802 2760 3154 2816 Arianorum
3207 2758 3547 2832 contagione
3602 2757 3863 2816 infectas

2205 2850 2492 2918 aditurus,
2539 2849 3009 2923 alexipbarmaco
3059 2865 3176 2905 non
3232 2846 3574 2920 privaretur.
3603 2848 3861 2904 Ambro-

2206 2939 2351 3006 sius,
2410 2940 2644 2995 tametsi
2704 2938 2893 3011 magis
2924 2941 3184 3010 optasset
3230 2936 3550 2993 cohortandi
3575 2935 3647 2991 ad
3691 2936 3864 3008 ﬁdem

2203 3029 2388 3084 subire
2433 3028 2699 3101 ofﬁcium,
2746 3044 2911 3100 quam
2962 3027 3027 3083 de
3053 3026 3160 3098 ﬁde
3204 3024 3547 3097 disceptandi
3573 3023 3697 3095 (lib.
3732 3042 3751 3080 ι
3783 3026 3863 3082 De

2204 3115 2327 3186 ﬁde,
2361 3133 2486 3189 cap.
2509 3120 2563 3182 6,
2612 3133 2775 3172 num.
2800 3117 2874 3187 4),
2923 3112 3204 3189 principis
3227 3112 3379 3168 votis
3399 3116 3596 3168 tamen
3617 3113 3858 3170 obtem-

2204 3221 2436 3277 perans,
2469 3206 2691 3277 priores
2717 3204 3063 3260 duoslibros
3096 3204 3171 3258 De
3216 3202 3323 3270 ﬁde
3351 3202 3425 3257 ad
3464 3201 3633 3257 illum
3664 3201 3853 3259 misit.

2202 3293 2325 3357 Quo
2362 3293 2531 3360 facto,
2561 3311 2728 3349 suam
2761 3309 2994 3348 omnem
3024 3289 3478 3348 sollicitudinem
3510 3307 3577 3347 eo
3608 3306 3858 3346 conver-

2200 3379 2274 3435 tit
2305 3384 2368 3434 ut
2399 3379 2544 3436 fusis
2568 3381 2642 3435 ad
2673 3379 2986 3436 Dominum
3019 3376 3314 3434 continuis
3337 3376 3689 3450 fervidisque
3710 3395 3857 3451 pre-

2201 3467 2388 3533 cibus,
2416 3469 2602 3524 eidem
2634 3468 2883 3541 principi
2917 3467 3144 3524 felicem
3170 3468 3510 3539 impetraret
3527 3466 3859 3539 expeditio-

2203 3573 2335 3613 nem
2362 3577 2374 3627 ;
2409 3558 2908 3630 quemadmodum
2937 3558 2994 3613 in
3017 3555 3267 3631 epistola
3292 3571 3471 3628 super
3499 3555 3627 3627 ejus
3652 3555 3853 3613 reditu

2202 3646 2275 3702 ad
2306 3646 2471 3703 illum
2494 3649 2630 3704 data
2690 3649 2815 3720 ipse
2870 3651 3138 3715 testatur,
3161 3645 3257 3703 his
3298 3644 3490 3702 verbis
3541 3644 3812 3701 scribens
3842 3663 3856 3700 :

2204 3736 2372 3791 Tuum
2401 3736 2783 3808 quotidianum
2814 3738 2922 3792 iter
2956 3735 3228 3805 legebam,
3256 3737 3410 3790 nocte
3437 3748 3504 3789 ac
3528 3732 3616 3790 die
3643 3734 3706 3787 in
3733 3736 3862 3790 tui:

2196 3827 2393 3881 castris
2443 3843 2578 3881 cura
2630 3835 2681 3882 et
2736 3842 2904 3881 sensa
2951 3825 3177 3892 locatus,
3236 3824 3549 3878 orationum
3601 3822 3864 3879 mubiis

2192 3913 2636 3984 praetendebam;
2674 3917 2780 3970 etsi
2825 3912 3102 3969 invalidus
3150 3911 3368 3977 merito,
3412 3910 3510 3965 sed
3536 3910 3736 3981 affectu
3764 3926 3867 3967 se-

2194 4001 2357 4057 dulus
2385 4004 2575 4074 (epist.
2612 4004 2662 4069 1,
2697 4018 2859 4057 num.
2894 4002 2968 4075 1).

2264 4093 2353 4146 29.
2385 4090 2598 4147 Valens
2631 4096 2827 4146 autem
2876 4106 3013 4145 cum
3045 4087 3349 4144 didicisset
3378 4086 3704 4142 secundum
3740 4088 3866 4144 Da-

2192 4179 2359 4233 nubii
2378 4179 2535 4251 ripas
2559 4179 2903 4235 Gratianum
2925 4179 2996 4233 ad
3026 4194 3088 4233 se
3114 4190 3461 4249 properare;
3483 4175 3869 4246 nejuvenem

2191 4267 2355 4323 illum
2403 4267 2727 4340 principem
2775 4268 2944 4339 cujus
2987 4264 3186 4321 virtuti
3239 4264 3492 4319 maxime
3525 4262 3865 4337 invidebat,

2191 4356 2415 4413 socium
2448 4356 2696 4412 victoriae
2727 4355 2988 4423 haberet,
3036 4353 3332 4411 festinavit
3361 4352 3860 4411 funestissimum

2189 4445 2333 4501 illud
2348 4446 2711 4502 committere
2734 4444 3019 4518 praelium,
3046 4445 3108 4500 in
3131 4460 3245 4516 quo
3268 4459 3386 4499 una
3403 4458 3538 4498 cum
3562 4441 3867 4501 omnibus

428 4534 804 4590 consuluerat
834 4551 906 4588 an
935 4534 1006 4589 ad
1057 4534 1379 4589 secundum
1431 4532 1774 4605 conjugium
1825 4536 2074 4592 transire
2102 4547 2150 4611 D
2184 4534 2482 4590 orientalis
2514 4534 2745 4606 imperii
2779 4534 2999 4589 viribus
3021 4532 3370 4605 profligatus
3398 4534 3511 4597 est,
3545 4530 3674 4602 ipse
3704 4546 3864 4590 vero

427 4622 540 4680 sibi
571 4622 912 4694 expediret?

494 4712 587 4770 26.
624 4712 767 4767 Huic
799 4711 911 4783 ipsi
959 4710 1205 4782 tempori
1252 4709 1468 4766 librum
1504 4712 1573 4766 De
1625 4712 1784 4766 Tobia
1814 4713 1921 4768 etsi
1957 4730 2071 4769 non

423 4800 785 4875 argumentis
838 4801 1202 4865 necessariis,
1256 4799 1658 4870 probabilibus
1709 4805 1903 4857 tamen
1934 4818 2072 4857 eon-

415 4890 663 4962 jecturis
725 4889 1104 4945 attribuimus
1171 4888 1420 4958 (Admon.
1485 4889 1543 4942 in
1596 4887 1693 4942 lib.
1735 4889 1801 4944 de
1864 4890 2065 4961 Tobia).

421 4980 503 5035 Ex
530 4979 777 5035 historia
824 4977 1016 5033 Tobia:
1074 4976 1144 5030 ab
1194 4991 1377 5046 eoque.
1421 4981 1625 5030 mutuo
1675 4977 1821 5032 datm
1854 4977 2069 5033 Gabelo

420 5068 682 5140 pecunia:
731 5083 932 5121 ansam
981 5064 1286 5136 arripiens,
1339 5063 1398 5118 iu
1450 5081 1689 5118 usuram
1721 5064 1976 5138 insurgit
2005 5083 2072 5122 ca

419 5157 768 5226 tempestate
790 5153 1127 5209 immaniter
1149 5155 1536 5224 grassantem,
1572 5169 1745 5223 quam
1779 5154 2069 5223 ejusmodi

422 5243 715 5298 rationum
749 5242 1061 5297 momentis
1091 5242 1401 5314 impugnat
1430 5246 1486 5295 et
1517 5240 1804 5314 proﬂigat,
1840 5243 1910 5298 ad
1943 5259 2069 5314 qua:

424 5330 718 5386 memoriae
743 5335 951 5385 nostra:
976 5330 1247 5387 homines
1272 5330 1449 5384 vitam
1479 5346 1827 5400 componere
1857 5338 2066 5403 optan-

423 5419 563 5474 dum
600 5424 772 5475 esset.

488 5510 577 5563 27.
612 5508 737 5580 (AN.
771 5509 921 5579 378.)
955 5508 1099 5573 Quid
1150 5506 1412 5562 libellum
1448 5508 1518 5562 De
1547 5508 1865 5577 virgini/ale
1895 5509 2068 5581 paulo

420 5598 699 5655 attentius
730 5596 1159 5661 examinaverit,
1196 5596 1337 5651 nihil
1370 5595 1527 5651 aliud
1578 5613 1705 5653 esse
1752 5599 2069 5670 comperiet

2181 4624 2238 4677 in
2272 4623 2485 4696 agresti
2517 4623 2809 4696 tuguriolo
2840 4622 2934 4679 die
2954 4640 3009 4678 1v
3039 4621 3164 4677 Kal.
3204 4619 3455 4692 Augusti
3476 4619 3641 4675 vivus
3668 4635 3853 4677 com-

2184 4714 2415 4768 bustus.

2251 4802 2339 4854 30.
2375 4800 2612 4855 Barbari
2647 4799 2702 4853 in
2736 4800 2954 4871 quibus
2984 4803 3151 4854 erant
3196 4796 3470 4861 Taifales,
3504 4812 3634 4867 quas
3677 4797 3860 4855 natio

2179 4904 2295 4959 prae
2321 4888 2545 4943 caeteris
2576 4887 2706 4943 aliis
2735 4887 3116 4960 impudicitia
3146 4884 3501 4958 turpitudini
3534 4882 3863 4956 mancipa-

2178 4978 2374 5042 batur,
2410 4976 2498 5032 usi
2532 4976 2772 5031 victoria
2800 4977 2861 5032 in
2913 4976 3199 5049 plurimas
3241 4973 3472 5047 imperii
3503 4972 3862 5045 provincias

2181 5065 2552 5137 maximeque
2604 5064 2662 5120 in
2710 5064 3015 5122 Thiaciam
3065 5068 3122 5121 et
3181 5063 3436 5137 Illyriam
3486 5061 3640 5118 facta
3678 5062 3860 5121 irru-

2182 5156 2395 5226 ptione,
2423 5171 2608 5226 usque
2630 5154 2701 5209 ad
2725 5154 2950 5210 radices
2973 5153 3207 5227 Alpium
3227 5153 3600 5210 Julianarum
3632 5152 3865 5212 omnia

2181 5246 2605 5314 pervastarunt.
2649 5242 2933 5313 Explicari
2966 5260 3080 5298 non
3111 5245 3303 5316 potest
3331 5245 3553 5313 quanta
3581 5240 3863 5301 crimina.

2181 5331 2658 5404 perpetraverint,
2708 5332 3211 5402 quemadmodum
3242 5333 3455 5386 cuncta
3486 5328 3862 5388 miscuerint

2178 5420 2433 5475 caedibus
2480 5423 2656 5492 atque
2690 5419 2999 5489 incendiis,
3030 5424 3320 5492 quantum
3363 5416 3615 5490 denique
3644 5418 3859 5490 capti-

2177 5525 2382 5564 vorum
2411 5524 2725 5564 numerum
2758 5509 3125 5578 abduxerint,
3159 5526 3308 5582 quos
3338 5507 3633 5581 pecudum
3665 5521 3861 5566 more

2180 5598 2403 5670 passim
2433 5596 2666 5654 venales
2695 5598 3080 5670 exponebant.
3141 5599 3277 5654 Nota
3332 5600 3460 5652 sunt
3491 5596 3608 5653 haec
3634 5595 3858 5667 nimis,
