4122 6186
282 362 358 447 '88

1335 380 1440 448 EX
1484 375 1671 448 ΗΠΒ
1714 372 2205 445 POTISSIMUM
2250 372 2623 442 SGRlP’l‘IS.

3598 379 3680 448 86

285 515 467 591 inquit
522 515 892 588 Ambrosius,
949 516 1172 594 Illyrici
1225 520 1476 576 vastitate
1525 522 1577 576 et
1637 517 1882 575 Thracia?
1911 534 1923 572 :
1956 513 2011 580 Α
2042 516 2264 583 fefellit,
2296 516 2768 589 quandoquidem
2799 517 3107 590 primus,ut
3142 516 3488 578 Ambrosius
3516 520 3683 579 testi-

286 609 471 680 quanti
512 609 711 680 ubique
754 608 973 665 venales
1020 617 1179 665 erant
1206 612 1314 665 toto
1341 610 1545 681 captivi
1574 609 1705 665 orbe
1734 608 1856 681 (lib.
1890 624 1932 663 ιι

290 697 436 769 Ofﬁc.
471 715 601 770 cap.
635 700 724 769 15,
757 716 921 754 num.
953 700 1066 769 70).
1100 700 1182 754 Ex
1211 699 1304 755 his
1335 699 1668 770 complures
1706 698 1934 754 redem-

288 794 417 859 ptos
439 803 572 842 esse
602 787 673 842 ab
704 788 976 843 Ecclesiis
1007 789 1161 844 idem
1195 788 1485 860 signiﬁcat
1508 789 1629 844 :sed
1664 788 1789 859 ipse
1818 804 1937 842 om-

289 876 448 931 nium
481 876 825 931 charitatem
861 878 1161 949 superavit
1183 878 1239 931 in
1257 877 1813 949 bocofficio,quippe
1835 876 1935 948 qui

289 982 400 1020 non
432 965 714 1037 pecunias
745 970 974 1022 tantum
1003 966 1061 1022 in
1079 967 1539 1039 redemptionem
1564 967 1723 1022 illam
1747 967 1936 1023 libens

294 1053 663 1126 impenderit,
697 1054 797 1110 sed
831 1055 961 1127 ipsa
1009 1072 1244 1129 quoque
1274 1056 1544 1112 Ecclesiae
1591 1074 1733 1112 vasa
1780 1073 1937 1111 com-

291 1143 590 1209 minuerit,
627 1142 1117 1215 ﬂaveritque.0ua
1149 1144 1383 1217 quidem
1410 1145 1465 1199 in
1500 1162 1560 1199 re
1582 1162 1713 1199 cum
1746 1145 1936 1217 primo

290 1233 536 1287 servatis
567 1230 798 1305 legibus
832 1233 1178 1304 prudentiae,
1208 1250 1347 1289 vasa
1385 1252 1499 1290 non
1534 1234 1762 1289 initiata
1802 1250 1937 1289 con-

291 1320 582 1393 fregisset,
615 1322 996 1393 postmodum
1030 1327 1222 1377 tamen
1255 1322 1302 1377 si
1338 1322 1440 1377 illa
1461 1340 1576 1378 non
1611 1322 1941 1395 potuissent

288 1410 581 1475 sufﬁcere,
612 1410 789 1465 etiam
822 1410 1070 1466 initiatis
1102 1428 1215 1466 non
1250 1413 1606 1484 parcendum
1630 1428 1758 1467 esse
1780 1411 1939 1467 arbi-

277 1498 569 1553 trabatur.
626 1498 1095 1554 Pulcherrimum
1159 1499 1302 1555 illud
1348 1500 1681 1572 exemplum
1739 1506 1940 1572 postea

277 1592 517 1645 sanctus
536 1586 902 1659 Augustinus
920 1588 1134 1660 aliique
1156 1590 1624 1660 praestantissimi
1646 1588 1937 1646 antistites

281 1693 419 1732 cum
451 1676 626 1731 laude
656 1681 779 1731 tum
813 1676 1141 1732 imitatione
1163 1679 1587 1750 approbavere;
1612 1679 1709 1734 sed
1740 1678 1936 1733 Ariani

276 1782 310 1822 e
342 1763 638 1821 contrario
669 1764 1079 1837 gravissimam
1113 1765 1251 1821 hinc
1282 1766 1562 1822 invidiam
1579 1768 1702 1822 viro
1736 1769 1937 1822 sancto

2044 608 2270 674 ﬁcatur,
2304 614 2547 663 servatus
2572 616 2648 663 est
2684 624 2752 662 ex
2800 608 2980 665 undis.
3033 609 3141 665 Ubi
3182 610 3441 683 primum
3466 615 3685 670 terram

2043 696 2256 769 attigit,
2289 713 2603 768 servosque
2632 696 2899 769 proprios
2928 698 3144 769 eripuit
3184 716 3214 755 e
3245 698 3526 771 periculo,
3558 702 3684 771 jam

2044 801 2244 840 curam
2275 801 2506 840 omnem
2540 786 2611 840 ad
2643 786 2897 858 agendas
2942 786 3057 842 Deo
3106 789 3344 859 gratias,
3396 792 3453 844 et
3498 788 3685 845 susci-

2044 874 2324 945 piendum
2367 890 2597 928 sacrum
2651 874 2945 946 baptisma
3002 876 3253 932 festinus
3299 877 3493 933 vertit.
3539 878 3685 934 Cum

2042 979 2176 1018 vero
2209 962 2526 1018 audivisset
2553 962 2658 1017 loci
2693 979 2807 1035 quo
2835 964 3160 1035 appulerat,
3199 965 3542 1038 episcopum
3576 968 3689 1023 Lu-

2045 1052 2322 1107 ciferiano
2382 1052 2685 1107 schismati
2723 1052 3032 1119 adhaerere,
3085 1053 3438 1110 catholicum
3491 1073 3526 1110 a
3573 1070 3689 1127 quo

2046 1140 2402 1209 ablueretur,
2437 1140 2719 1213 quaesivit,
2753 1157 2817 1196 ac
2847 1146 2966 1196 tam
2996 1142 3234 1198 uberem
3277 1142 3335 1197 in
3382 1159 3447 1199 eo
3504 1160 3694 1200 sacra-

2047 1234 2243 1286 mento
2274 1230 2525 1302 gratiam
2553 1236 2644 1286 est
2673 1230 3013 1300 adeptus,ut
3036 1232 3498 1297 eam,Ambrosio
3520 1236 3687 1300 teste,

2048 1324 2249 1392 postea
2277 1336 2581 1391 nunquam
2611 1319 2875 1376 amiserit
2930 1320 3087 1391 (ibid.
3119 1336 3282 1376 num.
3313 1321 3427 1393 52).

2117 1409 2206 1462 34.
2241 1408 2453 1465 Praeter
2480 1408 2590 1464 hoc
2616 1408 3219 1481 naufragium,morbo
3255 1409 3411 1465 idem
3458 1426 3693 1483 quoque

2045 1500 2284 1570 Satyrus
2314 1514 2380 1552 eo
2411 1498 2470 1552 in
2504 1498 2710 1553 itinere
2757 1497 3125 1553 conﬂictatus
3173 1502 3282 1563 est,
3332 1499 3503 1569 cujus
3533 1516 3689 1554 nun-

2045 1586 2193 1640 tium
2226 1588 2297 1642 ad
2330 1586 2705 1642 Ambrosium
2760 1604 2825 1642 ac
2873 1585 3270 1642 Mareellinam
3319 1604 3451 1642 cum
3501 1604 3693 1659 perve-

2047 1675 2251 1742 nisset,
2282 1674 2508 1748 ingenti
2539 1675 2736 1731 dolore
2765 1674 2895 1731 illos
2924 1675 3134 1731 affecit.
3187 1677 3475 1732 Incertum
3520 1691 3691 1747 porro

2048 1763 2216 1819 nobis
2245 1764 2492 1831 videtur,
2530 1769 2728 1819 utrum
2759 1763 2819 1819 in
2853 1767 3172 1819 memorato
3195 1763 3600 1835 naufragio,an
3630 1764 3690 1819 in

280 1869 482 1910 creare
513 1853 703 1909 conati
732 1858 907 1910 sunt:
947 1856 1050 1910 Nos
1098 1855 1420 1927 aliquando,
1455 1856 1665 1928 inquit,
1699 1858 1763 1912 in
1791 1857 1935 1910 invi-
1966 1885 2015 1951 B
2045 1851 2155 1908 hoc
2186 1853 2312 1925 ipso
2343 1854 2546 1909 morbo
2573 1857 2708 1909 vota
2737 1860 2935 1909 sancto
2966 1854 3272 1909 Laurentio
3312 1868 3695 1924 nuncupave-

274 1945 431 2000 diam
460 1943 791 1999 occidimus:
823 1944 965 2017 quod
1012 1947 1442 2017 con/'regerimus
1491 1961 1619 2000 vasa
1675 1946 1933 2016 mystica,

274 2041 337 2089 ut
388 2034 628 2104 capticos
697 2032 1125 2088 redimeremus:
1178 2034 1321 2105 quod
1375 2035 1600 2090 Arionis
1647 2033 1937 2106 displicere

271 2124 568 2194 potuerat;
600 2137 700 2176 nec
726 2125 839 2176 tam
883 2122 1093 2192 factum
1136 2123 1466 2195 displiceret,
1509 2140 1673 2195 quam
1713 2128 1777 2178 ut
1805 2130 1940 2178 esset

279 2211 418 2283 quod
452 2214 513 2265 in
544 2210 698 2265 nobis
729 2211 1387 2284 reprehenderetur(ibid.
1408 2229 1573 2279 num,
1605 2212 1750 2283 436).
1784 2212 1934 2276 Qua-

280 2304 523 2373 propter
554 2299 625 2354 ad
659 2285 876 2354 eorum.
902 2300 1371 2357 criminationem
1412 2303 1517 2357 abs
1547 2318 1608 2357 se
1639 2299 1932 2373 depellen-

274 2390 437 2453 dam,
473 2405 792 2444 conscenso
842 2388 1111 2445 Ecclesiae
1162 2395 1467 2463 suggestu,
1518 2393 1596 2445 ita
1615 2392 1676 2445 in
1706 2391 1929 2462 populo,

272 2477 491 2549 inquit,
525 2479 801 2547 prosecuti
846 2493 1057 2547 sumus,
1101 2487 1163 2534 ut
1206 2480 1606 2550 conﬁteremur,
1655 2480 1933 2550 multoque

269 2564 609 2622 commodius
667 2575 1052 2633 astrueremus,
1098 2576 1155 2622 ut
1206 2570 1425 2624 animas
1478 2570 1706 2624 Domino
1751 2584 1930 2640 quam

273 2671 488 2710 aurum
519 2670 859 2710 servaremus
881 2655 1208 2725 (ibid.num.
1236 2657 1383 2728 137).

344 2743 437 2797 3t.
469 2743 587 2796 Sub
614 2743 831 2798 exitum
866 2742 1113 2813 hujusce
1144 2745 1282 2801 anni
1313 2746 1554 2818 Satyrus
1584 2745 1831 2816 (Admon.
1864 2747 1928 2801 in

274 2833 371 2887 lib.
424 2834 502 2887 De
550 2848 770 2887 excessu
809 2832 1039 2905 Satyri),
1106 2835 1205 2906 qui
1247 2852 1481 2891 omnem
1528 2835 1925 2890 Ambrosianze

272 2920 519 2977 familiae
548 2920 1117 2977 administrationem
1152 2940 1186 2977 a
1210 2924 1377 2979 beato
1408 2924 1581 2978 fratre
1613 2923 1723 2978 sibi
1754 2925 1926 2979 tradi—

271 3016 393 3066 tam
426 3013 786 3082 suscepcrat,
819 3009 1057 3065 hiemali
1104 3015 1448 3084 tempestate
1498 3013 1773 3084 negligens
1818 3015 1925 3084 fri-

271 3101 425 3170 goris
454 3098 747 3171 navigavit
780 3098 835 3153 in
867 3099 1121 3155 Africam
1152 3102 1248 3172 (De
1276 3118 1497 3157 excessu
1524 3104 1737 3175 Satyri,
1758 3120 1920 3158 num.

268 3190 396 3256 50);
418 3192 483 3242 ut
505 3187 576 3243 ad
601 3185 941 3243 solvendum
969 3188 1341 3261 compelleret
1360 3191 1712 3263 Prosperum
1730 3208 1928 3263 quem-

2045 1942 2218 2007 rit,de
2248 1942 2464 2013 quibus
2494 1943 2554 1998 in
2585 1942 2742 1999 hunc
2772 1944 3013 1998 modum
3036 1941 3688 2015 loquiturAmbrosius:

2049 2032 2173 2086 Tuis
2204 2032 2339 2087 votis
2370 2032 2516 2105 apud
2542 2036 2792 2088 sanctum
2822 2034 3185 2088 Laurentium
3230 2036 3532 2103 martyrem
3583 2033 3691 2088 im-

2036 2123 2321 2192 petratum
2352 2137 2463 2177 esse
2504 2138 2651 2177 nunc
2692 2124 3065 2191 cognoscimus
3111 2123 3235 2177 vitae
3280 2130 3689 2185 commeatum;

2041 2216 2203 2280 atque
2229 2212 2445 2265 utinam
2472 2226 2579 2266 non
2608 2212 2786 2267 solum
2814 2218 3190 2279 commeatum,
3234 2210 3326 2267 sed
3355 2211 3529 2266 etiam
3564 2226 3692 2284 pro-

2042 2298 2224 2354 lixum
2252 2302 2383 2357 vitae
2425 2309 2633 2372 tempus
2683 2307 2964 2371 rogasses!
3010 2301 3246 2357 Potuisti
3283 2317 3457 2356 annos
3501 2299 3687 2373 pluri-

2038 2404 2153 2444 mos
2177 2390 2476 2461 impetrare
2502 2389 2744 2455 vivendi,
2792 2391 2889 2462 qui
2917 2392 3151 2463 potuisti
3193 2394 3556 2447 commeatum
3585 2392 3688 2446 im-

2032 2481 2256 2548 petrare
2285 2478 2542 2534 veniendi
2570 2478 2729 2547 (ibid.
2763 2495 2926 2534 num.
2962 2479 3076 2551 17).

2108 2567 2197 2622 35.
2231 2567 2501 2626 Confecto
2531 2567 3031 2638 prudenterjuxta
3068 2584 3135 2623 ac
3157 2567 3472 2624 efﬁcaciter
3507 2585 3685 2640 nego-

2038 2653 2137 2717 tio,
2171 2656 2342 2724 cujus
2372 2672 2551 2711 causa
2595 2660 2835 2726 Satyrus
2882 2655 2942 2709 in
2985 2654 3238 2711 Africam
3291 2655 3681 2727 navigaverat,

2036 2741 2096 2797 in
2123 2744 2312 2798 reditu
2381 2744 2626 2799 Romam
2685 2743 2797 2798 iter
2853 2742 3080 2798 habuit.
3131 2743 3388 2799 Tametsi
3420 2746 3680 2799 autema

2033 2831 2359 2904 Symmacho
2388 2833 2503 2904 ejus
2530 2841 2754 2904 parente
2782 2833 2939 2903 (ibid.
2973 2848 3137 2887 num.
3170 2833 3281 2903 32),
3306 2836 3371 2887 ut
3398 2849 3533 2889 eum
3581 2832 3681 2888 ho-

2035 2922 2194 2976 noris
2220 2938 2286 2976 ac
2334 2921 2482 2977 forte
2533 2921 2708 2977 etiam
2753 2919 3061 2992 patrocinii
3109 2920 3298 2991 gratia
3336 2922 3683 2978 Ambrosius

2033 3010 2275 3076 vocitat,
2308 3010 2756 3077 retineretur,ne
2803 3009 3086 3066 incideret
3128 3010 3185 3065 in
3222 3027 3433 3067 manus
3478 3011 3686 3067 barba-

2036 3116 2258 3166 rorum,
2311 3099 2450 3172 quod
2496 3098 2691 3155 ardere
2734 3100 2871 3155 bello
2918 3099 3080 3155 Italia
3127 3099 3437 3163 diceretur;
3481 3099 3691 3157 nihilo-

2042 3189 2240 3245 minus
2269 3192 2464 3245 tamen
2493 3187 2721 3244 nullum
2753 3186 3075 3260 periculum
3107 3188 3429 3245 reviscendi
3468 3188 3691 3246 charis-

277 3251 437 3345 dam,
475 3277 545 3332 de
578 3294 691 3348 quo
716 3277 1063 3333 Ambrosius
1088 3251 1120 3334 ε’
1152 3279 1457 3335 Plaudebat
1490 3251 1615 3353 sibi,
1661 3251 1765 3347 ait:
1793 3280 1932 3353 quod
1962 3251 2003 3316 Ο
2044 3278 2179 3334 simi
2210 3278 2407 3334 fratris
2457 3251 2838 3350 cupiditatem
2889 3276 3073 3333 valuit
3129 3278 3441 3335 retardare.
3474 3278 3691 3335 Verum

275 3365 579 3422 sacerdotii
606 3367 716 3421 mei
746 3369 1023 3422 occasione
1051 3366 1395 3424 redditurum
1440 3386 1497 3425 se
1542 3386 1667 3442 qua
1693 3370 1935 3426 abstule-

280 3459 530 3521 rat,non
582 3454 810 3523 putabat
856 3455 1013 3526 (ibid.
1064 3474 1229 3511 num.
1278 3459 1395 3528 24.)
1444 3458 1599 3514 Nihil
1647 3459 1937 3515 omissum

278 3550 369 3599 est
399 3544 479 3598 ab
513 3544 842 3607 Ambrosio,
874 3548 939 3599 ut
968 3545 1039 3600 ab
1072 3544 1173 3601 illa
1198 3546 1564 3619 navigatione
1592 3549 1829 3604 fratrem
1848 3565 1935 3603 re-

277 3637 537 3696 vocaret,
568 3636 625 3686 et
670 3631 765 3686 alii
824 3633 1282 3689 demandaretur
1327 3652 1396 3691 ea
1443 3636 1737 3707 provincia
1780 3638 1936 3708 (ibid.

278 3738 449 3776 num.
485 3720 601 3791 26).
636 3720 880 3793 Satyrus
907 3725 1102 3777 tamen
1134 3739 1251 3779 non
1303 3723 1529 3780 destitit
1556 3743 1589 3779 a
1620 3725 1936 3798 proposito,

280 3810 384 3866 and
420 3825 541 3882 quo
572 3807 822 3864 celerius
862 3809 1230 3882 interjectum
1283 3829 1444 3869 mare
1497 3814 1938 3884 transmitteret,

277 3899 464 3953 veteri
497 3901 557 3952 et
583 3897 881 3952 sentinoso
914 3898 1141 3972 navigio
1173 3901 1257 3955 uti
1290 3914 1403 3956 non
1437 3902 1635 3957 timuit
1650 3903 1833 3975 (ibid.)

358 3990 454 4042 32.
488 3986 714 4042 Interea
744 3986 803 4041 in
836 3987 1108 4043 morbum
1131 3989 1585 4046 inciditsanctus
1601 3991 1940 4065 episcopus:

274 4078 532 4149 Denique
582 4078 862 4147 proxime,
898 4076 1111 4148 inquit,
1144 4095 1265 4133 cum
1292 4082 1453 4149 gravi
1477 4080 1737 4152 quodam,
1785 4089 1944 4152 atque

275 4167 509 4220 utinam
536 4179 791 4235 supremo
830 4181 1059 4236 urgerer
1086 4182 1292 4235 occasu,
1326 4167 1424 4223 hoc
1468 4169 1647 4224 solum
1673 4168 1943 4238 dolebam,

279 4253 427 4325 quod
477 4270 589 4309 non
638 4255 754 4325 ipse
804 4255 1086 4310 assisteres
1156 4257 1374 4320 lectulo,
1415 4274 1479 4311 ac
1535 4259 1778 4313 votivum
1822 4277 1947 4315 cum

278 4352 477 4397 senem
499 4358 684 4398 sorore
710 4344 953 4413 partitus
1006 4345 1271 4415 ofﬁcium,
1314 4347 1599 4401 morientis
1644 4348 1825 4403 oculos
1861 4349 1944 4403 di-

283 4433 419 4502 gitis
450 4432 565 4485 tuis
593 4430 875 4485 clauderes
904 4431 1067 4497 (ibid.
1091 4450 1255 4489 num.
1308 4434 1419 4504 36).
1468 4435 1547 4489 Ex
1577 4435 1792 4507 quibus
1823 4453 1946 4491 ver-

283 4518 380 4573 bis
411 4517 591 4572 etiam
623 4517 919 4591 intelligas
934 4536 1034 4591 per
1054 4520 1203 4575 hanc
1216 4521 1401 4594 Satyri
1417 4523 1945 4595 peregrinationem

2046 3367 2362 3423 Mediolani
2391 3366 2483 3423 vix
2514 3367 2697 3422 redux
2733 3370 2877 3433 erat,
2928 3383 3060 3422 cum
3109 3367 3332 3423 sontico
3373 3384 3693 3440 oppressus

2046 3457 2269 3524 morbo,
2303 3456 2505 3529 paucis
2535 3456 2740 3511 diebus
2781 3456 2901 3511 vita
2943 3456 3211 3513 excessit.
3266 3457 3348 3512 Ita
3389 3458 3557 3526 enim,
3612 3456 3695 3513 ait

2048 3549 2287 3601 sanctus
2318 3545 2514 3609 frater,
2563 3553 2783 3600 mature
2816 3553 3027 3615 ereptus
3063 3553 3160 3611 est,
3203 3554 3486 3617 postquam
3520 3554 3690 3615 venit,

2047 3636 2206 3705 quasi
2229 3638 2451 3705 propter
2476 3635 2574 3690 hoc
2600 3628 2777 3688 solum
2803 3633 3081 3689 videretur
3106 3650 3224 3690 esse
3246 3634 3472 3703 dilatus,
3522 3643 3585 3691 ut
3622 3635 3695 3690 ad

2047 3726 2253 3795 fratres
2274 3722 2475 3778 rediret
2504 3721 2659 3791 (ibid.
2693 3738 2858 3777 num.
2911 3724 3018 3791 17).
3067 3722 3413 3778 Ambrosius
3443 3739 3510 3779 ac
3540 3722 3691 3778 Mar-

2049 3810 2257 3867 cellina
2283 3810 2624 3866 tristissimo
2654 3809 2754 3865 illo
2784 3809 2951 3882 potiti
2974 3812 3211 3866 fuerunt
3231 3810 3692 3883 solatiolo,quod

2052 3900 2211 3955 fratri
2247 3904 2365 3955 tam
2395 3903 2590 3956 tenere
2621 3897 2830 3954 dilecto
2860 3898 3060 3954 omnia
3090 3898 3401 3954 ministerii
3434 3915 3502 3954 ac
3522 3899 3694 3954 sedu-

2048 3989 2229 4045 litatis
2262 3987 2543 4062 obsequia
2570 3991 2628 4043 et
2656 3987 2961 4060 aegrotanti
2990 3991 3049 4043 et
3077 3987 3380 4043 demortuo
3428 3987 3699 4043 exhibue-

2056 4077 2410 4150 runt.Satyri
2433 4093 2646 4149 corpus
2667 4093 2800 4133 cum
2821 4075 3039 4149 ingenti
3063 4092 3278 4148 pompa
3308 4074 3368 4131 in
3390 4075 3697 4132 ecclesiam

2053 4166 2293 4234 elatum,
2327 4170 2384 4221 ct
2415 4182 2445 4221 e
2475 4164 2707 4237 regione
2733 4163 3007 4221 umbonis
3038 4163 3295 4237 positum
3321 4163 3431 4220 fuit
3450 4161 3702 4220 revelata

2056 4255 2238 4310 facie:
2282 4258 2522 4310 sanctus
2574 4271 2707 4311 vero
2770 4253 3005 4326 praesul,
3071 4254 3126 4308 vi
3197 4252 3459 4310 adhibita
3514 4251 3702 4309 dolori

2058 4359 2186 4409 suo,
2244 4359 2440 4398 coram
2488 4343 2713 4415 ingenti
2763 4342 3071 4398 hominum
3122 4347 3296 4409 coetu,
3346 4341 3586 4398 fratrem
3635 4357 3705 4397 ea

2058 4430 2319 4486 laudavit
2348 4430 2629 4499 Oratione,
2680 4449 2798 4503 qua
2843 4429 2987 4486 nihil
3038 4429 3299 4486 tenerius
3330 4430 3518 4503 possit
3546 4431 3704 4503 cogi-

2059 4520 2191 4585 tari,
2225 4520 2717 4592 quemadmodum
2751 4536 2819 4576 ex
2839 4519 3087 4575 lectione
3116 4520 3244 4591 ejus
3293 4519 3583 4591 hodieque
3612 4536 3707 4576 co-

285 4604 700 4662 Mareellinam
736 4606 1155 4663 cbarissimum
1183 4626 1355 4665 suum
1376 4627 1722 4683 germanum
1741 4612 1953 4669 invisu-
1983 4615 2029 4680 D
2061 4625 2340 4682 gnoscere
2368 4613 2478 4666 est.

284 4712 417 4750 ram
451 4693 687 4750 venisse
718 4695 1139 4764 Mediolanum,
1174 4703 1229 4753 et
1257 4697 1371 4771 ipsi
1401 4698 1458 4753 in
1493 4700 1821 4771 periculosa
1851 4701 1951 4758 illa

281 4782 632 4839 valetudine
663 4783 869 4839 sedulo
898 4784 1287 4842 ministrasse.

358 4872 457 4927 33.
511 4874 775 4944 Satyrus,
836 4875 955 4928 tam
1004 4872 1214 4929 vitiosa
1280 4876 1407 4930 navi
1461 4893 1799 4945 conscensa,
1841 4896 1957 4934 non

290 4960 492 5016 multo
522 4963 657 5032 post
680 4960 1055 5034 naufragium
1090 4963 1222 5019 fecit
1250 4981 1262 5017 :
1293 4982 1424 5020 cum
1460 4967 1618 5023 enim
1668 4967 1723 5023 in
1765 4968 1961 5024 brevia

280 5048 568 5106 illisisset
592 5048 745 5104 idem
770 5050 1090 5123 navigium,
1108 5054 1236 5123 ejus
1251 5070 1534 5127 compago
1556 5056 1756 5112 statim
1769 5056 1961 5113 soluta

284 5145 399 5194 est.
440 5138 506 5192 In
534 5141 701 5191 tanto
729 5143 970 5210 tamque
1017 5141 1290 5211 praesenti
1340 5143 1598 5213 periculo
1642 5145 1715 5200 ab
1758 5144 1831 5200 iis
1862 5145 1960 5215 qui

282 5226 542 5300 genitali
578 5243 733 5296 aqua
764 5226 935 5282 tincti
966 5228 1196 5285 fuerant
1233 5231 1518 5301 (nondum
1546 5234 1701 5288 enim
1733 5250 1965 5305 excepe-

282 5321 382 5370 rat
442 5331 577 5369 eam
624 5315 875 5387 gratiam
922 5316 1216 5389 (Divinum
1273 5320 1521 5390 ﬁdelium
1560 5328 1965 5377 sacramentum

278 5405 603 5476 poposcit...
652 5410 703 5458 et
743 5405 915 5475 ligari
961 5407 1099 5477 fecit
1150 5410 1211 5461 in
1273 5410 1478 5475 orario,
1521 5414 1571 5463 et
1601 5412 1847 5465 orarium
1877 5413 1964 5467 in-

284 5494 467 5548 volvit
496 5493 664 5559 collo,
715 5497 877 5565 atque
932 5496 1012 5550 ita
1069 5512 1123 5551 se
1171 5496 1365 5568 dejecit
1417 5499 1475 5552 in
1518 5515 1744 5554 mare...
1799 5501 1884 5555 his
1911 5517 1968 5556 se

286 5592 481 5639 tutum
512 5586 684 5654 atque
709 5585 989 5639 munitum
1017 5587 1149 5641 satis
1178 5584 1420 5653 credens,
1453 5587 1568 5642 alia
1616 5589 1833 5643 auxilia
1860 5606 1969 5645 non

288 5673 603 5744 requisivit
633 5673 792 5745 (ibid.
818 5689 984 5729 num.
1018 5674 1130 5746 43).
1163 5674 1232 5730 Et
1263 5691 1395 5731 eum
1428 5692 1564 5749 spes
1595 5694 1703 5734 sua
1724 5678 1969 5738 minime

2128 4699 2219 4754 36.
2285 4700 2724 4755 Testamentum
2798 4697 3028 4754 nullum
3102 4698 3365 4755 condidit
3439 4698 3707 4771 Satyrus,

2057 4787 2292 4844 etiamsi
2325 4788 2667 4850 Ambrosius
2698 4805 2763 4844 ac
2792 4786 3133 4844 Marcellina
3162 4786 3485 4844 instantius
3523 4787 3595 4842 ab
3638 4800 3705 4842 eo

2070 4876 2125 4931 id
2184 4876 2656 4946 contendissent;
2707 4877 2806 4933 sed
2859 4876 3167 4933 facultates
3217 4892 3353 4933 suas
3402 4873 3708 4946 utriusque

2068 4964 2335 5037 permisit
2366 4966 2625 5022 arbitrio.
2659 4966 2795 5021 Erat
2839 4965 2948 5021 hoc
2997 4964 3233 5037 quidem
3283 4961 3415 5017 illas
3446 4961 3708 5034 pauperi-

2071 5056 2183 5111 bus
2210 5054 2477 5110 nobiliori
2527 5055 2780 5126 quadam
2821 5052 3046 5109 ratione
3093 5057 3149 5108 et
3181 5048 3420 5106 vanitati
3467 5048 3712 5109 minime

2070 5143 2321 5199 obnoxia
2372 5141 2701 5215 relinquere
2746 5147 2920 5215 atque
2967 5141 3200 5213 legare;
3265 5141 3507 5196 sanctus
3555 5140 3712 5197 enim

2070 5233 2380 5305 episcopus
2411 5249 2526 5288 non
2559 5250 2727 5289 secus
2757 5250 2824 5288 ac
2854 5231 3120 5302 ipsorum
3151 5243 3317 5283 soror
3360 5227 3441 5285 ita
3469 5231 3597 5301 ejus
3624 5246 3718 5285 vo-

2075 5321 2355 5376 luntatem
2403 5320 2764 5393 interpretati
2822 5323 2979 5383 sunt,
3034 5322 3099 5371 ut
3143 5317 3560 5389 dispensatores,
3606 5333 3719 5373 non

2074 5410 2312 5466 Izzeredes
2343 5427 2405 5466 se
2430 5410 2729 5465 institutos
2759 5406 3201 5475 arbitrarentur,
3223 5405 3423 5477 sicque
3451 5407 3522 5462 ad
3555 5407 3718 5479 Saty-

2075 5516 2205 5555 rum
2234 5499 2393 5554 illius
2426 5498 2502 5553 rei
2538 5497 2708 5553 rediit
2735 5496 2927 5551 omnis
2958 5511 3204 5552 merces.

2146 5589 2236 5644 37.
2271 5587 2528 5661 Septimo
2560 5585 2653 5641 die
2683 5584 2937 5641 reditum
2962 5588 3052 5641 est
3073 5585 3144 5641 ad
3178 5583 3368 5658 Satyri
3399 5580 3718 5655 tumulum,
3816 5659 3822 5662 4

2078 5681 2145 5734 ut
2171 5677 2358 5750 ipsius
2380 5674 2587 5733 animae
2610 5672 2798 5732 solitis
2836 5673 3109 5746 precibus
3139 5691 3205 5733 ac
3243 5671 3601 5733 caeremoniis
3632 5673 3716 5730 di-
