4172 6182
433 298 510 367 ετ
1777 303 1960 375 vm
2012 302 2078 371 s.
2101 303 2495 377 .AMBROSII
3759 304 3863 397 se;

430 438 633 496 vinum
657 455 874 496 numen
906 437 1335 513 propitiaretur.
1385 440 1547 496 Tunc
1595 442 1835 495 sanctus
1877 441 2075 494 noster
2107 440 2158 507 Α
2188 440 2550 514 argumentis
2597 441 2946 515 respondere
2994 458 3302 503 necessum
3347 441 3612 503 haberet.
3654 441 3839 519 Prop-

432 529 609 585 aliam
641 530 961 585 orationem
988 531 1319 595 instituens,
1354 529 1784 585 admittendum
1826 526 2083 584 ostendit
2190 536 2347 586 terea
2376 534 2723 604 priusquam
2756 532 3034 591 scriberet
3079 534 3154 591 De
3197 534 3418 605 Spiritu
3466 538 3671 607 sancto,
3718 550 3840 592 me-

432 634 564 675 esse
596 619 891 689 solatium,
926 638 1029 675 nec
1061 624 1304 675 mortem
1341 620 1802 690 propinquorum
1847 621 1949 673 aut
1998 618 2078 671 fa-
2194 622 2435 676 moratis
2456 622 2686 677 duobus
2716 622 2880 678 libris
2910 625 2984 679 De
3012 624 3116 694 ﬁde
3145 630 3262 680 tres
3303 623 3449 681 alios
3490 624 3712 680 addere.
3727 624 3841 681 sibi

432 707 752 763 miliarium
785 716 1116 764 nostrorum
1142 709 1453 763 immodice
1474 708 1810 779 lugendam;
1846 706 2081 777 quando
2193 711 2495 781 proposuit
2524 715 2645 766 tam
2676 718 2808 780 apte
2836 713 3211 784 compositos,
3244 719 3309 769 ut
3337 729 3539 769 omnes
3570 712 3751 769 simul
3783 715 3842 769 in

435 796 778 852 hominibus
810 798 1084 851 omnibus
1115 797 1215 850 illa
1245 797 1577 851 communis
1602 801 1710 861 est,
1743 801 1800 849 et
1828 794 1955 850 sine
1982 792 2086 847 illa
2193 815 2378 852 unum
2427 816 2574 869 opus
2616 800 3021 857 coalescerent.
3071 802 3215 856 Tam
3260 818 3534 874 prospere
3577 802 3754 858 cessit
3789 802 3839 861 ei

436 886 562 941 erui
595 903 663 940 ex
689 886 818 940 vita:
850 885 1028 955 hujus
1060 886 1512 953 calamitatibus,
1545 890 1720 956 atque
1751 885 1820 939 ad
1856 883 2080 938 felicem
2193 887 2499 942 consilium
2533 889 2778 959 (Admon.
2811 891 2869 944 in
2904 891 2997 944 lib.
3031 894 3101 946 De
3130 890 3276 962 ﬁde),
3322 895 3388 946 ut
3417 890 3514 962 qui
3566 907 3685 947 non
3717 907 3843 946 om-

437 976 925 1031 resurrectionem
960 974 1212 1046 bonique
1246 974 1457 1029 infiniti
1491 973 1916 1045 possessionem
1953 988 2081 1043 pcr-
2192 975 2330 1031 nino
2361 976 2418 1031 in
2452 978 2694 1048 perﬁdia
2724 978 3134 1034 induruissent
3181 985 3605 1047 revocarentur,
3658 978 3845 1037 animi

436 1064 633 1121 venire
664 1064 881 1119 nemini
910 1062 1061 1119 licet.
1093 1066 1249 1119 Idem
1298 1063 1561 1131 antistes,
1614 1063 1662 1118 si
1697 1079 1813 1133 qua
1842 1062 2084 1116 debetur
2192 1070 2540 1137 pacarentur
2581 1066 3022 1139 catholicorum,
3073 1071 3130 1123 et
3176 1068 3488 1124 Gratianus
3526 1067 3610 1125 eis
3658 1068 3842 1124 eccle-

438 1154 585 1209 ﬁdes
615 1155 900 1226 Dungalo,
936 1153 1265 1225 composuit
1287 1153 1547 1225 germani
1572 1152 1662 1207 sui
1694 1150 2081 1223 epitaphium,
2192 1153 2340 1210 siam
2373 1172 2548 1210 unam
2582 1155 2742 1210 reddi
2768 1156 3021 1228 juberet,
3066 1172 3244 1229 quam
3291 1156 3649 1229 sequestrari
3676 1156 3841 1214 Aria-

438 1248 497 1299 et
528 1244 654 1314 ejus
686 1244 913 1299 tumulo
943 1242 1389 1314 insculpendum
1418 1240 1657 1296 curavit.
1679 1242 1960 1296 Cmterum
1992 1238 2080 1294 in-
2192 1260 2400 1298 norum
2433 1261 2631 1315 preces
2660 1243 2938 1316 improbae
2969 1245 3041 1301 ab
3072 1243 3170 1301 illo
3200 1248 3582 1302 extorserant.

435 1336 526 1389 ter
554 1334 701 1389 duos
749 1332 894 1389 alios
944 1335 1151 1388 fratres
1199 1348 1501 1403 nunquam
1551 1335 1779 1403 reperta
1830 1333 1920 1384 est
1965 1346 2079 1384 non
2263 1334 2348 1388 42.
2384 1332 2504 1388 Sub
2559 1333 2792 1388 initium
2843 1334 3312 1406 Quadragesimae
3356 1334 3493 1390 anni
3535 1335 3843 1407 praesentis

437 1426 630 1479 solum
675 1422 1003 1477 animorum
1058 1426 1221 1476 tanta
1261 1422 1586 1487 consensio,
1644 1435 1846 1475 verum
1904 1418 2081 1493 etiam
2190 1421 2535 1477 Ambrosius
2565 1423 2635 1477 ad
2657 1421 3060 1479 Constantium
3079 1421 3846 1496 episcopaliconsecratione

436 1528 723 1584 corporeae
755 1510 1191 1566 constitutionis
1239 1526 1304 1564 ac
1352 1508 1559 1564 frontis
1607 1522 1839 1579 quoque
1871 1505 2081 1560 simili-
2192 1526 2307 1565 non
2341 1512 2565 1581 pridem
2592 1511 3012 1583 inauguratum
3054 1512 3214 1568 dedit
3250 1511 3584 1583 epistolam,
3623 1529 3741 1584 qua
3769 1514 3843 1573 de

433 1602 616 1656 tudo:
651 1600 1022 1671 contingebat
1053 1600 1208 1654 enim
1242 1615 1393 1669 saepe
1443 1597 1656 1668 saepius
1704 1596 1859 1665 (ibict.
1913 1611 2079 1664 num,
2191 1599 2399 1653 ofﬁciis
2429 1600 2859 1672 episcoporum,
2892 1601 3082 1672 deque
3120 1600 3385 1673 ipsorum
3417 1600 3683 1658 doctrina
3711 1603 3845 1659 fuse

433 1690 546 1759 36),
582 1693 647 1743 ut
677 1688 858 1743 altero
909 1692 1224 1759 a-grotante
1273 1687 1417 1741 alter
1462 1689 1790 1757 aegrotaret,
1840 1699 2082 1737 rursus~
2191 1687 2473 1758 disputat.
2510 1689 2592 1743 Ibi
2624 1695 2817 1744 autem
2850 1688 2972 1745 haec
3004 1688 3088 1743 illi
3120 1688 3320 1744 scribit
3338 1687 3490 1746 inter
3509 1688 3655 1746 alia:
3692 1691 3845 1748 Com.-

433 1792 547 1847 que
577 1776 1012 1831 convalescente
1044 1774 1500 1842 convalesceret;
1525 1779 1582 1829 et
1612 1772 1873 1846 plerique
1904 1772 2080 1826 etiam
2113 1807 2160 1874 B
2189 1777 2383 1832 mendo
2440 1779 2725 1835 ecclesiam
2755 1792 2880 1849 quae
2921 1785 2999 1832 est
3042 1777 3113 1833 ad
3165 1780 3366 1833 Forum
3422 1778 3683 1847 Cornelii,
3733 1795 3842 1853 quo

434 1864 597 1920 alteri
631 1882 692 1920 se
730 1865 890 1936 loqui
937 1864 1358 1931 existimarent,
1411 1880 1544 1918 cum
1594 1867 1788 1918 tamen
1829 1860 2077 1916 alterum
2113 1860 2159 1874 “’
2190 1880 2312 1920 eam
2360 1865 2424 1920 de
2467 1868 2718 1937 proximo
2767 1868 3061 1922 intervz'sas
3118 1868 3478 1939 frequentius.
3538 1866 3841 1941 Occupatus

432 1955 886 2027 alloquerentur.
2188 1952 2381 2009 diebus
2423 1955 2801 2025 ingruentibus
2856 1954 3316 2028 Quadragesimae,
3361 1960 3480 2011 tam
3520 1956 3678 2030 longe
3725 1972 3842 2013 non

502 2046 590 2101 38.
625 2046 751 2118 (AN.
784 2046 933 2116 370.)
964 2046 1044 2099 Ex
1070 2044 1313 2098 hiberna
1339 2042 1525 2114 Satyri
1558 2041 1911 2113 profectione
1942 2058 2079 2097 con-
2185 2059 2409 2116 possum
2453 2060 2761 2100 excurrere.
2816 2045 2987 2101 Habes
3038 2045 3158 2102 illic
3202 2045 3423 2116 Illyrios
3479 2044 3544 2101 de
3590 2046 3842 2118 improba

421 2135 714 2207 jecturam
745 2134 911 2189 valde
942 2132 1299 2205 probabilem
1332 2132 1541 2186 ducere
1574 2130 1709 2186 licet
1738 2131 1934 2202 ipsum
1962 2148 2077 2185 non
2187 2132 2434 2188 doctrina
2480 2135 2835 2201 Arianorum,
2883 2149 3013 2189 cave
3057 2150 3244 2190 eorum
3292 2135 3580 2189 zizania...
3628 2134 3839 2193 Aduer-

429 2224 545 2281 nisi
585 2224 695 2280 hoc
725 2240 877 2278 anno
909 2222 1123 2277 abiisse
1175 2221 1245 2276 ad
1296 2237 1560 2291 superos,
1616 2236 1721 2275 nec
1752 2236 1866 2274 non
1909 2220 2077 2275 fune-
2185 2224 2308 2276 tant
2353 2224 2449 2292 qui
2494 2227 2714 2293 propter
2767 2238 2927 2277 suam
2972 2222 3267 2294 perﬁdiam
3297 2220 3556 2277 acciderit
3581 2223 3691 2278 sibi
3715 2223 3836 2294 (In-

428 2315 563 2371 bres
593 2316 721 2383 ejus
750 2312 1052 2369 Orationes
1082 2311 1312 2365 habitas
1348 2326 1495 2365 esse.
1549 2309 1831 2364 Eumdem
1881 2313 2073 2364 autem
2186 2309 2379 2382 tellige
2407 2310 2667 2367 Valentis
2698 2311 2984 2383 exitium),
3027 2313 3322 2383 quiescant,
3379 2320 3431 2367 et
3460 2328 3646 2367 veram
3671 2311 3840 2382 ﬁdem

429 2407 765 2460 sanctorum
800 2401 930 2456 albo
959 2400 1259 2472 inscripsit
1288 2399 1563 2464 Ecclesia,
1609 2399 1779 2469 cujus
1823 2397 2075 2453 natalem
2184 2403 2485 2469 sequantur
2509 2400 2702 2472 (epist.
2724 2399 2797 2471 2).

428 2492 729 2548 renuntiat
753 2508 843 2545 xxv
876 2489 1000 2544 Kal.
1027 2489 1249 2543 mensis
1280 2488 1565 2543 Octobris.
2256 2488 2344 2542 43.
2378 2487 2458 2543 De
2488 2488 2697 2543 iisdem
2747 2487 2862 2545 illis
2908 2486 3345 2543 calamitatibus
3373 2504 3501 2560 quis
3532 2488 3601 2544 ad
3632 2488 3835 2546 Eccle-

497 2582 585 2635 39.
622 2581 737 2635 Hoc
762 2580 888 2650 ipso
920 2595 1072 2633 anno
1101 2577 1415 2633 Gratianus
1445 2577 1656 2644 Caesar,
1705 2575 1776 2630 de
1808 2574 2074 2630 cladibus
2185 2575 2333 2631 siam
2365 2581 2538 2648 atque
2568 2576 2883 2648 imperium
2909 2593 2977 2632 ex
2992 2577 3229 2633 interitu
3261 2575 3510 2633 infelicis
3543 2576 3701 2633 illius
3724 2578 3836 2634 im-

428 2664 595 2741 queis
626 2668 698 2723 ob
732 2669 1023 2722 funestam
1058 2665 1318 2721 Valentis
1370 2681 1569 2719 necem
1624 2665 1895 2719 Romanas
1942 2680 2072 2735 pro-
2184 2665 2470 2736 peratoris
2501 2666 2745 2732 rediere,
2777 2666 3043 2738 queritur
3072 2669 3313 2722 sanctus
3338 2665 3542 2737 praesul
3572 2664 3833 2722 etiamin

424 2758 629 2816 vincies
659 2756 1087 2822 lacerabantur,
1121 2754 1506 2809 resarciendis
1548 2753 1865 2807 admodum
1915 2751 2072 2806 solli-
2183 2752 2333 2809 libro
2364 2754 2437 2810 De
2466 2754 2574 2810 Noe
2602 2758 2655 2809 et
2684 2756 2821 2809 Arca
2851 2755 2922 2827 (c.
2958 2756 3009 2820 1,
3041 2772 3099 2810 n.
3132 2754 3185 2821 3,
3218 2763 3269 2812 et
3307 2754 3532 2810 Admon.
3581 2756 3640 2810 in
3684 2756 3837 2812 hunc

427 2848 600 2913 citus,
653 2844 1049 2901 Theodosium
1099 2843 1328 2914 imperii
1377 2848 1706 2898 consortem
1758 2840 1910 2896 fecit.
1958 2840 2073 2895 Hac
2184 2842 2306 2914 lib.)
2338 2843 2407 2898 Et
2433 2860 2501 2898 ex
2554 2842 2661 2898 hoc
2711 2843 3229 2916 superioribusque
3269 2843 3506 2916 scriptis
3537 2844 3837 2917 cognosci-

428 2936 741 3006 adoptione
783 2951 898 3005 qua
946 2932 1242 2988 salubrius
1285 2930 1514 3003 imperii
1545 2930 1722 2985 saluti
1772 2928 1917 2984 nihil
1950 2928 2073 2983 ﬁeri
2184 2949 2317 2987 mus
2347 2932 2616 2987 eumdem
2647 2931 2866 2987 librum
2914 2933 3051 2988 huic
3100 2932 3211 3003 ipsi
3252 2949 3404 2988 anno
3452 2932 3830 2988 tribuendum

428 3024 638 3097 potuit,
683 3021 934 3078 Orientis
982 3021 1302 3093 provinciae,
1355 3020 1570 3090 quibus
1612 3018 1854 3090 insuper
1884 3034 2073 3072 acces-
2183 3021 2691 3086 esse,acsedulum
2723 3022 3017 3079 doctorem
3050 3021 3362 3078 indefessis
3390 3020 3830 3077 laboribustum

429 3116 634 3168 serunt
662 3111 995 3166 Macedonia
1029 3114 1203 3180 atque
1243 3108 1482 3173 Graecia,
1534 3106 1859 3162 Theodosio
1909 3105 2070 3160 attri-
2114 3174 2142 3180 Α
2184 3108 2526 3164 adhibendis
2543 3107 3829 3175 orthodoxorummiseriisconsolationi,tum

426 3203 579 3258 butts
615 3174 1336 3267 sunt.Gratianijudicium
1369 3196 1737 3268 Augustinus
1782 3194 1903 3263 (lib.
1937 3212 1971 3248 ν
2000 3196 2073 3249 De
2104 3174 2145 3240 ί)
2183 3197 2541 3270 depellendis
2590 3198 3076 3254 heterodoxorum
3119 3196 3417 3254 erroribus
3445 3196 3824 3265 incubuisse;

423 3294 528 3348 civ.
566 3293 685 3357 Dei,
718 3306 843 3361 cap.
875 3290 966 3360 25)
1007 3287 1221 3359 aliique
1270 3286 1583 3357 scriptores
1623 3284 1887 3356 impense
1935 3282 2061 3337 lau-
2179 3287 2298 3341 imo
2326 3303 2459 3342 vero
2489 3287 2710 3343 Judaais
2740 3287 2886 3359 ipsis
2918 3287 2990 3342 ad
3020 3285 3339 3342 Ecclesium
3382 3284 3823 3359 eompellendis,

424 3382 601 3437 dant:
635 3379 736 3435 sed
764 3378 962 3433 nullus
992 3376 1256 3432 omnium
1289 3391 1354 3430 eo
1378 3375 1566 3445 magis
1591 3372 1911 3428 delectatus
1959 3377 2066 3439 est,
2178 3377 2278 3431 sed
2313 3377 2370 3431 in
2404 3376 2497 3433 his
2526 3392 2763 3448 operam
2795 3392 2964 3431 suam
2998 3381 3232 3448 pr0pter
3270 3391 3472 3430 eorum
3517 3379 3828 3432 contuma-

422 3486 599 3541 quam
631 3467 976 3522 Ambrosius
998 3464 1236 3536 ;quippe
1263 3462 1361 3534 qui
1385 3469 1441 3518 et
1472 3460 1811 3518 Gratianum
1836 3477 2068 3517 summe
2178 3464 2326 3520 ciam
2360 3466 2656 3520 incassum
2691 3464 2967 3521 recidisse
2997 3464 3201 3520 dolens
3230 3468 3498 3520 testatur.

420 3557 705 3631 diligeret,
738 3561 795 3611 et
824 3555 1220 3611 Theodosium
1253 3555 1491 3624 propter
1519 3550 1761 3606 eximias
1794 3552 1923 3621 ejus
1952 3549 2065 3604 vir-
2247 3554 2333 3607 44.
2370 3554 2495 3625 (AN.
2546 3553 2696 3625 380.)
2743 3551 2919 3621 Felix,
2969 3551 3343 3608 Comensium
3389 3552 3615 3625 primus
3663 3551 3823 3624 epis-

416 3651 572 3703 tutes
602 3646 857 3701 maximo
887 3644 1123 3699 haberet
1156 3643 1213 3696 in
1247 3657 1508 3696 numero.
2174 3657 2377 3714 copus,
2410 3641 2481 3697 ab
2513 3641 2819 3697 Ambrosio
2849 3645 3048 3698 nostro
3071 3641 3829 3713 susceperatmanuumim-

487 3737 573 3791 40.
634 3736 953 3805 Postquam
1009 3730 1372 3787 Theodosius
1431 3728 1684 3785 Orientis
1747 3728 2065 3798 imperator
2173 3729 2559 3801 positionem,
2612 3734 2785 3803 atque
2830 3731 2972 3786 adeo
3033 3730 3408 3786 mirumnon
3440 3729 3633 3797 fuerit,
3665 3729 3828 3800 quod

413 3823 744 3881 declaratus
776 3827 882 3889 est,
916 3822 1070 3893 quod
1106 3825 1404 3891 peractum
1439 3816 1638 3873 Sirmii
1670 3830 1763 3871 xlv
1802 3815 1925 3872 Kal.
1962 3817 2061 3872 Fe-
2172 3819 2323 3874 inter
2354 3818 2484 3874 illos
2510 3822 2738 3874 tantum
2778 3818 3194 3875 familiaritatis
3242 3816 3655 3874 intercesserit.
3688 3815 3830 3889 Epi-

411 3914 679 3969 bruarias
707 3913 955 3982 hujusce
986 3910 1121 3964 anni
1148 3927 1161 3975 ;
1196 3907 1510 3962 Gratianus
1540 3907 1597 3959 in
1630 3904 1935 3970 Gallias,ut
1964 3922 2061 3960 eas
2171 3907 2384 3962 stolam
2416 3924 2532 3978 qua
2563 3911 2803 3963 sanctus
2855 3912 3054 3964 noster
3096 3911 3350 3979 accepta.
3385 3907 3457 3962 ab
3502 3905 3601 3961 illo
3630 3906 3833 3962 tubera

413 4003 902 4060 aGermanorum
952 3996 1433 4070 populationibus
1482 3994 1833 4059 defenderet,
1884 3994 2057 4050 venit.
2168 3997 2329 4052 mira:
2359 3995 2757 4065 magnitudinis
2787 3995 2979 4067 (epist.
3027 3996 3083 4067 3)
3132 3994 3324 4067 lepide
3373 4000 3550 4066 atque
3600 3994 3833 4051 urbane

413 4090 476 4145 In
534 4091 663 4162 ipso
723 4090 932 4143 itinere
990 4085 1236 4140 antistiti
1305 4089 1505 4137 nostro
1563 4082 2055 4138 ofﬁciosissimam
2168 4082 2396 4150 laudat,
2433 4081 2541 4137 hoc
2575 4089 2699 4155 ipso
2728 4100 2903 4149 anno,
2937 4083 2984 4139 si
3019 4084 3157 4155 quid
3188 4081 3831 4156 ﬁdeiUghellohaben-

412 4179 647 4252 scripsit
678 4175 1011 4250 epistolam,
1044 4190 1159 4245 qua
1190 4173 1382 4244 ipsum
1438 4176 1502 4226 ut
1547 4188 1608 4226 se
1638 4171 1930 4238 inviseret,
1957 4171 2059 4228 ite-
2168 4171 2312 4225 dum
2344 4176 2432 4226 est
2466 4173 2612 4241 (Ital.
2655 4187 2834 4239 sacra,
2867 4176 3008 4226 tom.
3057 4172 3150 4243 II),
3200 4171 3483 4244 scriptam
3534 4171 3827 4229 dicemus.

409 4285 659 4340 rumque
707 4265 931 4339 primos
978 4264 1125 4318 duos
1173 4262 1352 4317 libros
1398 4263 1473 4317 De
1520 4261 1622 4330 ﬁde
1665 4260 1771 4315 sibi
1806 4262 2059 4317 traderet
2167 4259 2383 4313 Eadem
2416 4263 2611 4314 autem
2647 4259 2703 4313 in
2749 4259 2995 4331 epistola
3038 4276 3171 4315 cum
3206 4260 3530 4332 peramicas
3561 4259 3714 4331 quod
3747 4260 3826 4316 ad

408 4358 586 4428 (epist.
621 4356 691 4411 ad
720 4354 928 4419 Ambr.,
963 4356 1103 4409 tom.
1138 4354 1209 4417 Il,
1252 4368 1383 4425 pag.
1433 4350 1582 4419 75l),
1630 4350 2054 4417 obstetabatur,
2166 4362 2227 4401 se
2262 4346 2413 4403 Felix
2442 4348 2705 4402 nondum
2735 4349 3012 4416 venisset,
3049 4348 3316 4420 querelas
3348 4348 3698 4404 Ambrosius
3729 4347 3825 4404 in-

407 4460 472 4500 ac
503 4444 680 4499 simul
711 4444 923 4499 iisdem
952 4442 1227 4513 adjiceret
1271 4442 1346 4495 De
1387 4442 1583 4512 spiritu
1613 4447 1798 4495 sancto
1840 4439 2055 4509 ﬁdelem
2164 4436 2466 4503 seruisset,
2501 4434 2597 4491 ille
2622 4436 2777 4493 datis
2808 4436 3025 4494 litteris
3056 4438 3211 4510 apud
3259 4454 3395 4493 eum
3428 4453 3557 4493 sese
3585 4452 3832 4494 excusa-

403 4532 846 4603 disputationem,
879 4549 1004 4603 quae
1037 4530 1397 4587 divinitatem
1430 4530 1556 4600 ejus
1602 4530 2053 4585 demonstraret.
2084 4543 2132 4607 Ι)
2164 4526 2261 4593 vit,
2295 4526 2806 4596 Ambrosius,cum
2841 4525 2951 4582 sibi
2978 4527 3203 4582 reddita
3220 4531 3310 4583 est
3338 4527 3459 4583 haec
3489 4525 3827 4599 responsio,

400 4621 490 4675 Ad
517 4622 637 4677 hmo
667 4622 969 4692 rescripsit
1015 4619 1362 4674 Ambrosius
1418 4624 1633 4681 noster,
1688 4634 1866 4687 seque
1898 4618 2054 4689 quod
2166 4613 2504 4671 inﬁrmitate
2534 4615 2927 4683 detinebatur,
2960 4620 3017 4672 et
3047 4633 3181 4672 cum
3215 4615 3494 4672 Bassiano
3526 4614 3829 4671 Laudensi

395 4700 523 4765 tam
549 4710 661 4766 cito
693 4728 825 4767 eum
860 4710 1165 4764 convenire
1199 4725 1312 4762 non
1348 4714 1566 4779 posset,
1620 4706 1703 4761 ita
1735 4706 2051 4773 excusavit,
2163 4705 2435 4775 epiSCOpo
2463 4703 2565 4775 qui
2597 4708 2737 4759 tunc
2768 4704 3049 4776 temporis
3079 4721 3141 4760 se
3180 4703 3478 4769 inviserat,
3529 4704 3600 4760 de
3628 4701 3828 4761 Felice

396 4804 463 4855 ut
494 4800 685 4872 prima
714 4800 849 4854 data
880 4796 1336 4870 opportunitate,
1385 4796 1827 4850 satisfacturum
1861 4811 1924 4848 se
1956 4812 2052 4850 vo-
2164 4792 2625 4862 eolloquebatur.
2664 4794 2866 4863 Itaque
2895 4794 3156 4849 secunda
3184 4808 3292 4847 sua
3321 4792 3391 4847 ad
3411 4808 3547 4846 eum
3568 4790 3829 4862 epistola

394 4888 606 4944 luntati
641 4890 769 4961 ejus
797 4886 1146 4959 polliceatur
1175 4885 1367 4957 (epist.
1426 4886 1497 4955 1).
1550 4881 1783 4938 Interim
1837 4883 2050 4953 petitos
2161 4882 2350 4953 (epist.
2380 4882 2455 4950 4),
2488 4886 2546 4935 et
2577 4881 2698 4935 htec
2728 4879 2813 4934 illi
2843 4880 3213 4954 significavit,
3242 4884 3299 4935 et
3328 4885 3604 4951 praeterea
3633 4878 3822 4936 etiam

395 4978 466 5033 ab
498 4995 564 5034 eo
597 4977 777 5034 libros
805 4978 877 5031 Dc
906 4976 1012 5045 [ide
1042 4974 1111 5029 ad
1169 4974 1360 5045 ipsum
1397 4972 1589 5033 misit;
1624 4971 1777 5043 quod
1812 4988 1944 5026 vero
1977 4973 2047 5027 ad
2159 4970 2383 5025 addidit
2413 4986 2474 5025 se
2526 4970 2910 5041 spopondisse
2960 4969 3126 5024 illum
3172 4969 3517 5025 adfuturum
3554 4966 3823 5025 basilicae

396 5066 945 5121 commentationem
980 5065 1051 5119 De
1080 5065 1506 5135 spiritusancto,
1532 5061 1598 5114 ad
1636 5060 1743 5115 hoc
1774 5060 1885 5115 sibi
1920 5061 2044 5116 dari
2157 5075 2285 5129 quae
2334 5075 2366 5112 a
2413 5058 2694 5112 Bassiano
2745 5062 3082 5114 constructa
3137 5058 3351 5126 fuerat,
3405 5056 3762 5112 dedicationi
3799 5075 3815 5114 :

396 5170 619 5210 moram
644 5155 824 5226 petiit.
2153 5145 2516 5219 proindeque
2546 5144 2811 5201 ablatum
2844 5146 2956 5219 ipsi
2979 5147 3108 5218 jam
3140 5145 3335 5203 locum
3368 5162 3496 5204 esse
3548 5160 3824 5217 procras-

466 5246 552 5299 41.
586 5243 709 5297 Non
746 5244 1049 5315 ignorabat
1095 5245 1336 5298 sanctus
1393 5240 1487 5294 hic
1527 5239 1726 5293 doctor
1756 5240 1828 5294 ab
1859 5239 2040 5295 hierc-
2152 5234 2403 5291 tinandi.

390 5332 522 5387 ticis
553 5323 931 5403 quibusdam.
965 5330 1221 5386 Palladio
1273 5329 1519 5383 fortasse
1557 5344 1624 5381 ac
1647 5328 2036 5394 Secundiano,
2123 5400 2129 5403 _
2220 5325 2305 5379 45.
2341 5325 2505 5380 Circa
2536 5323 2689 5378 idem
2724 5326 2960 5396 tempus
2992 5324 3199 5381 incidit
3229 5322 3536 5380 Ambrosio
3566 5322 3817 5396 gravius

391 5400 672 5477 nonnulla
701 5426 903 5476 contra
932 5421 1113 5474 libros
1158 5435 1296 5473 suos
1328 5418 1400 5471 De
1428 5417 1533 5487 ﬁde
1577 5415 1753 5470 fuisse
1784 5416 2033 5486 objecta,
2123 5400 2399 5485 quodam
2433 5428 2564 5467 cum
2599 5413 2844 5485 Syagrio
2861 5411 3448 5487 Veronensipraasule
3479 5410 3817 5484 negotium,

386 5514 443 5565 et
476 5527 603 5567 eam
654 5512 728 5565 ab
775 5509 867 5563 his
907 5508 1377 5562 criminationem
1416 5506 1524 5561 sibi
1580 5504 1823 5573 intendi,
1876 5504 2030 5574 quod
2140 5504 2202 5558 in
2236 5519 2350 5574 quo
2380 5501 2717 5573 exemplum
2745 5502 2928 5558 moris
2971 5502 3300 5576 antiquitus
3350 5500 3409 5556 in
3432 5498 3676 5573 judiciis
3697 5500 3816 5559 cri—

382 5598 723 5661 brevitatcm
755 5596 952 5653 dedita
981 5613 1155 5669 opera
1185 5595 1591 5660 atl'ectavisset,
1644 5610 1715 5648 ne
1764 5593 2028 5664 ipsorum
2142 5592 2368 5647 minam
2398 5588 2760 5647 ab‘Ecclesia
2790 5592 3005 5649 servari
3040 5591 3196 5648 soliti
3232 5590 3563 5649 etiamnum
3592 5593 3811 5659 restat,
