4122 6186
243 356 327 435 α
1314 356 1416 423 EX
1461 345 2191 424 EJUST'mlMUM.~
2214 352 2591 419 SCRIPTIS.
3566 340 3651 415 θα

249 512 364 570 quo
393 492 489 553 vix
527 490 667 555 alibi
709 495 976 553 occurrat
1021 491 1412 566 prastantius.
1461 492 1699 558 Indicia,
1731 490 1891 563 virgo
1922 488 1977 555 Α
2006 488 2172 547 Febr.
2203 490 2322 546 vita
2350 488 2643 559 defuncto,
2676 488 2893 563 publici
2917 488 3073 564 juris
3112 490 3264 561 fecit,
3297 490 3502 549 Caesari
3536 492 3645 549 mi-

248 591 606 653 couseorata,
640 584 795 657 apud
828 583 1136 657 Syagrium
1166 581 1391 640 violatas
1427 582 1779 656 virginitatis
1806 598 1895 638 ex-

248 675 570 747 stinctique
598 677 750 731 l'etus
773 672 1119 730 insimulata
1164 673 1372 728 fuerat.
1419 672 1559 727 Eam
1609 671 1897 727 detulerat

250 764 564 822 Marcellus
610 763 875 835 quidam,
910 762 1010 833 qui
1058 777 1317 817 sororem
1367 763 1495 833 ejus
1542 761 1794 816 habebat
1835 760 1895 815 in

250 852 655 920 matrimonio;
707 857 785 917 et,
830 850 994 907 nulla
1050 849 1353 905 afﬁnitatis
1409 849 1631 905 ratione
1673 848 1894 915 habita,

252 942 428 999 malis
451 940 677 996 artibus
701 956 770 996 ac
807 940 1016 996 sutelis
1064 937 1189 994 suis
1235 941 1464 993 tantum
1514 938 1801 1003 effecerat,
1835 940 1901 993 ut

253 1030 633 1087 obstetricum
664 1027 1017 1100 inspectioni
1044 1026 1426 1081 addiceretur.
1453 1026 1783 1082 Provocavit
1813 1027 1899 1081 In-

252 1119 409 1176 dicia
429 1119 497 1173 ad
530 1116 790 1172 tribunal
821 1115 1215 1186 Ambrosii,ad
1246 1132 1421 1188 quem
1443 1116 1617 1171 etiam
1642 1115 1900 1172 scriben-

251 1208 396 1265 dum
428 1205 652 1279 putavit
686 1205 985 1278 Syagrius,
1017 1208 1083 1260 ut
1104 1204 1397 1277 judicium
1448 1205 1557 1261 hoc
1605 1222 1781 1261 suum
1807 1205 1902 1260 de-

246 1296 542 1354 fenderet.
572 1293 915 1350 Ambrosius
961 1293 1111 1349 hanc
1159 1310 1398 1350 causam
1443 1311 1563 1349 una
1605 1311 1738 1349 cum
1769 1294 1902 1350 aliis

246 1384 480 1457 aliquot
497 1382 793 1455 episcopis
822 1382 1194 1450 examinavit,
1227 1388 1303 1450 et,
1336 1384 1535 1455 agnita
1556 1383 1786 1439 [adicias
1817 1385 1903 1439 in-

246 1473 528 1530 nocentia
558 1471 910 1528 Veronensis
960 1472 1217 1543 episcOpi
1263 1473 1614 1528 sententiam
1674 1472 1900 1528 irritam

246 1561 408 1629 fecit,
444 1578 512 1618 ac
544 1566 820 1634 praeterea
847 1560 1089 1632 virginis
1116 1560 1570 1616 calumniatores
1601 1560 1791 1616 affecit
1816 1561 1902 1617 eis

242 1650 447 1723 panis
476 1649 932 1721 quas’exigebat
978 1648 1244 1704 criminis
1294 1648 1589 1704 atrocitas.
1634 1649 1796 1713 Quod
1840 1648 1900 1703 in

241 1738 358 1796 hac
390 1754 576 1795 causa
598 1742 883 1794 statutum
918 1738 1023 1792 abs
1066 1753 1129 1792 se
1170 1736 1378 1801 fuerat,
1409 1738 1648 1810 Syagrio
1680 1737 1902 1809 signiﬁ-

240 1828 401 1885 cavit
434 1843 539 1898 per
564 1825 870 1898 epistolam
918 1824 1113 1897 (epist.
1158 1825 1234 1897 5),
1267 1842 1385 1897 qua
1437 1825 1696 1881 defectus
1728 1830 1902 1898 atque

237 1917 387 1974 vitia
418 1915 728 1971 sententia:
771 1914 843 1968 ab
888 1930 954 1968 eo
1002 1912 1135 1968 lata:
1182 1914 1638 1984 exponebantur.
1670 1915 1904 1970 Veritus

238 2012 451 2067 tamen
481 2021 559 2060 ne
579 2002 745 2059 illum
768 2002 1108 2075 episcopum
1133 2002 1752 2074 abalienasset,paucis
1772 2007 1906 2076 post

242 2095 464 2151 diebus
500 2092 680 2149 aliam
718 2090 1024 2164 epistolam
1066 2091 1138 2146 ad
1195 2108 1330 2147 eum
1390 2091 1549 2148 misit
1600 2092 1792 2165 (epist.
1824 2093 1903 2163 6),

244 2200 364 2254 qna
390 2182 483 2239 illi
509 2198 649 2239 cum
677 2179 996 2252 singularis
1045 2178 1455 2236 benevolentiae
1496 2181 1906 2237 testiﬁcatione

245 2272 419 2344 ponit
444 2272 520 2327 ob
553 2268 773 2336 oculos,
806 2274 1090 2341 quantam
1118 2268 1398 2339 injuriam
1431 2269 1700 2326 universo
1736 2270 1923 2343 virgi--

245 2377 395 2418 num
427 2376 735 2417 sacrarum
769 2358 962 2414 ordini
996 2357 1277 2414 voluisset
1294 2357 1910 2426 inﬂictam,cumindi-

247 2452 407 2507 ciam
425 2455 548 2506 tam
575 2447 941 2520 propudiosa:
956 2447 1336 2517 inspectionis
1358 2464 1528 2519 paena
1546 2448 1903 2503 damnasset.

322 2538 554 2595 46.Alia
569 2552 801 2608 quoque
827 2536 1218 2593 controversia
1230 2552 1602 2607 nequaquam
1620 2536 1907 2593 leviorsu-

247 2628 485 2702 periore
513 2625 893 2682 Ambrosium
916 2622 1073 2680 inter
1099 2628 1273 2694 atque
1322 2624 1616 2680 Justinam
1674 2630 1911 2698 propter

244 2717 572 2773 Λιιθωὶοω
605 2712 823 2786 agitata
868 2716 976 2768 est.
1006 2711 1263 2767 Vacabat
1314 2728 1380 2767 co
1441 2715 1703 2784 tempore
1744 2713 1909 2769 urbis

247 2805 484 2872 Sirmii,
516 2820 647 2875 quae
697 2802 882 2858 totius
937 2804 1026 2857 est
1060 2800 1260 2874 illyriaa
1317 2804 1513 2872 caput,
1562 2801 1909 2874 episcopalis

243 2895 446 2960 sedes,
482 2909 664 2965 quam
694 2890 918 2946 diutius
945 2889 1227 2946 Photinus
1258 2894 1314 2944 et
1344 2889 1682 2946 Germinius
1711 2890 1910 2946 Ariani

244 2981 521 3057 episcopi
552 2985 996 3053 occupaverant.
1027 2979 1371 3050 lmperatrix
1400 2983 1634 3046 tunc,ut
1659 2979 1907 3047 videtur,

244 3072 377 3129 illic
406 3070 700 3135 insidens,
758 3084 994 3124 omnem
1043 3066 1297 3139 lapidem
1339 3069 1626 3137 movebat,
1650 3073 1715 3123 ut
1754 3069 1911 3124 futu-

2005 580 2099 637 sit.
2136 581 2198 635 In
2229 579 2324 635 his
2367 585 2560 635 autem
2609 579 3024 638 elucubrandis
3080 581 3327 638 feliciter
3373 599 3516 639 usus
3560 585 3649 639 est

2007 669 2240 741 scriptis
2263 669 2493 742 Didymi
2515 685 2581 725 ac
2597 670 2816 738 Basilii,
2851 688 2965 727 non
3001 672 3235 743 quidem
3286 678 3370 741 ut,
3402 672 3650 745 Esopiss

2006 758 2312 814 corniculae
2344 759 2549 825 instar,
2584 758 2789 815 alienis
2839 759 3056 831 plumis
3082 777 3144 816 se
3174 765 3511 828 ostentaret,
3545 764 3644 817 sed

2008 847 2134 919 apis
2164 847 2468 902 industriae
2500 863 2568 901 ex
2598 848 2839 904 ﬂoribus
2882 849 3125 904 diversis
3175 851 3334 906 favos
3364 851 3646 907 condiret.

2080 937 2113 991 4
2155 979 2166 991 .
2202 936 2479 1001 Quamvis
2509 942 2785 1009 appareat
2816 937 3157 993 Gratianum
3213 939 3409 995 Sirmii
3460 940 3650 997 adhuc

2007 1028 2467 1081 commorantem
2509 1024 2766 1081 Palladio
2810 1030 2867 1082 et
2912 1028 3279 1084 Secundiano
3322 1029 3536 1085 Ariano
3569 1031 3650 1087 fa-

2011 1114 2221 1171 ctionis
2268 1113 2559 1186 episcopis
2602 1114 2711 1186 ipsi
2747 1115 3160 1174 molestissime
3190 1118 3651 1176 obtundentibus

2009 1203 2259 1259 invitum
2290 1202 2668 1271 concessisse,
2702 1208 2765 1259 ut
2793 1204 3067 1276 Aquileiae
3119 1208 3377 1280 synodus
3421 1224 3650 1280 cogere-

2008 1297 2145 1359 tur:
2178 1309 2293 1348 non
2335 1297 2528 1348 tamen
2575 1309 2705 1349 eam
2763 1297 2896 1349 ante
2944 1311 3203 1351 mensem
3251 1296 3651 1367 Septembrem

2008 1380 2185 1437 istius
2215 1382 2351 1435 anni
2383 1380 2734 1437 celebratam
2779 1398 2909 1437 esse
2956 1384 3189 1439 concedi
3245 1390 3450 1456 potest.
3484 1386 3651 1443 Vole-

2010 1470 2153 1525 bant
2181 1469 2261 1524 illi
2286 1471 2714 1526 mcumenicum
2744 1487 2872 1526 esse
2903 1471 3013 1527 hoc
3067 1473 3398 1543 concilium,
3428 1476 3655 1530 univer-

2011 1575 2226 1629 sosque
2253 1559 2555 1631 episcopos
2586 1559 2832 1614 desertis
2867 1560 2992 1616 suis
3020 1561 3297 1633 gregibus
3344 1579 3408 1618 eo
3450 1579 3655 1620 conve-

2012 1647 2169 1703 nite:
2204 1648 2303 1702 sed
2350 1664 2484 1702 cum
2535 1647 2897 1718 superfluum
2956 1649 3073 1705 fore
3119 1653 3347 1705 tantum
3396 1650 3652 1709 laborem

2011 1736 2355 1791 Ambrosius
2381 1737 2770 1808 persuasisset
2790 1738 3230 1810 imperatori,ex
3255 1741 3384 1811 ejus
3414 1740 3655 1798 consilio

2012 1824 2167 1880 idem
2194 1825 2504 1881 Gratianus
2536 1826 2796 1881 seniores
2845 1826 3149 1899 episcopos
3198 1832 3300 1883 aut
3347 1829 3658 1886 debiliores

2015 1914 2087 1969 ab
2120 1913 2230 1969 hac
2261 1914 2571 1971 subeunda
2594 1915 2933 1987 fatigatione
2956 1917 3249 1974 immunes
3272 1918 3500 1975 fecit.Et
3519 1918 3659 1976 illuc

2016 2017 2213 2058 revera
2242 2002 2450 2074 exiguo
2481 2020 2726 2059 numero
2756 2005 3033 2077 praesules
3072 2022 3411 2071 convenere,
3442 2009 3543 2065 sed
3574 2008 3659 2064 vi-

2013 2096 2086 2146 tae
2119 2092 2325 2147 merito
2356 2097 2413 2148 et
2443 2093 2717 2148 doctrinae
2749 2095 3087 2166 praestantia
3116 2093 3391 2153 celebres.
3414 2098 3660 2156 Abunde

2015 2196 2051 2234 a
2080 2180 2249 2237 nobis
2279 2179 2402 2237 loco
2435 2199 2542 2237 suo
2573 2186 2766 2238 aetum
2822 2188 2911 2238 est
2952 2184 3025 2239 de
3053 2184 3164 2240 hoc
3213 2190 3498 2241 conventu
3532 2187 3658 2255 (Ad-

2014 2283 2160 2323 mon.
2193 2271 2252 2323 in
2283 2270 2606 2341 Epistolas);
2630 2270 2774 2326 illud
2807 2288 2943 2343 ergo
2966 2276 3191 2327 tantum
3226 2273 3319 2328 hic
3348 2274 3660 2346 adjicimus

2016 2357 2231 2413 ibidem
2265 2358 2638 2414 Ambrosium
2665 2361 2899 2415 Patrum
2924 2360 3174 2417 aliorum
3198 2379 3374 2435 prope
3393 2364 3659 2420 omnium

2017 2462 2149 2500 cum
2175 2444 2233 2500 in
2268 2446 2623 2518 disputando
2656 2451 2857 2503 contra
2885 2448 3070 2504 dictos
3114 2448 3567 2517 hzereticos,tum
3600 2452 3658 2507 in

2016 2549 2217 2589 eorum
2252 2534 2628 2590 damnatione
2653 2552 2755 2606 per
2783 2536 3089 2607 synodicae
3112 2538 3390 2608 epistolas
3413 2540 3666 2596 absenti-

2017 2623 2128 2677 bus
2160 2622 2451 2694 episcopis
2493 2627 2595 2678 ant
2642 2623 3006 2697 principibus
3062 2625 3464 2684 denuntianda
3507 2629 3662 2685 vices

2019 2709 2287 2767 obivisse.

2088 2800 2179 2855 50.
2210 2800 2338 2873 (AN.
2375 2800 2525 2869 392.)
2557 2800 2882 2874 Opinantur
2906 2801 3179 2858 nonnulli
3206 2802 3275 2858 ad
3308 2802 3463 2861 idem
3492 2806 3663 2878 Aqui-

2019 2887 2237 2945 leiense
2269 2890 2583 2945 concilium
2617 2891 2906 2962 pertinere
2937 2890 3094 2946 illam
3127 2891 3435 2963 epistolam
3469 2893 3661 2966 (epist.

2054 2978 2131 3047 3),
2164 2994 2293 3049 qua
2324 2979 2409 3034 sic
2449 2979 2822 3035 inscribitur:
2855 2979 3171 3035 Ambrosius
3221 2986 3273 3037 et
3316 2984 3503 3039 caeteri
3549 2985 3664 3055 epi-

2017 3070 2167 3139 scOpi
2191 3067 2368 3124 Italiae
2381 3085 2403 3129 ,ο
2420 3069 2519 3124 sed
2553 3068 2915 3123 contendunt
2945 3066 3040 3123 alii
3073 3085 3200 3124 eam
3234 3071 3663 3127 attribuendam

245 3178 352 3218 rus
372 3161 699 3232 episcopus
725 3176 795 3213 ex
824 3156 1053 3212 Arianis
1080 3162 1473 3227 cooptaretur.
1511 3157 1813 3213 Advolavit
1843 3174 1910 3212 eo
1951 3225 1982 3232 _
2020 3174 2149 3213 esse
2180 3157 2342 3213 alteri
2375 3156 2797 3228 concilio,quod
2826 3158 2883 3212 in
2919 3158 3194 3231 quapiam
3228 3161 3461 3216 urbium
3489 3161 3665 3217 Italiae

249 3225 509 3308 sanctus
551 3225 917 3311 Ambrosius,
950 3252 1007 3300 et
1046 3225 1314 3316 quamvis
1361 3245 1601 3301 Justina
1630 3246 1909 3302 haareticaa
1940 3225 1985 3291 α
2022 3248 2134 3302 sub
2164 3245 2398 3301 initium
2430 3225 2680 3312 hujusce
2720 3246 2855 3301 anni
2902 3225 3257 3304 celebratum
3305 3254 3412 3305 est.
3444 3250 3661 3323 Synodi

248 3336 718 3411 conspirationis
748 3339 914 3405 septa
931 3334 1216 3405 praesidiis
1247 3338 1448 3389 contra
1495 3333 1908 3401 obluctaretur,

250 3434 315 3483 ut
348 3433 559 3482 tamen
592 3426 990 3483 assumeretur
1011 3421 1218 3494 praesul
1239 3421 1915 3489 catholicus,constantia

247 3512 723 3589 pervicit;Hujus
744 3509 1048 3567 electionis
1079 3509 1500 3575 modum,sicut
1530 3513 1587 3566 et
1619 3516 1913 3584 patratum

245 3605 309 3662 in
340 3621 418 3661 ea.
452 3600 806 3659 miraculum
840 3604 1039 3656 narrat
1068 3599 1352 3657 Paulinus
1383 3599 1463 3669 (in
1522 3602 1621 3657 Vit.
1671 3601 1911 3657 Ambros.

242 3693 463 3763 mli),
497 3690 602 3763 qui
656 3706 802 3746 novo
848 3689 1118 3762 episcopo
1175 3688 1418 3744 Anemio
1469 3705 1683 3745 nomen
1732 3690 1915 3747 fuisse

220 3782 629 3840 ~testiﬁcatur.
664 3785 839 3834 Porro
865 3795 999 3835 cum
1029 3777 1184 3835 idem
1216 3776 1309 3832 hic
1337 3777 1616 3833 Anemius
1647 3780 1913 3850 sequenti

242 3887 407 3928 anno
442 3868 693 3925 concilio
722 3866 1077 3938 Aquileiensi
1114 3882 1372 3937 praesens
1412 3865 1606 3934 fuerit,
1640 3868 1768 3937 ejus
1797 3866 1912 3922 ele-

238 3962 362 4016 otio
401 3956 777 4032 probabilius
806 3955 1095 4026 assignari
1148 3972 1265 4011 non
1313 3959 1527 4026 potest,
1557 3972 1735 4028 quam
1775 3973 1915 4028 prae-

239 4050 401 4107 θεοιί
428 4064 613 4103 anno.

310 4140 411 4194 47.
450 4133 713 4192 Concilio
739 4133 1095 4205 Aquileiensi
1144 4149 1281 4188 cum
1327 4133 1572 4187 Anemio
1622 4133 1798 4189 etiam
1828 4133 1914 4190 in-

238 4226 468 4283 terfuit
495 4225 707 4281 Justus
738 4221 1171 4295 Lugdunensis,
1204 4220 1298 4277 cui
1330 4221 1577 4277 antistiti
1611 4238 1746 4277 cum
1776 4225 1912 4279 Am-

236 4315 460 4372 brosio
500 4311 902 4368 intercedebat
949 4310 1218 4365 amicitiae
1267 4325 1501 4365 summa
1550 4311 1908 4381 conjunctio.

239 4404 587 4476 Postquam
617 4400 848 4457 solutus
879 4404 967 4455 est
996 4398 1233 4454 Patrum
1283 4401 1624 4466 conventus,
1658 4400 1714 4453 in
1743 4400 1908 4473 Egy-

235 4492 308 4548 tii
338 4488 751 4549 solitudinesJ
760 4493 928 4545 ustus
944 4487 1201 4543 recessit.
1220 4488 1358 4543 Inde
1379 4488 1671 4560 cognoscit
1684 4505 1753 4543 ur
1771 4490 1909 4544 Am-

2022 3339 2223 3391 Patres
2252 3335 2323 3390 ad
2346 3335 2743 3390 Theodosium
2774 3335 3030 3392 detulere
3054 3337 3321 3409 querelas
3344 3340 3664 3411 suas,quod

2025 3428 2254 3480 mortuo
2286 3423 2535 3486 Meletio,
2569 3424 2953 3480 successorio
2986 3426 3112 3496 ejus
3159 3426 3355 3483 locum
3386 3428 3667 3485 suffectus

2022 3517 2197 3579 esset,
2231 3528 2362 3567 cum
2396 3529 2461 3566 ex
2493 3511 2637 3567 inita
2668 3514 3049 3570 conventione
3098 3516 3265 3571 sedes
3310 3516 3669 3573 Antiochena

2023 3603 2334 3657 deberetur
2364 3599 2465 3655 uni
2514 3600 2774 3657 Paulino.
2802 3602 3115 3674 Conquesti
3170 3609 3309 3660 sunt
3368 3605 3543 3661 etiam
3597 3607 3668 3661 de

2022 3689 2271 3747 Nectarii
2302 3687 2577 3745 electione
2610 3691 2682 3744 ad
2714 3689 3419 3763 Constantinopolitanum
3442 3694 3667 3766 episco-

2024 3784 2263 3852 patum;
2296 3795 2430 3833 cum
2461 3779 2617 3833 enim
2647 3779 2935 3835 Maximus
2975 3779 3127 3835 Petri
3169 3779 3540 3837 Alexandrini
3571 3781 3664 3838 lit-

2020 3873 2176 3923 teras
2205 3869 2277 3921 ad
2309 3882 2409 3922 eos
2439 3866 2962 3937 attulisset,ipsum
2990 3885 3119 3924 vere
3147 3871 3203 3923 et
3226 3886 3293 3924 ex
3342 3871 3666 3926 canonibus

2023 3955 2271 4012 electum
2302 3972 2433 4010 esse
2464 3956 2918 4011 arbitrabantur.
2953 3957 3390 4013 Humanissime
3421 3957 3664 4015 concilio

2021 4044 2321 4115 rescripsit
2348 4043 2684 4116 imperator,
2720 4044 2890 4117 eique
2918 4045 3153 4100 Maximi
3201 4045 3396 4117 Cynici
3429 4047 3664 4103 fraudes

2023 4133 2268 4205 aperuit.
2300 4133 2577 4197 Quocirca
2607 4133 2794 4189 eidem
2829 4133 3075 4208 principi
3131 4133 3308 4190 aliam
3355 4135 3664 4207 epistolam

2021 4224 2283 4296 synodus
2315 4221 2477 4278 misit
2506 4221 2697 4295 (epist.
2734 4224 2843 4292 14),
2874 4221 3075 4296 illique
3100 4223 3356 4296 primum
3379 4224 3662 4281 rationem

2020 4306 2295 4374 reddidit,
2328 4325 2431 4363 cur
2459 4324 2593 4364 cum
2632 4309 2882 4365 Maximo
2921 4315 2979 4366 et
3006 4311 3271 4367 Nectario
3316 4311 3393 4367 ita
3445 4328 3505 4367 se
3534 4330 3664 4385 ges-

2022 4396 2233 4453 sisset:
2268 4401 2393 4453 tum
2427 4402 2703 4468 praeterea
2733 4398 2951 4460 gratias
2995 4399 3129 4473 egit,
3164 4401 3315 4472 quod
3351 4399 3536 4471 ipsius
3568 4402 3666 4458 be-

2024 4485 2231 4540 neficio
2279 4484 2546 4541 Ecclesiae
2599 4485 2913 4544 orientales
2968 4489 3475 4561 occidentalesque
3528 4506 3669 4562 pace

234 4581 531 4639 brosium
563 4582 852 4643 nostrum,
883 4577 1232 4648 priusquam
1262 4574 1357 4631 ille
1387 4576 1673 4647 Lugduno
1694 4575 1805 4632 iter
1823 4593 1914 4633 ca-
1944 4573 2381 4662 Dfruerentur:
2410 4579 2702 4645 postremo
2723 4576 3006 4632 fautorem
3035 4579 3351 4649 quemdam
3373 4578 3667 4650 Apollina-

232 4672 523 4742 pesaeret
553 4666 627 4723 ad
648 4665 797 4721 hanc
833 4665 1146 4736 synodum,
1170 4664 1359 4720 eidem
1390 4662 1700 4735 scripsisse
1748 4665 1908 4722 illam

229 4755 575 4831 epistolam
603 4754 795 4827 (epist.
823 4754 904 4824 7),
927 4770 1046 4825 qua
1072 4753 1249 4809 Exodi
1279 4752 1473 4808 locum
1503 4752 1574 4807 de
1595 4769 1712 4823 quo
1742 4753 1814 4808 ab
1844 4770 1913 4810 eo

227 4844 571 4903 consultus
593 4844 802 4911 fuerat,
833 4841 1088 4913 exponit.
1118 4841 1244 4897 Non
1296 4840 1380 4897 ita
1428 4840 1612 4896 multo
1636 4844 1768 4912 post
1795 4841 1910 4897 alia

225 4931 509 5007 epistola
539 4931 613 4987 ad
643 4929 807 4987 illum
840 4930 983 4986 data
1008 4930 1199 5000 (epist.
1232 4930 1307 5000 8),
1349 4929 1565 4985 iterum
1608 4931 1910 5001 respondit

223 5024 384 5081 huic
420 5024 561 5092 ejus
587 5019 918 5093 quastioni,
951 5035 1093 5073 num
1140 5035 1209 5073 ex
1255 5018 1400 5074 artis
1435 5017 1734 5074 rhetoricae
1766 5019 1908 5091 legi-

224 5115 355 5170 bus
390 5110 665 5167 scribere
687 5112 995 5165 curassent
1023 5113 1290 5163 auctores
1322 5107 1492 5163 sacri.

299 5203 387 5257 48
424 5200 562 5270 (Ακ.
592 5199 742 5269 381.)
766 5196 1039 5253 Diximus
1071 5195 1443 5251 Ambrosium
1484 5196 1761 5252 Gratiano
1793 5196 1910 5267 pol-

219 5291 488 5348 licitum
518 5286 702 5345 fuisse
733 5285 1097 5343 divinitatem
1128 5284 1313 5342 sancti
1333 5285 1587 5358 Spiritus
1618 5285 1774 5341 edito
1796 5288 1911 5340 tra-

224 5383 413 5439 statu
449 5393 514 5433 se
546 5375 954 5448 probaturum.
985 5374 1180 5431 Fidem
1219 5391 1392 5432 suam
1438 5373 1548 5429 hac
1594 5372 1653 5428 in
1676 5390 1736 5429 re
1764 5373 1907 5430 libe-

222 5468 399 5525 mit
435 5466 677 5522 ineunte
704 5464 815 5520 hoc
846 5480 1001 5520 anno
1039 5464 1285 5532 (Ad-imm.
1340 5465 1405 5519 in
1438 5464 1536 5517 lib.
1570 5464 1642 5517 De
1694 5464 1912 5534 Spiritu

219 5552 483 5625 sancto),
506 5557 744 5626 tresque
770 5569 914 5610 suos
941 5551 1122 5611 libros
1151 5552 1226 5608 De
1264 5551 1479 5623 Spiritu
1524 5559 1730 5618 sancto,
1763 5569 1911 5624 quos

217 5640 612 5709 Athanarico
634 5641 957 5710 Gothorum
980 5656 1113 5713 rege
1134 5638 1635 5712 Constantinopoli
1654 5655 1759 5698 VIII
1782 5640 1906 5697 Kal.

2021 4662 2299 4719 ristarum
2325 4665 2491 4734 justa
2539 4663 2918 4722 damnatione
2974 4684 3009 4722 a
3064 4684 3127 4722 se
3184 4668 3498 4723 coercitum
3541 4684 3668 4723 esse

2024 4751 2335 4807 nuntiavit.

2090 4842 2182 4896 51.
2213 4841 2360 4895 Huic
2391 4857 2544 4895 anno
2576 4842 2753 4897 etiam
2803 4843 3103 4913 tribuitur,
3141 4845 3291 4916 quod
3341 4861 3375 4899 a
3422 4841 3666 4897 Paulino

2020 4936 2379 4986 memoratur
2407 4931 2702 4986 accedenti
2735 4932 2805 4987 ad
2850 4932 3133 5004 palatium
3179 4936 3378 4988 sancto
3408 4928 3662 5004 praesuli,

2019 5023 2086 5073 ut
2112 5019 2344 5074 cuidam
2378 5035 2412 5073 a
2441 5019 2716 5076 Gratiano
2747 5022 2978 5077 veniam
3012 5020 3353 5093 postularet,
3391 5024 3665 5091 negatum

2020 5107 2203 5162 fuisse
2235 5107 2461 5163 aditum
2488 5126 2521 5163 a
2552 5109 2890 5166 Macedonio
2924 5110 3203 5179 magistro
3233 5107 3665 5174 officiorum,ei-

2021 5213 2133 5269 que
2162 5197 2535 5253 Ambrosium
2583 5199 2840 5254 divinam
2875 5198 3154 5253 ultionem
3183 5197 3264 5252 ita
3294 5197 3663 5268 praedixisse:

2018 5286 2085 5340 Et
2113 5289 2175 5340 tu
2202 5285 2423 5357 quidem
2464 5288 2645 5342 venies
2700 5287 2769 5341 ad
2812 5286 3126 5350 Ecclesium,
3159 5302 3278 5351 nec,
3338 5286 3540 5341 clausis
3573 5287 3665 5358 ja-

2017 5375 2167 5439 nuis,
2199 5375 2447 5430 invenies
2477 5391 2582 5446 qua
2611 5375 2945 5441 ingrediaris
2993 5372 3241 5445 (Paulin.
3294 5374 3349 5429 in
3396 5374 3509 5430 Vita
3538 5375 3666 5429 Am-

2021 5463 2127 5530 br.,
2163 5480 2326 5518 num.
2364 5464 2477 5535 37).
2510 5465 2671 5529 Quod
2706 5479 2764 5517 re
2796 5462 3239 5533 ipsa,Gratiano
3263 5461 3673 5529 exsiincto,ille

2020 5557 2291 5625 expertus
2315 5556 2423 5608 est.
2457 5551 2515 5606 Si
2565 5556 2871 5623 propterea
2919 5550 3039 5607 haec
3086 5550 3377 5608 Ambrosii
3422 5551 3665 5607 commi-

2021 5643 2181 5698 natio
2213 5640 2321 5697 hoc
2351 5654 2505 5696 anno
2537 5639 2791 5712 ponitur,
2826 5641 2981 5713 quod
3014 5658 3149 5698 cum
3199 5642 3350 5698 facta
3379 5643 3486 5708 est,
3520 5639 3668 5697 Gra-
