4122 6186
435 329 510 400 91
1789 325 1982 392 VITA
2025 322 2092 390 8.
2139 318 2522 391 AMBROSII
3761 321 3845 390 92

433 471 634 531 tianus
673 471 1007 527 versaretur
1055 463 1405 532 Mediolani;
1439 479 1574 521 cum
1622 463 1854 521 duobus
1907 461 2077 519 annis
2106 460 2161 526 Α

433 561 836 634 superioribus
864 559 1080 616 ibidem
1110 558 1284 613 etiam
1316 559 1711 611 commoratus
1745 554 1844 620 sit,
1877 553 2079 608 eodem

356 672 362 682 ι
424 652 562 724 jure
592 651 651 706 in
680 649 930 707 alterum
963 665 1031 704 ex
1061 647 1176 702 illis
1211 642 1695 715 potest,revocari.
1721 642 2081 714 Proindeque

432 741 494 796 in
524 740 684 796 illius
715 745 976 812 tempore
1008 734 1144 791 certi
1177 731 1322 788 nihil
1352 733 1711 787 est.Videtur
1733 737 1926 787 autem
1947 747 2078 785 vero

431 831 675 904 propius
708 830 874 884 illum
908 842 1068 880 reum
1119 821 1389 877 eumdem
1422 838 1572 886 esse,
1606 821 1706 892 qui
1759 821 2079 875 Sozomeno

430 924 600 986 teste,
634 936 767 974 cum
817 919 969 972 esset
1011 927 1296 982 paganus,
1332 909 1661 965 Gratianum
1706 911 1967 965 conviciis
1996 909 2076 962 la-

431 1009 792 1071 ceraverat,et
817 1011 970 1072 patre
1002 999 1289 1070 indignum
1314 1000 1683 1070 appellaverat
1709 999 1953 1069 (Sozom.
1975 996 2076 1051 lib.

431 1115 532 1162 vn,
565 1115 614 1152 c.
645 1095 757 1163 25).
791 1091 970 1161 Cujus
1011 1090 1350 1159 deprecator
1397 1088 1552 1158 apud
1589 1087 1911 1158 principem
1945 1102 2076 1140 cum

432 1201 602 1243 nemo
632 1197 757 1237 esse
789 1179 981 1242 vellet,
1013 1177 1378 1244 Ambrosius,
1417 1183 1478 1230 ut
1509 1176 1602 1231 ille
1634 1177 1826 1240 refert,
1858 1192 1958 1246 per
1984 1192 2077 1230 se-

433 1277 650 1330 cretam
675 1271 922 1340 januam
975 1266 1045 1321 ad
1097 1266 1437 1320 Gratianum
1500 1271 1832 1335 penetrans,
1867 1263 2078 1318 misero

433 1377 658 1434 pagano
688 1356 883 1413 delicti
915 1354 1162 1423 gratiam
1198 1352 1546 1424 impetravit.

497 1453 587 1505 52.
622 1449 737 1503 Hoc
767 1447 944 1501 etiam
977 1459 1129 1498 anno
1172 1441 1418 1513 contigit
1463 1449 1526 1497 ut
1568 1442 1682 1496 duo
1732 1439 2074 1496 cubicularii

428 1536 800 1611 imperatoris
859 1532 1043 1605 (Paul.
1102 1531 1161 1585 in
1225 1532 1343 1585 Vita
1397 1531 1766 1585 Ambr.num.
1801 1530 1888 1594 -18,
1923 1533 1980 1583 et
2017 1528 2075 1582 in

430 1628 586 1684 Adm.
608 1628 670 1681 in
692 1625 787 1680 lib.
819 1625 896 1678 De
920 1624 1072 1677 Dom.
1098 1623 1314 1676 Incarn.
1347 1620 1536 1689 sacr.),
1571 1620 1671 1691 qui
1703 1619 2078 1674 sectabantur

431 1723 627 1790 partes
658 1714 1024 1778 Arianorum,
1048 1715 1321 1765 sanctum
1353 1710 1646 1764 doctorem
1681 1708 1751 1762 ad
1779 1706 2075 1778 publicam

2259 463 2348 517 54.
2385 463 2662 519 Praeterea
2691 459 2872 534 hujus
2900 459 3038 517 anni
3069 463 3158 517 est
3202 458 3366 534 pium
3399 457 3545 518 illud
3577 460 3845 520 Gratiani

2188 553 2465 616 edictum,
2501 569 2616 623 quo
2647 551 2911 607 Victoriae
2942 551 3203 624 aramlex
3233 556 3462 618 senatu,
3490 553 3644 607 unde
3674 551 3842 608 illam

2188 641 2562 696 Constantius
2585 643 2710 711 jam
2744 645 3086 705 removerat,
3121 645 3461 712 reposuerat
3501 645 3696 696 autem
3727 641 3846 696 Ju-

2188 729 2384 784 lianus
2432 734 2719 802 apostata,
2769 728 2894 784 tolli
2931 730 3199 800 jubebat.
3232 729 3550 785 Auferebat
3596 730 3846 802 insuper

2185 820 2494 876 vcstalium
2537 818 2856 891 privilegia,
2908 817 3371 874 sacriﬁculorum
3421 819 3751 884 commoda,
3787 825 3846 873 ct

2189 909 2468 982 pecunias
2501 907 2921 963 sacriﬁciorum
2953 906 3292 978 sumptibus
3318 906 3666 962 destinatas.
3710 908 3840 962 Ido-

2187 998 2404 1054 lolalra
2435 1002 2498 1053 ut
2528 997 2636 1052 hoc
2668 997 3021 1068 imperatum
3053 995 3595 1061 revocaretur,nihil
3624 995 3840 1052 omise-

2188 1093 2362 1154 runt;
2398 1103 2582 1159 eaque
2612 1087 2684 1141 de
2707 1102 2886 1141 causa
2914 1102 3017 1156 per
3062 1084 3502 1156 Symmachum,
3536 1084 3840 1141 nobilissi-

2187 1195 2350 1232 mum
2375 1177 2566 1231 virum
2589 1179 2646 1231 et
2665 1179 2954 1231 oratorem
2977 1172 3842 1245 facundissimum,imperatori

2189 1266 2454 1322 libellum
2486 1264 2845 1321 obtulere.At
2873 1266 3112 1318 sanctus
3143 1267 3358 1327 noster,
3390 1263 3559 1331 cujus
3591 1262 3841 1318 consilio

2188 1355 2600 1426 imperatorem
2632 1353 2753 1408 haec
2792 1351 3115 1407 decrevisse
3173 1351 3470 1422 probabile
3525 1355 3635 1419 est,
3669 1351 3770 1407 ubi
3805 1371 3840 1407 a

2187 1444 2437 1498 Damaso
2470 1443 2732 1498 Romano
2771 1439 3042 1512 pontiﬁce
3088 1438 3552 1494 Christianorum
3602 1446 3837 1495 senato-

2187 1550 2319 1587 rum
2353 1529 2614 1586 libellum
2647 1527 2868 1600 accepit
2899 1527 3091 1598 (epist.
3127 1529 3214 1593 17,
3256 1543 3418 1582 num.
3454 1527 3567 1598 lO),
3599 1532 3717 1582 tam
3752 1530 3837 1584 ol-

2187 1621 2440 1677 ﬁcaciter
2466 1620 2585 1692 egit
2615 1618 2764 1690 apud
2801 1617 3104 1683 Czesarem,
3138 1619 3203 1670 ut
3248 1616 3514 1687 ejusdem
3554 1618 3836 1689 rescripto

2184 1709 2270 1766 vis
2302 1727 2407 1765 sua
2438 1709 2663 1780 integra
2691 1709 3037 1773 servaretur,
3071 1709 3128 1760 et
3152 1703 3384 1760 libellus
3430 1705 3835 1777 Symmachia-

429 1807 501 1862 de
531 1801 805 1875 mysterio
838 1797 1257 1855 incarnationis
1297 1797 1777 1868 disceptationem
1812 1812 2078 1867 provoca-
2107 1828 2154 1892 Β
2184 1817 2297 1855 nus
2329 1815 2399 1854 ne
2430 1799 2669 1870 quidem
2700 1795 2984 1866 legeretur
3014 1811 3048 1849 a
3075 1793 3442 1860 Gratiano,ut
3476 1810 3590 1849 non
3615 1798 3836 1851 temere

430 1897 580 1948 rent.
613 1893 928 1962 Receperat
985 1887 1080 1942 ille
1125 1887 1184 1941 in
1243 1885 1513 1941 Portiana
1569 1884 1809 1940 basilica
1864 1884 1970 1939 hoc
2016 1899 2078 1939 se

430 1982 744 2044 facturum,
777 1979 868 2034 cui
903 1977 1216 2050 promisso,
1252 1980 1315 2030 ut
1344 1969 1676 2029 condictum
1719 1974 1926 2039 fuerat,
1964 1973 2077 2027 mi-

427 2069 586 2124 nime
616 2068 822 2124 defuit.
854 2067 1072 2122 Verum
1104 2081 1237 2120 cum
1269 2063 1368 2118 isti
1400 2081 1468 2119 ex
1517 2063 1683 2134 equis
1740 2069 2076 2117 corruentes

432 2158 610 2214 ractis
641 2157 962 2212 cervicibus
1006 2153 1267 2209 animam
1289 2151 1680 2217 exhalassent,
1711 2150 2073 2216 Ambrosius,

424 2245 705 2302 terribilis
736 2245 894 2300 illius
925 2260 1100 2298 casus
1132 2242 1392 2297 nondum
1424 2240 1652 2305 certior,
1684 2257 1817 2295 eum
1851 2255 2075 2294 sermo-

425 2352 560 2391 nem
592 2336 664 2390 ad
698 2333 976 2406 populum
1011 2332 1233 2398 habuit,
1272 2331 1423 2385 unde
1456 2329 1688 2384 libellus
1720 2329 1794 2383 De
1821 2330 2076 2383 lnearna-

426 2425 594 2480 tionis
621 2422 921 2478 Dominicae
949 2426 1288 2474 sacramento
1335 2416 1722 2472 concinnatus
1763 2419 1873 2470 est.
1914 2417 2073 2468 Atta-

427 2528 562 2567 men
593 2510 782 2566 eidem
813 2513 1161 2580 argumento
1211 2508 1584 2560 accesserunt
1633 2504 1883 2557 duarum
1921 2502 2073 2556 dil'ﬁ-

425 2600 734 2664 cultatum,
767 2614 914 2668 quas
945 2595 1138 2651 Ariani
1186 2611 1289 2665 per
1330 2591 1675 2648 Gratianum
1725 2591 1919 2663 ipsum
1953 2590 2073 2644 viro

425 2694 626 2744 sancto
657 2688 1103 2759 proposuerant,
1136 2681 1475 2738 solutiones.
1517 2680 1774 2743 Quarum
1834 2679 2072 2750 quidem

423 2775 839 2832 difﬁcultatum
872 2774 1032 2846 prior
1061 2771 1122 2827 in
1153 2772 1392 2826 vocibus
1420 2771 1633 2840 genitus
1664 2774 1838 2838 atque
1864 2770 2073 2838 ingeni-

421 2869 507 2921 tus
538 2865 728 2936 posita
757 2868 898 2927 erat,
933 2859 1220 2934 posterior
1259 2860 1410 2913 circa
1438 2856 1652 2910 Christi
1704 2855 2069 2927 omnipoten-

422 2953 568 3007 tiam
598 2951 958 3007 versabatur.
994 2955 1058 3002 1n
1091 2947 1201 3001 hoc
1232 2963 1400 3018 porro
1431 2944 1724 3000 Ambrosii
1775 2945 1989 2999 mirum
2011 2945 2071 3000 in

425 3040 665 3095 modum
702 3037 892 3093 elucet
927 3036 1234 3099 modestia,
1268 3035 1424 3106 quod
1473 3049 1605 3088 cum
1656 3049 1770 3088 non
1820 3034 2074 3105 potuerit

2189 1888 2399 1958 conjici
2432 1889 2639 1959 potest.

2255 1979 2345 2032 55.
2415 1978 2520 2031 ΑΝ.
2591 1973 2741 2042 383.)
2806 1973 2925 2028 Hoc
2983 1987 3136 2026 anno
3201 1971 3380 2026 vitam
3447 1971 3832 2043 temporalem

2186 2069 2403 2120 aeterna
2462 2063 2708 2118 mutavit
2768 2065 3008 2116 sanctus
3063 2059 3359 2116 Acholius.
3414 2060 3554 2130 Ejus
3604 2061 3833 2117 obitum

2185 2153 2439 2224 episcopi
2472 2151 2821 2207 Macedoniae
2857 2153 2915 2204 et
2959 2148 3150 2204 clerus
3198 2148 3360 2204 urbis
3405 2149 3833 2206 Thessalonica

2185 2258 2288 2313 per
2324 2241 2547 2296 litteras
2578 2241 2744 2295 beato
2788 2237 3115 2303 Ambrosio,
3149 2237 3248 2310 qui
3293 2237 3636 2293 mirabiliori
3688 2256 3833 2310 qua-

2185 2332 2321 2386 dam
2354 2330 2577 2386 ratione
2608 2327 2776 2383 illum
2801 2328 2927 2398 jam
2957 2332 3214 2392 noverat,
3257 2326 3684 2399 signiﬁcarunt.
3720 2328 3831 2384 Ite-

2185 2436 2468 2492 sponsum
2495 2419 2567 2474 ad
2598 2434 2698 2473 eos
2733 2417 2895 2472 misit
2923 2420 3161 2472 sanctus
3184 2414 3416 2487 prazsul,
3442 2417 3498 2471 in
3533 2433 3647 2487 quo
3668 2426 3830 2488 post-

2185 2525 2362 2580 quam
2408 2508 2685 2563 intimum
2744 2522 2918 2561 suum
2976 2506 3048 2560 de
3102 2509 3288 2559 morte
3345 2504 3492 2560 tanti
3547 2505 3828 2562 antistitis

2183 2597 2442 2653 dolorem
2469 2595 2739 2668 patefecit
2763 2594 2959 2667 (epist.
3005 2594 3111 2666 15),
3145 2597 3201 2649 et
3243 2593 3502 2667 egregias
3552 2594 3678 2665 ejus
3709 2593 3824 2648 vir-

2183 2685 2540 2756 tutesjustis
2575 2684 2849 2739 laudibus
2907 2687 3251 2755 prosecutus
3311 2689 3416 2747 est,
3470 2681 3729 2738 laetatum
3762 2700 3828 2739 se

2182 2790 2311 2830 esse
2365 2772 2734 2839 testiﬁcatur,
2793 2772 2950 2844 quod
3008 2771 3068 2826 in
3135 2772 3263 2842 ejus
3323 2770 3515 2826 locum
3571 2772 3830 2845 Anysius

2182 2863 2449 2932 ejusdem
2493 2861 2680 2918 sancti
2725 2860 2941 2933 dignus
2987 2859 3336 2932 discipulus,
3370 2864 3524 2916 esset
3578 2860 3827 2917 locatus.

2179 2951 2369 3007 Aliam
2401 2967 2631 3023 quoque
2661 2949 2971 3022 epistolam
2992 2948 3203 3022 Anysio
3234 2949 3469 3020 scripsit
3490 2950 3682 3022 (epist.
3712 2951 3827 3022 16),

2179 3040 2238 3095 in
2271 3044 2550 3112 qua,post
2578 3043 2920 3094 consuetum
2953 3037 3358 3111 gratulationis
3391 3038 3827 3105 ofﬁcium,eum

427 3132 817 3183 memoratum
867 3129 1138 3180 eventum
1186 3139 1300 3179 non
1351 3138 1722 3195 cognoscere,
1755 3127 2069 3193 antequam
2109 3191 2141 3200 ἡ
2181 3129 2467 3195 hortatur,
2503 3132 2566 3183 ut
2595 3126 2961 3200 praeceptoris
2990 3127 3082 3182 sui
3114 3144 3182 3182 ac
3211 3127 3533 3183 decessoris
3564 3127 3829 3183 imitetur

422 3217 610 3272 eidem
641 3214 898 3272 sermoni
932 3231 1036 3270 suo
1081 3212 1215 3268 libri
1269 3212 1518 3266 formam
1563 3210 2064 3279 accommodaret;
2101 3191 2143 3258 Ο
2179 3218 2446 3274 virtutes.

422 3306 630 3362 mortis
659 3301 1211 3360 tameninfelicium
1258 3301 1468 3356 horum
1509 3303 1795 3371 juvenum
1845 3299 2064 3357 nullam

422 3394 660 3451 omnino
693 3393 894 3448 fecerit
925 3391 1302 3448 mentionem.

490 3485 580 3538 53.
614 3482 885 3538 Vertente
930 3481 1038 3536 hoc
1085 3497 1258 3548 anno,
1311 3479 1659 3535 Ambrosius
1719 3479 1963 3535 Romam
2005 3497 2067 3534 se

420 3570 687 3634 contulit,
736 3574 800 3625 ut
856 3585 1069 3641 magno
1114 3567 1358 3624 concilio
1417 3568 1573 3640 quod
1625 3568 1746 3624 illic
1798 3569 2064 3624 habitum

419 3663 528 3728 est,
562 3658 890 3714 interesset.
927 3659 1075 3712 Dum
1132 3657 1350 3712 ibidem
1382 3662 1599 3729 ageret,
1626 3657 1828 3713 morbo
1877 3674 2066 3714 corre-

417 3753 556 3820 ptus
587 3751 694 3813 est,
729 3746 788 3801 in
821 3763 935 3817 quo
981 3763 1114 3801 eum
1173 3749 1414 3801 sanctus
1455 3745 1752 3814 Acholius,
1800 3763 1974 3817 quem
2007 3747 2068 3802 in

417 3835 634 3892 Urbem
666 3841 999 3890 evocaverat
1017 3835 1222 3890 eadem
1247 3834 1704 3899 causa,invisere
1727 3835 2067 3906 neutiquam

417 3923 654 3980 omisit:
690 3925 860 3994 cujus
915 3939 1297 3996 congressum
1347 3921 1584 3977 maximi
1630 3922 1894 3977 beneﬁcii
1942 3922 2067 3979 loco

416 4012 672 4084 ponebat
704 4013 950 4067 antistes
984 4017 1204 4067 noster.
1229 4010 1628 4076 Quorumdam
1654 4015 1849 4064 autem
1874 4010 2068 4082 opinio

417 4105 508 4157 est
537 4101 811 4157 eumdem
842 4100 1217 4154 Ambrosium
1249 4103 1494 4154 Romam
1544 4103 1671 4152 tum
1714 4098 1971 4169 primum
2003 4118 2071 4156 ex

420 4207 536 4262 quo
567 4194 829 4260 tempore
869 4189 927 4242 in
978 4189 1319 4258 episcopum
1379 4187 1597 4242 electus
1639 4187 1848 4257 fuerat,
1881 4189 2068 4260 profe-

416 4283 578 4333 ctum
610 4294 758 4333 esse.
811 4276 972 4342 Quod
1022 4276 1070 4331 si
1124 4292 1328 4332 verum
1385 4281 1494 4345 est,
1542 4275 1677 4330 huic
1725 4275 1918 4332 itineri
1968 4277 2068 4332 tri-

415 4366 654 4421 buenda
684 4372 876 4432 erunt,
910 4382 1037 4438 quae
1071 4371 1191 4437 post
1231 4382 1401 4421 annos
1453 4366 1663 4436 aliquot
1707 4365 2070 4423 ordinationis

413 4467 553 4520 suae,
588 4457 653 4507 ut
683 4453 965 4510 Paulinus
996 4459 1284 4509 memorat
1320 4453 1402 4524 (in
1453 4456 1570 4509 Vita
1618 4456 1828 4520 Ambr.,
1865 4473 1921 4510 n.
1953 4457 1988 4510 9
2013 4462 2070 4512 et

2246 3309 2336 3363 56.
2369 3307 2472 3362 Hic
2503 3305 2678 3362 etiam
2710 3322 2901 3360 annus
2945 3305 3161 3361 famem
3209 3322 3420 3377 passus
3477 3310 3585 3374 est,
3645 3323 3826 3378 quam

2178 3395 2558 3467 subsequenti
2590 3412 2743 3450 anno
2795 3398 3156 3450 memoratus
3205 3394 3593 3467 Symmachus
3626 3395 3824 3466 (Rclal.

2176 3483 2247 3538 ad
2282 3484 2488 3539 Valent.
2523 3499 2652 3555 pag.
2703 3482 2827 3548 83;,
2881 3499 2936 3536 n.
2991 3480 3080 3552 44)
3130 3481 3440 3553 imputavit
3481 3481 3824 3537 Christiana:

2178 3572 2465 3644 religioni,
2501 3572 2656 3644 quod
2689 3570 2974 3638 videlicet,
3008 3569 3220 3642 puellis
3263 3571 3446 3626 Vestae
3493 3574 3665 3642 atque
3696 3570 3824 3626 ido-

2178 3661 2370 3717 lorum
2402 3659 2804 3716 sacerdotibus
2862 3657 3164 3731 privilegia
3215 3675 3324 3714 sua
3379 3662 3575 3715 essent
3603 3657 3822 3713 ablata.

2177 3750 2287 3805 Sed
2318 3749 2666 3805 Ambrosius
2692 3752 3038 3818 argumenta
3057 3748 3185 3818 ejus
3215 3746 3407 3802 futilia
3432 3764 3560 3803 esse
3582 3747 3829 3818 pulchre

2181 3836 2944 3908 demonstravit;illamque
2997 3836 3172 3891 tritici
3225 3835 3529 3907 penuriam
3589 3835 3828 3890 univer-

2180 3926 2363 3982 salem
2394 3943 2511 3981 non
2543 3925 2835 3981 exstitisse
2857 3926 3148 3996 plerasque
3189 3924 3346 3980 enim
3395 3925 3708 3996 provincias
3739 3941 3826 3979 re-

2178 4014 2447 4070 dundasse
2473 4015 2754 4084 frumento
2786 4017 2844 4068 et
2874 4013 3129 4082 proxime
3179 4012 3445 4084 sequenti
3496 4029 3648 4067 anno
3685 4029 3830 4068 mes-

2175 4118 2290 4159 sem
2353 4105 2661 4174 fenei-aiam
2717 4105 2769 4158 et
2825 4101 3157 4158 liberalioris
3212 4100 3501 4158 vindemiae
3567 4101 3836 4172 beneﬁcia

2180 4192 2535 4247 successisse
2568 4189 2770 4263 (Epist.
2804 4191 2890 4260 18,
2924 4208 3087 4246 num.
3126 4192 3189 4245 17
3221 4195 3272 4245 et
3293 4194 3451 4262 seq.).

2248 4281 2338 4335 57.
2373 4279 2610 4334 Maximi
2639 4278 2954 4335 rebellione
2983 4277 3177 4334 clades
3232 4277 3416 4333 multo
3446 4276 3676 4351 gravior
3706 4279 3830 4333 im-

2180 4367 2339 4441 perio
2373 4366 2536 4438 illata
2565 4370 2656 4422 est
2705 4383 2883 4438 quam
2925 4365 3127 4438 inopia
3177 4365 3577 4421 frumentaria.
3611 4367 3833 4438 Tyran-

2179 4473 2292 4512 nus
2324 4454 2421 4511 ille
2449 4455 2508 4509 in
2536 4453 2746 4528 Anglia
2785 4454 2956 4524 malis
3005 4455 3230 4511 artibus
3273 4455 3589 4527 imperator
3636 4453 3831 4509 decla-

416 4543 527 4613 10),
561 4540 673 4612 ipsi
707 4543 1097 4615 contigerunt.
1133 4543 1377 4598 Matrem
1410 4543 1470 4598 in
1497 4543 1642 4599 vivis
1673 4543 1798 4616 ipse
1828 4561 1944 4600 non
1975 4563 2066 4601 re-
2098 4562 2146 4627 D
2179 4550 2342 4601 ratus
2369 4548 2494 4612 est;
2528 4543 2848 4599 simulabat
2904 4547 3103 4599 tamen
3149 4559 3472 4616 purpuram
3521 4560 3556 4598 a
3609 4559 3671 4598 se
3710 4559 3832 4598 non

414 4630 589 4704 perit,
614 4629 714 4684 sed
740 4629 820 4683 ibi
853 4631 994 4685 vidit
1024 4631 1188 4686 illam
1223 4631 1501 4702 puellam,
1535 4633 1627 4686 cui
1662 4649 1904 4688 manum
1927 4634 2068 4690 olim

414 4718 713 4794 porrigere
771 4723 1152 4774 consueverat
1201 4720 1677 4789 exosculandam,
1711 4738 1778 4777 ac
1829 4723 2066 4778 tandem

417 4808 650 4865 mulieri
683 4807 1011 4880 paralyticaa
1044 4809 1300 4863 restituit
1331 4811 1727 4864 membrorum
1762 4811 2067 4870 usum.His

415 4898 581 4954 addit
611 4898 898 4954 Baronius
922 4901 1192 4952 sanctum
1232 4898 1570 4969 episcopum
1599 4898 1930 4955 stabulariae
1952 4901 2068 4955 cui-

415 4987 552 5044 dam
594 4988 668 5043 ob
721 5003 1032 5059 prosperos
1080 5002 1395 5042 successus
1449 4983 1820 5043 insolescenti
1879 4989 2066 5044 diram

418 5074 728 5132 imminere
758 5075 1075 5131 vindictam
1109 5075 1534 5147 praenuntiasse
1559 5093 1570 5129 :
1598 5076 1697 5130 sed
1729 5076 1865 5133 huic
1896 5079 2069 5134 tradi-

416 5162 561 5217 tioni
595 5164 757 5220 nulla
781 5165 1083 5238 scriptoris
1107 5164 1316 5220 veteris
1345 5164 1662 5220 auctoritas
1693 5165 2065 5236 astipulatur.

419 5249 648 5313 Quanta
675 5267 807 5306 vero
837 5270 970 5308 cum
1002 5253 1296 5324 voluptate
1327 5252 1659 5308 charissimi
1703 5253 1900 5310 fratris
1931 5273 2068 5311 con-

418 5341 621 5409 spectu
655 5341 711 5391 et
741 5339 1028 5412 colloquio
1061 5342 1400 5398 Marcelline
1444 5342 1628 5412 potita
1661 5343 1830 5397 fuerit
1861 5361 2069 5414 quam-

419 5443 534 5498 que
566 5423 808 5480 sollicite
845 5429 1255 5486 ministraverit
1281 5431 1421 5486 huic
1444 5430 1768 5505 aegrotanti,
1805 5447 1940 5486 cum
1973 5448 2066 5488 ex-

419 5514 637 5588 plicata
671 5514 876 5570 inutile
910 5517 1185 5575 Paulinus
1217 5520 1464 5589 duxerit,
1494 5537 1601 5576 nos
1635 5536 1867 5592 quoque
1897 5520 2070 5577 lecto-

421 5620 553 5660 rum
585 5601 974 5675 relinquimus
1006 5606 1365 5677 cogitationi.
1976 5609 1981 5616 ’

2177 4637 2524 4706 usurpatam
2557 4633 2659 4689 sed
2718 4633 3015 4689 recusanti
3065 4637 3240 4704 atque
3290 4633 3469 4688 invito
3521 4632 3834 4688 obtrusam

2177 4740 2326 4781 esse.
2359 4724 2505 4778 Cum
2538 4738 2752 4795 magno
2782 4722 3036 4779 exercitu
3062 4721 3391 4777 transmisit
3420 4721 3478 4777 in
3513 4720 3730 4778 Gallias
3762 4737 3834 4776 ac

2177 4812 2491 4869 Gratianus
2523 4812 2623 4867 ubi
2654 4810 2950 4884 proditum
2983 4827 3043 4866 se
3074 4810 3513 4867 ac-destitutum
3544 4827 3577 4866 a
3606 4809 3732 4866 suis
3751 4810 3808 4864 vi

2177 4902 2283 4969 dit,
2316 4917 2518 4956 versus
2548 4900 2725 4972 Alpes
2756 4902 2956 4973 fugam
2985 4900 3248 4956 tentavit.
3301 4901 3508 4957 Verum
3549 4898 3649 4954 ubi
3677 4899 3834 4971 Lug-

2178 4990 2404 5044 dunum
2437 5005 2611 5043 cursu
2645 4989 2872 5044 delatus
2901 4992 3010 5054 est,
3044 4989 3289 5044 immani
3340 4987 3554 5044 scelere
3587 4991 3835 5042 necatus

2178 5078 2289 5133 fuit
2319 5077 2412 5132 die
2441 5094 2543 5132 vm
2575 5076 2698 5132 Kal.
2732 5077 3126 5149 Septembres,
3161 5095 3313 5134 anno
3367 5077 3495 5132 vitm
3523 5091 3675 5143 xxtv,
3712 5077 3836 5130 im-

2179 5167 2324 5240 perii
2357 5172 2553 5222 autem
2599 5182 2679 5222 vn
2728 5170 2784 5222 et
2827 5182 3026 5222 mense
3080 5184 3156 5222 1x.
3190 5165 3398 5223 Infelix
3446 5165 3721 5238 princeps
3767 5164 3832 5219 in

2177 5255 2438 5311 hostium
2471 5271 2716 5311 suorum
2750 5259 3032 5329 potestate
3063 5254 3513 5322 detentus,nihil
3549 5254 3829 5325 frequen-

2177 5345 2296 5400 tius
2325 5345 2678 5418 cogitatione
2707 5351 2882 5417 atque
2911 5361 3009 5401 ore
3039 5345 3514 5416 versabat,quam
3534 5341 3832 5398 Ambrosii

2179 5433 2438 5506 parentis
2470 5449 2704 5488 nomen.
2740 5435 2812 5488 Tu
2842 5449 2945 5500 me,
2980 5433 3061 5489 ait
3089 5437 3329 5487 sanctus
3379 5431 3648 5497 antistes,
3683 5432 3836 5484 inter

2179 5530 2273 5578 tua
2299 5524 2550 5595 pericula
2577 5524 2916 5596 requirebas,
2948 5526 3009 5578 tu
3037 5523 3100 5577 in
3143 5522 3253 5576 tuis
3304 5521 3565 5576 extremis
3614 5533 3698 5574 me
3730 5533 3831 5589 ap-

2172 5612 2438 5683 pellabas,
2469 5627 2654 5670 meum
2679 5611 2746 5670 de
2775 5620 2825 5668 te
2843 5612 2972 5685 plus
3015 5610 3234 5668 dolebas
3285 5610 3523 5668 dolorem
3555 5609 3652 5680 (De
3679 5607 3834 5665 obitu
