4172 6182
218 331 295 402 93
1358 325 1457 391 EX
1505 323 1693 392 Ε]ῠὸ
1733 320 2226 390 POTISSIMUM
2271 317 2643 392 SCRIPTIS.
3643 340 3724 403 94

221 466 438 528 Valent.
463 479 639 522 num.
667 458 788 533 79).
818 457 994 518 Certe
1027 455 1281 531 quidem
1302 461 1485 518 sancti
1512 461 1692 534 hujus
1730 475 1943 515 mceror
1969 464 2024 530 Α
2056 473 2333 542 separare
2390 476 2424 516 a
2493 459 2926 521 communionis
2977 481 3092 521 usu
3152 465 3360 525 merito
3416 467 3715 542 potuisse;

220 564 485 635 quantus
515 552 725 622 fuerit,
764 549 970 607 cuivis
994 547 1278 620 judicare
1307 551 1640 623 expeditum
1662 553 1782 616 est;
1816 548 1942 635 ipse

221 634 422 708 tamen
484 645 673 700 variis
732 640 895 698 locis
931 655 1072 695 eam
1133 639 1444 706 expromit,
1498 645 1640 711 puta
1682 637 1742 692 in
1792 634 1938 708 psal.

221 757 312 798 LXI
335 734 731 811 expositione,
766 731 830 786 in
871 745 1003 800 qua
1032 726 1291 780 virtutes
1324 726 1612 784 interfecti
1655 724 1941 798 principis

225 834 496 886 amanter
526 823 763 887 laudat,
819 813 1239 874 interfectoris
1269 831 1406 870 vero
1439 815 1743 886 perfidiam
1794 811 1939 868 acri-

226 924 322 975 ter
353 917 661 988 vituperat.
728 909 852 966 Sed
899 906 1203 963 exstincto
1238 908 1448 973 postea
1498 905 1673 960 etiam
1733 901 1941 956 Valen-

230 1006 476 1070 tiniano,
508 1002 733 1059 doloris
783 997 1044 1054 modum
1069 993 1204 1064 jam
1238 990 1336 1046 vix
1399 992 1624 1048 habuit.
1677 992 1942 1061 Namque

234 1097 294 1152 in
325 1093 633 1167 questibus
668 1094 1008 1158 utrumque
1037 1095 1414 1155 germanum
1469 1079 1647 1137 simul
1697 1081 1940 1151 conjun-

229 1202 398 1259 gens,
431 1183 489 1236 in
523 1181 598 1237 iis
628 1177 840 1236 oculos
873 1175 1034 1232 velut
1062 1168 1181 1227 sibi
1215 1170 1482 1226 effossos
1514 1187 1641 1226 esse
1669 1169 1939 1234 deflebat,

231 1292 298 1332 ac
328 1272 570 1331 Davidis
606 1285 774 1326 more
823 1267 904 1322 ita
951 1259 1326 1336 querebatur
1355 1277 1372 1314 :
1416 1262 1658 1326 Utinam,
1686 1260 1810 1330 ﬁlii,
1840 1273 1942 1328 pro

231 1365 382 1421 vobis
414 1365 659 1419 licuisset
694 1359 848 1413 hunc
897 1355 1164 1426 spiritum
1191 1349 1502 1418 fundere!
1547 1348 1943 1418 Compendium

232 1453 443 1510 doloris
476 1453 830 1511 inveneram,
861 1449 913 1501 et
943 1438 1235 1515 gloriosius
1265 1440 1437 1494 mihi
1465 1441 1648 1510 fuerat
1673 1453 1772 1510 pro
1811 1442 1939 1489 tan-

234 1546 308 1599 tis
336 1543 496 1599 obire
546 1538 890 1612 pignoribus
942 1530 1098 1604 (ibid.
1134 1543 1311 1582 num.
1354 1528 1476 1599 39).
1524 1531 1940 1583 Verumtamen

238 1650 357 1689 non
386 1634 708 1701 tantopere
739 1643 852 1683 sua
903 1637 1080 1678 causa
1101 1614 1380 1680 dolebat,
1417 1633 1598 1689 quam
1649 1615 1938 1679 Ecclesiae,

239 1739 372 1796 quae
403 1716 663 1774 immani
694 1715 938 1771 vulnere
968 1705 1365 1765 sauciabatur
1397 1705 1621 1761 crudeli
1655 1705 1806 1796 caede
1837 1703 1940 1758 hu-

2053 551 2235 618 atque
2267 535 2409 604 adeo
2439 553 2816 610 verisimilius
2847 558 2938 611 est
2967 560 3239 613 sanctum
3268 558 3575 630 praesulem
3612 577 3717 618 nec

2051 635 2249 690 eidem
2281 641 2524 708 tyranno
2559 643 2611 696 in
2648 642 2833 698 sacris
2873 661 3138 716 unquam
3188 653 3515 704 consortem
3567 650 3711 720 fieri,

2052 739 2163 778 nec
2189 723 2387 795 aliquo
2405 729 2682 786 adversus
2700 749 2836 786 eum
2857 737 3319 805 temperamento
3340 737 3421 792 uti
3436 738 3710 794 voluisse.

2124 814 2221 866 60.
2253 815 2592 874 Ambrosius
2619 821 2932 876 Mediolani
2967 823 3170 891 redux,
3195 827 3546 899 episcopalia
3578 844 3713 882 mu-

2052 901 2155 956 nia
2188 904 2452 972 repetiit:
2512 909 2895 981 egregiosque
2948 909 3079 966 illos
3125 929 3424 971 sermones
3476 933 3545 972 ex
3583 915 3713 988 qui-

2052 990 2168 1044 bus
2199 989 2333 1045 libri
2382 995 2456 1049 De
2503 997 2961 1068 interpretatione
2986 1000 3081 1055 Job
3110 1011 3161 1056 et
3191 1004 3364 1059 David
3406 1003 3711 1077 compositi

2053 1083 2220 1145 sunt,
2246 1081 2317 1135 ab
2340 1099 2404 1136 eo
2427 1087 2838 1153 pronuntiatos
2861 1088 3285 1148 existimamus.
3325 1094 3716 1149 Conveniebat

2052 1167 2269 1222 iisdem
2303 1173 2666 1244 temporibus
2697 1174 2808 1229 hoc
2843 1183 3253 1248 argumentum
3284 1200 3296 1250 ;
3345 1182 3424 1238 ibi
3460 1181 3710 1255 (Admon.

2053 1256 2115 1308 in
2145 1257 2288 1312 eosd.
2325 1259 2442 1331 lib).
2481 1262 2698 1336 quippe
2729 1263 2928 1336 agitur
2967 1265 3038 1320 de
3081 1270 3463 1339 querimoniis
3495 1270 3713 1341 quibus

2054 1347 2305 1417 uterque
2332 1347 2543 1405 horum
2576 1358 2918 1408 sanctorum
2951 1353 3077 1409 vitae
3110 1357 3377 1414 humanae
3413 1359 3713 1415 calamita-

2054 1438 2144 1487 tes
2173 1436 2291 1489 tam
2325 1454 2630 1510 corporeus
2661 1457 2840 1511 quam
2877 1441 3166 1512 spiritales
3216 1445 3711 1506 lamentabantur.

2053 1521 2281 1578 Ibidem
2312 1527 2489 1582 etiam
2548 1529 2952 1584 discutiuntur
3000 1531 3110 1586 illa:
3169 1534 3440 1604 querelae,
3481 1552 3629 1606 quas
3660 1545 3718 1595 et

2049 1610 2455 1683 improborum
2490 1620 2848 1690 prosperitas
2877 1626 2936 1675 et
2953 1622 3272 1678 adversitas
3302 1623 3591 1681 bonorum
3623 1644 3716 1682 so-

2053 1701 2177 1757 lent
2206 1703 2432 1762 elicere.
2468 1708 2808 1763 Tractandze
2851 1726 3022 1781 porro
3066 1713 3535 1784 exornandaeque
3579 1714 3714 1773 huic

233 1791 339 1884 jus
372 1808 692 1883 principis,
728 1819 906 1877 quem
939 1817 1007 1855 ex
1034 1791 1226 1852 indole
1255 1793 1471 1866 ipsius
1503 1799 1680 1865 atque
1730 1793 1940 1900 virtute
1973 1836 2021 1900 Β
2053 1794 2316 1848 materiis
2345 1795 2774 1894 pulcherrimos
2806 1815 3073 1895 quosque
3105 1800 3263 1856 locos
3292 1801 3429 1900 libri
3462 1803 3570 1857 Job
3597 1803 3715 1860 ele-

242 1881 584 1957 maximum
617 1894 735 1951 sibi
768 1892 1138 1948 defensorem
1195 1882 1325 1938 fore
1392 1886 1726 1955 speraverat
1781 1881 1937 1953 (ibid.

247 2005 422 2045 num.
455 1988 538 2057 6).
1050 2064 1085 2070 ῃ
1271 2061 1282 2070 _
1320 2061 1330 2070 -
1649 2064 1658 2070 Δ
1712 2059 1748 2070 υ

321 2079 418 2131 58.
451 2075 751 2131 Ceterum
802 2085 922 2124 non
982 2064 1123 2122 solis
1168 2061 1373 2118 verbis
1405 2077 1524 2132 prae
1553 2076 1615 2115 se
1642 2059 1780 2115 tulit
1808 2076 1944 2114 san-

253 2169 393 2222 ctus
414 2163 616 2235 episco
626 2176 740 2232 pus
757 2160 1052 2230 quantum
1066 2153 1176 2210 sibi
1199 2149 1425 2206 doloris
1442 2149 1764 2220 peperisset
1786 2165 1945 2204 mors

259 2251 553 2316 Gratiani,
587 2263 799 2304 verum
832 2250 890 2301 et
946 2242 1138 2306 factis,
1197 2256 1381 2311 quam
1442 2238 1618 2292 chara
1647 2237 1757 2292 sibi
1790 2241 1945 2292 esset

266 2340 435 2395 illius
464 2335 775 2401 memoria,
830 2332 1130 2388 declarare
1185 2327 1391 2383 voluit.
1430 2326 1653 2382 Etenim
1686 2325 1947 2380 Valenti-

274 2427 460 2483 niano
519 2440 801 2498 germano
860 2424 992 2489 ejus
1051 2416 1338 2490 puerilem
1396 2419 1623 2469 aetatem
1683 2415 1946 2468 nondum

273 2531 540 2588 egresso,
575 2517 887 2584 paternum
931 2506 1199 2562 animum
1235 2521 1301 2559 ac
1331 2503 1720 2575 patrocinium
1755 2503 1946 2556 omni-

265 2621 348 2660 no
430 2601 718 2669 exhibuit,
781 2603 846 2653 ut
923 2597 1052 2668 ipse
1128 2597 1380 2648 testatur
1442 2591 1502 2646 in
1578 2590 1679 2645 illa
1727 2591 1944 2646 verba:

264 2693 380 2762 Ego
437 2699 488 2745 te
549 2689 768 2760 suscepi
820 2685 1144 2758 parvulum,
1179 2699 1303 2738 cum
1367 2680 1577 2751 legatus
1624 2679 1693 2735 ad
1741 2680 1947 2735 hostem

265 2789 430 2836 tuum
456 2793 782 2850 pergerem;
811 2791 906 2845 ego
948 2773 1187 2829 Iustinae
1219 2771 1481 2825 maternis
1512 2768 1778 2824 traditum
1825 2786 1945 2824 ma-

262 2869 434 2924 nibus
466 2863 761 2937 amplexus
815 2881 939 2920 sum
998 2866 1103 2931 (Ue
1159 2860 1308 2916 obitu
1360 2859 1566 2914 Valent.
1631 2874 1792 2912 num.
1825 2856 1940 2927 28).

263 2957 520 3014 Justina
549 2953 817 3010 videlicet
872 2968 1010 3008 cum
1071 2947 1393 3020 improvisa
1449 2945 1707 3002 Gratiani
1758 2950 1945 3000 morte

266 3046 480 3101 omnia
540 3043 787 3098 confusa
834 3045 893 3096 et
928 3038 1299 3110 perturbata,
1356 3051 1534 3106 seque
1564 3051 1630 3090 ac
1661 3034 1848 3089 ﬁlium
1880 3033 1941 3088 in

267 3149 520 3191 summo
554 3129 812 3202 periculo
870 3145 1001 3184 esse
1059 3125 1444 3196 conspiceret,
1506 3125 1816 3196 confugere
1869 3125 1942 3179 ad

2054 1886 2264 1953 ganter
2318 1883 2573 1955 exponit,
2610 1901 2715 1940 nec
2774 1886 2972 1942 minus
3030 1892 3234 1960 argute
3277 1887 3428 1961 psal.
3463 1905 3575 1956 xu,
3605 1907 3717 1947 x1."

2054 1974 2111 2026 et
2142 1987 2291 2028 Lxxu
2323 1977 2557 2028 enarrat
2587 1979 2643 2029 et
2674 1974 2948 2032 illustrat.

2127 2062 2217 2116 61.
2253 2061 2378 2132 (AN.
2413 2062 2564 2132 384.)
2610 2063 2854 2120 Videtur
2883 2065 3156 2122 similiter
3203 2073 3445 2124 sanctus
3493 2069 3716 2141 episco-

2058 2166 2168 2220 pus
2197 2150 2455 2205 dolorem
2489 2169 2665 2207 suum
2695 2154 2767 2208 de
2798 2154 3058 2211 Gratiani
3091 2157 3245 2213 cede
3266 2157 3325 2212 in
3358 2157 3478 2214 illis
3500 2175 3719 2216 sermo-

2058 2238 2256 2308 nibus,
2289 2256 2358 2294 ex
2416 2240 2632 2310 quibus
2681 2250 2910 2298 constat
2967 2246 3215 2314 (Admon.
3277 2248 3337 2301 in
3391 2249 3536 2303 hunc
3592 2249 3718 2317 lib.)

2058 2328 2320 2397 Apologia
2347 2329 2627 2400 propheta?
2655 2333 2847 2395 David,
2896 2335 3259 2404 patefecisse,
3282 2335 3417 2391 licet
3441 2338 3715 2393 eumdem

2057 2415 2401 2471 Gratianum
2437 2435 2730 2491 nusquam
2763 2421 2880 2475 illic
2929 2424 3338 2479 nominaverit.
3388 2425 3460 2481 Ut
3517 2432 3715 2481 autem

2057 2503 2129 2559 de
2161 2504 2270 2559 hoc
2302 2513 2645 2577 argumento
2695 2510 2869 2564 verba
2925 2511 3162 2577 faceret,
3214 2528 3282 2567 ea
3313 2529 3374 2568 re
3422 2513 3716 2586 impulsus

2057 2597 2166 2660 est,
2202 2595 2357 2664 quod
2408 2598 2708 2666 geminum
2768 2597 3005 2653 Davidis
3066 2601 3308 2666 crimen,
3357 2601 3713 2658 adulterium

2057 2697 2270 2752 nempe
2327 2688 2499 2755 atque
2554 2685 2960 2752 homicidium,
3021 2689 3310 2759 quosdam
3385 2691 3717 2746 offendebat

2053 2769 2231 2842 longe
2277 2774 2640 2844 gravissime.
2677 2775 2886 2831 Probat
2938 2775 3119 2848 igitur
3167 2779 3384 2834 mirum
3417 2796 3532 2834 non
3562 2796 3712 2846 esse,

2055 2860 2215 2930 quod
2261 2859 2434 2918 homo
2483 2864 2707 2938 fragilis
2755 2864 3024 2920 inciderit
3070 2866 3129 2920 in
3170 2866 3293 2922 haec
3346 2866 3580 2935 delicta,
3613 2869 3713 2924 sed

2054 2948 2505 3008 admirationem
2537 2953 2682 3009 illud
2723 2953 2952 3020 mereri,
2985 2956 3142 3026 quod
3192 2961 3392 3012 tantus
3443 2957 3714 3029 princeps

2050 3040 2179 3093 tam
2216 3047 2540 3114 promptam
2575 3048 2815 3115 tamque
2845 3043 3130 3100 humilem
3172 3046 3415 3101 admissi
3447 3046 3714 3102 criminis

2051 3128 2484 3185 confessionem
2535 3133 2705 3187 edere
2751 3131 3020 3198 valuerit,
3074 3138 3131 3188 et
3161 3134 3316 3189 idem
3348 3134 3546 3206 ipsum
3579 3153 3711 3190 cum

271 3201 669 3277 Ambrosium
726 3215 1106 3289 quantumvis
1138 3212 1251 3285 ipsi
1286 3213 1511 3268 infensa
1539 3219 1714 3279 esset,
1747 3217 1947 3268 coacta
1977 3201 2020 3267 C
2057 3212 2307 3288 longiori
2339 3220 2736 3293 asperiorique
2767 3220 2990 3276 diluere
3021 3224 3382 3292 paenitentia,
3416 3231 3540 3278 tum
3575 3241 3710 3278 con-

273 3311 410 3366 fuit.
446 3309 571 3364 illis
611 3307 791 3379 igitur
815 3304 1186 3376 temporibus
1213 3300 1575 3356 difficillimis
1604 3301 1951 3356 Ambrosius
2056 3304 2226 3361 tinuo
2285 3309 2572 3364 bonorum
2633 3326 2872 3382 operum
2944 3311 3216 3367 exercitio
3273 3317 3484 3384 tegere.
3545 3313 3712 3367 Hunc

273 3397 680 3472 periculosam
733 3396 801 3450 ad
859 3393 1182 3449 Maximum
1229 3389 1575 3461 legationem
1611 3407 1726 3445 non
1759 3390 1948 3445 detre-

270 3487 480 3548 ctavit.
517 3491 574 3540 et
605 3485 758 3556 apud
809 3483 980 3537 illum
1033 3478 1291 3535 Victoris
1331 3478 1560 3535 comitis
1590 3479 1662 3534 ad
1691 3478 1948 3534 Valenti-

273 3577 536 3632 nianum
571 3575 646 3628 ab
675 3573 877 3629 eodem
903 3577 1152 3644 tyranno
1176 3566 1345 3623 missi
1371 3567 1622 3623 reditum
1655 3569 1947 3639 operiens,

273 3682 386 3737 per
443 3668 636 3719 totam
695 3661 947 3717 hiemem
997 3661 1403 3715 commoratus
1459 3661 1546 3712 est
1592 3655 1786 3728 (epist.
1856 3659 1948 3722 24,

270 3769 450 3809 num.
484 3753 567 3821 7).
602 3752 950 3821 Quanquam
983 3753 1184 3804 autem
1219 3745 1418 3801 omnia
1445 3749 1583 3800 tunc
1636 3749 1804 3800 erant
1835 3746 1949 3817 ple-

268 3859 354 3898 na
390 3839 784 3905 discriminis,
811 3855 923 3894 non
944 3844 1140 3893 tamen
1166 3834 1511 3905 dignitatem
1533 3851 1702 3890 suam
1727 3836 1950 3902 putavit

267 3929 715 4001 dejiciendarn;
749 3928 848 3983 sed
882 3925 1060 3982 simul
1085 3922 1572 3996 magnanimitate
1602 3939 1667 3978 ac
1702 3924 1950 3994 pruden-

263 4020 362 4074 tia
395 4034 570 4080 usus,
623 4016 706 4070 ita
752 4032 886 4070 cum
919 4022 1166 4086 tyranno
1198 4010 1336 4082 egit,
1367 4013 1431 4063 ut
1461 4011 1746 4065 obtineret
1775 4012 1848 4065 ab
1880 4029 1946 4068 eo

263 4105 604 4179 postulata.
661 4105 814 4160 Sane
869 4103 1020 4158 hanc
1052 4102 1183 4172 ejus
1242 4097 1590 4170 legationem
1637 4115 1808 4154 nemo
1839 4101 1949 4156 fuit

262 4196 383 4268 qui
418 4210 538 4249 non
590 4192 883 4264 probaret,
938 4195 1146 4262 praeter
1205 4187 1548 4242 Maximum.
1583 4187 1636 4242 Is
1665 4186 1821 4242 enim
1856 4204 1944 4244 se-

263 4282 487 4355 quenti
517 4297 674 4336 anno
705 4280 1010 4352 deceptum
1043 4295 1105 4333 se
1137 4276 1211 4331 ab
1233 4292 1298 4331 eo
1332 4291 1460 4330 esse
1490 4274 1801 4346 quiritatus
1833 4281 1942 4332 est.

266 4371 543 4428 Antistes
577 4385 710 4423 vero
742 4367 875 4423 licet
901 4368 1010 4423 has
1059 4364 1331 4439 querelas
1375 4363 1486 4418 sibi
1538 4363 1821 4436 gloriosas
1852 4383 1942 4420 ar-

261 4460 629 4522 bitraretur,
684 4456 897 4526 injuria
953 4462 1149 4511 tamen
1195 4471 1293 4510 eas
1341 4451 1541 4508 haberi
1599 4451 1943 4524 planissime

262 4547 550 4604 ostendit
581 4545 742 4617 (ibid.
778 4561 942 4600 num.
975 4546 1053 4616 5).

341 4637 442 4692 59.
478 4635 546 4689 Et
576 4634 702 4689 haec
730 4633 965 4705 quidem
997 4651 1066 4688 ex
1094 4630 1404 4686 Ambrosio
1437 4630 1564 4701 ipso
1612 4630 1934 4687 discimus:

259 4729 329 4780 at
361 4728 678 4797 praeterea,
713 4727 776 4776 ut
804 4720 1083 4777 Paulinus
1142 4725 1344 4775 auctor
1394 4724 1504 4784 est,
1555 4722 1871 4775 Maximum
1905 4739 1938 4776 a

253 4813 692 4870 communionis
719 4813 984 4866 consortio
1028 4809 1425 4880 segregandam
1467 4811 1699 4878 putavit,
1745 4809 1937 4864 admo-

254 4918 415 4958 nens
448 4908 515 4954 ut
543 4900 705 4970 eﬂasi
722 4891 1024 4968 sanguinis
1053 4899 1264 4953 domini
1290 4898 1402 4962 sui,
1433 4900 1486 4950 et
1517 4897 1658 4965 quod
1685 4901 1765 4953 est
1813 4915 1939 4968 gra-

257 4992 403 5047 vius
436 4989 769 5054 innocentis,
807 4995 991 5056 ageret
1017 4987 1395 5058 paenitentiam
1443 4983 1694 5055 (Paulin.
1729 4989 1790 5041 in
1826 4988 1942 5042 Vita

257 5079 503 5142 Ambr.,
545 5093 708 5131 num.
744 5075 850 5145 19).
911 5075 1119 5132 Verum
1158 5091 1290 5129 cum
1345 5075 1582 5128 sanctus
1610 5075 1819 5145 praesul
1851 5092 1940 5130 se-

259 5165 397 5225 mel
435 5181 507 5221 ac
538 5165 752 5219 iterum
784 5163 1010 5236 legatus
1036 5163 1104 5218 ad
1138 5161 1455 5218 Maximum
1489 5161 1782 5232 profectus
1815 5163 1938 5218 fue-

259 5260 375 5323 rit,
419 5261 482 5309 et
513 5252 690 5309 hasce
719 5253 865 5308 duas
925 5251 1240 5322 legationes
1295 5266 1412 5305 non
1470 5249 1794 5322 distinguat
1846 5251 1941 5307 hic

258 5345 446 5399 idem
482 5345 715 5408 auctor;
748 5358 816 5397 ex
861 5341 1010 5396 serie
1057 5337 1404 5395 narrationis
1452 5338 1812 5410 probabilius
1855 5344 1945 5396 est

259 5434 540 5490 citatum
569 5429 760 5485 locum
792 5428 1094 5501 posteriori
1125 5428 1314 5501 magis
1336 5427 1642 5500 quadrare.
1669 5432 1940 5484 Attamen

260 5539 401 5578 non
442 5518 676 5573 videtur
723 5517 1085 5582 Ambrosius,
1138 5515 1430 5587 siquidem
1471 5515 1532 5570 in
1564 5515 1754 5587 prima
1786 5515 1942 5589 lega-

255 5611 452 5668 tione
484 5609 978 5663 communicasset
1000 5621 1132 5661 cum
1158 5604 1422 5670 Maximo,
1449 5620 1580 5659 eum
1602 5604 1658 5658 in
1683 5609 1942 5662 secunda

1974 4567 2020 4632 D

2059 3407 2233 3462 porro
2263 3395 2501 3465 librum,
2539 3399 2586 3453 si
2635 3397 3189 3470 antiquissimorum
3231 3399 3454 3472 aliquot
3501 3416 3710 3455 manu-

2059 3482 2413 3554 scriptorum
2440 3487 2805 3559 inscriptioni
2853 3486 3029 3542 ﬁdem
3063 3487 3408 3554 habeamus,
3441 3489 3712 3544 Theodo-

2058 3568 2147 3624 sio
2179 3576 2383 3642 postea
2409 3574 2572 3630 misit
2600 3575 2845 3631 antistes
2871 3579 3087 3643 noster,
3116 3582 3180 3632 ut
3211 3595 3416 3649 nempe
3446 3577 3614 3632 illum
3638 3577 3709 3632 ad

2058 3657 2432 3730 expiandum,
2483 3662 2718 3719 Davidis
2768 3663 2973 3730 instar,
3023 3667 3240 3722 caedem
3285 3665 3708 3722 Thessalonicae

2061 3746 2224 3802 urbis
2255 3749 2326 3804 ab
2356 3767 2422 3804 eo
2445 3750 2680 3821 jussam
2710 3751 3130 3808 exstimularet.

2129 3838 2219 3890 62.
2255 3840 2643 3908 Symmachus
2695 3841 2804 3894 hoc
2862 3856 3015 3894 anno
3076 3843 3476 3911 praefecturam
3537 3841 3708 3896 Urbis

2058 3924 2546 3982 administrabat:
2603 3930 2653 3983 is
2679 3927 3078 3982 confusionem
3123 3947 3320 3984 rerum
3354 3946 3419 3983 ac
3454 3928 3706 3982 Valenti-

2058 4013 2217 4067 niani
2250 4015 2418 4085 pueri
2450 4018 2774 4088 matrisque
2803 4016 3048 4072 Justinae
3073 4018 3516 4091 trepidationem
3550 4031 3705 4070 com-

2058 4104 2294 4157 modam
2335 4109 2522 4171 ratus,
2558 4107 2771 4162 iterum
2802 4106 3180 4177 profanarum
3212 4105 3584 4178 religionum,
3619 4104 3706 4160 al-
3797 4161 3804 4165 ,

2055 4191 2200 4245 taris
2255 4191 2546 4257 Victoriae,
2626 4211 2692 4249 ac
2765 4193 3202 4266 privilegiorum
3279 4195 3704 4252 restitutionem

2055 4282 2248 4350 petere
2280 4282 2604 4336 constituit.
2635 4282 3022 4346 Quamobrem
3057 4284 3393 4358 imperatori
3445 4283 3704 4338 libellum

2055 4366 2268 4422 obtulit
2297 4371 2574 4426 omnibus
2604 4371 2958 4427 calamistris
3007 4371 3354 4445 eloquentiae
3407 4377 3706 4444 comptum

2054 4459 2109 4511 et
2137 4455 2436 4513 excultum
2468 4460 2634 4529 (tom.
2667 4460 2735 4527 II,
2771 4476 2903 4531 pag.
2934 4462 3082 4531 828).
3144 4463 3213 4517 Et
3258 4463 3494 4534 quidem
3548 4460 3707 4517 clan-

2053 4544 2251 4600 culum
2280 4562 2406 4602 rem
2439 4552 2761 4603 tentaverat
2790 4552 2986 4604 orator
3017 4549 3145 4615 ille;
3181 4552 3280 4606 scd
3309 4555 3536 4606 efﬁcere
3560 4567 3709 4605 neu-

2051 4633 2277 4704 tiquam
2311 4635 2520 4704 potuit,
2545 4651 2617 4689 ne
2646 4636 2868 4690 veniret
2890 4637 2949 4691 in
2972 4639 3263 4694 Ambrosii
3288 4639 3700 4710 cognitionem.

2049 4723 2152 4778 Hic
2201 4739 2337 4794 ergo
2394 4723 2568 4778 istius
2621 4723 2852 4779 consilii
2902 4727 3091 4782 factus
3143 4727 3375 4794 certior,
3437 4725 3699 4780 libellum

2053 4811 2229 4881 (epist.
2267 4813 2355 4876 17)
2385 4816 2442 4865 et
2471 4811 2597 4881 ipse
2625 4811 2714 4865 vel
2745 4813 3056 4883 epistolam
3088 4814 3434 4886 episcopalis
3487 4811 3701 4879 vigoris

2050 4898 2282 4969 plenam
2314 4898 2723 4954 Valentiniano
2783 4902 3094 4958 confestim
3145 4903 3324 4967 dedit,
3360 4916 3474 4970 qua
3521 4897 3698 4952 libelli

2051 4985 2483 5060 Symmachiani
2537 4987 2647 5041 sibi
2705 4989 2935 5060 copiam
2989 4990 3111 5044 fieri
3163 4987 3515 5059 postulabat,
3558 4991 3623 5040 ut
3651 4987 3700 5041 ei

2051 5075 2427 5147 responderet
2475 5075 2827 5131 accuratius.
2885 5079 3084 5147 Itaque
3133 5091 3266 5129 mox
3316 5079 3446 5132 uta
3475 5073 3703 5129 Caesare

2053 5165 2159 5218 hoc
2191 5163 2473 5234 scriptum
2506 5164 2778 5232 obtinuit,
2831 5171 2951 5220 tam
2998 5163 3303 5235 perspicue
3333 5167 3573 5233 tamque
3606 5181 3700 5219 va-

2013 5291 2026 5304 .
2050 5252 2165 5309 lide
2196 5252 2432 5326 singula
2453 5252 2641 5324 ipsius
2665 5254 2857 5324 capita
2885 5251 3054 5308 diluit
3075 5265 3139 5304 ac
3165 5251 3485 5307 confutavit
3507 5250 3698 5322 (epist.

2051 5343 2162 5414 48),
2199 5346 2261 5397 ut
2305 5341 2656 5414 Symmacho
2719 5339 3110 5396 necessarium
3165 5354 3343 5408 super
3399 5355 3467 5394 ea
3525 5355 3701 5394 causa

2051 5429 2351 5486 silentium
2378 5428 2720 5500 imponeret.
2742 5428 2905 5481 Hunc
2935 5426 3258 5480 secundum
3283 5425 3547 5482 libellum
3570 5433 3703 5498 post

2051 5517 2431 5575 vindemiales
2454 5515 2626 5571 ferias
2657 5516 2942 5584 scriptum
2986 5513 3320 5584 imperatori
3354 5515 3699 5570 Ambrosius

2051 5612 2249 5664 noster
2277 5605 2424 5662 tradi
2460 5600 2698 5668 curavit,
2733 5617 2906 5672 quem
2960 5598 3196 5672 quidem
3229 5601 3512 5669 libellum,
3547 5601 3702 5657 sicut
