4172 6182
397 331 492 402 ΩΨ

1754 318 1942 390 vum
1990 320 2056 390 s.
2103 300 2489 391 s-Msacs'n
3727 312 3815 396 96'

394 469 672 546 priorem,
702 467 926 527 lectum
950 465 1010 525 in
1040 463 1333 540 frequenti
1363 460 1732 530 consistorio,
1765 451 1894 534 quae
1945 476 2042 533 pe-
2073 450 2129 527 Α
2156 459 2313 516 venit
2343 456 2756 518 Mediolanum.
2795 458 2938 519 Eam
2971 458 3250 537 dignatus
3279 463 3369 519 est
3399 463 3637 521 sanctus
3666 423 3807 520 Am-

394 561 691 628 tebantur,
747 563 1082 616 assecutum
1127 571 1257 612 esse
1302 570 1370 610 ex
1408 550 1656 624 epistola
1686 550 1870 607 sancti
1905 567 2048 622 prae-

396 650 546 708 sulis
576 653 644 707 ad
679 648 1003 722 Eugenium
1037 647 1336 701 discamus
1366 641 1519 696 licet.

466 740 556 794 63.
603 738 761 795 idem
822 734 1208 809 Symmachus
1268 748 1372 802 per
1418 746 1586 785 suam
1642 727 2045 800 praefecturam

396 829 469 885 de
497 828 829 883 Christiana
869 824 1143 894 religione
1192 820 1403 875 melius
1434 824 1525 874 est
1579 816 1821 872 meritus
1866 833 2045 888 quam

395 917 771 990 cogitaverat;
805 909 1281 985 quandoquidem
1313 905 1730 974 Mediolanum,
1764 906 1934 976 cujus
1965 904 2045 960 ci-

392 999 493 1061 ves
524 1004 871 1077 magistrum
918 999 1218 1054 rhetoricae
1272 998 1344 1051 ab
1375 1012 1441 1052 eo
1500 995 1807 1067 petierant,
1856 995 2048 1065 Augu-

395 1095 619 1151 stinum
652 1107 719 1146 ea
751 1088 938 1161 gratia
968 1104 1205 1159 pergere
1237 1085 1440 1139 voluit.
1493 1084 1675 1148 Quam
1727 1081 1912 1137 amice
1944 1099 2044 1136 au-

394 1186 515 1238 tem
544 1176 909 1251 Augustinus
940 1192 1005 1231 eo
1053 1176 1288 1231 veniens
1329 1175 1402 1229 ab
1432 1172 1738 1228 Ambrosio
1772 1175 2047 1244 exceptus

393 1269 587 1338 fuerit,
619 1266 914 1339 eleganter
943 1265 1067 1336 ipse
1097 1261 1396 1326 describit,
1443 1261 1616 1331 cujus
1664 1261 1905 1332 proinde
1939 1276 2045 1314 nos

394 1375 510 1414 Iron
541 1356 762 1429 pigebit
789 1354 964 1408 verba
1015 1351 1272 1407 mutuari
1303 1368 1314 1406 :
1348 1353 1413 1406 Et
1438 1352 1588 1419 veni,
1641 1349 1739 1418 ait,
1791 1349 2043 1405 Mediola-

390 1463 526 1503 mtm
554 1446 622 1500 ad
672 1443 1029 1499 Ambrosium
1058 1442 1369 1511 episcopum
1398 1442 1457 1495 in
1489 1440 1708 1510 Optimis
1735 1446 1927 1493 notum
1954 1453 2042 1493 or-

394 1538 453 1592 bi
479 1543 656 1601 terrae,
699 1534 857 1603 pium
912 1530 1174 1585 cultorem
1231 1537 1407 1597 tuum,
1440 1530 1596 1595 cuius
1647 1532 1776 1583 tunc
1829 1527 2043 1598 eloquia

391 1632 617 1680 strenue
657 1619 1048 1675 ministrabant
1104 1617 1325 1689 adipem
1371 1617 1641 1688 frumenti
1690 1617 1792 1682 tui,
1825 1622 1877 1670 et
1903 1615 2041 1670 laeti-

392 1714 529 1768 tiam
557 1709 682 1776 olei,
715 1716 765 1763 et
794 1708 1035 1762 sobriam
1073 1709 1191 1761 vini
1233 1707 1545 1761 ebrietatem
1582 1704 1786 1776 populo
1816 1707 1927 1758 tuo.
1965 1703 2043 1759 Ad

393 1816 514 1856 eum
545 1805 725 1852 autem
779 1795 1022 1850 ducebar
1078 1795 1172 1850 abs
1201 1802 1252 1850 te
1300 1795 1561 1861 nesciens,
1607 1796 1669 1846 ut
1693 1809 1792 1863 per
1819 1808 1944 1847 eum
1972 1791 2042 1847 ad
2071 1833 2137 1898 Bg

391 1892 443 1944 te
469 1888 642 1941 sciens
663 1884 903 1967 ducerer.
938 1883 1182 1955 Suscepit
1227 1899 1312 1938 me
1355 1886 1584 1954 paterae
1612 1882 1709 1935 ille
1736 1880 1892 1936 homo
1923 1882 2038 1947 Dei,

390 1982 443 2031 et
466 1974 971 2047 peregrinationem
999 1989 1182 2027 meam
1222 1973 1355 2027 satis
1402 1970 1780 2042 episcopaliter
1824 1968 2038 2024 dilexit.

390 2066 456 2121 Et
501 2079 629 2120 eum
676 2077 864 2118 amare
915 2063 1070 2132 capi,
1124 2062 1307 2132 primo
1359 2059 1576 2133 quidem
1621 2074 1731 2114 non
1780 2062 2043 2129 tanquam

322 2182 331 2191 -
387 2152 659 2209 doctorem
691 2153 828 2217 veri,
860 2151 1001 2223 quod
1040 2153 1103 2205 in
1147 2151 1378 2206 ecclesia
1435 2157 1529 2205 tua
1584 2163 1810 2220 prorsus
1856 2146 2039 2218 despc-

388 2242 603 2306 rabam,
635 2240 727 2297 sed
762 2244 1023 2312 tanquam
1063 2239 1337 2295 hominem
1387 2238 1682 2308 benignum
1728 2238 1789 2291 in
1836 2251 1942 2290 me.
1977 2236 2042 2289 Et

389 2330 627 2387 studiose
680 2329 970 2385 audiebam
1020 2329 1392 2401 disputantem
1442 2328 1497 2382 in
1543 2326 1765 2398 populo,
1813 2341 1925 2380 non
1956 2325 2041 2379 in-

388 2420 628 2478 tentione
661 2435 769 2490 qua
797 2418 980 2487 debui,
1012 2416 1106 2473 sed
1153 2418 1312 2487 quasi
1355 2418 1647 2488 explorans
1692 2413 2036 2485 facundiam,

386 2511 575 2565 utrum
624 2507 932 2563 conveniret
981 2507 1154 2577 fama?
1201 2520 1340 2571 suae,
1413 2521 1485 2559 an
1541 2506 1721 2575 major
1794 2504 2040 2558 minorve

381 2599 697 2671 pro/lueret,
743 2611 907 2668 quam
949 2593 1402 2667 praedicabatur:
1433 2601 1483 2648 et
1529 2594 1709 2648 verbis
1755 2594 1870 2665 ejus
1923 2608 2039 2646 sus-

380 2685 659 2759 pendebar
687 2686 948 2755 intentus,
1009 2700 1200 2740 rerum
1229 2691 1411 2739 autem
1459 2683 1767 2738 incuriosus
1811 2685 1866 2735 et
1911 2697 2035 2736 con-

385 2778 616 2848 teniptor
643 2774 928 2830 astabam:
990 2776 1041 2828 et
1069 2773 1381 2830 delectabar
1434 2772 1704 2827 suavitate
1747 2771 2031 2835 sermonis,

385 2880 703 2937 quanquam
731 2862 1071 2928 eruditioris,
1098 2864 1283 2917 minus
1316 2866 1501 2917 tamen
1549 2859 1927 2915 hilurescentis
1954 2864 2033 2912 at-

386 2968 488 3026 que
516 2952 826 3018 mulcentis,
864 2968 1029 3021 quam
1081 2952 1270 3006 Fausti
1320 2956 1462 3016 erat,
1513 2949 1655 3020 quod
1713 2949 1909 3002 attinet
1965 2945 2035 3001 ad

383 3040 642 3097 modum:
665 3048 917 3095 caeterum
950 3055 1136 3094 rerum
1178 3040 1425 3110 ipsarum
1471 3038 1631 3092 nulla
1660 3035 2034 3106 comparatio;

383 3145 516 3184 nam
554 3127 660 3184 ille
685 3144 784 3199 per
818 3128 1146 3183 Manichacus
1174 3129 1431 3200 fallacias
1462 3125 1775 3192 aberrabat,
1806 3125 1907 3178 iste
1930 3139 2029 3177 au-

2154 549 2385 606 brosius
2415 550 2618 607 eadem
2644 550 2915 608 comitate
2946 568 3010 607 ac
3040 550 3465 621 benevolentia,
3488 569 3665 625 quam
3680 553 3807 625 jam

2154 639 2482 712 Augustino
2539 640 2881 697 exhibuerat
2936 638 3060 713 (lib.
3129 658 3186 696 vr
3243 643 3484 713 Confess.
3544 659 3669 715 cap.
3725 642 3806 714 4).

2152 727 2547 799 Augustinum
2600 745 2730 785 vero
2762 747 2796 785 a
2852 728 3306 786 Manichaeorum
3361 732 3709 786 commentis
3740 748 3811 787 ac

2154 816 2384 887 probris
2407 816 2801 874 abalienatum
2825 818 3066 874 offendit
3085 821 3288 887 mater,
3312 819 3575 874 nondum
3606 823 3809 876 tamen

2154 919 2292 977 erga
2317 906 2615 961 veritatem
2642 906 2916 963 doctrinae
2938 906 3232 962 catholicae
3256 906 3401 963 satis
3423 924 3807 981 propensum.

2155 993 2400 1050 Summa
2428 993 2628 1049 laetitia
2673 995 2939 1051 eamdem
2989 995 3179 1050 all'ecit
3222 994 3324 1049 ﬁlii
3376 995 3645 1069 agitatio;
3680 1013 3807 1051 cer-

2153 1086 2275 1138 tam
2306 1082 2464 1138 enim
2512 1099 2677 1155 spem
2729 1083 2864 1139 inde
2895 1083 3159 1156 capiebat
3187 1082 3627 1140 conversionem
3673 1086 3808 1157 ejus

2151 1171 2401 1228 vicinam
2433 1188 2580 1228 esse.
2615 1173 2979 1246 Onapropter
3008 1175 3071 1227 ut
3100 1189 3225 1228 eam
3261 1190 3293 1228 a
3324 1172 3521 1228 divina
3550 1171 3807 1230 clemen-

2153 1259 2234 1315 tia
2275 1266 2749 1331 consequeretur,
2804 1260 3118 1332 geminatis
3175 1260 3466 1333 precibus,
3527 1261 3699 1333 cmpit
3750 1269 3809 1318 ct

2150 1348 2444 1407 studiosius
2472 1351 2543 1406 ad
2596 1350 2882 1406 ecclesiam
2935 1365 3174 1416 currere,
3206 1351 3343 1405 etin
3380 1349 3651 1406 Ambrosii
3704 1367 3809 1409 ora

2150 1438 2411 1509 suspendi
2438 1438 2509 1494 ad
2552 1440 2762 1509 fontem
2814 1438 3062 1494 salientis
3091 1452 3253 1509 aqua?
3308 1439 3367 1492 in
3424 1439 3596 1493 vitam
3640 1444 3806 1495 aeter-

2149 1542 2301 1580 nam.
2336 1527 2606 1599 Diligebat
2659 1534 2843 1583 autem
2896 1527 3059 1582 illum
3115 1528 3296 1581 virum
3349 1529 3489 1582 sicut
3545 1528 3809 1599 angelum

2156 1617 2274 1683 Dei,
2308 1615 2449 1687 quod
2488 1632 2591 1688 per
2637 1616 2798 1671 illum
2824 1618 3143 1687 cognoverat
3172 1631 3257 1671 me
3287 1616 3515 1670 interim
3543 1616 3613 1671 ad
3641 1617 3807 1673 illam

2150 1705 2449 1775 ancipitem
2475 1706 2884 1775 fluctuationem
2905 1706 3027 1777 jam
3072 1719 3186 1760 esse
3221 1698 3543 1776 perductum
3592 1706 3803 1777 (ibid.).

2220 1790 2310 1847 66.
2345 1793 2469 1858 Qua
2505 1810 2677 1867 porro
2730 1791 3102 1848 veneratione
3154 1797 3433 1847 sanctum.
3479 1792 3804 1850 antistitem

2149 1886 2602 1954 prosequeretur
2631 1883 2728 1954 pia
2782 1880 2883 1936 illa
2924 1880 3121 1949 vidua,
3148 1880 3238 1936 vel
3297 1880 3435 1937 hinc
3484 1881 3804 1956 intelligas,

2151 1972 2305 2042 quod
2338 1987 2464 2027 cum
2492 1971 2563 2028 ad
2591 1972 2889 2027 memorias
2918 1974 3258 2037 sanctorum,
3290 1970 3484 2042 inquit
3527 1972 3807 2045 Augusti-

2149 2076 2281 2127 nus,
2340 2062 2479 2115 sicut
2538 2062 2597 2116 in
2653 2060 2840 2132 Africa
2893 2059 3116 2127 solebat,
3166 2059 3347 2132 pultes
3403 2066 3455 2115 et
3496 2076 3714 2133 panem,
3750 2065 3807 2117 et

2147 2165 2363 2204 merum
2392 2149 2665 2206 attulisset
2689 2148 2848 2222 (ibid.
2886 2165 3014 2221 cap.
3045 2149 3132 2220 2);
3166 2147 3266 2202 ubi
3296 2148 3519 2204 audivit
3562 2165 3597 2205 a
3635 2150 3803 2221 jani-

2146 2240 2270 2292 tore
2299 2241 2536 2309 prOpter
2566 2238 2786 2294 abusus
2819 2237 3107 2308 quosdam
3136 2236 3294 2291 hunc
3326 2253 3547 2293 morem
3579 2237 3652 2293 ab
3683 2238 3807 2311 epi-

2146 2341 2323 2399 scopo
2357 2324 2536 2382 fuisse
2566 2325 2962 2395 interdictum,
3013 2333 3130 2381 tam
3157 2327 3245 2396 pi:
3274 2329 3437 2398 atque
3466 2326 3800 2395 obedienter,

2147 2412 2337 2487 pergit
2366 2412 2520 2469 idem
2552 2414 2670 2483 ille,
2719 2415 2980 2487 amplexa
3006 2422 3102 2483 est,
3134 2421 3194 2468 ut
3224 2415 3339 2486 ipse
3369 2416 3604 2470 mirarer
3630 2432 3803 2488 quam

2144 2502 2316 2575 facile
2368 2504 2682 2559 accusatrix
2730 2505 2915 2575 potius
2970 2502 3378 2559 consuetudinis
3432 2519 3567 2571 suae,
3627 2520 3799 2576 quam

2144 2595 2503 2669 disceptatrix
2527 2594 2682 2649 illius
2705 2593 3101 2665 prohibitionis
3130 2592 3316 2664 effecta
3346 2595 3419 2651 sit
3447 2592 3642 2664 (ibid).

2214 2686 2303 2741 67.
2338 2683 2572 2740 Interim
2622 2681 2987 2754 Augustinus
3024 2681 3083 2736 in
3113 2681 3378 2737 veritatis
3406 2680 3603 2737 itinere
3634 2698 3795 2738 sem-
3904 2702 3909 2707 ο

2144 2790 2248 2845 per
2278 2773 2526 2829 ulterius
2573 2770 3077 2845 progrediebatur,
3110 2771 3181 2826 de
3232 2770 3537 2827 Ambrosio
3594 2775 3799 2829 autem

2142 2861 2224 2919 ita
2254 2862 2581 2918 sentiebat:
2612 2858 2977 2930 Ambrosium,
3011 2859 3222 2932 inquit,
3263 2862 3478 2932 felicem
3507 2861 3800 2935 quemdam

2144 2951 2417 3007 hominem
2472 2949 2769 3006 secundum
2821 2949 3085 3005 saeculum
3151 2950 3439 3021 opinabar,
3499 2966 3656 3022 quem
3714 2952 3800 3006 sic

2143 3043 2315 3097 tantm
2340 3042 2625 3111 potestates
2656 3039 3026 3099 honorarent;
3073 3037 3360 3094 caelibatus
3414 3040 3629 3094 tantum
3674 3040 3798 3111 ejus

2141 3129 2283 3184 mihi
2338 3129 2640 3184 laboriosus
2685 3126 2970 3183 videbatur
3025 3125 3205 3196 (ibid.,
3241 3142 3367 3200 cap.
3410 3128 3486 3199 3).
3540 3126 3797 3198 Optabat

384 3221 493 3273 tem
537 3217 900 3272 saluberrime
955 3216 1174 3272 docebat
1227 3216 1457 3270 salutem
1518 3213 1641 3282 (lib.
1692 3229 1728 3267 v
1788 3212 2027 3282 Con/ess.
2061 3203 2103 3269 C
2142 3234 2257 3273 non
2288 3215 2658 3273 mediocriter
2686 3213 2919 3287 longius
2948 3231 3080 3270 cum
3113 3231 3180 3270 eo
3210 3214 3358 3271 inire
3407 3214 3791 3289 colloquium,

384 3320 510 3378 cap.
544 3306 657 3375 23).
691 3305 982 3361 Hactenus
1010 3305 1395 3377 Augustinus,
1429 3302 1525 3374 qui
1560 3302 1668 3357 hac
1698 3300 2030 3356 narratione

382 3395 552 3451 nobis
581 3394 769 3467 aperit
797 3410 912 3449 non
946 3393 1137 3449 solum
1178 3409 1355 3465 quam
1404 3391 1520 3447 alto
1569 3388 1811 3445 consilio
1861 3388 2027 3460 quasi

383 3500 563 3539 manu
593 3483 807 3538 ductus
838 3482 913 3538 sit
941 3483 1012 3538 ad
1039 3480 1435 3548 Ambrosium,
1469 3482 1535 3534 ut
1565 3480 1928 3536 revocaretur
1956 3477 2028 3532 ab

384 3569 707 3639 erroribus;
738 3587 942 3627 verum
973 3570 1148 3626 etiam
1182 3572 1403 3641 quanta
1428 3572 1584 3625 esset
1631 3567 1786 3640 apud
1839 3566 2029 3623 homi-

385 3675 490 3717 nes
519 3658 789 3731 praesulis
820 3659 1005 3715 nostri
1037 3658 1408 3726 existimatio,
1444 3674 1694 3730 quamve
1744 3655 2027 3712 rationem

383 3753 440 3806 et
470 3749 529 3804 in
560 3747 916 3820 excipiendis
947 3748 1180 3814 exteris,
1213 3752 1271 3803 et
1301 3748 1360 3803 in
1390 3745 1621 3820 populis
1653 3743 2029 3800 instituendis

381 3836 480 3892 ille
508 3843 870 3909 sequeretur.
905 3835 1126 3892 Deinde
1163 3835 1413 3907 explicat
1460 3834 1614 3890 idem
1662 3833 2029 3905 Augustinus

381 3924 597 3997 quibus
653 3925 936 3998 gradibus
993 3925 1381 3980 Ambrosiana
1431 3922 1609 3977 verba
1660 3920 1917 3993 primum
1971 3921 2027 3974 in

380 4018 635 4070 mentem
659 4029 828 4069 suam
851 4013 1111 4068 veritatis
1131 4013 1329 4067 lumen
1354 4009 1677 4076 intulerint,
1704 4025 1770 4064 ac
1792 4009 2029 4065 demum

378 4100 820 4158 immutaverint
866 4100 1249 4155 voluntatem.
1283 4098 1378 4154 Sic
1409 4101 1604 4153 autem
1667 4098 1736 4153 de
1779 4096 1889 4152 hoc
1946 4096 2029 4152 lo-

379 4188 610 4260 quitur:
644 4190 711 4244 Et
738 4187 873 4243 dum
918 4202 1011 4243 cor
1039 4187 1332 4259 aperirem,
1368 4185 1584 4257 inquit,
1635 4186 1706 4241 ad
1753 4187 2029 4258 excipien-

378 4278 513 4333 dum
539 4294 707 4348 quam
730 4275 931 4332 diserte
957 4276 1180 4341 diceret,
1225 4277 1441 4348 pariter
1469 4282 1520 4331 et
1570 4275 1821 4332 intrabat
1867 4291 2033 4349 quam

378 4382 505 4422 vere
531 4365 756 4433 diceret,
788 4363 1068 4434 gradatim
1098 4363 1317 4437 quidem
1345 4363 1501 4436 (ibid.
1536 4379 1661 4436 cap.
1693 4363 1808 4433 24).

449 4454 540 4508 64.
576 4454 764 4524 llujus
791 4469 1025 4526 quoque
1056 4453 1194 4509 anni
1216 4458 1349 4509 esse
1375 4454 1653 4525 putamus
1675 4453 1823 4509 duos
1852 4451 2032 4509 libros

2140 3309 2206 3361 ut
2234 3305 2285 3362 ei
2317 3304 2530 3361 mentis
2561 3320 2678 3360 sua:
2710 3308 2906 3359 motus
2933 3308 3109 3376 atque
3139 3303 3487 3377 agitationes
3516 3306 3789 3378 aperiret.

2139 3393 2399 3451 SUbinde
2430 3393 2501 3449 ad
2535 3393 2728 3464 ipsum
2756 3392 3032 3465 pergebat
3061 3391 3224 3447 illam
3256 3393 3327 3449 ob
3352 3410 3607 3461 causam,
3630 3410 3797 3449 cum-

2138 3499 2252 3556 que
2291 3483 2442 3539 mdes
2472 3478 2826 3554 episcopales
2875 3480 3094 3536 nemini
3147 3498 3262 3537 non
3310 3486 3591 3555 paterent,
3627 3483 3787 3539 facili

2138 3571 2369 3646 negotio
2400 3571 2469 3626 ad
2503 3571 2697 3644 ipsum
2740 3569 3069 3625 accedebat.
3099 3569 3317 3625 Verum
3367 3572 3504 3643 quia
3540 3577 3788 3629 sanctus

2138 3660 2383 3716 antistes
2414 3661 2516 3714 aut
2543 3658 2904 3713 diversorum
2964 3657 3268 3713 hominum
3304 3660 3587 3716 serviebat
3615 3658 3790 3716 inﬁr-

2140 3748 2466 3816 mitatibus,
2500 3751 2601 3803 aut
2616 3745 3052 3818 Scripturarum
3076 3747 3450 3811 meditatione
3467 3754 3789 3820 occupatus

2138 3842 2281 3905 erat,
2342 3835 2667 3909 Augustino
2713 3833 2874 3890 nulla
2929 3835 3180 3890 dabatur
3228 3837 3395 3909 copia
3447 3836 3794 3893 sciscitandi

2140 3943 2267 3999 quas
2300 3925 2590 3998 cupiebat.
2631 3924 2779 3979 Eum
2808 3926 3007 3979 tamen
3056 3923 3461 3996 alloquebatur
3490 3925 3790 3982 interdum

2139 4015 2509 4083 Ambrosius,
2543 4013 2713 4085 eique
2743 4015 2978 4086 propter
3006 4017 3331 4069 maternam
3356 4013 3630 4086 pietatem
3659 4030 3795 4087 gra-

2138 4103 2457 4160 tutabatur.

2210 4192 2301 4249 68.
2333 4192 2442 4248 Sed
2472 4188 2859 4264 Augustinus,
2894 4205 3211 4263 congressu
3237 4193 3359 4245 tam
3391 4190 3794 4263 perfunctorio

2142 4281 2386 4339 minime
2402 4283 2734 4346 contentus,
2755 4281 2841 4346 ut,
2864 4294 2981 4351 qua
2998 4277 3228 4344 licebat,
3252 4278 3542 4336 desiderio
3564 4280 3798 4336 satisfa-

2142 4373 2296 4426 ceret
2327 4386 2455 4440 suo,
2505 4368 2674 4423 illum
2725 4369 2786 4424 in
2827 4367 3030 4440 populo
3075 4368 3299 4423 verbum
3348 4370 3595 4425 veritatis
3650 4373 3798 4427 recte

2139 4462 2464 4515 tractantem
2513 4458 2666 4514 omni
2710 4457 2800 4513 die
2826 4454 3113 4513 Dominico
3155 4456 3413 4514 audiebat
3448 4457 3646 4530 (ibid).
3687 4458 3797 4515 His

376 4542 454 4633 tle
476 4543 806 4633 paenitentia
841 4541 1110 4633 Δ(Αίίηιοη.
1158 4544 1225 4633 in
1284 4541 1427 4633 eosd.
1489 4541 1632 4633 lib:),
1693 4558 1841 4633 quos
1894 4543 2027 4597 Am-
2062 4547 2524 4633 Diconcionibus
2578 4545 2770 4633 nubes
2823 4545 3039 4618 quibus
3069 4544 3312 4600 interior
3368 4547 3494 4617 ejus
3549 4546 3798 4603 obtutus

314 4690 330 4707 ,
380 4631 614 4688 brosius
645 4630 883 4704 scripsit
913 4636 1114 4687 contra
1158 4630 1531 4686 Novatianos.
1567 4632 1629 4685 In
1680 4630 1763 4685 eis
1821 4629 2030 4685 horum

379 4719 785 4776 haereticorum
808 4718 1022 4776 deliras
1044 4719 1222 4777 simul
1245 4724 1421 4792 atque
1440 4718 1704 4776 crudeles
1729 4719 2033 4791 opiniones

377 4808 648 4865 funditus
686 4810 909 4880 evertit,
968 4825 1193 4865 necnon
1245 4807 1650 4864 auctoritatem
1703 4806 2033 4863 dimittendi

379 4903 618 4971 peccata
640 4897 909 4954 Ecclesia:
940 4915 974 4954 a
1012 4898 1242 4954 Christo
1299 4899 1496 4953 datam
1545 4896 1756 4952 invicte
1803 4896 2031 4969 probat.

381 4986 543 5051 Quod
576 4993 771 5044 autem
816 4986 951 5042 istic
981 4986 1259 5060 leguntur
1287 5003 1357 5042 ea
1384 4987 1589 5041 verba:
1619 4990 1738 5056 [ego
1795 4986 2034 5057 aliquem

382 5076 624 5132 laborem
677 5092 780 5148 pro
834 5080 1027 5131 sancta
1080 5076 1325 5131 Ecclesia
1376 5076 1585 5146 suscepi
1641 5074 1764 5143 (lib.
1801 5090 1862 5145 II,
1894 5091 1944 5130 c.
1977 5075 2032 5140 8,

382 5180 548 5218 num.
580 5163 702 5231 73);
756 5162 875 5218 illis
924 5164 1126 5237 utique
1183 5164 1231 5218 si
1287 5163 1454 5218 labor
1508 5162 1791 5217 innuatur
1832 5167 2037 5219 contra

383 5250 805 5323 Symmachum
825 5257 1000 5325 atque
1017 5251 1279 5309 ethnicos
1293 5252 1362 5308 ab
1376 5251 1682 5308 Ambrosio
1701 5256 2032 5324 susceptus,

382 5341 618 5397 eosdem
652 5341 832 5397 libros
864 5344 937 5397 ab
964 5342 1073 5399 hoc
1103 5344 1230 5415 ipso
1261 5358 1415 5397 anno
1447 5343 1699 5397 multum
1734 5356 2033 5397 removen-

383 5428 490 5484 dos
522 5431 780 5485 censebit
810 5447 1003 5486 nemo.

453 5518 542 5573 65.
577 5518 704 5591 (Au.
740 5521 892 5592 385.)
934 5519 1182 5587 Monica,
1232 5519 1417 5576 tilium
1476 5524 1626 5577 terra
1679 5520 1952 5590 marique,
1985 5524 2036 5575 et

386 5610 446 5664 in
472 5610 739 5681 periculis
756 5610 1014 5666 omnibus
1037 5612 1255 5679 secuta,
1278 5626 1395 5667 non
1424 5608 1612 5667 multo
1638 5611 1773 5682 post
1802 5609 1875 5666 ad
1898 5625 2033 5665 eum

2142 4635 2570 4701 obcaecabatur,
2629 4631 2926 4705 dissipatae
2986 4637 3153 4699 sunt;
3196 4633 3438 4706 ipseque
3494 4633 3798 4689 catholicae

2143 4724 2278 4781 ﬁdei
2308 4724 2615 4780 veritatem
2638 4736 2972 4795 agnoscere,
3002 4737 3069 4777 ac
3091 4721 3544 4778 Manichaeorum
3567 4738 3800 4779 errores

2143 4812 2398 4868 maxime
2419 4812 2572 4868 circa
2592 4808 2767 4884 prisci
2786 4809 3018 4865 fmderis
3035 4810 3478 4866 Testamentum
3496 4811 3801 4883 despicere

2144 4901 2338 4974 coepit.
2364 4902 2520 4972 δῶρα
2539 4902 2594 4956 in
2628 4897 2988 4972 popularibus
3019 4900 3367 4956 sermonibus
3396 4901 3532 4967 suis,
3575 4900 3802 4972 inquit,

2142 4991 2423 5047 docentem
2477 4989 2823 5045 Ambrosium
2851 4988 3049 5059 saepius
3099 4987 3390 5045 audiebam
3410 5007 3429 5044 :
3459 4990 3671 5046 Littera
3707 5006 3801 5047 oc-

2143 5079 2299 5145 cidit,
2331 5080 2555 5151 spiritus
2601 5085 2780 5132 autem
2814 5076 3074 5147 vivi/ient,
3105 5093 3231 5131 cum
3258 5095 3324 5134 ea
3350 5093 3476 5150 quae
3518 5077 3588 5133 ad
3646 5079 3807 5135 litte-

2143 5183 2268 5222 ram
2307 5168 2717 5238 pcrversitatem
2742 5163 2930 5221 docere
2956 5165 3305 5236 videbantur,
3337 5169 3538 5224 remoto
3566 5169 3804 5240 mystico

2123 5256 2464 5324 ‘velamento,
2519 5253 2853 5327 spiritaliter
2905 5256 3146 5327 aperiret
3195 5254 3354 5327 (ibid.
3400 5271 3524 5328 cap.
3559 5255 3636 5327 4).
3668 5255 3803 5313 Non

2143 5349 2234 5401 est
2261 5361 2398 5418 ergo
2430 5360 2536 5400 cur
2565 5342 2782 5416 aliquis
2813 5341 3079 5413 miretur,
3104 5344 3261 5417 quod
3290 5342 3637 5400 Ambrosius
3665 5347 3805 5401 tan-

2143 5437 2343 5505 topere
2389 5432 2705 5507 mysticum
2758 5438 2990 5506 urgeret
3027 5431 3389 5488 intellectum
3420 5431 3477 5487 in
3510 5432 3803 5488 sermoni-

2143 5522 2256 5577 bus
2287 5521 2396 5579 hoc
2438 5529 2495 5579 et
2551 5521 2823 5594 sequenti
2880 5537 3033 5578 anno
3095 5520 3167 5576 de
3222 5526 3503 5595 suggestu
3553 5520 3802 5595 habitis,

2145 5627 2396 5684 quorum
2427 5610 2782 5687 plerique'in
2823 5609 3005 5668 libros
3054 5608 3273 5667 redacti
3303 5613 3461 5668 sunt.
3494 5606 3609 5666 Hos
3642 5613 3806 5667 certe
