4172 6182
225 336 303 399 ετ
1353 322 1456 383 ax
1500 321 1688 386 ams
1732 319 2232 395 Perissmuu
2277 322 2654 388 SCRIPTIS.
2830 346 2843 351 ι
3651 343 3733 406 ρ,

222 466 407 521 libros
437 450 753 517 fastidiosi
788 448 1051 523 quidam
1081 447 1302 519 majori
1331 450 1611 519 baberent
1644 454 1699 509 in
1736 454 1942 525 pretio,
1978 457 2029 520 Α
2063 470 2196 507 sese
2244 455 2522 511 conferre.
2557 458 2663 513 Sed
2718 474 2853 523 cum
2885 474 2987 515 eos
3025 459 3236 518 beatus
3286 465 3532 523 antistes
3563 478 3723 528 esset

219 554 264 612 si
291 561 635 624 temporum
679 540 947 597 illorum
1004 535 1451 607 necessitatem,
1503 546 1559 598 et
1603 559 1937 613 expressam
2052 542 2369 605 allocutus,
2403 546 2707 600 confestim
2744 547 2813 601 αι]
2844 547 3161 605 stationem
3193 547 3373 609 suam-
3396 556 3715 616 redierunt.

213 644 481 719 ipsorum
528 630 817 693 efﬁcacia
874 624 1092 700 magni
1126 626 1449 698 Augustini
1500 630 1941 689 conversionem
2049 630 2402 719 Ambrosius
2426 649 2559 690 vero
2577 634 2780 692 feriam
2808 635 3043 693 tertiam
3076 638 3133 694 in
3156 640 3403 699 ecclesia
3425 643 3718 719 integram

211 717 509 804 tantisper
548 720 980 780 attendercnt.
1028 803 1039 805 Α
1185 802 1239 805 μ
1330 804 1333 805 ν
2052 717 2286 790 exegit:
2322 720 2664 780 imminente
2731 730 2929 780 autem
2976 728 3165 783 noctis
3212 735 3492 805 tempore,
3545 717 3719 791 rediit

285 822 381 880 69.
408 802 796 883 Ambrosius,
834 805 943 881 qui
981 803 1147 862 ultra
1182 802 1649 865 Mediolanensis
1670 807 1941 865 Ecclesia)
2051 809 2109 864 in
2146 808 2303 864 sedes
2332 809 2719 879 episcopales:
2755 816 2818 868 ut
2854 813 2900 867 si
2933 830 3064 870 eum
3098 816 3157 873 in
3190 802 3456 878 exsilium
3503 822 3718 895 pellere

218 912 444 969 limites
475 899 955 964 sollicitudinem
992 908 1175 953 suam
1216 896 1595 966 extendebat,
1637 899 1875 970 rogatus
1908 913 1943 951 a
2048 896 2292 965 vellent,
2345 904 2611 969 paratum
2660 901 2997 958 invenirent
3041 904 3199 975 (ibid.
3249 926 3411 965 num.
3463 913 3570 983 10).
3616 912 3720 968 Ρο-

222 1000 437 1076 Vigilio
464 997 534 1054 ad
566 990 997 1052 Tridentinam
1030 982 1240 1076 sedem
1275 1000 1475 1058 nuper
1502 990 1718 1076 evecto,
1748 984 1944 1076 praeci-
2051 985 2265 1076 stridie
2297 986 2567 1076 ejusdiei
2617 990 2969 1045 antelucana
3014 991 3156 1049 hora
3210 997 3383 1053 domo
3420 982 3715 1072 egressus,

228 1073 346 1167 pua
405 1082 761 1161 episcopalis
784 1074 1116 1152 dignitatis
1150 1088 1419 1131 munera
1473 1092 1577 1148 per
1631 1073 1941 1167 epistolam
2051 1074 2315 1167 cinctam
2340 1074 2623 1167 militibus
2653 1078 2875 1149 reperit
2901 1079 3224 1147 ecclesiam,
3258 1087 3314 1141 in
3348 1103 3464 1158 qua
3504 1088 3717 1145 nihilo-

226 1161 337 1256 ipsi
371 1173 644 1250 exposuit
672 1170 880 1245 (epist.
915 1167 1030 1240 19).
1066 1162 1198 1256 Prae
1241 1163 1494 1256 caeteris
1527 1168 1731 1256 autem
1770 1161 1943 1218 illum
2054 1163 2259 1256 minus
2303 1163 2579 1256 lectiones
2610 1171 2909 1221 consuetae
2951 1170 3358 1230 recitabantur.
3408 1176 3720 1247 Imperavit

226 1249 606 1327 admonebat,
668 1264 739 1317 ut
781 1275 857 1315 ne
906 1250 1210 1313 connubia
1236 1249 1418 1307 inter
1468 1251 1631 1309 cultu
1677 1251 1943 1324 dispares
2053 1252 2374 1325 episcopus
2414 1252 2631 1309 milites
2665 1270 2846 1310 sacrm
2888 1260 3316 1318 communionis
3359 1265 3496 1335 jure
3535 1263 3717 1322 inter-

230 1359 384 1418 coire
415 1352 816 1429 permitteret,
845 1346 959 1403 hoc
988 1346 1080 1403 est
1113 1337 1270 1429 inter
1320 1340 1707 1397 Christianos
1764 1343 1821 1396 et
1852 1340 1943 1394 in-

231 1428 455 1505 fideles.
508 1442 695 1513 Cujus
762 1428 1188 1493 admonitionis
1242 1430 1596 1488 necessitas
1647 1429 1946 1486 oriebatur

230 1557 298 1596 ex
331 1532 787 1592 idololatrarum
822 1519 1387 1590 multitudine,quae
1420 1519 1482 1576 in
1502 1519 1858 1576 Tridentinis
1880 1519 1945 1573 fi-

231 1628 413 1682 nibus
433 1627 579 1679 tunc
604 1622 779 1676 tanta
807 1618 955 1678 erat,
986 1615 1048 1667 ut
1071 1607 1227 1664 idem
1262 1607 1547 1681 Vigilius
1576 1625 1707 1665 cum
1734 1625 1831 1664 eos
1859 1607 1945 1662 ni-
2054 1608 2265 1680 pulum
2301 1608 2684 1664 concinnatus
2706 1614 2796 1664 est
2825 1610 2981 1675 (ibid.
3016 1628 3177 1668 num.
3212 1614 3280 1669 44
3308 1619 3363 1670 et
3387 1618 3544 1689 seq.)
3568 1620 3719 1680 Dum

237 1720 464 1773 teretur
492 1710 795 1768 adducere
827 1703 900 1760 ad
936 1696 1148 1757 Christi
1199 1698 1645 1769 cognitionem,
1693 1698 1765 1753 ab
1796 1697 1945 1770 ipsis
2055 1711 2391 1753 sermonem
2417 1714 2588 1753 suum
2614 1696 2791 1752 rebus
2814 1701 3200 1767 praesentibus
3226 1704 3372 1759 scite
3394 1706 3717 1781 adaptaret,

237 1801 527 1875 martyrio
558 1798 813 1854 affectus
846 1791 1221 1848 memoretur.
1974 1826 2022 1893 Β
2053 1803 2190 1841 eum
2244 1786 2638 1893 interpellant,
2687 1786 2814 1842 vela
2851 1790 3132 1845 removeri
3164 1807 3233 1893 es
3263 1792 3510 1849 basilica
3539 1797 3722 1870 signi-

308 1874 417 1948 70.
444 1888 558 1946 Ubi
590 1887 861 1960 primum
892 1879 1128 1937 Justina
1169 1890 1392 1948 pacem
1445 1892 1481 1931 a
1538 1875 1791 1932 Maximo
1830 1875 1942 1931 sibi
1975 1874 2022 1893 "
2061 1877 2326 1939 ticantes,
2353 1875 2505 1946 quod
2532 1874 2941 1946 imperatorem
2976 1884 3163 1949 empto
3194 1880 3476 1938 desistere
3505 1884 3721 1944 ίηάίοίο

245 1994 597 2040 concessam
627 1974 801 2039 vidit,
835 1988 905 2028 ea
932 1963 1378 2041 opportunitate
1423 1964 1730 2020 constituit
1759 1964 1945 2032 abuti,
2058 1968 2203 2018 erat.
2239 1962 2710 2033 Prosequebatur
2738 1964 3079 2021 concionem
3110 1984 3280 2024 suam
3328 1972 3579 2029 antistes
3616 1991 3721 2031 no-

247 2078 317 2128 ut
343 2065 665 2126 Ambrosio
696 2061 926 2119 bellum
958 2055 1240 2113 indiceret
1268 2070 1283 2120 ;
1340 2057 1473 2108 rata
1503 2052 1658 2108 enim
1694 2054 1947 2109 auctori-
2058 2056 2203 2118 ster,
2237 2068 2370 2107 cum
2422 2067 2555 2107 ecce
2588 2051 2664 2106 ibi
2700 2054 2965 2109 notarius
2990 2058 3062 2110 ab
3093 2056 3446 2129 imperatore
3475 2063 3549 2116 ad
3582 2079 3719 2122 eum

251 2164 437 2217 tatem
470 2155 575 2212 filii
608 2154 737 2225 jam
773 2148 922 2205 satis
953 2161 1085 2202 esse
1106 2141 1543 2209 confirmatam,
1577 2141 1775 2198 omnia
1802 2142 1862 2198 in
1885 2160 1950 2200 se
2056 2140 2238 2203 venit,
2272 2139 2374 2211 qui
2402 2144 2459 2194 et
2479 2143 2790 2211 tyrannum
2813 2141 3007 2212 ipsum
3037 2143 3524 2219 appellavit(ibid.
3550 2168 3715 2208 num.

255 2254 438 2321 atque
467 2246 526 2300 in
560 2239 892 2316 imperium
926 2233 1116 2292 sancti
1145 2231 1251 2321 viri
1272 2229 1948 2321 ‘meritaioblivionede-
2057 2229 2275 2321 22)_,Aet
2331 2229 2524 2321 verbis
2579 2230 2844 2321 tractavit
2899 2230 3401 2321 injuriosissimig,
3459 2238 3718 2298 Μοάθεω

255 2308 424 2391 ᾗτςῆ
458 2308 846 2389 Occasi‘onem
881 2323 998 2397 ipsi
1049 2318 1337 2386 exhibuit,
1373 2320 1529 2391 quod
1570 2319 1631 2374 in
1682 2319 1948 2391 proximo
1984 2382 2007 2397 ν
2059 2318 2299 2389 quidem
2332 2315 2430 2373 ille
2461 2319 2785 2389 respondit,
2819 2319 2921 2375 sed
2941 2320 3086 2376 nihil
3109 2324 3339 2380 remisit
3356 2326 3429 2381 de
3444 2334 3716 2385 constan-

267 2428 419 2487 erat,
471 2414 922 2477 resurrectionis
965 2408 1284 2467 Dominicm
1316 2408 1569 2475 festum;
1604 2411 1671 2462 ut
1711 2408 1781 2463 ad
1814 2410 1949 2464 Am-
2057 2407 2161 2462 tia.
2195 2406 2321 2461 Non
2356 2405 2682 2477 permissus
2714 2413 2804 2464 est
2828 2424 2894 2464 eo
2922 2409 3015 2465 die
3041 2410 3280 2468 domum
3313 2417 3560 2488 regredi,
3613 2419 3715 2475 sed

268 2510 539 2567 brosium
569 2506 831 2562 mitteret
860 2499 1062 2573 (epist.
1092 2498 1204 2568 ‘20),
1239 2495 1338 2569 qui
1374 2495 1707 2552 Portianam
1740 2496 1948 2552 basili-
2056 2509 2185 2550 cum
2213 2494 2484 2565 fratribus
2523 2497 2584 2550 in
2617 2495 2843 2552 basilica
2883 2500 3101 2553 minore
3143 2503 3421 2559 canendis
3472 2505 3717 2577 psalmis

260 2616 419 2664 cam,
454 2597 564 2654 hoc
612 2598 702 2651 est
732 2596 1245 2657 extramuranam,
1278 2588 1541 2657 peterent
1576 2584 1828 2640 Arianis.
1883 2585 1947 2641 Id
2057 2599 2265 2638 omnes
2315 2588 2747 2654 pernoctarunt.
2812 2585 3089 2657 Sequenti
3148 2590 3259 2656 die,
3321 2591 3380 2646 id
3430 2598 3521 2650 est
3569 2595 3718 2652 feria

256 2704 397 2746 cum
431 2682 657 2759 ingenti
684 2679 885 2737 animo
918 2678 1199 2750 negasset
1227 2678 1471 2729 sanctus
1494 2673 1729 2744 praesul,
1762 2672 1947 2745 impe-
2057 2671 2259 2743 quinta
2299 2672 2539 2741 majoris
2570 2672 2969 2740 hebdomadas,
3000 2678 3161 2731 Jonas
3194 2678 3499 2749 prophetia
3554 2699 3714 2739 more

259 2777 445 2833 ram;
497 2790 570 2829 ex
616 2787 684 2826 eo
730 2769 992 2834 efferata,
1044 2763 1150 2818 ﬁlii
1199 2760 1439 2817 nomine
1494 2777 1561 2816 ac
1590 2765 1808 2817 terrore
1838 2761 1943 2817 ob-
2055 2759 2231 2815 solito
2273 2759 2509 2817 recitata
2539 2765 2648 2829 est,
2697 2778 2871 2834 quam
2905 2762 3153 2820 dicendo
3181 2782 3465 2838 exponere
3495 2769 3715 2844 incepit

250 2852 435 2937 ’καθ’
471 2878 599 2917 rem
631 2861 980 2927 extorquere
1010 2855 1222 2919 conata
1250 2854 1360 2905 est.
1393 2849 1756 2921 QuaprOpter
1799 2848 1945 2906 feria
2052 2849 2407 2906 Ambrosius
2439 2849 2596 2923 (ibid.
2628 2867 2790 2906 num.
2812 2852 2923 2923 25).
2959 2852 3126 2908 Haud
3167 2854 3422 2912 multum
3479 2874 3710 2930 proces-

255 2959 431 3010 sexta
454 2953 596 3005 ante
637 2943 1009 3003 Dominicam
1043 2954 1172 3012 qua
1205 2937 1424 2993 dicitur
1454 2937 1804 3003 Palmarum,
1837 2954 1940 2991 ve-
2052 2940 2217 2994 serat
2252 2938 2309 2993 in
2363 2939 2633 2996 instituto
2687 2956 2976 3007 sermone,
3013 2958 3147 2997 cum
3193 2961 3227 2999 a
3256 2945 3610 3017 quibusdam
3658 2948 3711 3005 ei

254 3044 438 3098 niunt
488 3037 686 3111 ipsius
715 3035 883 3105 iussu
917 3030 1169 3102 comites
1212 3025 1454 3097 quidam
1504 3026 1935 3091 consistoriani,
2049 3026 2307 3083 refertur
2358 3029 2699 3101 praecepisse
2763 3028 3180 3087 Valentianum
3237 3037 3303 3089 ut
3376 3038 3714 3094 recederent

254 3131 363 3205 qui
396 3126 717 3186 basilicam
742 3137 974 3186 novam,
1008 3118 1123 3175 hoc
1154 3119 1246 3173 est
1270 3114 1758 3183 intramuranam,
1811 3131 1938 3187 qua
1969 3191 2007 3205 Α
2051 3113 2297 3183 milites,
2326 3134 2392 3173 ac
2423 3117 2576 3173 cives
2608 3118 2707 3190 qui
2742 3118 2797 3175 in
2823 3118 3074 3174 vinculis
3129 3125 3313 3189 erant,
3347 3123 3710 3181 dimitteren-

2054 1340 2193 1407 dici,
2228 1340 2460 1412 quo~illi
2493 1342 2776 1407 deterriti,
2811 1343 2879 1396 ad
2916 1344 3331 1405 catholicorum
3383 1356 3580 1423 partes
3623 1370 3718 1410 ac-

2054 1434 2385 1485 cesserunt.
2419 1431 2582 1486 Tunc
2628 1430 2730 1486 ille
2781 1431 3094 1488 ambonem
3126 1436 3380 1494 basilicae
3435 1457 3718 1500 conscen-

2055 1520 2227 1583 dens,
2261 1536 2327 1574 ex
2360 1519 2508 1575 libro
2538 1520 2647 1575 Job
2680 1535 2856 1591 quem
2891 1524 3033 1576 tunc
3064 1521 3175 1596 legi
3208 1526 3471 1598 contigit,
3505 1531 3571 1585 ad
3618 1548 3718 1604 po-

253 3191 558 3295 s'uperiori
605 3217 732 3270 erat
770 3209 1040 3283 amplior,
1064 3206 1379 3280 poscerent
1424 3205 1496 3259 ab
1543 3204 1748 3295 eodem
1794 3205 1932 3295 Am-
1964 3191 2008 3259 Ο
2052 3207 2170 3295 tur.
2225 3206 2631 3295 incredibilem
2662 3207 2813 3279 apud
2847 3206 3166 3264 catholicos
3213 3211 3566 3284 voluptatem
3614 3229 3712 3286 pe-

254 3310 462 3367 brosio
506 3303 716 3378 (ibid.).
751 3301 854 3357 llic
884 3304 1082 3356 autem
1114 3310 1329 3364 rursus
1369 3295 1630 3363 modeste
1663 3294 1841 3349 simul
1874 3312 1942 3351 ac

252 3411 550 3472 generose
594 3391 858 3466 reposuit
920 3387 1191 3460 templum
1242 3384 1341 3472 Dei
1380 3399 1423 3472 Aa
1468 3383 1743 3440 sacerdote
1795 3385 1942 3440 tradi

249 3470 367 3543 non
400 3500 562 3559 posse
592 3480 774 3554 (ibid,
809 3493 976 3533 num.
1009 3477 1086 3548 2).
1137 3470 1430 3559 Postridie
1459 3472 1769 3542 praefectus
1814 3472 1943 3545 ipse

249 3574 532 3633 convenit
565 3573 836 3626 sanctum
871 3566 1084 3621 virum.
1140 3565 1209 3616 ut
1254 3558 1345 3614 vel
1386 3559 1655 3616 Portiana
1698 3560 1944 3618 basilica

249 3662 709 3721 concederetur.
759 3655 1013 3711 Maxima
1051 3667 1188 3710 cum
1241 3649 1456 3721 pietate
1501 3665 1569 3703 ac
1611 3651 1945 3707 constantia

248 3751 529 3827 populus
561 3745 917 3811 reclamavit,
951 3742 1109 3814 quod
1138 3754 1279 3827 cum
1312 3741 1571 3827 cerneret
1607 3739 1764 3794 idem
1791 3756 1943 3810 prae-

250 3826 483 3910 iectus,
520 3838 597 3892 ad
650 3833 933 3907 palatium
974 3829 1168 3898 rediit,
1216 3826 1558 3898 imperatori
1606 3843 1736 3898 quis
1779 3833 1946 3899 gesta

248 3931 529 3996 fuerant,
570 3923 976 3981 nuntiaturus.
1011 3919 1266 3975 Sanctus
1297 3914 1562 3985 antistes,
1597 3915 1944 3985 hujusmodi

2050 3293 2205 3364 perit
2234 3294 2343 3351 hoc
2392 3295 2688 3351 nuntium.
2746 3299 2821 3351 At
2851 3296 3079 3352 etiamsi
3112 3301 3437 3370 persecutio
3467 3301 3569 3359 illa
3616 3304 3709 3359 hic

2051 3380 2276 3439 ﬁnierit
2302 3384 2461 3456 (ibid.
2491 3402 2549 3440 n.
2585 3388 2654 3439 27
2682 3393 2734 3441 et
2760 3385 2873 3456 28).
2908 3386 3336 3444 nuntiabantur
3362 3393 3558 3447 tamen
3598 3392 3708 3448 im-

2051 3473 2339 3540 peratoris
2395 3473 2570 3528 verba
2626 3473 2927 3540 nonnulla,
2962 3491 3089 3545 quae
3147 3494 3386 3534 securos
3436 3495 3565 3537 esse
3593 3497 3707 3538 non

2053 3559 2429 3631 patiebantur
2457 3563 2694 3617 eosdem
2745 3561 3099 3619 catholicos:
3131 3571 3190 3622 et
3242 3568 3552 3642 Caligonus
3596 3571 3712 3626 Va—

2052 3646 2362 3703 lentiniani
2398 3649 2706 3721 praefectus
2752 3649 3042 3715 cubiculo,
3076 3654 3149 3709 ab
3180 3657 3558 3713 Ambrosium
3594 3659 3710 3714 mi-

2054 3736 2151 3801 sit,
2183 3737 2285 3808 qui
2317 3739 2441 3793 suis
2462 3739 2657 3795 verbis
2699 3739 2748 3795 ei
2783 3737 3037 3796 diceret:
3070 3742 3148 3797 Me
3176 3747 3316 3810 vivo,
3353 3751 3412 3800 tu
3461 3756 3709 3805 contem-

2055 3827 2143 3880 nis
2179 3826 2678 3883 Valentinianum?
2709 3828 2880 3898 Caput
2909 3828 3013 3882 tibi
3035 3830 3166 3885 tollo
3196 3834 3352 3901 (ibid.
3394 3851 3558 3889 num.
3592 3836 3705 3907 28),

2053 3914 2154 3970 Cui
2188 3931 2540 3987 generosum
2567 3916 2677 3973 hoc
2723 3920 2781 3972 et
2811 3915 2981 3987 plane
3001 3917 3333 3992 episcopale
3358 3936 3706 3993 responsum

245 4019 465 4075 turbis
496 4030 615 4071 non
672 4010 1002 4078 deterritus,
1045 4004 1358 4063 Dominica
1380 4002 1713 4060 Palmarum
1760 4008 1943 4065 sacris

243 4104 577 4165 consuetis
599 4101 709 4156 rite
740 4101 1012 4171 operatus
1040 4098 1150 4151 est.
1182 4092 1586 4149 Verumtatem
1618 4093 1760 4149 dum
1790 4110 1946 4152 com-

242 4193 614 4269 petentibus
644 4188 903 4244 traderet
932 4182 1294 4258 symbolum,
1326 4198 1361 4236 a
1391 4179 1744 4253 quibusdam
1775 4185 1942 4240 audi-

238 4287 362 4354 vit,
417 4281 567 4355 quod
612 4278 686 4335 ad
732 4277 1058 4333 Portianam
1103 4271 1394 4328 basilicam
1443 4269 1507 4325 de
1543 4271 1752 4340 palatio
1780 4271 1943 4330 decu-

238 4388 461 4430 manas
502 4369 824 4433 misissent;
872 4367 926 4419 et
970 4363 1094 4419 vela
1121 4358 1516 4433 suspenderent
1545 4359 1724 4430 (ibid,
1774 4378 1939 4420 num.
2049 4360 2388 4431 patriarcha,
2423 4361 2522 4415 ubi
2568 4361 2656 4415 his
2714 4378 2884 4416 voces
2926 4363 3102 4417 etiam
3133 4362 3412 4437 leguntur
3441 4367 3706 4424 modera-

238 4464 344 4529 4};
420 4464 492 4516 οι
550 4454 823 4517 videlicet
888 4468 922 4507 ε
969 4449 1337 4515 Valentiam,
1416 4446 1567 4502 hanc
1632 4448 1941 4509 ecclesiam
2051 4448 2230 4503 tionis
2262 4449 2449 4504 sancti
2506 4448 2759 4521 episc0pi
2790 4464 2923 4505 vere
2953 4451 3327 4509 indices:Ne
3356 4455 3527 4526 ipsius
3582 4459 3707 4529 qui-

238 4506 275 4519 τ
425 4506 490 4516 ..-
564 4506 817 4517 .-π-τ---
1321 4506 1334 4515 .
1804 4506 1812 4507 κ
1854 4506 1875 4507 η
1904 4506 1940 4509 η
2539 4506 2558 4520 .
2704 4506 2723 4521 ι
3126 4506 3171 4508 η
3205 4506 3215 4509 ν
3360 4506 3523 4526 την
3584 4506 3675 4529 ππ-

234 4506 550 4622 occupari
578 4541 984 4613 vindicarique
1015 4538 1440 4611 signiﬁcarent.
1475 4537 1826 4596 Ambrosius
1866 4542 1940 4598 ab
1970 4565 2017 4628 Β
2050 4537 2175 4593 (lem
2202 4553 2477 4594 sermones
2521 4540 2633 4592 mei
2687 4540 3005 4595 meminisse
3060 4541 3310 4611 delectat,
3366 4560 3525 4617 quem
3578 4554 3709 4603 tunc

232 4636 574 4698 offerendo
606 4631 891 4690 sacrificio
921 4646 1039 4685 non
1070 4626 1415 4695 absistebat,
1437 4642 1573 4682 cum
1600 4629 1937 4688 nuntiatum
1976 4626 2001 4628 “
2047 4636 2312 4699 temporis
2342 4627 2429 4682 vel
2456 4627 2732 4698 effuderit,
2762 4629 2846 4683 vel
2890 4632 3186 4686 extorserit
3214 4633 3468 4690 Ecclesiae
3512 4638 3706 4691 contu-

233 4735 343 4787 est
410 4724 828 4799 presbyterum
870 4717 1189 4791 quemdam
1233 4716 1610 4781 Arianorum,
1640 4716 1944 4776 Castulum
2052 4717 2225 4771 melia
2254 4715 2378 4786 (lib.
2410 4715 2477 4770 de
2504 4716 2719 4788 Ioseph,
2753 4732 2802 4772 c.
2834 4720 2889 4782 6,
2926 4735 3091 4775 num.
3122 4721 3194 4776 33
3233 4729 3286 4777 et
3337 4724 3493 4794 seq.).
3554 4721 3702 4777 Sub-

236 4817 549 4879 nomine,
579 4829 615 4867 a
648 4808 858 4882 populo
889 4808 1076 4864 fuisse
1106 4809 1367 4879 captum.
1393 4804 1455 4860 Id
1477 4804 1791 4879 episcopus
1808 4823 1940 4881 gra-
2045 4804 2245 4876 jungit
2269 4808 2466 4859 tamen
2499 4802 2668 4861 illum
2701 4821 2815 4860 non
2850 4807 3035 4863 multo
3067 4813 3201 4880 post
3217 4826 3419 4880 pinnas
3447 4808 3698 4870 dedisse.

228 4911 412 4965 viter
448 4901 613 4969 tulit,
647 4904 819 4971 atque
849 4894 1135 4969 extemplo
1165 4894 1540 4966 presbyteros
1568 4909 1636 4950 ac
1667 4895 1942 4954 diaconos
2052 4893 2154 4948 sed
2184 4892 2641 4949 condemnatum
2672 4894 2913 4951 alterius
2943 4896 3228 4965 criminis,
3262 4898 3415 4968 quod
3463 4901 3699 4966 Augus-

230 4999 373 5055 huc
416 4987 752 5048 destinavit
778 4985 957 5055 (ibiqu
992 5001 1156 5040 num.
1187 4985 1222 5040 5
1247 4986 1299 5038 et
1325 4982 1483 5053 seq.),
1516 4998 1553 5037 a
1586 4984 1801 5055 quibus
1849 5002 1941 5040 sa-
2052 4981 2211 5037 tinus
2252 4982 2420 5036 nobis
2451 4981 2700 5054 explicat
2728 4983 2787 5037 in
2820 5000 2954 5040 eum
3011 4986 3269 5050 modum,
3332 4985 3696 5051 Callzgonum,

233 5079 587 5143 criﬁculus
616 5076 981 5132 liberaretur.
1012 5072 1255 5129 Justina
1274 5074 1472 5127 tamen
1491 5071 1794 5129 seditionis
1816 5072 1943 5130 loco
2050 5069 2263 5141 inquit,
2294 5070 2669 5125 Valentiniani
2686 5073 2933 5143 junioris
2968 5072 3278 5128 eunuchum
3313 5071 3496 5141 gladio
3541 5075 3698 5128 novi-

234 5171 415 5230 illud
462 5164 781 5237 accipiens,
814 5160 1033 5218 multos
1072 5159 1286 5216 civium
1315 5157 1565 5229 conjecit
1596 5159 1657 5215 in
1686 5160 1939 5227 vincula,
2050 5175 2170 5213 mus
2200 5159 2385 5214 ultore
2416 5161 2696 5230 punitum,
2717 5163 3027 5217 meretricis
3039 5160 3379 5228 confessione
3395 5162 3700 5216 convictum

234 5258 510 5338 palatio
547 5252 853 5327 justitiam
883 5248 1115 5315 indixit,
1137 5263 1503 5320 magnasque
1532 5247 1727 5338 minas
1758 5250 1945 5306 inten-
2054 5246 2178 5338 (lib.
2208 5264 2267 5338 vi
2380 5248 2590 5304 Julian.
2623 5266 2674 5305 c.
2708 5252 2816 5321 14).

234 5335 412 5407 tavit
470 5340 881 5417 optimatibus.
926 5340 1197 5394 Attamen
1247 5337 1440 5393 denuo
1481 5336 1649 5392 missi
1698 5343 1838 5395 sunt
1867 5339 1940 5396 ad
2122 5337 2210 5391 71.
2237 5335 2360 5391 Dici
2392 5353 2505 5392 non
2530 5341 2720 5408 potest
2741 5353 2916 5407 quam
2947 5338 3317 5392 consternata
3346 5336 3521 5392 fuerit
3546 5338 3698 5394 Mar-

234 5435 668 5498 Ambrosium
688 5429 908 5485 tribuni
934 5432 991 5483 et
1019 5424 1281 5491 comites,
1305 5417 1406 5498 qui
1432 5442 1568 5482 eum
1590 5426 1662 5481 de
1685 5428 1945 5486 cedenda
2051 5425 2280 5492 cellina,
2313 5426 2412 5481 ubi
2444 5425 2664 5497 primos
2701 5424 2879 5494 hujus
2908 5423 3200 5480 tumultus
3236 5442 3504 5483 rumores
3530 5442 3698 5484 acce-

237 5546 379 5587 nna
417 5540 509 5581 ex
537 5518 797 5577 basilicis
817 5514 1232 5590 compellarent
1258 5514 1416 5587 (ibid.
1436 5531 1607 5571 num.
1639 5517 1674 5571 8
1699 5520 1755 5571 et
1780 5520 1938 5592 θέᾳ).
2051 5514 2155 5587 pit.
2206 5514 2416 5579 Statim
2456 5512 2635 5584 igitur
2664 5511 2883 5567 crebris
2922 5513 3132 5569 litteris
3183 5513 3419 5571 fratrem
3472 5517 3699 5590 rogavit

239 5613 537 5684 Interim
565 5623 697 5671 vero
721 5605 873 5685 jussi
902 5608 1041 5667 emit
1062 5603 1278 5666 milites
1295 5603 1517 5677 adeam
1536 5606 1940 5695 occupandam
2051 5608 2119 5665 ut
2147 5620 2210 5669 se
2240 5602 2505 5665 omnium
2535 5601 2749 5661 faceret
2777 5603 3104 5662 certiorem.
3153 5603 3504 5668 Ambrosius
3558 5618 3709 5667 vero

2053 4004 2250 4059 dedit:
2291 4009 2439 4063 Deus
2465 4008 2759 4077 permittat
2787 4006 2892 4060 tibi
2919 4008 2979 4060 ut
3008 4007 3241 4079 impleas
3266 4008 3408 4080 quod
3434 4011 3705 4074 minaris;

2051 4108 2150 4161 ego
2180 4095 2331 4148 enim
2357 4096 2551 4165 patiar
2581 4096 2726 4167 quod
2754 4096 3012 4167 episcopi,
3047 4105 3107 4151 tu
3132 4100 3305 4169 facies
3334 4098 3479 4169 quod
3507 4099 3705 4171 spado-

2050 4196 2166 4237 nes.
2199 4181 2476 4252 Ejusdem
2507 4184 2783 4251 ennuchi,
2805 4184 2902 4239 sed
2927 4201 3245 4257 suppresso
3266 4186 3426 4242 illius
3447 4188 3702 4258 nomine,

2051 4271 2401 4327 Ambrosius
2454 4273 2722 4328 meminit
2750 4273 2809 4328 in
2850 4271 3350 4331 Commentatione
3399 4279 3473 4333 De
3506 4277 3709 4350 Ioseph
