4172 6182
425 339 505 399 99
1767 323 1957 387 Vl'l‘A
2001 324 2068 386 s.
2113 317 2494 389 AMBROSII

3721 321 3840 385 100

423 469 736 526 sollicitam
777 467 849 523 de
879 481 940 523 se
988 479 1248 522 sororem
1281 460 1685 520 charissimam
1724 458 1903 513 animi
1941 475 2075 531 pen-
2108 458 2158 524 Α
2191 458 2442 523 brosius,
2476 458 2825 528 convocatis,
2860 459 2960 532 qui
2993 459 3304 517 Mediolani
3335 463 3474 514 tunc
3521 457 3836 513 versaban-

422 561 558 614 dere
603 573 972 630 nequaquam
1019 570 1252 627 passus,
1303 551 1354 606 ei
1406 566 1509 622 per
1551 548 1813 603 ordinem
1881 548 2078 601 omnia

422 646 693 719 scripsit;
727 662 757 701 e
788 647 960 716 cujus
989 641 1233 716 epistola
1274 639 1468 710 (epist.
1499 637 1590 706 20)
1651 653 1777 708 quae
1836 637 1907 691 de
1967 635 2076 690 hac

421 737 624 791 eadem
676 734 1077 806 persecutione
1108 747 1141 784 a
1172 727 1340 782 nobis
1383 732 1620 781 narrata
1651 731 1810 789 sunt,
1871 729 2076 779 mutuo

423 825 812 897 sumpsimus.
847 818 1120 877 Nonnulli
1183 833 1351 884 porro
1410 817 1559 870 hanc
1615 813 2074 886 persecutionem

422 914 688 984 sequenti
722 926 872 966 anno
901 908 1209 961 excitatam
1244 910 1594 968 autumant;
1627 904 1726 958 sed
1767 919 1878 958 non
1910 901 2074 957 diffe-

422 1003 662 1058 rendam
693 999 847 1053 ultra
867 997 1021 1049 hunc
1047 993 1244 1064 ipsum
1269 991 1808 1048 demonstravimus
1840 991 2074 1063 proprio

423 1091 548 1146 loco
579 1090 827 1160 (Admon.
862 1086 922 1138 in
950 1085 1110 1154 epist.
1139 1085 1211 1136 20
1239 1085 1292 1136 et
1319 1083 1432 1150 21).

491 1181 578 1232 72.
627 1177 740 1245 (AN.
793 1172 942 1240 386.)
1001 1172 1121 1226 Etsi
1179 1169 1424 1225 Justina:
1483 1169 1813 1225 vexationes
1873 1168 2072 1240 sopitas

422 1267 779 1326 viderentur,
813 1260 1032 1333 optime
1065 1265 1260 1315 tamen
1309 1259 1658 1313 Ambrosius
1693 1259 1810 1312 fore
1869 1256 2074 1328 praevi-

421 1355 602 1416 derat,
639 1357 704 1406 ut
736 1367 848 1404 non
883 1347 1174 1420 quisceret
1203 1347 1324 1402 haec
1358 1348 1593 1401 Ariana.
1655 1347 1720 1400 Et
1749 1351 1903 1400 certe
1956 1361 2071 1400 non

420 1443 518 1496 diu
563 1441 761 1496 odium
795 1437 896 1492 illa
925 1435 1248 1491 continuit:
1283 1435 1384 1490 sed
1419 1440 1484 1490 ut
1505 1435 1800 1490 efﬁcacius
1822 1433 2074 1505 cogitata

421 1530 740 1604 perﬁceret,
785 1528 909 1596 jam
962 1526 1098 1581 inde
1153 1542 1186 1580 a
1233 1540 1433 1580 mense
1487 1522 1768 1579 Januario
1824 1522 2073 1592 hujusce

421 1619 557 1675 anni
590 1616 881 1690 persuasit
908 1615 1026 1669 filio
1059 1614 1427 1669 scribendam
1450 1613 1661 1684 legem,
1685 1629 1811 1683 quze
1839 1611 2072 1666 Arianis

420 1709 479 1764 in
525 1706 828 1762 ecclesiam
880 1703 1255 1758 conveniendi
1292 1707 1638 1773 potestatem
1671 1703 1900 1762 faceret,
1952 1717 2070 1772 pm-

422 1811 673 1872 namque
704 1793 912 1865 capitis
940 1794 1024 1847 eis
1050 1792 1350 1862 irrogaret,
1385 1789 1485 1861 qui
1515 1795 1717 1844 contra
1749 1805 1863 1844 non
1896 1789 2068 1844 modo

421 1883 616 1956 palam
649 1881 1026 1942 intercedere,
1059 1880 1158 1935 sed
1180 1878 1268 1932 vel
1290 1879 1536 1934 clanculo
1553 1879 1863 1948 supplicare
1885 1883 2071 1932 atten-

418 1972 702 2028 tavissent
732 1969 854 2040 (lib.
905 1969 1008 2023 ult.
1064 1970 1139 2023 De
1178 1967 1330 2037 ﬁde).
1364 1967 1550 2022 Jussit
1580 1966 1919 2036 imperatrix
1966 1967 2074 2021 Be-

420 2059 712 2124 nevolum,
746 2059 1022 2113 Memoria
1050 2057 1272 2110 scriniis
1300 2056 1642 2126 pra/eciam,
1694 2053 1844 2107 hanc
1884 2053 2072 2123 legem

420 2165 659 2206 exarare
691 2151 866 2218 atque
897 2145 1206 2215 obsignare
1238 2143 1441 2214 (ibid.).
1475 2142 1578 2196 Hic
1602 2157 1754 2205 vero,
1779 2140 2075 2196 conscien-

418 2239 562 2294 tiam
596 2235 774 2291 favori
814 2237 1194 2303 anteponens,
1232 2230 1339 2285 hoc
1371 2231 1734 2294 detrectavit,
1785 2246 1851 2284 ac
1901 2245 2072 2301 prop-

420 2333 578 2382 terea
606 2321 994 2378 libentissimo
1037 2319 1231 2376 animo
1290 2319 1510 2374 subivit
1548 2317 1842 2388 exsilium,
1894 2317 2072 2386 hujus

420 2429 652 2487 operam
685 2409 974 2484 supplevit
1003 2409 1349 2474 Auxentius,
1385 2407 1484 2479 qui
1521 2423 1604 2472 se,
1629 2412 1694 2462 ut
1721 2407 2072 2461 Ambrosius

420 2502 787 2564 testificatur,
821 2499 1162 2571 epiSCOpum
1206 2497 1557 2552 Arianorum
1609 2512 1736 2552 esse
1787 2495 2068 2566 jactabat.

422 2591 530 2647 Sed
563 2594 802 2645 sanctus
833 2586 1043 2659 praesul
1077 2586 1148 2641 de
1178 2586 1276 2641 illo
1309 2586 1391 2641 sic
1422 2584 1685 2656 loquitur
1713 2584 2069 2656 imperatori:

422 2683 566 2734 Nam
594 2694 710 2748 ego,
743 2676 956 2748 inquit,
987 2691 1085 2730 nec
1114 2677 1430 2746 episcopum
1454 2676 1603 2739 novi,
1654 2690 1753 2728 nec
1783 2675 1929 2728 unde
1980 2675 2072 2736 sit,

420 2769 529 2823 scio
559 2766 752 2838 (epist.
784 2765 874 2830 2|,
908 2780 1073 2818 num.
1106 2764 1182 2832 9).
1216 2762 1612 2817 Nihilominus
1641 2769 1836 2816 tamen
1869 2778 1938 2816 ex
1976 2778 2075 2816 an-

423 2857 608 2912 tistite
652 2859 852 2908 nostro
885 2853 1170 2906 discimus
1200 2851 1365 2906 illum
1396 2867 1464 2906 ex
1495 2851 1730 2921 Scythia
1756 2850 2071 2904 oriundum

423 2961 572 3008 esse,
605 2949 662 2997 et
706 2942 842 2996 inde
899 2957 1031 2996 cum
1091 2941 1345 2995 venisset
1409 2937 1822 3007 Mediolanum,
1884 2937 2074 3008 posito

426 3030 735 3088 Mercurini
777 3029 1031 3095 nomine,
1092 3030 1202 3084 sub
1258 3045 1373 3100 quo
1429 3027 1778 3082 criminibus
1836 3025 2072 3081 infamis

425 3125 710 3180 evaserat.
759 3119 981 3172 dictum
1024 3117 1398 3172 Auxentium.
1427 3115 1651 3186 Quippe
1707 3117 1782 3170 ita
1827 3113 2069 3179 erubuit,

429 3209 510 3264 ait
544 3207 904 3270 Ambrosius,
937 3215 995 3260 ut
1023 3210 1262 3260 mutaret
1304 3203 1645 3259 vocabulum:
1680 3204 1864 3273 (serm.
1897 3211 2065 3258 contr.
2101 3189 2144 3256 C

428 3301 670 3354 Auxenl.
704 3295 990 3366 nun122).
1041 3294 1136 3348 Sic
1193 3297 1386 3349 autem
1437 3291 1620 3346 voluit
1661 3308 1722 3346 se
1771 3291 2072 3363 appellari,

427 3389 580 3460 quod
611 3390 844 3458 propter
865 3383 1206 3439 memoriam
1234 3380 1444 3436 veteris
1483 3380 1752 3436 Auxentii
1790 3380 2073 3452 acceptio-

427 3493 548 3532 rem
576 3492 637 3530 se
670 3473 872 3546 paucis
901 3471 1042 3538 illis,
1075 3475 1132 3525 et
1181 3469 1547 3542 potissimam
1594 3474 1813 3542 partem
1862 3470 2074 3525 exteris

424 3564 656 3620 Arianis
678 3561 1192 3634 quisequebantur
1218 3557 1669 3630 imperatricem,
1715 3558 1834 3613 fore
1875 3557 2074 3614 crede-

425 3655 540 3710 bat.
576 3653 643 3707 Et
669 3648 1007 3720 hujusmodi
1041 3651 1165 3702 erat
1195 3647 1529 3719 praecipuus
1563 3646 1660 3701 ille
1687 3647 1932 3702 Justinaa
1962 3647 2071 3701 mi-

423 3743 623 3808 nister,
678 3757 711 3796 a
760 3755 874 3811 quo
926 3736 1207 3808 scriptum
1241 3735 1352 3790 fuit
1383 3735 1576 3790 dirum
1623 3735 1732 3790 hoc
1791 3735 2070 3800 edictum,

423 3831 578 3902 quod
627 3829 798 3884 ﬂetus
844 3825 1082 3897 quidem
1123 3825 1405 3896 expressit
1433 3822 1757 3893 catholicis,
1783 3822 2073 3878 Ambrosii

423 3936 557 3975 vero
591 3922 845 3972 mentem
876 3913 1194 3985 infringere
1227 3911 1469 3967 minime
1497 3911 1697 3966 valuit.

491 4011 582 4062 73.
636 4007 772 4062 Post
829 4004 1009 4074 hujus
1060 4002 1206 4074 legis
1267 4001 1814 4074 promulgationem,
1875 4002 2074 4058 relicta

426 4098 567 4154 urbe
609 4093 954 4160 Mediolano,
987 4092 1306 4162 imperator
1337 4107 1453 4145 una
1510 4106 1644 4146 cum
1691 4097 1874 4147 matre
1913 4093 2070 4148 Tici-

424 4202 566 4241 num
594 4184 771 4250 venit,
801 4187 858 4236 et
888 4181 1104 4235 ibidem
1134 4178 1320 4250 legem
1379 4179 1560 4234 edidit
1611 4197 1682 4234 xv
1714 4180 1840 4236 Kal.
1898 4182 2066 4238 Mart.

424 4271 748 4328 Verisimile
779 4273 973 4324 autem
1009 4272 1098 4322 est
1153 4272 1294 4322 tunc
1347 4268 1684 4340 contigisse,
1746 4273 1811 4325 ut
1866 4271 2068 4327 eadem

424 4363 694 4434 princeps
725 4357 953 4414 cunctis
981 4355 1319 4412 orthodoxis
1359 4371 1590 4429 semper
1619 4357 1848 4426 infesta,
1882 4360 2068 4415 vidua:

423 4449 751 4520 depositum
783 4445 1106 4501 Ticinensis
1147 4445 1400 4517 episcopi
1446 4446 1578 4502 ﬁdei
1635 4447 1920 4504 creditum
1979 4465 2070 4505 ex-

2191 555 2304 612 tur,
2340 549 2630 622 episcopis
2658 548 3032 622 presbyteris,
3062 551 3132 604 de
3155 549 3430 605 mandato
3453 545 3739 616 imperiali
3764 546 3838 600 ad

2189 654 2288 693 eos
2324 638 2536 694 retulit.
2570 638 2714 694 Cum
2745 639 2934 694 visum
2964 638 3248 694 essetillis
3269 634 3838 692 omnibuslibellum

2186 727 2393 782 Caesari
2435 727 2628 782 offerri
2660 733 2946 800 oportere,
2979 727 3130 782 idem
3165 726 3514 781 Ambrosius
3541 725 3669 796 ejus
3701 723 3847 780 scri-

2187 816 2359 870 bendi
2392 817 2650 888 suscepit
2677 816 3056 888 provinciam.
3100 816 3160 870 ln
3193 831 3259 870 eo
3289 815 3562 887 exposuit
3591 814 3844 884 impera-

2186 906 2316 970 tori,
2351 905 2564 978 quibus
2599 906 2668 960 de
2713 905 2908 960 causis
2939 905 2996 959 in
3054 904 3266 976 palatio
3323 919 3519 958 coram
3579 900 3844 974 profanis

2179 995 2479 1066 judicibus
2519 995 2734 1049 deiide
2785 995 3082 1063 disputare
3113 993 3221 1047 sibi
3255 1009 3369 1046 non
3421 991 3621 1046 liceret
3676 990 3841 1061 (ibid.

2185 1099 2347 1138 num.
2373 1086 2472 1138 2et
2491 1086 2624 1153 seq.)
2645 1100 2657 1137 :
2687 1082 2787 1137 sed
2811 1083 3011 1137 eadem
3035 1081 3136 1136 illa
3157 1081 3553 1136 controversia
3573 1080 3631 1134 in
3651 1079 3846 1134 conci-

2181 1174 2257 1228 lio
2289 1171 2592 1226 tractanda
2621 1176 2792 1226 esset.
2838 1169 3063 1239 Adjecit
3119 1170 3293 1224 etiam
3353 1169 3421 1222 ad
3483 1184 3545 1223 se
3593 1166 3841 1222 audien-

2184 1263 2323 1318 dum
2349 1277 2480 1315 cum
2500 1260 2570 1314 de
2603 1259 2714 1314 tide
2735 1259 3060 1314 disserebat
3090 1258 3147 1313 in
3165 1255 3705 1324 Ecclesia,liberum
3721 1255 3846 1311 adi-

2181 1357 2305 1407 tum
2367 1349 2592 1404 runctis
2649 1354 2881 1420 patere:
2944 1364 3006 1402 se
3064 1348 3122 1401 in
3192 1347 3472 1418 palatium
3525 1351 3841 1400 venturum

2184 1441 2385 1501 fuisse,
2422 1443 2485 1492 ut
2518 1437 2638 1492 haec
2668 1453 2862 1491 coram
2896 1436 3114 1490 diceret
3142 1435 3304 1502 (ibid.
3351 1450 3516 1489 num.
3553 1435 3678 1504 i7):
3731 1434 3839 1489 sed

2181 1545 2285 1600 per
2314 1527 2618 1598 episcopos
2648 1531 2704 1581 et
2734 1524 3082 1580 catholicum
3143 1523 3422 1596 populum
3459 1522 3568 1577 sibi
3615 1539 3727 1578 non
3761 1521 3836 1577 li-

2183 1633 2348 1673 cere:
2408 1616 2643 1671 eosdcm
2702 1613 2976 1670 similiter
3004 1613 3212 1667 obnixe
3266 1611 3575 1684 prohibere
3607 1609 3844 1682 quomi-

2182 1723 2294 1761 nus
2324 1705 2562 1760 excedat
2593 1701 2916 1758 Mediolano
2943 1719 2956 1767 ;
2999 1717 3310 1772 persuasos
3338 1698 3609 1754 videlicet
3651 1715 3841 1754 unum

2182 1794 2456 1865 idemque
2479 1809 2610 1847 esse
2644 1791 2752 1846 hoc
2783 1806 2978 1845 rerum
3010 1794 3166 1845 statu
3200 1789 3520 1844 Ecclesiam
3549 1789 3841 1855 deserere,

2184 1899 2250 1938 ac
2280 1898 2405 1936 eam
2446 1881 2688 1952 prodere
2717 1879 3024 1934 haereticis.
3079 1878 3286 1932 Postea
3316 1893 3378 1931 se
3432 1876 3560 1949 ipse
3621 1876 3846 1948 recepit

2181 1971 2238 2025 in
2273 1969 2599 2032 ecclesiam,
2632 1968 2731 2022 ubi
2772 1983 2874 2039 per
2904 1966 3273 2036 aliquantum
3330 1965 3613 2037 temporis
3644 1965 3737 2020 die
3769 1980 3842 2020 ac

2182 2065 2348 2115 nocte
2380 2059 2629 2131 populus
2657 2073 2791 2112 eum
2827 2056 3011 2127 sepsit
3041 2055 3575 2126 frequentissimus,
3611 2069 3681 2108 ne
3724 2053 3842 2110 sibi

2183 2163 2286 2220 per
2316 2148 2431 2202 vim
2463 2146 2804 2217 eriperetur.
2867 2145 2934 2199 Et
2964 2159 3105 2199 sane
3153 2143 3319 2198 missi
3367 2143 3439 2197 ab
3487 2141 3847 2213 imperatore

2184 2237 2438 2292 militum
2475 2233 2762 2306 manipuli
2792 2233 3097 2290 ecclesiam
3129 2233 3466 2288 cinxerunt:
3499 2238 3559 2286 at
3587 2231 3712 2303 ipse
3743 2247 3849 2288 ne-

2143 2327 2324 2387 .dum
2356 2324 2543 2379 ullum
2591 2324 2886 2395 praeferret
2916 2321 3144 2377 timoris
3188 2321 3493 2388 indicium,
3534 2321 3686 2376 votis
3717 2335 3848 2376 om-

2182 2415 2358 2470 nibus
2389 2413 2694 2485 expetebat
2727 2410 2986 2484 martyrii
3019 2410 3267 2482 gratiam
3296 2425 3308 2463 :
3345 2414 3522 2480 atque
3551 2409 3692 2464 adeo
3735 2426 3846 2481 po-

2184 2501 2391 2574 pulum
2424 2517 2494 2556 ne
2525 2501 2637 2556 sibi
2669 2501 2740 2555 ad
2781 2498 2925 2554 illud
2981 2497 3400 2569 impedimento
3447 2501 3618 2562 esset,
3669 2497 3844 2552 obte-

2183 2591 2470 2657 stabatur,
2496 2591 2568 2644 ob
2585 2589 2786 2644 oculos
2806 2588 2995 2644 eidem
3015 2602 3238 2659 ponens
3259 2603 3436 2658 quam
3457 2602 3614 2640 vanze
3634 2589 3843 2640 essent

2181 2695 2384 2735 eorum
2417 2678 2691 2742 excubiae,
2742 2693 2878 2732 cum
2909 2681 3133 2749 portam
3167 2681 3427 2748 apertam
3458 2690 3635 2730 caecus
3669 2689 3842 2746 repe-

2184 2769 2376 2836 risset,
2410 2783 2586 2839 quam
2642 2765 2727 2820 illi
2759 2769 3104 2838 putaverant
3154 2763 3466 2836 diligenter
3515 2761 3841 2832 occlusam,

2182 2871 2286 2912 nec
2314 2861 2604 2928 patentem
2636 2854 3068 2926 deprehendere
3089 2852 3308 2907 milites
3329 2855 3654 2924 potuerant.
3679 2851 3841 2907 Dum

2182 2945 2578 3000 custodiretur
2605 2943 2663 2998 in
2697 2941 2960 3010 ecclesia,
2993 2940 3277 3014 populum
3309 2957 3484 2996 suum
3508 2957 3636 2995 cum
3671 2940 3838 2996 Scri-

2182 3040 2489 3106 pturarum
2522 3033 2766 3088 lectione
2799 3037 2925 3086 tum
2958 3032 3218 3102 ipsarum
3279 3029 3634 3101 expositione
3693 3044 3836 3084 con-

2183 3123 2501 3178 solabatur.
2535 3122 2814 3192 Superest
2840 3120 3032 3175 adhuc
3064 3136 3182 3174 una
3211 3135 3241 3173 e
3266 3117 3573 3191 praecipius
3601 3117 3838 3173 concio-

2184 3211 2360 3266 nibus
2393 3227 2493 3282 per
2522 3209 2580 3264 id
2612 3208 2892 3280 temporis
2923 3208 2995 3263 ab
3026 3209 3228 3264 eodem
3272 3207 3474 3262 habita
3520 3207 3714 3277 (sermo
3763 3207 3842 3262 De

2185 3301 2378 3366 Basil.,
2431 3305 2572 3354 tom.
2607 3313 2670 3364 ιι,
2723 3314 2856 3371 pag.
2887 3299 3037 3367 863),
3069 3313 3192 3368 quae
3225 3313 3340 3352 non
3373 3296 3678 3350 minimam
3735 3311 3839 3352 eo—

2184 3406 2316 3444 rum
2347 3393 2663 3444 conatuum
2697 3391 2922 3459 partem
2955 3389 3261 3447 memorat.
3289 3385 3508 3456 quibus
3540 3389 3838 3457 pastorem

2184 3492 2535 3550 gregemque
2565 3475 2915 3532 catholicum
2949 3474 3060 3529 hoc
3089 3475 3266 3530 etiam
3300 3491 3452 3529 anno
3484 3490 3586 3545 per
3636 3489 3843 3531 sacros

2183 3567 2308 3622 dies
2341 3563 2802 3620 Resurrectionis
2835 3563 3055 3618 Ariana
3107 3562 3302 3619 rabies
3333 3563 3637 3618 divexavit.
3691 3567 3841 3618 Am-

2185 3655 2414 3710 brosius
2444 3671 2577 3710 vero
2607 3654 2665 3708 in
2698 3652 2996 3708 communi
3027 3652 3136 3707 hac
3169 3651 3446 3707 maestitia
3474 3655 3680 3724 preter
3716 3665 3843 3710 me-

2184 3749 2407 3798 morata
2440 3743 2646 3797 solatia
2677 3747 2733 3796 et
2764 3740 2922 3796 aliud
2951 3741 3239 3809 adjunxit,
3272 3739 3551 3794 nimirum
3584 3739 3841 3811 hymno-

2185 3849 2314 3886 rum
2364 3848 2511 3902 quos
2537 3832 2594 3886 in
2628 3831 2906 3885 honorem
2962 3829 3341 3884 divinissimaa
3371 3828 3675 3883 Trinitatis
3706 3827 3840 3900 ipse

2182 3926 2608 3992 composuerat,
2683 3935 2915 3973 sacrum
2977 3921 3342 3973 concentum.
3421 3917 3674 3972 Canebat
3731 3932 3839 3972 eos

2181 4009 2431 4082 hymnos
2478 4013 2636 4063 totus
2667 4006 2919 4080 populus
2951 4023 3084 4062 cum
3136 4010 3297 4061 tanto
3329 4005 3562 4077 pietatis
3593 4004 3840 4061 interio-

2181 4098 2380 4168 risque
2409 4097 2652 4152 affectus
2681 4102 2864 4161 motu,
2898 4101 2963 4150 ut
2992 4095 3377 4168 lacrymarum
3424 4095 3538 4148 vim
3590 4093 3840 4164 plurimi

2179 4187 2560 4242 effunderent.
2593 4184 2758 4240 Certe
2783 4184 3170 4256 Augustinus,
3204 4182 3413 4238 horum
3445 4181 3710 4237 omnium
3745 4185 3837 4238 te-

2179 4276 2286 4332 stis
2317 4273 2606 4338 oculatus,
2639 4277 2948 4344 postquam
2981 4273 3052 4328 de
3080 4276 3314 4344 parente
3347 4271 3438 4327 his
3496 4271 3688 4327 verbis
3745 4270 3841 4327 lo-

2178 4369 2352 4418 cutus
2381 4367 2506 4418 est:
2542 4362 2623 4417 Ibi
2659 4371 2840 4416 mater
2861 4377 3000 4425 mea,
3035 4361 3242 4416 ancilla
3271 4368 3386 4421 tua.
3438 4359 3841 4416 sollicitudinis

2177 4461 2228 4508 et
2253 4451 2576 4522 vigiliarum
2602 4451 2814 4520 primas
2843 4454 3051 4517 tenens,
3083 4450 3426 4504 orationibus
3457 4448 3667 4503 vivebat
3705 4447 3838 4520 (lib.

425 4546 695 4608 torquere
738 4533 1134 4590 conniteretur
1169 4533 1291 4606 (lib.
1348 4535 1422 4589 De
1479 4535 1640 4605 legat.
1707 4545 1762 4592 et
1818 4537 2065 4610 decret.).
2101 4557 2145 4621 Ι)
2177 4558 2233 4596 ix
2263 4540 2495 4611 Con/ess.
2530 4555 2579 4593 c.
2612 4539 2647 4592 6
2695 4542 2751 4593 et
2779 4540 2873 4608 7);
2907 4538 2978 4594 de
3003 4555 3064 4593 se
3097 4554 3329 4609 quoque
3371 4537 3452 4592 ita
3482 4536 3837 4610 subjungit:

425 4627 638 4682 Verum
671 4625 1003 4702 episcopus,
1036 4640 1095 4678 re
1126 4639 1259 4678 cum
1282 4623 1592 4680 Ambrosio
1610 4627 2064 4692 communicata,

424 4713 756 4772 istiusmodi
788 4712 941 4766 viam
974 4711 1164 4778 inivit,
1198 4727 1315 4782 qua
1354 4712 1639 4769 sanctitas
1669 4714 2066 4786 depositorum

423 4808 582 4860 sarta
610 4807 878 4872 tectaque
909 4800 1301 4856 custodiretur
1331 4800 1454 4871 (lib.
1490 4816 1528 4856 ιι
1563 4803 1716 4873 Ofﬁc.
1741 4819 1790 4857 c.
1821 4806 1957 4874 29.).

489 4894 586 4948 74.
620 4891 756 4946 lnde
779 4889 1027 4956 Justina,
1060 4887 1259 4960 procul
1287 4889 1466 4944 dubio
1491 4891 1681 4962 magis
1707 4889 2074 4948 inflammata

425 4983 482 5039 in
548 4979 948 5045 Ambrosium,
1003 4978 1301 5035 acerbiora
1355 4979 1734 5051 gravioraque
1791 4981 2072 5038 adversus

424 5087 558 5128 eum
592 5069 928 5124 machinata
957 5073 1064 5124 est.
1098 5067 1206 5122 Ubi
1237 5067 1394 5122 enim
1432 5068 1602 5122 rediit
1653 5068 2069 5139 Mediolanum,

424 5158 751 5216 Dalmatius
782 5157 1056 5212 tribunus
1087 5155 1428 5210 acnotarius
1450 5156 1818 5227 imperatoris
1838 5159 2073 5215 nomine

424 5253 695 5305 sanctum
747 5246 938 5300 virum
979 5245 1269 5312 convenit,
1303 5248 1367 5298 ut
1389 5244 1640 5314 judices,
1693 5247 2070 5318 quemadmo-

423 5338 563 5393 dum
597 5335 814 5390 fecerat
841 5331 1184 5397 Auxentius,
1216 5336 1272 5387 et
1300 5331 1424 5402 ipse
1453 5331 1732 5404 deligeret
1753 5335 1946 5406 (epist.
1981 5339 2071 5401 2i,

425 5443 590 5482 num.
627 5425 680 5492 1)
708 5440 720 5478 :
759 5420 974 5492 quibus
1007 5421 1065 5474 in
1103 5419 1318 5492 palatio
1349 5419 1808 5489 considentibus,
1841 5423 1910 5479 de
1941 5424 2075 5480 fidei

425 5531 547 5573 suae
578 5508 868 5584 dogmatis
892 5508 1255 5582 disputaret:
1291 5508 1379 5566 sin
1410 5513 1607 5567 autem
1639 5526 1829 5580 secus,
1883 5511 2074 5570 solum

423 5604 690 5673 verteret,
725 5613 789 5658 ac
816 5598 1015 5662 sedem
1073 5614 1244 5660 suam
1300 5599 1530 5660 cederet
1585 5600 1892 5665 Auxentio.
1935 5606 2075 5666 Am-

2179 4631 2455 4698 Quantum
2499 4629 2649 4697 ﬂevi,
2681 4627 2893 4698 inquit,
2945 4627 3005 4681 in
3050 4626 3269 4698 hymnis
3297 4630 3351 4681 et
3395 4627 3623 4681 canticis
3666 4642 3844 4682 suave

2177 4719 2427 4774 sonantis
2459 4715 2724 4788 Ecclesiae
2753 4719 2863 4772 tuae
2903 4719 3201 4771 commotus
3239 4716 3475 4769 acriter!
3525 4713 3840 4769 Rationem

2181 4813 2378 4862 autem
2411 4806 2470 4860 in
2521 4805 2614 4860 his
2647 4805 2917 4860 cantibus
2947 4803 3314 4858 observatam
3337 4819 3463 4858 esse
3487 4801 3840 4858 occidentali

2182 4895 2450 4952 Ecclesiae
2492 4894 2753 4950 nondum
2796 4893 3093 4958 usitatam,
3150 4892 3524 4964 postmodum
3577 4908 3710 4947 vero
3772 4891 3840 4948 in

2181 5003 2249 5041 ea
2305 4989 2704 5056 propagatam,
2757 4981 2882 5036 haec
2936 4981 3253 5053 Augustini
3283 4981 3458 5036 verba
3500 4984 3837 5038 testantur:

2186 5075 2349 5140 Tunc,
2407 5073 2486 5128 ait
2516 5071 2635 5137 ille,
2693 5070 2888 5142 hymni
2909 5079 2958 5125 et
2985 5071 3208 5141 psalmi,
3269 5073 3329 5124 ut
3379 5076 3710 5125 canerentur
3745 5085 3841 5124 se-

2179 5162 2419 5218 cundum
2444 5177 2653 5216 morem
2701 5161 3049 5214 orientalium
3078 5161 3324 5230 partium
3365 5160 3678 5214 institutum
3728 5162 3837 5226 est,

2180 5255 2229 5307 et
2259 5268 2328 5306 ex
2357 5251 2453 5305 illo
2485 5252 2541 5304 in
2573 5248 2901 5303 hodiernum
2927 5251 3212 5314 retentum,
3251 5248 3442 5302 multis
3461 5263 3582 5319 jam
3612 5251 3664 5302 et
3690 5263 3843 5318 pene

2182 5340 2431 5396 omnibus
2461 5337 2713 5408 gregibus
2738 5345 2847 5392 tuis
2875 5341 2925 5393 et
2953 5353 3050 5409 per
3097 5347 3300 5394 extera
3354 5337 3500 5392 orbis
3549 5337 3838 5390 imitanti-

2185 5430 2282 5484 bus
2313 5427 2513 5500 (ibid.).
2547 5425 2761 5481 Eadem
2803 5427 2978 5482 etiam
3035 5426 3106 5481 de
3157 5425 3264 5481 hoc
3321 5425 3594 5480 instituto
3651 5425 3843 5482 tradit

2185 5517 2463 5574 Paulinus
2493 5516 2577 5590 (in
2631 5516 2744 5573 vila
2827 5515 3073 5572 Ambros.
3132 5530 3295 5571 num.
3369 5513 3477 5588 13).
3525 5512 3840 5571 Verumta-

2188 5621 2321 5666 men
2356 5605 2509 5686 quod
2551 5603 2889 5684 psalmodiis
2942 5607 3116 5684 atque
3148 5601 3479 5682 bymondiee
3523 5618 3712 5684 genus
3734 5601 3840 5668 hic
