4122 6186
237 305 342 368 101

1297 307 1400 370 EX
1441 308 1628 372 EJUS
1669 305 2158 369 POTISSIMUM
2205 306 2578 369 SCRIPTIS.

3529 313 3648 375 102

236 439 311 493 sit.
340 437 816 513 intelligendum,
851 459 963 498 non
997 443 1140 498 salis
1165 445 1394 498 constat
1425 443 1572 495 inter
1601 446 1885 504 unctui-cs,
1923 443 1966 505 Λ
2004 455 2162 492 mum
2222 457 2406 504 cxviii,
2471 457 2623 495 nunc
2700 442 2757 497 in
2827 442 2991 497 Lucae
3047 442 3420 513 Evangelium
3474 447 3649 502 verba

240 544 426 598 neque
457 529 634 584 etiam
667 529 849 600 hujus
880 530 986 586 loci
1019 536 1105 586 est
1148 531 1450 601 operosius
1483 530 1533 582 id
1571 530 1887 598 expli‘irurc.

308 619 396 671 75.
445 616 676 673 Clarius
738 619 1021 690 quiddam
1079 624 1256 691 atque
1312 618 1624 681 illustrius,
1659 623 1723 671 ut
1778 617 1893 670 duo

239 706 547 760 memorati
580 707 900 778 scriptores
933 711 1197 770 narrant,
1231 705 1512 761 divinitus
1563 704 1794 772 accidit,
1825 703 1895 759 ad

235 794 608 859 coercendam,
640 795 834 867 inquit
883 796 1268 868 Augustinus,
1315 795 1527 848 rabiem
1577 795 1892 863 femineam,

237 883 331 938 sed
360 886 568 954 regiam
598 885 755 954 (locis
783 886 1013 955 citatis).
1055 885 1360 939 Enimvero
1404 883 1512 937 hac
1549 886 1896 953 tempestate

240 988 486 1044 corpora
512 972 756 1028 Protasii
790 990 856 1028 ac
889 973 1146 1029 Gervasii
1179 973 1424 1027 fratrum
1457 974 1778 1042 martyrum
1802 970 1895 1024 di-

239 1062 380 1114 vino
414 1059 632 1116 monitu
656 1062 963 1117 Ambrosio
991 1067 1190 1117 nostro
1214 1059 1462 1116 revelata
1477 1064 1894 1130 sunt,quorum

239 1148 564 1204 solemnem
615 1149 1112 1216 exhumationem,
1145 1148 1706 1218 translationemque
1752 1147 1894 1200 dum

236 1238 420 1292 refert
447 1237 819 1306 Ambrosius,
852 1255 958 1293 nec
990 1252 1291 1293 sermones
1341 1238 1400 1291 in
1451 1253 1520 1291 ea
1566 1235 1896 1291 celebritate

235 1328 342 1381 abs
388 1343 453 1381 se
507 1325 757 1390 habitos,
792 1343 900 1382 nec
956 1325 1242 1382 miracula
1289 1341 1502 1396 magno
1560 1340 1804 1379 numero
1863 1340 1898 1378 a

234 1414 606 1486 martyribus
634 1419 774 1468 tunc
808 1420 1140 1486 perpetrata
1169 1413 1404 1468 silentio
1435 1411 1892 1484 prseterit(epist.

231 1505 327 1570 22)
362 1521 376 1558 :
416 1504 539 1557 imo
572 1520 676 1558 nec
707 1502 1033 1558 calumnias
1056 1502 1486 1566 haereticorum,
1521 1500 1621 1572 qui
1665 1497 1895 1554 diabolo

231 1593 366 1663 ipso
399 1592 594 1662 magis
624 1593 851 1664 perﬁdi,
885 1609 1031 1664 quos
1061 1591 1274 1648 Christi
1307 1595 1592 1661 martyres
1622 1589 1716 1643 hic
1747 1588 1896 1642 fate-

232 1682 436 1746 batur,
471 1680 763 1737 obstinate
785 1684 955 1751 juxta
986 1697 1052 1735 ac
1081 1679 1455 1750 impudenter
1485 1693 1695 1748 negare
1718 1676 1894 1730 aude-

232 1771 400 1824 bant.
436 1768 831 1839 Augustinus,
861 1769 962 1839 qui
998 1785 1252 1839 praasens
1283 1771 1426 1830 erat,
1454 1765 1667 1820 horum
1717 1765 1892 1819 etiam
1927 1807 1973 1870 Β

233 1875 355 1912 non
387 1857 577 1912 semel
609 1857 874 1911 meminit
903 1856 1104 1928 (lib.lX
1128 1857 1282 1925 Conf.
1307 1871 1431 1926 cap.
1465 1871 1574 1920 vu',
1605 1859 1661 1908 et
1690 1851 1790 1907 lib.
1826 1853 1893 1907 Il.

231 1947 312 2002 De
338 1962 448 1999 civ.
479 1946 624 2014 Dei).
674 1945 957 2000 Paulinus
1005 1949 1226 2015 autem,
1267 1963 1301 1998 a
1343 1959 1458 2014 quo
1516 1941 1617 1996 illa
1665 1956 1899 2012 quoque

234 2050 356 2088 non
389 2033 772 2099 omittuntur,
805 2024 1082 2103 adjuncta
1113 2032 1381 2104 quaedam
1412 2029 1592 2099 hujus
1626 2043 1896 2100 persecu-

231 2122 422 2176 tionis
464 2121 763 2176 memoriaa
820 2121 1097 2192 prodidit,
1133 2137 1261 2192 quae
1318 2117 1664 2174 Ambrosius
1721 2123 1899 2188 atque

230 2209 611 2282 Augustinus
643 2211 946 2265 reticuere.
980 2209 1332 2280 Hujusuiodi
1379 2213 1468 2262 est
1515 2207 1668 2278 quod
1699 2209 1901 2261 narrat

236 2300 312 2355 de
343 2298 668 2370 Euthymio
712 2298 796 2369 (in
829 2299 949 2354 Vita
977 2299 1162 2353 Ambr.
1197 2314 1362 2352 num.
1396 2297 1463 2350 14
1494 2299 1546 2350 et
1572 2296 1761 2366 seqq.),
1798 2294 1898 2365 qui

234 2404 374 2444 cum
433 2388 714 2442 mandato
775 2387 1166 2458 imperatricis
1221 2384 1557 2440 vehiculum
1613 2387 1896 2455 parasset,

235 2494 358 2549 quo
411 2480 688 2531 sanctum
741 2475 1058 2531 antistitem
1105 2479 1433 2547 exportaret
1487 2473 1546 2527 in
1603 2470 1898 2537 exsilium,

236 2563 519 2638 sequenti
552 2581 702 2620 anno
727 2563 917 2619 solum
943 2568 1163 2619 vertere
1191 2563 1439 2635 ipsemet
1460 2561 1899 2632 jussus,eodem

234 2672 419 2710 curru
457 2654 649 2725 patria
677 2653 952 2709 excedere
999 2657 1235 2708 coactus
1284 2652 1413 2707 fuit.
1449 2652 1556 2706 Sed
1607 2650 1722 2704 utri
1770 2665 1898 2720 per-

235 2741 536 2799 secutioni
558 2741 666 2796 hoc
692 2742 1213 2804 tribuendum,non
1235 2738 1773 2811 explicuit.Circiter
1792 2737 1901 2792 hoc

234 2834 424 2888 etiam
472 2837 704 2902 tempus
755 2830 1014 2886 evenisse
1071 2831 1225 2886 idem
1288 2829 1516 2893 asserit,
1569 2833 1632 2882 ut
1680 2827 1739 2880 in
1795 2826 1899 2881 Ec-

233 2920 443 2976 clesia:
473 2919 766 2990 gremium
819 2923 1202 2973 reverteretur
1245 2917 1485 2989 quidam
1533 2933 1601 2970 ex
1647 2913 1899 2981 Arianis,

234 3009 402 3080 (Ibid.
446 3023 612 3062 num.
647 3009 755 3078 17),
785 3007 885 3079 qui
917 3006 1190 3079 angelum
1217 3011 1418 3061 sancto
1447 3006 1569 3062 viro
1613 3011 1901 3062 astantem

232 3115 297 3154 se
338 3098 576 3152 vidisse
625 3096 838 3166 aiebat,
868 3102 930 3151 et
976 3113 1104 3168 quis
1155 3095 1369 3168 populo
1427 3100 1739 3167 exponeret
1788 3095 1901 3167 ipsi

231 3190 691 3259 suggerentem.

305 3278 404 3330 76.
449 3274 532 3329 Re
564 3291 696 3328 vera
724 3273 966 3330 minime
997 3274 1313 3329 obscurum
1340 3275 1430 3328 est
1456 3272 1566 3328 hac
1595 3272 1725 3344 ipsa
1753 3277 1899 3328 tem-

233 3367 480 3438 pestate
510 3362 918 3434 pronuntiatos
939 3379 1067 3419 esse
1095 3361 1229 3417 illos
1259 3377 1654 3427 sermones,ex
1685 3360 1902 3433 quibus

235 3451 748 3524 praestantissima
802 3449 989 3505 sancti
1036 3449 1291 3505 doctoris
1346 3465 1522 3521 opera
1577 3448 1903 3520 composita

224 3545 403 3598 sunt.
445 3540 728 3610 Expositio
755 3541 816 3593 in
857 3540 1131 3610 psalmum
1181 3555 1345 3594 cxvm
1380 3538 1626 3609 (Admon.
1658 3540 1720 3593 in
1759 3539 1903 3594 hunc

220 3631 431 3702 psal.).
470 3645 600 3698 quae
631 3627 782 3682 inter
811 3627 1176 3700 pulcherima
1203 3627 1470 3698 ejusdem
1519 3633 1902 3683 monumenta

216 3721 364 3791 jure
399 3720 791 3783 memoratur,
821 3715 1038 3771 multos
1069 3732 1369 3771 sermones
1399 3715 1640 3785 hujusce
1671 3716 1807 3771 anni
1840 3716 1900 3771 in

223 3825 291 3864 se
324 3805 606 3862 continet
641 3821 652 3858 :
688 3805 787 3859 sed
820 3804 1038 3859 inultos
1069 3804 1247 3859 etiam
1297 3805 1433 3859 anni
1481 3803 1800 3874 sequentis,
1835 3809 1902 3859 ut

221 3913 340 3950 suo
373 3893 513 3948 loco
548 3892 1013 3947 demonstratum
1037 3891 1497 3964 est(Admonit.in
1529 3895 1732 3963 Expos.
1754 3893 1893 3965 psal.

218 3987 462 4048 cxvm).
496 3981 688 4051 Hujus
731 3981 923 4052 operis
969 3981 1083 4036 huc
1129 3984 1352 4052 spectat
1399 3980 1784 4052 propositum,
1836 3985 1902 4037 ut

219 4070 565 4129 Christiani
589 4075 647 4125 et
666 4069 993 4125 ofﬁciorum
1024 4085 1266 4125 suorum
1293 4069 1682 4125 informentur
1701 4069 1898 4144 cogni-

217 4162 420 4226 tione,
457 4163 516 4213 et
565 4158 636 4213 ad
691 4158 894 4213 eadem
947 4173 1176 4213 morum
1227 4157 1530 4213 honestate
1571 4174 1637 4213 ac
1666 4157 1899 4230 pietatis

218 4249 400 4304 cultu
459 4245 762 4317 implenda
815 4245 1283 4301 stimularentur.
1319 4246 1376 4300 Id
1440 4251 1636 4302 autem
1693 4247 1900 4302 beatus

216 4339 408 4393 Pater
444 4333 660 4390 melius
689 4335 839 4389 efﬁci
865 4333 1102 4389 omnino
1125 4351 1238 4390 non
1260 4351 1432 4406 posse
1456 4335 1773 4390 arbitratus
1789 4339 1898 4403 est,

216 4442 417 4499 quam
453 4422 822 4496 psalmorum
855 4422 1234 4490 nobilissimi,
1270 4439 1344 4488 ac,
1369 4422 1680 4478 moralium
1711 4440 1901 4512 prece-

215 4515 514 4587 ptionum
551 4511 919 4566 refertissimi
951 4512 1345 4579 enarratione;
1380 4513 1470 4566 cui
1495 4517 1771 4585 praeterea
1801 4511 1898 4568 an-
1929 4533 1974 4596 D

223 4617 458 4658 nexam
490 4599 677 4654 voluit
701 4599 1147 4670 explicationem
1178 4599 1440 4655 locorum
1473 4617 1504 4656 e
1534 4600 1785 4655 Canticis
1807 4602 1898 4656 be-

208 4709 293 4747 ne
354 4688 715 4755 multorum,
751 4705 898 4758 quos
958 4692 1302 4760 argumento
1360 4705 1467 4744 suo
1527 4691 1716 4762 magis
1761 4706 1896 4745 con-

207 4794 445 4852 gruere
476 4775 851 4832 existimavit.

289 4872 393 4923 77.
455 4865 734 4932 Quamvis
793 4865 1025 4921 Baronii
1083 4866 1374 4922 sententia
1426 4866 1599 4921 fuerit
1648 4868 1898 4924 Ambro-

207 4961 405 5014 siana
436 4955 499 5010 in
535 4953 913 5026 Evangelium
948 4955 1102 5009 beati
1136 4955 1303 5010 Luca:
1322 4954 1744 5010 commentaria
1764 4955 1900 5011 inde

208 5050 285 5102 ab
323 5061 498 5101 anno
529 5044 637 5098 376
667 5043 885 5114 scripta
913 5043 1127 5110 fuisse;
1159 5047 1417 5099 attamen
1448 5049 1608 5099 extra
1652 5044 1898 5098 dubium

207 5141 307 5191 est
341 5135 414 5188 in
449 5131 852 5196 sermonibus,
888 5149 958 5186 ex
1005 5131 1222 5202 quibus
1272 5136 1640 5202 compactum
1672 5136 1762 5187 est
1790 5132 1898 5188 hoc

209 5225 440 5296 ipsum
473 5236 646 5292 opus,
674 5218 1028 5275 Arianorum
1061 5219 1476 5289 infestationis,
1504 5224 1786 5291 tanquam
1819 5219 1900 5275 rei

207 5310 562 5367 admodum
597 5308 866 5377 recentis,
900 5309 1025 5365 ﬁeri
1059 5308 1438 5365 mentionem.
1469 5309 1719 5366 Aliunde
1765 5326 1898 5365 vero

210 5416 367 5458 cum
405 5404 692 5471 appareat
716 5399 953 5454 eosdem
985 5415 1286 5454 sermones
1316 5416 1430 5454 non
1464 5399 1579 5454 nisi
1611 5417 1713 5472 per
1734 5399 1898 5455 bien-

211 5491 406 5547 nium
439 5488 630 5544 fuisse
662 5487 986 5559 absolutos,
1019 5492 1194 5543 erunt
1240 5488 1384 5543 forte
1433 5487 1534 5559 qui
1584 5489 1900 5560 conjiciant

212 5579 543 5653 doctorem
574 5581 846 5638 nostrum
874 5575 1113 5640 alternis
1133 5575 1456 5639 Dominicis
1489 5580 1628 5640 tunc
1650 5575 1710 5637 in
1742 5577 1898 5654 psal-

2007 527 2224 582 t'erisse.
2266 529 2369 593 Qui
2410 536 2603 584 autem
2640 537 2952 603 utrumque
2998 540 3406 604 argumentum
3459 537 3649 591 eunti-

2005 617 2138 670 nuis
2173 618 2490 674 Dominicis
2543 622 2614 674 ad
2664 624 2837 675 tinem
2882 637 3071 692 usque
3110 625 3422 678 tractatum
3456 624 3652 680 volent

2003 704 2251 774 (Admon.
2309 708 2370 760 in
2425 707 2541 762 eod.
2600 715 2805 778 opera),
2855 712 3173 780 quominus
3225 713 3530 768 conciones
3591 714 3648 768 in

2010 794 2222 848 Lucam
2259 795 2525 864 rejiciant
2554 796 2610 851 in
2644 801 2983 868 sequentem
3020 800 3414 867 annuni,nihil
3446 802 3649 873 prohi-

2005 881 2180 936 bebit.

2071 971 2161 1024 78.
2198 970 2463 1042 Episcopi
2495 972 2736 1027 IEmiliae
2786 974 3117 1044 provinciae,
3177 993 3304 1046 quae
3355 995 3510 1034 nunc
3557 997 3649 1035 ar-

2004 1057 2439 1128 chiepiscopatu
2470 1060 2816 1117 Bononiensi
2845 1064 3378 1134 comprehenditur,
3402 1068 3653 1124 Ambro-

2005 1147 2160 1200 sium
2195 1147 2302 1201 hoc
2335 1165 2488 1202 anno
2521 1166 2623 1220 per
2654 1149 2876 1204 litteras
2929 1153 3350 1208 consuluerunt
3399 1171 3517 1224 qua
3563 1157 3656 1212 die

2004 1252 2156 1288 anno
2190 1237 2452 1306 proximo
2477 1237 2690 1292 festum
2723 1237 3020 1292 Paschatis
3043 1247 3196 1294 esset
3215 1240 3650 1313 celebrandum;

2004 1324 2218 1376 etenim
2251 1340 2384 1378 cum
2413 1326 2533 1379 l'ore
2564 1326 2833 1391 viderint,
2865 1332 2925 1379 ut
2955 1326 3011 1380 iu
3040 1344 3115 1381 vn
3147 1328 3270 1384 Kal.
3295 1330 3476 1384 Maias
3507 1331 3653 1388 illud

2005 1411 2306 1478 incideret,
2345 1418 2540 1466 utrum
2593 1413 2688 1467 hic
2737 1415 2862 1468 dies
2914 1417 2986 1468 ad
3038 1415 3291 1485 primum
3323 1420 3653 1489 aequinoctii

2006 1515 2267 1554 mensem
2304 1502 2637 1571 pertineret,
2670 1501 2754 1555 illi
2787 1503 3182 1574 ambigebant.
3219 1505 3429 1560 Eorum
3475 1508 3652 1563 inter-

2004 1590 2286 1658 rogationi
2321 1589 2608 1644 satisfecit
2656 1597 2891 1646 sanctus
2942 1592 3189 1647 antistes
3221 1594 3413 1664 (epist.
3446 1597 3556 1663 23),
3599 1601 3656 1652 et

2005 1678 2213 1731 solutis
2244 1679 2520 1747 omnibus
2542 1678 3009 1746 difﬁcultatibus,
3045 1697 3110 1735 eo
3145 1680 3236 1736 die
3267 1691 3655 1740 memoratum

2005 1765 2215 1820 festum
2249 1765 2530 1821 celebrari
2561 1767 2767 1822 debere
2799 1768 3038 1839 planum
3071 1769 3225 1824 tacit.

2077 1853 2167 1909 79.
2200 1854 2306 1909 Per
2347 1861 2748 1926 tempestatem
2795 1858 3220 1912 vindemiarum
3266 1861 3656 1932 Augustinus,

2008 1944 2178 2012 cujus
2209 1944 2569 1998 conversioni
2617 1961 2954 2014 supremam
3005 1963 3245 2001 manum
3279 1948 3432 2004 Deus
3468 1950 3656 2022 impo-

2009 2036 2226 2097 suerat,
2259 2031 2415 2087 venit
2464 2034 2521 2086 in
2575 2032 2892 2088 Cassiarum
2941 2036 3245 2091 Verecumli
3290 2039 3483 2093 villam
3528 2039 3654 2111 (lib.

2008 2120 2078 2176 IX
2111 2120 2263 2191 Conf.
2298 2138 2423 2192 cap.
2456 2123 2540 2190 v):
2575 2129 2627 2176 et
2649 2139 2677 2176 e
2701 2123 2941 2194 vestigio
2985 2123 3122 2178 hinc
3151 2126 3222 2180 ad
3254 2127 3652 2196 Ambrosium,

2009 2226 2183 2280 quem
2217 2210 2274 2264 in
2307 2209 2414 2264 hoc
2447 2226 2618 2281 opere
2670 2210 3016 2285 primarium
3066 2213 3274 2268 divinae
3316 2217 3514 2286 gratiae
3546 2217 3657 2273 mi-

2010 2298 2256 2352 nistrum
2291 2299 2559 2367 ducebat,
2595 2297 2820 2355 litteras
2869 2300 3032 2355 dedit
3067 2303 3230 2368 (Ibid.
3273 2320 3400 2376 cap.
3429 2307 3508 2376 v1)
3545 2324 3556 2362 :
3595 2311 3663 2363 Et

2010 2388 2286 2450 intimavi,
2322 2387 2532 2458 inquit,
2582 2404 2680 2458 per
2728 2389 2936 2444 litteras
2989 2392 3226 2445 antistiti
3255 2395 3346 2447 tuo
3376 2410 3499 2450 vero
3527 2412 3656 2450 san-

2007 2479 2089 2529 cto
2146 2476 2424 2529 Ambrosio
2477 2477 2742 2544 pristinos
2797 2493 3010 2532 errores
3075 2495 3238 2546 meos,
3309 2490 3359 2536 et
3415 2498 3658 2554 prasens

2011 2571 2190 2618 votum
2218 2579 2418 2629 meum,
2451 2568 2510 2617 ut
2547 2574 2790 2619 moneret
2837 2566 2969 2636 quid
3007 2570 3360 2637 potissimum
3407 2573 3552 2627 mihi
3595 2573 3660 2630 de

2011 2651 2168 2703 libris
2234 2652 2342 2703 tuis
2393 2649 2683 2718 legendum
2730 2661 2881 2720 esset,
2926 2669 3028 2722 quo
3079 2657 3449 2725 percipimidce
3494 2663 3660 2715 tanta

2009 2739 2207 2806 gratiae
2231 2740 2482 2808 paratior
2507 2740 2748 2810 aptiorve
2776 2741 2982 2808 ﬁerem.
3016 2742 3083 2795 At
3113 2743 3208 2797 ille
3240 2744 3410 2812 jussit
3446 2749 3658 2802 Isaiam

2007 2828 2329 2897 prophetam
2350 2843 2369 2886 .·
2400 2827 2556 2881 credo
2582 2829 2727 2898 quod
2739 2844 2864 2898 prw
2882 2832 3095 2885 caeteris
3115 2832 3397 2902 Evangelii
3421 2838 3655 2892 vocatio-

2009 2917 2203 2984 nisque
2229 2916 2478 2985 gentium
2505 2917 2581 2970 sit
2601 2919 3008 2987 praenuntiator
3034 2921 3300 2990 apertior.
3350 2922 3657 2980 Verumta-

2012 3021 2147 3059 men
2191 3021 2325 3058 cum
2375 3005 2667 3076 prophetis
2719 3005 2897 3077 hujus
2953 3007 3097 3062 satis
3143 3011 3374 3080 assequi
3417 3028 3656 3069 sensum

2013 3109 2127 3147 non
2164 3097 2377 3162 posset,
2411 3093 2538 3162 ejus
2569 3092 2876 3149 lectionem
2927 3095 2985 3149 in
3035 3096 3192 3151 aliud
3235 3102 3466 3171 tempus
3495 3107 3658 3159 ratus

1930 3168 1972 3234 C
2010 3186 2099 3237 est
2127 3181 2531 3236 dill‘erendam.

2081 3270 2152 3324 80
2183 3271 2312 3331 (AN.
2346 3271 2496 3340 387.)
2526 3271 2736 3326 Statim
2786 3276 2962 3344 atque
3010 3278 3243 3345 tempus
3290 3277 3494 3345 adl'uit,
3539 3296 3655 3350 quo

2011 3357 2412 3412 catechumeni
2446 3374 2507 3413 se
2536 3360 2608 3413 ad
2641 3360 3002 3430 baptismum
3033 3361 3272 3420 inscribi
3304 3372 3527 3434 curant,
3545 3370 3654 3424 sub

2011 3450 2328 3501 extremam
2386 3445 2607 3501 scilicet
2671 3448 3208 3520 Quadragesimam,
3266 3456 3654 3526 Augustinus,

2009 3534 2210 3606 Alypio
2242 3551 2370 3600 suo,
2403 3540 2460 3589 et
2489 3535 2608 3589 ﬁlio
2637 3537 2928 3592 Adeodalo
2963 3541 3400 3609 comitantibus,
3437 3545 3654 3602 Medio-

2008 3623 2210 3679 lanum
2244 3623 2433 3691 rediit,
2465 3628 2526 3677 ut
2558 3623 2735 3678 simul
2783 3625 2840 3680 in
2891 3628 3156 3683 ordinem
3198 3634 3656 3702 competentium

2010 3712 2500 3767 admitterentur:
2539 3713 2654 3778 Ubi,
2708 3713 2790 3767 ait
2837 3714 2951 3780 ille,
3000 3724 3214 3787 tempus
3263 3721 3503 3790 advenit,
3551 3740 3657 3796 quo

2007 3817 2093 3856 me
2132 3816 2330 3856 nomen
2359 3800 2490 3856 dare
2533 3804 2818 3872 Oporteret,
2869 3805 3055 3859 relicto
3102 3823 3236 3861 rure
3281 3811 3659 3868 Mediolanum

2009 3892 2384 3945 remeavimus.
2429 3890 2685 3961 Contigit
2725 3895 2918 3946 autem
2973 3897 3036 3946 ut
3081 3899 3220 3948 tunc
3267 3900 3548 3968 temporis
3593 3901 3658 3956 de

2005 3979 2307 4034 moralibus
2344 3979 2726 4048 quotidianum
2769 3995 3073 4035 sermonem
3122 3981 3362 4039 haberet
3411 3988 3657 4043 Ambro-

2008 4067 2133 4123 sius
2175 4067 2270 4137 (De
2327 4071 2488 4138 myst.
2539 4083 2664 4139 cap.
2723 4085 2762 4132 ι,
2812 4085 2870 4123 n.
2920 4068 2992 4138 1).
3039 4069 3192 4124 Alibi
3241 4088 3372 4128 vero
3399 4074 3656 4132 declara-

2008 4161 2134 4210 tum
2185 4161 2292 4222 est,
2345 4155 2626 4211 moralem
2675 4156 2872 4224 istam,
2915 4175 3092 4228 quam
3142 4159 3250 4215 hoc
3296 4160 3420 4218 loco
3464 4164 3657 4221 innuit

2010 4244 2164 4299 idem
2195 4245 2507 4316 episcopus
2538 4244 2784 4315 (Ad-mon.
2834 4247 2896 4300 in
2949 4247 3042 4301 lib.
3075 4247 3143 4302 de
3171 4249 3419 4320 Abrah.),
3451 4253 3655 4325 dispu-

2007 4333 2284 4388 tationem
2333 4335 2528 4404 aptius
2561 4333 2806 4405 intelligi
2860 4335 3204 4407 neutiquam
3252 4356 3443 4409 posse,
3476 4358 3656 4412 quam

2010 4421 2081 4476 de
2134 4421 2526 4488 sermonibus,
2583 4437 2652 4476 ex
2703 4421 2918 4492 quibus
2996 4422 3127 4478 libri
3184 4426 3254 4480 de
3310 4429 3657 4498 patriarchis

2007 4509 2313 4580 compositi
2345 4514 2502 4563 sunt.
2541 4508 2715 4564 Primi
2747 4512 3085 4567 eorumdem
3119 4513 3480 4573 collocantur
3523 4519 3656 4576 libri

2004 4597 2068 4653 de
2097 4599 2392 4661 Abraham,
2427 4614 2539 4668 quo
2589 4598 2648 4651 in
2698 4614 2866 4667 Opere
2911 4603 3096 4656 sancti
3130 4603 3308 4674 hujus
3353 4606 3456 4661 viri
3493 4609 3655 4679 impi-

2009 4703 2164 4754 gram
2193 4687 2320 4756 ﬁdei
2347 4686 2683 4741 devotionem
2729 4689 3077 4745 Ambrosius
3121 4693 3488 4750 demonstrat
3528 4696 3652 4766 (lib.

2011 4777 2084 4831 De
2109 4777 2320 4846 Ioseph,
2355 4791 2479 4846 cap.
2512 4792 2552 4840 1,
2587 4792 2751 4829 num.
2785 4778 2862 4847 7),
2905 4779 2977 4833 ab
3030 4779 3156 4851 ipso
3207 4798 3438 4853 quoque
3487 4782 3654 4838 factis

2010 4864 2342 4936 impletum,
2375 4864 2530 4934 quod
2567 4864 2661 4918 vix
2696 4865 2904 4935 jejuna
2953 4869 3206 4938 quadam
3240 4869 3368 4925 idea
3396 4869 3652 4941 philoso-

2011 4953 2108 5024 phi
2141 4951 2492 5007 intellexere.

2079 5042 2166 5096 8|.
2201 5041 2372 5096 Liber
2399 5041 2463 5096 de
2492 5043 2644 5097 Isaac
2674 5053 2724 5099 et
2749 5045 2940 5098 anima
2984 5046 3131 5100 duos
3182 5043 3311 5099 illos
3364 5047 3649 5117 sequitur.

2009 5131 2112 5185 Hic
2133 5138 2328 5185 autem
2349 5147 2414 5185 eo
2442 5131 2779 5202 pertinet,ut
2800 5134 2858 5186 in
2881 5133 3080 5187 eodem
3107 5139 3305 5186 sancto
3327 5133 3656 5204 patriarcha

2007 5222 2240 5275 sincerae
2275 5221 2471 5274 mentis
2505 5224 2808 5291 puritatem
2855 5219 3041 5274 oculis
3085 5219 3403 5290 subjiciens
3448 5224 3650 5297 (ibid),

2008 5308 2202 5379 ipsum
2235 5306 2450 5363 Christi
2493 5308 2746 5376 Domini,
2799 5308 3116 5363 Rebeccam
3165 5325 3298 5365 vero
3343 5311 3470 5381 ejus
3513 5330 3653 5370 uxo-

2010 5413 2131 5452 rem
2165 5395 2432 5452 Ecclesiae
2465 5403 2666 5468 typum
2689 5395 2979 5451 exstitisse
3011 5398 3318 5468 patel‘aciat
3351 5419 3363 5456 :
3399 5418 3502 5457 nec
3536 5418 3652 5460 non

2011 5491 2326 5557 utrumque
2359 5485 2527 5540 illum
2557 5487 2867 5556 conjugem
2913 5485 3120 5541 anima:
3157 5487 3346 5548 ﬁdelis
3373 5507 3506 5548 cum
3539 5508 3650 5552 οω-

2009 5574 2143 5636 lesti
2176 5590 2394 5652 sponso
2424 5572 2647 5649 nuptiis
2677 5574 3099 5636 accommodet.
