4122 6186
468 299 587 362 103

1814 292 2000 354 VITA
2045 291 2110 353 S.
2155 290 2536 358 AMBROSII

3758 287 3874 356 104

682 431 846 496 Quod
906 429 966 485 in
1026 428 1225 486 libello
1289 426 1574 501 superiori
1637 426 1984 482 Ambrosius
2023 426 2113 481 ~de
2145 427 2577 500 Asignificavit
2632 428 2825 501 (epist.
2885 430 2997 498 24),
3069 443 3423 501 omnemque
3481 443 3676 484 rerum
3738 444 3870 484 cum

466 524 662 580 anima
691 520 1110 592 disputaverat.
1142 535 1274 574 eum
1320 516 1570 579 induxit,
1612 520 1677 570 ut
1724 516 1878 569 edita
1927 513 2115 585 opella

465 615 539 668 De
570 613 703 666 bono
734 612 945 675 mortis,
977 607 1124 663 nihil
1155 605 1411 662 terribile
1441 605 1635 660 inesse
1665 603 1839 659 morti
1874 603 2114 674 planum

465 703 706 766 faceret;
743 699 1038 769 simulque
1069 698 1354 749 astrueret
1393 693 1634 750 omnino
1683 696 1992 763 oporteret,
2028 695 2112 756 ut,

463 790 730 846 abdicatis
758 789 995 858 corporis
1009 784 1476 845 delectationibus,
1496 781 1894 851 cupiditatibus
1937 781 2112 834 omni-

466 881 579 945 bus,
610 877 905 946 mundique
935 872 1200 928 illecebris
1229 870 1352 936 (lib.
1389 873 1462 926 De
1503 871 1636 925 bono
1665 873 1827 924 mort.
1863 886 1989 940 cap.
2025 885 2112 933 ιιι,

466 986 523 1023 n.
556 968 631 1037 9),
663 967 721 1020 in
754 967 1099 1035 perpetuum
1131 959 1342 1016 smculo
1376 959 1720 1015 moriamur.

535 1057 623 1110 83.
657 1053 756 1108 His
787 1048 1158 1106 sermonibus
1179 1049 1250 1102 ad
1283 1047 1694 1120 praeparandos
1733 1046 2110 1102 catechume-

466 1160 568 1199 nos
599 1137 1051 1212 appositissimis
1099 1137 1307 1191 imbuti
1351 1136 1722 1207 Augustinus
1771 1139 1947 1206 atque
1989 1133 2110 1200 alii,

463 1247 614 1303 aqua
644 1228 869 1282 viviﬁca
899 1227 957 1281 in
993 1224 1296 1297 pervigilio
1327 1223 1648 1292 Paschatis,
1685 1224 1837 1295 quod
1873 1240 1949 1278 vn
1981 1221 2108 1278 Kal.

464 1320 642 1376 Maias
688 1317 828 1372 anni
877 1313 1178 1386 praesentis
1228 1313 1583 1368 celebratum
1633 1311 1908 1378 diximus,
1942 1311 2110 1365 tincti

461 1408 639 1463 fuere.
688 1405 954 1461 lnitiatos
1002 1419 1167 1458 sacro
1210 1402 1503 1474 baptismo
1551 1401 1856 1457 confestim
1915 1416 2109 1454 sacra-

460 1501 791 1552 mentorum
850 1508 979 1563 quze
1032 1494 1388 1562 receperant,
1421 1490 1576 1546 sicut
1622 1494 1680 1544 et
1727 1504 1928 1544 eorum
1979 1503 2108 1559 quae

459 1584 736 1640 occultari
770 1581 934 1652 prius
965 1580 1250 1646 solebant,
1303 1579 1662 1650 expositione
1711 1581 1954 1632 sanctus
1985 1576 2106 1648 epi-

461 1690 674 1745 scopus
727 1673 835 1725 rite
893 1669 1148 1724 instituit
1199 1684 1211 1722 :
1263 1684 1379 1738 qua
1418 1668 1657 1737 quidem
1707 1683 1776 1722 ex
1821 1665 2106 1720 catechesi

461 1763 675 1816 librum
709 1761 780 1814 De
804 1759 1086 1829 mysteriis
1112 1758 1330 1811 factum
1362 1761 1640 1827 putamus
1667 1755 1981 1826 (Admon.in
2007 1753 2097 1808 lib.
2135 1789 2183 1853 B

657 1865 723 1901 ει.
740 1865 770 1901 l.

657 1865 681 1900 s
711 1889 723 1901 .
759 1889 770 1900 .

464 1849 845 1994 Deilzylieiiiit
877 1936 945 1991 ad
981 1933 1224 1990 moralia
1254 1937 1541 2005 praecepta
1583 1937 1821 1987 sanctus
1862 1930 2106 1986 Ambro-

460 2030 606 2089 sius,
639 2031 696 2082 et
726 2032 789 2080 ut
817 2024 1127 2080 candidam
1162 2022 1324 2076 illum
1355 2021 1784 2093 neophytorum
1816 2020 2047 2074 turbam
2074 2035 2108 2074 a

459 2116 756 2174 redeundo
786 2115 844 2168 in
876 2112 1176 2176 saeculum,
1202 2111 1296 2166 cui
1344 2127 1446 2181 per
1492 2110 1784 2181 baptisma
1831 2108 2105 2163 nuntium

459 2206 826 2268 remiserant,
859 2201 1066 2257 fortius
1095 2201 1440 2263 deterreret;
1483 2197 1612 2253 ideo
1643 2211 1942 2251 sermones
1974 2211 2104 2266 pro-

459 2294 767 2358 nuntiavit,
800 2292 899 2362 qui
952 2306 1108 2344 nunc
1157 2288 1372 2343 redacti
1407 2288 1466 2340 in
1500 2285 1795 2340 librarium
1832 2284 2102 2350 formam,

457 2386 567 2440 sub
603 2381 767 2437 titulo
799 2378 932 2434 libri
979 2381 1054 2434 De
1099 2381 1229 2448 fuga
1277 2376 1466 2432 sa’culi
1518 2375 1587 2430 ad
1637 2391 1744 2429 nos
1794 2387 2105 2444 pervenere

457 2473 704 2545 (Admon.
739 2472 798 2524 in
829 2466 1008 2523 eumd.
1042 2467 1165 2535 lib.)

525 2564 612 2616 85.
627 2555 1188 2615 Commentationem
1223 2554 1371 2608 hanc
1401 2552 1697 2622 excipiunt
1727 2550 1843 2604 duo
1873 2547 2007 2602 libri
2030 2549 2106 2602 De

453 2650 612 2708 Jacob
642 2657 693 2703 et
709 2650 822 2701 vita
854 2645 1022 2704 beata.
1058 2643 1114 2696 in
1145 2643 1362 2712 quibus
1390 2639 1738 2695 Ambrosius
1762 2639 2103 2708 singularem

455 2739 633 2794 animi
661 2736 1017 2803 laborumque
1043 2733 1366 2802 patientiam
1406 2731 1465 2784 in
1497 2729 1699 2784 eodem
1733 2731 1935 2782 sancto
1969 2725 2100 2779 imi—

454 2828 692 2883 tandam
726 2837 1056 2894 proponens
1087 2819 1210 2887 (lib.
1245 2821 1318 2874 De
1346 2819 1557 2888 Joseph.
1592 2824 1736 2886 patr.
1770 2832 1895 2885 cap.
1933 2813 2101 2884 I,n.l)

455 2913 879 2971 beatitudinem
909 2909 968 2963 in
998 2907 1451 2970 calamitatibus,
1488 2903 1986 2966 afﬂictationibus,
2033 2917 2100 2957 ac

455 3002 756 3060 doloribus
787 3013 916 3053 esse
947 2997 1198 3068 positam
1232 2994 1526 3050 evidenter
1555 2993 1742 3047 docet.

526 3093 616 3147 86.
650 3090 774 3144 Non
807 3083 1180 3158 praetermisit
1221 3081 1461 3152 Josephi
1514 3080 1822 3135 historiam
1853 3080 2098 3135 antistes

2230 532 2472 589 tyranno
2509 520 2612 574 abs
2639 535 2699 574 se
2728 523 3026 590 gestarum
3071 518 3358 590 pertexuit
3395 517 3678 573 ordinem.
3717 518 3872 572 Hanc

2223 607 2529 678 epistoiam
2587 608 2728 662 dum
2797 607 3031 672 rediret,
3091 623 3159 661 ex
3215 609 3343 678 ipso
3401 607 3607 662 itinere
3660 607 3873 662 Ciesari

2225 695 2414 758 misit;
2448 712 2521 750 ne
2579 696 2724 751 forte
2772 695 2904 768 quis
2955 700 3340 762 antevertens,
3383 699 3638 751 mentem
3685 695 3874 766 ipsius

2225 784 2478 856 maligne
2507 791 2846 855 occuparet;
2899 789 2956 840 et
3003 784 3175 840 simul
3227 790 3291 839 ut
3338 785 3630 856 princeps,
3675 798 3873 839 rerum

2223 872 2486 928 omnium
2540 874 2730 928 factus
2761 873 2990 938 certior,
3026 874 3307 928 adversus
3346 872 3572 928 hostem
3604 876 3726 928 tam
3757 873 3874 929 for-

2222 961 2584 1028 midabilem,
2617 962 2714 1033 qui
2749 978 2883 1016 eum
2915 961 3244 1033 opprimere
3275 962 3424 1032 apud
3464 976 3526 1016 se
3566 964 3870 1029 statuerat,

2222 1054 2462 1120 paratus
2491 1050 2931 1121 esset.Duplicis
2961 1051 3192 1114 generis
3223 1050 3589 1122 episcopos,a
3619 1065 3871 1120 quorum

2221 1139 2632 1194 communione
2661 1141 2894 1211 penitus
2926 1140 3388 1210 abstinuit,apud
3415 1139 3732 1194 Maximum
3776 1155 3873 1194 re-

2219 1227 2370 1298 perit
2399 1228 2764 1284 Ambrosius.
2791 1229 3016 1284 Priores
3045 1232 3231 1289 erant,
3264 1227 3364 1300 qui
3403 1228 3591 1282 eidem
3621 1227 3871 1283 Maximo

2219 1316 2734 1372 communicabant
2766 1316 2948 1385 (ibid.,
3005 1333 3169 1371 num.
3217 1318 3334 1383 12);
3389 1317 3545 1371 unde
3586 1315 3870 1373 Paulinus

2218 1405 2413 1475 ipsum
2464 1423 2498 1460 a
2547 1406 2714 1460 beato
2775 1404 3023 1476 prmsule
3085 1404 3517 1460 communionis
3577 1405 3872 1462 consortio

2218 1492 2509 1563 privatum
2542 1497 2835 1555 asseverat
2862 1492 2945 1560 (in
2973 1495 3089 1547 Vita
3123 1493 3473 1547 Ambr.num.
3509 1493 3619 1562 19),
3654 1498 3716 1548 ut
3738 1495 3866 1562 jam

2216 1581 2438 1635 dictum
2483 1585 2616 1636 est:
2653 1580 3004 1651 posteriores
3050 1597 3205 1648 vero,
3261 1583 3356 1652 qui
3400 1583 3635 1651 aliquos,
3685 1583 3870 1638 devio:

2215 1669 2339 1724 licet
2367 1685 2401 1724 a
2438 1670 2561 1738 ﬁde,
2596 1670 2664 1724 ad
2702 1685 2888 1724 necem
2935 1669 3182 1738 petebant
3213 1669 3399 1739 (epist.
3431 1671 3521 1734 24,
3556 1686 3719 1725 num.
3755 1672 3866 1742 12),

2215 1772 2423 1827 nempe
2450 1758 2727 1812 lthaciani
2765 1775 2799 1812 a
2829 1759 3044 1829 quibus
3078 1758 3232 1827 apud
3269 1757 3590 1813 Maximum
3625 1775 3866 1814 accusa-

2216 1850 2310 1900 tus
2341 1851 2430 1900 est
2462 1845 2948 1910 Priscillianus,et
2976 1846 3185 1900 iisdem
3219 1847 3549 1916 agentibus,
3576 1861 3711 1902 cum
3740 1847 3867 1919 ipse

2215 1938 2339 1988 tum
2368 1936 2495 2003 ejus
2518 1939 2834 1989 sectatores
2859 1933 3055 2003 gladio
3076 1935 3329 1989 truncati
3361 1935 3686 1990 sunt.Hano
3703 1952 3870 1992 sanc-

2214 2023 2255 2076 ti
2279 2023 2569 2078 Ambrosii
2589 2023 2976 2077 constantiam
2991 2027 3048 2077 et
3061 2023 3243 2077 animi
3265 2024 3728 2095 magnitudinem
3749 2041 3864 2082 non

2214 2110 2351 2166 tulit
2373 2115 2658 2181 tyrannus
2691 2128 2703 2165 :
2739 2112 2839 2166 sed
2871 2111 3123 2180 graviter
3152 2117 3478 2167 commotus
3501 2113 3685 2183 jussit
3725 2130 3860 2170 cum

2212 2200 2331 2254 sine
2361 2215 2514 2254 mora
2542 2200 2758 2270 regredi
2790 2200 2976 2270 (ibid)

2283 2288 2370 2342 89.
2426 2289 2716 2343 Maximus
2762 2288 3100 2343 redeuntem
3153 2305 3396 2360 propere
3444 2294 3701 2355 secutus,
3754 2306 3862 2346 no-

2214 2377 2370 2432 mine
2427 2377 2767 2442 obsistente,
2831 2375 3056 2431 Italiam
3116 2375 3328 2433 invasit
3367 2393 3380 2432 :
3419 2378 3864 2436 Valentinianus

2213 2481 2366 2531 vero,
2399 2470 2666 2520 metuens
2717 2480 2790 2519 ne
2835 2465 3118 2520 incideret
3146 2466 3205 2520 in
3238 2467 3366 2536 ejus
3400 2482 3633 2533 manus,
3664 2473 3723 2522 et
3764 2485 3860 2523 ea-

2212 2554 2341 2609 dem
2392 2553 2796 2608 inhumanitas
2847 2554 2919 2607 ab
2969 2570 3034 2608 eo
3078 2558 3444 2620 tractaretur,
3498 2571 3671 2626 quam
3712 2557 3856 2612 Gra-

2212 2642 2407 2698 tianus
2462 2647 2736 2713 expertus
2793 2646 2938 2710 erat,
3000 2659 3316 2700 conscenso
3391 2644 3636 2715 navigio,
3699 2645 3862 2700 venit

2212 2730 2714 2796 Thessalonicam,
2749 2747 2929 2802 seque
2959 2732 3091 2786 ﬁdei
3123 2748 3187 2787 ac
3232 2733 3496 2802 praesidio
3543 2732 3861 2788 Theodosii

2211 2824 2399 2874 totum
2459 2819 2772 2875 commisit.
2843 2820 3158 2891 Profugum
3220 2821 3586 2876 Theodosius
3626 2822 3863 2893 excepit

2213 2923 2493 2978 perquam
2525 2906 2866 2962 humaniter
2897 2925 2909 2962 :
2941 2909 3211 2963 eumdem
3242 2925 3377 2964 vero
3411 2910 3504 2976 pie
3552 2909 3859 2966 admonuit

2210 2995 2317 3050 has
2347 3000 2539 3050 tantas
2569 2995 2763 3051 clades
2789 2997 2862 3051 ob
2902 3001 3328 3067 propugnatam
3381 2997 3649 3052 haeresim
3695 2997 3859 3054 Aria-

2209 3100 2347 3139 nam
2379 3101 2445 3139 ac
2476 3084 2800 3139 divexatam
2829 3083 3144 3140 Ecclesiam
3177 3084 3521 3140 catholicam
3574 3086 3858 3143 divinitus

455 3184 672 3241 noster,
723 3177 823 3232 sed
883 3174 938 3228 in
989 3188 1118 3228 eam
1168 3188 1281 3226 non
1333 3169 1510 3224 semel
1568 3171 1744 3224 verba
1797 3169 1950 3232 fecit,
1983 3185 2098 3240 prae
2130 3151 2171 3217 C
2207 3173 2509 3228 immissas
2541 3188 2613 3227 ne
2643 3173 2956 3227 dubitaret,

452 3267 673 3324 cmteris
701 3265 965 3335 ejusdem
991 3260 1330 3332 patriarcha:
1353 3258 1944 3324 dotibus,castitatem
1967 3259 2094 3329 ejus

449 3358 678 3429 egregie
709 3353 1031 3426 praedicans
1079 3349 1239 3419 (Ibid.
1290 3364 1340 3403 c.
1385 3349 1439 3414 6,
1490 3363 1652 3401 num.
1697 3347 1766 3399 30
1795 3351 1852 3400 et
1881 3347 1993 3415 38).
2033 3347 2092 3400 In

450 3448 602 3502 idem
627 3439 1174 3514 argumentumjam
1195 3436 1492 3507 superiore
1513 3451 1666 3490 anno
1684 3434 2092 3491 concionatum

451 3553 512 3593 sc
543 3550 673 3592 esse
705 3532 825 3586 illic
853 3534 1131 3592 testatur;
1163 3542 1362 3581 verum
1388 3530 1489 3580 aut
1519 3523 1858 3579 exciderunt
1879 3540 2097 3580 sermo-

450 3641 553 3680 nes
586 3621 689 3684 illi,
723 3625 825 3676 aut
857 3619 1001 3673 forte
1032 3615 1251 3670 chartis
1283 3629 1586 3685 nunquam
1627 3614 1886 3667 mandati
1933 3617 2092 3668 sunt.

518 3716 606 3768 87.
645 3712 859 3766 Horum
912 3710 1271 3762 tractatuum
1321 3703 1586 3759 ordinem
1635 3703 1790 3774 cogit
1847 3702 1994 3758 liber
2023 3705 2096 3758 De

455 3799 906 3860 benedictionibus
967 3793 1418 3868 patriarcharnm
1480 3791 1728 3860 (Admon.
1788 3792 1847 3845 in
1913 3791 2092 3846 eumd.

448 3892 589 3962 lib.).
625 3889 790 3945 Hunc
823 3885 978 3942 brevi
1010 3882 1314 3940 intervallo
1359 3879 1825 3936 lucubrationem
1869 3880 1942 3933 de
1981 3896 2100 3950 qua

449 3979 708 4053 proxime
739 3993 844 4033 nos
875 3974 1238 4036 dicebamus,
1270 3975 1537 4024 secutum
1578 3984 1726 4030 esse,
1759 3973 1936 4038 atque
1965 3971 2097 4022 ante

448 4070 687 4124 alteram
718 4063 1008 4120 Ambrosii
1039 4061 1109 4116 ad
1144 4059 1462 4115 Maximum
1486 4056 1834 4127 legationem
1869 4055 2098 4128 publice

447 4152 892 4230 pronuntiatum
927 4146 1226 4220 probabile
1257 4148 1366 4200 est.

516 4245 604 4299 88.
632 4243 764 4298 Jam
791 4239 1097 4294 veniamus
1145 4235 1217 4289 ad
1268 4233 1584 4288 secundam
1632 4231 1806 4288 istam
1854 4231 2094 4303 legatio-

448 4350 602 4392 nem.
637 4331 852 4385 Omnes
883 4327 1128 4396 hujusce
1175 4321 1405 4395 tyranni
1455 4325 1649 4377 motus
1680 4320 1825 4376 satis
1863 4336 2096 4392 prome-

446 4424 588 4477 bant
618 4417 792 4474 Italiae
825 4413 1142 4487 provinciis
1173 4427 1308 4467 eum
1341 4408 2097 4481 imminere,spoliandique

2272 3263 2359 3315 90.
2389 3261 2644 3316 Tametsi
2679 3267 2875 3315 autem
2908 3261 3216 3316 Ambrosio
3261 3261 3551 3318 Maximus
3605 3264 3858 3320 intenta-

2201 3349 2383 3406 visset
2412 3348 2822 3404 acerbissimas
2856 3349 3068 3417 minas,
3101 3365 3214 3404 non
3247 3348 3330 3402 illi
3363 3354 3581 3414 tamen,
3611 3356 3678 3405 ut
3724 3351 3856 3423 qui-

2203 3439 2336 3493 dem
2354 3437 2888 3506 videtur,damnum
2903 3435 3325 3508 intulit.Usque
3339 3439 3482 3493 adeo
3502 3439 3677 3494 etiam
3696 3440 3854 3511 apud

2205 3525 2392 3581 malos
2422 3525 2852 3582 venerationem
2900 3525 3126 3581 invenit
3171 3527 3386 3581 virtus!
3421 3527 3632 3583 Praeter
3679 3544 3858 3600 opera

2198 3615 2322 3684 jam
2349 3615 2636 3670 recensita
2656 3615 2835 3685 hujus
2861 3631 3095 3686 quoque
3113 3615 3391 3686 temporis
3412 3631 3539 3670 esse
3561 3615 3858 3673 credimus

2207 3702 2402 3775 plures
2419 3703 2940 3774 epistolas,quibus
2959 3710 3200 3758 sanctus
3215 3703 3305 3757 vir
3320 3702 3640 3759 multorum
3659 3705 3858 3761 dubiis

2206 3792 2318 3847 sibi
2349 3808 2450 3862 per
2480 3791 2705 3846 litteras
2743 3792 3007 3847 certatim
3056 3791 3371 3863 propositis
3429 3808 3711 3863 responsa
3755 3792 3857 3848 de-

2207 3881 2310 3934 dit.
2343 3879 2404 3934 In
2436 3879 2646 3935 harum
2701 3897 2946 3936 numero
2994 3879 3250 3950 epistolae
3303 3881 3373 3933 ad
3425 3879 3672 3935 Sudium
3727 3880 3860 3936 dua;

2209 3969 2407 4040 reponi
2440 3973 2687 4040 possunt
2719 3969 2910 4040 (epist.
2960 3971 3032 4023 25
3077 3974 3134 4024 et
3185 3970 3297 4039 26).
3332 3968 3395 4022 In
3440 3967 3700 4024 saeculari
3735 3970 3860 4025 foro

2206 4056 2300 4112 hic
2323 4057 2506 4126 judex
2535 4061 2659 4112 erat
2687 4074 2701 4112 :
2735 4057 2786 4112 is
2818 4074 2952 4112 cum
2983 4057 3222 4118 videret.
3259 4057 3618 4113 Priscilliano
3650 4073 3862 4128 urgen-

2208 4145 2364 4200 tibus
2397 4144 2711 4200 Itbacianis
2740 4146 2950 4218 capitis
2981 4146 3388 4210 condemnato,
3417 4147 3685 4202 recedere
3723 4145 3856 4218 plu-

2208 4233 2387 4288 rimos
2417 4234 2489 4288 ab
2520 4250 2722 4288 eorum
2755 4235 3020 4290 omnium
3053 4235 3465 4290 communione
3493 4234 3594 4306 qui
3633 4235 3860 4306 capita-

2206 4321 2321 4376 lem
2352 4323 2700 4378 sententiam
2732 4322 2791 4378 in
2824 4323 3162 4394 quempiam
3195 4322 3493 4388 tulissent,
3526 4323 3860 4379 sciscitatus

2206 4415 2330 4468 erat
2358 4428 2428 4466 ex
2455 4410 2934 4477 Ambrosio,num
2967 4410 3076 4466 sibi
3112 4429 3145 4466 a
3176 4410 3358 4466 sacris
3389 4411 3540 4466 esset
3567 4410 3863 4466 abstinen-

446 4503 841 4564 Valentiniani
878 4500 1190 4557 consilium
1222 4497 1461 4568 cepisse.
1496 4497 1752 4562 Justina,
1786 4496 1895 4551 hoc
1924 4500 2089 4551 tanto
2123 4521 2166 4585 D
2205 4501 2372 4565 dum,
2405 4500 2634 4570 quoties
2665 4499 2920 4570 aliquem
2970 4505 3228 4554 extremo
3279 4497 3567 4570 supplicio
3596 4498 3722 4570 ipse
3752 4498 3862 4553 ad-

446 4592 704 4671 periculo
751 4591 1123 4647 vehementer
1170 4587 1456 4659 perculsa,
1491 4585 1709 4640 nullius
1740 4601 1910 4656 opem
1945 4601 2086 4656 pra:-

445 4685 761 4743 sentiorem
819 4680 1102 4736 arbitrata
1153 4680 1260 4740 est,
1313 4691 1489 4745 quam
1542 4673 1727 4730 sancti
1775 4673 2088 4728 Ambrosii.

443 4776 808 4846 Quapropter
837 4785 971 4824 cum
994 4767 1086 4822 hic
1109 4765 1452 4821 memoriam
1486 4762 1840 4834 injuriarum
1864 4762 2090 4816 nullam

446 4864 948 4930 retineret,rogatu
977 4856 1242 4927 ejusdem
1271 4853 1348 4908 im
1360 4851 1659 4923 peratricis
1689 4868 1896 4906 rursus
1916 4850 2092 4922 legati

445 4953 515 5008 ad
550 4957 866 5024 tyrannum
899 4946 1065 5000 illum
1098 4959 1248 4998 onus
1297 4941 1531 4996 subivit.
1565 4941 1670 5010 Ego
1701 4947 1845 5001 tuus,
1878 4939 2093 5010 inquit,

445 5043 647 5100 iterum
697 5040 906 5109 legatus
972 5034 1200 5106 repetivi
1245 5031 1530 5095 Gallias,et
1588 5029 1732 5084 mihi
1786 5028 1942 5084 dulce
1990 5044 2092 5098 pro

447 5130 623 5184 salute
653 5132 748 5183 tua
772 5129 971 5197 primo,
1000 5121 1196 5179 deinde
1236 5135 1337 5192 pro
1377 5134 1530 5190 pace,
1561 5122 1723 5189 atque
1751 5119 1952 5188 pietate
1985 5134 2094 5188 qua

447 5223 719 5285 fraternas
748 5215 1010 5284 reliquias
1052 5209 1387 5282 postulabas,
1414 5207 1658 5263 nondum
1701 5223 1801 5275 pro
1845 5216 1893 5261 te
1939 5222 2092 5261 secu-

451 5320 566 5368 rus,
592 5311 642 5357 et
663 5303 784 5373 jam
826 5319 926 5372 pro
969 5304 1213 5372 fraterno
1255 5299 1460 5354 honore
1486 5297 1752 5352 sollicitus
1800 5297 1896 5366 (De
1942 5297 2095 5351 obitu

455 5392 681 5456 Valent,
743 5406 905 5444 num.
961 5391 1073 5459 28).
1132 5389 1234 5444 His
1279 5387 1471 5443 verbis
1541 5402 1720 5441 causa
1783 5384 2093 5456 legationis

453 5479 710 5553 aperitur
742 5495 755 5534 :
789 5478 913 5550 ipse
944 5494 1076 5534 vero
1109 5481 1347 5534 sanctus
1399 5474 1667 5544 antistes,
1721 5489 1895 5545 quem
1927 5490 1996 5528 ex
2025 5491 2095 5530 ea

454 5583 792 5629 successum
826 5566 1108 5641 retulerit,
1135 5567 1352 5642 scripta
1394 5563 1800 5627 Valentiniano
1848 5561 2097 5640 epistola

2204 4588 2612 4659 dixisset.Ejus
2642 4588 2995 4658 interrogato
3026 4588 3369 4643 Ambrosius
3398 4587 3481 4642 ita
3511 4585 3857 4659 respondit:

2201 4677 2468 4748 Plerique
2498 4682 2705 4748 sponte
2735 4692 2797 4731 se
2827 4676 3143 4742 abstinent,
3169 4683 3226 4732 et
3257 4675 3574 4731 laudantur
3594 4675 3860 4746 quidem,

2204 4782 2308 4821 nec
2337 4766 2448 4837 ipsi
2481 4782 2579 4821 eos
2611 4765 2851 4820 laudare
2881 4782 2995 4820 non
3030 4780 3368 4836 possumus,
3403 4764 3503 4836 qui
3539 4761 3862 4818 auctorita-

2203 4862 2321 4911 tem
2353 4853 2615 4926 Apostoli
2673 4857 2914 4908 eatenus
2961 4853 3362 4916 observamus,
3395 4855 3462 4906 ut
3491 4852 3562 4906 iis
3593 4866 3860 4906 commu-

2203 4943 2440 4999 nionem
2472 4959 2585 4998 non
2632 4942 2957 4997 audeamus
3003 4957 3238 5012 negare.
3271 4941 3492 4996 Deinde
3520 4956 3652 4996 vero
3682 4939 3861 5010 quasi

2203 5033 2516 5104 episcOpus
2546 5030 2604 5085 in
2638 5029 3026 5086 exhibendam
3067 5030 3264 5100 potius
3314 5029 3430 5085 reis
3479 5027 3858 5083 clementiam

2206 5137 2383 5194 quam
2417 5119 2782 5176 severitatem
2815 5116 2984 5172 illum
3016 5117 3300 5172 hortatur.
3701 5174 3708 5182 ,

2271 5209 2486 5264 91.Hoc
2502 5207 2676 5263 etiam
2695 5213 2953 5278 tempore
2981 5207 3196 5277 saepius
3220 5207 3291 5261 ad
3324 5206 3606 5262 Irenaeum
3629 5203 3860 5260 charis-

2201 5300 2421 5354 simum
2454 5296 2642 5350 filium
2672 5300 2729 5351 et
2758 5295 3024 5351 Ecclesiae
3054 5294 3510 5351 Mediolanensis
3553 5294 3862 5366 presbyte-

2201 5404 2335 5443 rum
2368 5390 2469 5442 aut
2497 5385 3077 5456 diaconum,scripsit
3104 5383 3470 5440 Ambrosius.
3507 5382 3703 5438 Prima
3731 5381 3860 5454 epi-

2201 5475 2355 5534 stola
2383 5474 2575 5548 (epist.
2607 5474 2720 5546 27),
2754 5471 3188 5530 Deuteronomii
3217 5487 3455 5529 versum
3486 5468 3757 5528 enucleat
3793 5473 3860 5527 et

2205 5565 2549 5626 societatem
2566 5562 2928 5640 perditorum
2947 5561 3254 5626 hominum
3275 5560 3486 5624 suadet
3499 5559 3865 5637 evitandum.
