4122 6186
243 344 363 408 105

1316 347 1420 409 EX
1461 347 1650 410 EJUS
1692 344 2176 411 POTISSIMUM
2220 348 2591 412 SCRIPTIS.

3511 307 3652 416 {oe

239 481 510 536 Secunda
542 495 656 534 non
691 478 876 534 multo
922 483 1053 553 post
1082 483 1283 536 secuta
1313 480 1504 552 (epist.
1537 481 1650 540 28).
1711 480 1900 551 ipsius
1927 478 1978 544 Α
2011 480 2210 535 eadem
2245 499 2475 552 quoque
2509 483 2795 554 sapientia
2823 501 2950 540 esse
3008 484 3225 556 positas
3259 485 3387 541 aliis
3443 485 3649 544 litteris

240 570 445 636 vitam,
478 573 546 624 ut
573 575 706 642 pote
738 569 997 624 hominis
1029 570 1298 625 diviniori
1336 569 1670 624 charactere
1687 567 1894 623 nobili-

239 659 371 728 tati,
405 656 614 732 probat
643 658 1046 732 perfectiorem
1079 675 1207 714 esse
1259 658 1486 727 debere,
1538 674 1606 712 ac
1661 656 1896 712 saecula-

238 746 398 804 rium
429 747 870 805 conversatione
902 746 1088 803 multo
1121 746 1493 803 sanctiorem.
1528 745 1742 802 Eodem
1800 745 1894 801 die

237 831 484 894 domum
515 854 783 894 reversus
815 854 848 893 a
875 836 1091 910 vigiliis
1122 840 1364 892 sanctus
1393 834 1725 907 episcopus,
1776 837 1895 890 stu-

238 925 359 982 diis
380 925 504 983 suis
526 925 598 982 de
624 943 788 983 more
801 925 1085 1000 repetitis,
1109 941 1344 982 versum
1362 923 1698 997 Scripturae,
1716 940 1889 995 quem

240 1017 423 1070 modo
451 1015 508 1070 in
557 1015 760 1088 synaxi
788 1014 1010 1070 cantari
1044 1014 1329 1077 audierat,
1374 1012 1662 1068 revolvere
1695 1012 1890 1067 animo

240 1104 437 1176 erepit.
459 1103 728 1160 Admovit
757 1103 959 1160 statim
991 1119 1233 1158 manum
1267 1101 1510 1168 calamo,
1545 1106 1601 1156 et
1659 1103 1894 1156 exarata.

239 1191 498 1265 epistola
524 1192 718 1260 tertia,
754 1192 1035 1248 Irenaeum
1089 1191 1569 1262 interpretatione
1623 1190 1889 1261 ejusdem

231 1280 512 1338 versiculi
526 1281 871 1338 exhortatus
884 1279 1365 1354 est(epist.29),ut
1395 1296 1498 1352 per
1530 1279 1736 1334 mundi
1757 1295 1892 1333 con-

228 1374 530 1443 temptum
561 1374 736 1443 atque
759 1369 1072 1443 repudium
1105 1385 1378 1442 supremo
1410 1369 1560 1423 bono
1595 1367 1762 1423 unice
1793 1367 1892 1423 ad-

228 1459 506 1518 haereret.
539 1459 648 1515 Vix
677 1460 976 1516 ferendam
989 1459 1228 1515 dederat
1247 1458 1399 1513 hanc
1411 1456 1887 1530 epistolam,cum

227 1548 401 1606 locus
433 1565 504 1606 ex
532 1551 743 1622 Aggzeo
773 1549 825 1605 ei
858 1548 1168 1615 succurrit,
1202 1547 1339 1603 huic
1372 1545 1484 1619 ipsi
1541 1549 1886 1618 argumento

226 1637 406 1710 plane
495 1636 867 1705 conveniens,
951 1636 1050 1709 qui
1107 1635 1414 1692 materiam
1477 1634 1886 1691 elucubrandaa

226 1731 458 1800 quarta
487 1725 749 1799 epistolas
785 1725 1178 1798 suppeditavit
1203 1724 1394 1796 (epist.
1429 1723 1542 1794 30).

2005 577 2159 624 clare
2189 570 2554 627 demonstrat
2572 572 2764 644 (epist.
2799 573 2909 646 38).
3585 637 3590 640 ,

2072 657 2162 713 95.
2194 657 2454 730 Denique
2484 661 2637 715 circa
2667 660 2724 714 id
2755 663 3036 734 temporis
3064 663 3406 719 Faustinum
3441 680 3645 736 quem-

2002 745 2139 801 dam
2173 748 2454 804 amissam
2485 766 2742 806 sororem
2775 750 3010 808 virtutis
3043 753 3360 825 singularis
3383 770 3448 808 ac
3479 753 3652 810 meri-

2000 833 2044 889 ti
2076 835 2354 892 feminam
2386 837 2658 910 lacrymis
2685 839 2978 911 lugentem
2999 859 3137 897 sane
3164 842 3492 899 immodicis
3507 845 3644 899 Am-

2001 923 2234 979 brosius
2266 925 2571 998 epistolam
2605 928 2938 984 consolatus
2967 934 3054 984 est
3088 930 3279 1001 (epist.
3315 932 3426 1000 39).

2069 1013 2157 1067 96.
2193 1015 2288 1084 (AN
2319 1015 2465 1086 388.)
2495 1015 2789 1071 Justinam
2821 1017 3090 1072 Arianam
3127 1017 3284 1072 illam
3321 1019 3646 1090 imperatri-

1999 1118 2120 1156 cem
2154 1101 2326 1175 vulgo
2361 1103 2698 1160 existimant
2729 1120 2841 1160 non
2861 1107 3164 1162 revertisse
3191 1107 3249 1162 in
3283 1107 3642 1176 Italiam,sed

1998 1190 2055 1245 in
2089 1190 2228 1263 fuga
2256 1191 2385 1263 ipsa
2413 1194 2530 1248 fato
2551 1194 2909 1250 concessisse
2945 1213 2958 1262 ;
2993 1195 3073 1250 ita
3099 1199 3162 1250 ut
3193 1213 3306 1250 non
3339 1195 3463 1252 sine
3493 1197 3645 1251 divi-

1998 1297 2071 1334 no
2095 1280 2318 1350 judicio
2351 1298 2477 1352 quae
2516 1283 2689 1338 toties
2718 1283 3094 1338 Ambrosium
3127 1283 3340 1354 ejicere
3369 1282 3430 1338 in
3488 1284 3639 1341 exsi-

1997 1368 2146 1423 tium
2166 1374 2373 1425 conata
2402 1371 2612 1440 fuerat,
2635 1372 2796 1427 exsul
2827 1377 3002 1443 atque
3029 1372 3269 1428 extorris
3299 1373 3428 1445 ipsa
3454 1390 3643 1430 more-

1999 1463 2175 1513 retur.
2202 1459 2403 1531 Siqua
2422 1460 2598 1515 etiam
2622 1461 2958 1530 conjectura
2990 1460 3049 1516 in
3075 1460 3299 1515 Paulini
3323 1461 3514 1517 verbis
3532 1465 3643 1518 sta-

1997 1546 2080 1602 tui
2104 1547 2289 1618 possit
2326 1548 2408 1620 (in
2435 1551 2549 1605 Vita
2567 1550 2752 1604 Ambr.
2779 1567 2835 1604 n.
2857 1549 2968 1622 20),
2992 1549 3221 1604 circiter
3241 1549 3399 1623 hunc
3422 1567 3640 1606 annum

1994 1636 2310 1708 contigisse
2331 1636 2614 1705 dicemus,
2639 1642 2703 1693 ut
2727 1654 2935 1711 magus
2983 1639 3244 1711 quidam,
3271 1638 3646 1696 Innocentius

1995 1725 2250 1792 nomine,
2284 1743 2416 1780 cum
2443 1730 2814 1798 torqueretur
2836 1728 2907 1782 ob
2937 1728 3098 1783 varia
3153 1727 3392 1794 scelera,
3427 1729 3646 1784 confes-

294 1842 391 1899 92.
416 1843 695 1910 Irenazus,
723 1843 901 1898 tantis
921 1840 1337 1897 benevolentiae
1356 1856 1421 1895 ac
1441 1839 1742 1896 facilitatis
1755 1841 1887 1894 Am-
1920 1851 1966 1915 Β
1997 1830 2099 1915 εξυῗ
2126 1814 2320 1915 merit}
2350 1815 3550 1915 “sulmgUbernantefonfl_“°tu“}_seu?“
3571 1817 3644 1872 ab

225 1932 523 1988 brosianaa
558 1930 911 1987 testimoniis
941 1929 1241 2003 pellectus,
1275 1946 1389 1984 non
1418 1928 1706 1983 dubitavit
1727 1945 1893 1984 sanc-

227 2027 362 2077 tum
401 2020 749 2094 episcopum
780 2036 958 2091 super
983 2019 1159 2074 variis
1207 2017 1631 2090 questionibus
1688 2033 1895 2073 consu-

227 2109 794 2176 lere.Quzsstionum
825 2110 954 2179 ejus
983 2107 1104 2163 haec
1136 2108 1325 2179 prima
1354 2107 1483 2173 fuit,
1529 2110 1728 2160 utrum
1775 2122 1892 2161 ma-

218 2201 320 2271 jor
349 2197 658 2253 consenda
687 2201 842 2253 esset
858 2213 1060 2252 eorum
1092 2194 1472 2266 charitas,qui
1506 2195 1576 2250 ab
1602 2195 1888 2268 unguicu-

229 2287 307 2344 lis
337 2286 446 2342 Dei
479 2285 764 2356 obesquio
793 2301 856 2340 se
897 2284 1356 2356 mancipassent,
1391 2300 1463 2338 an
1494 2300 1627 2338 vero
1685 2299 1889 2339 eorum

227 2376 328 2450 qui
361 2374 719 2448 provectiori
743 2377 971 2429 tantum
999 2373 1206 2429 estate?
1227 2372 1415 2442 Hujus
1441 2371 1603 2427 dubii
1627 2371 1784 2426 haud
1807 2371 1891 2426 in-

221 2463 482 2536 jucundi
511 2461 958 2534 explicationem
977 2459 1223 2532 epistola
1255 2476 1374 2514 una
1402 2459 1738 2531 complexus
1778 2459 1890 2532 pri-

228 2569 322 2608 mo
340 2549 904 2610 fueratAmbrosius
921 2549 1243 2621 (epist.3l),
1269 2554 1328 2604 at
1354 2565 1487 2604 mox
1507 2548 1680 2604 aliam
1706 2549 1774 2603 de
1793 2565 1888 2605 ea-

227 2627 357 2697 dem
378 2658 449 2697 re
472 2637 1515 2712 supperaddidit(epist.32).Acceptis
1533 2642 1726 2692 autem
1742 2637 1890 2708 prio-

226 2731 392 2786 ribus
427 2728 648 2783 litteris
681 2728 933 2784 Irenzeus
963 2726 1035 2780 ob
1056 2725 1249 2781 locum
1274 2726 1588 2798 quemdam
1611 2725 1885 2781 Deutero-

226 2818 413 2875 nomii
441 2817 502 2872 in
517 2816 612 2871 his
625 2816 866 2872 citatum
885 2813 1251 2871 difﬁcultatis
1263 2813 1485 2886 aliquid
1503 2814 1886 2886 passus,illud

225 2903 453 2964 iterum
483 2904 601 2978 ipsi
634 2908 960 2978 proposuit,
992 2921 1026 2959 a
1056 2920 1170 2975 quo
1205 2907 1261 2958 et
1317 2908 1576 2974 optatam
1621 2903 1886 2973 ejusdem

227 2995 588 3070 quaestionis
621 2993 897 3049 continuo
919 2993 1142 3064 accepit
1171 2990 1516 3047 solutionem
1550 2991 1741 3064 (epist.
1773 2992 1884 3063 33).

286 3123 390 3178 93.
429 3118 855 3186 Horontianus,
891 3116 1075 3174 sancti
1107 3117 1361 3172 doctoris
1383 3120 1441 3172 et
1469 3117 1594 3188 ipse
1624 3117 1885 3189 discipu-

221 3213 340 3281 lus,
375 3211 485 3284 qui
510 3208 858 3265 clericcrum
896 3207 958 3262 in
979 3206 1363 3262 contubernio
1385 3207 1668 3262 educatus
1691 3206 1763 3260 ab
1796 3206 1882 3260 in-
1917 3215 1959 3282 ς]

224 3302 440 3366 fantia,
477 3298 756 3355 manibus
792 3295 1081 3352 Ambrosii
1130 3295 1414 3351 diaconus
1445 3299 1547 3350 aut
1589 3295 1890 3366 presbyter

227 3387 1256 3457 consecratusfuerat,przeceptorem
1285 3400 1460 3440 suum
1489 3383 1888 3455 interrogavit,

222 3477 532 3551 numquid
567 3476 827 3531 humana
855 3474 1054 3529 anima
1073 3473 1322 3528 ccelestis
1352 3477 1508 3528 esset
1538 3471 1846 3528 subtantiaa
1864 3471 1892 3526 ?

223 3569 484 3624 Duabus
516 3563 782 3638 epistolis
835 3563 1027 3635 (epist.
1078 3563 1147 3618 34
1175 3566 1232 3618 et
1282 3563 1394 3633 35),
1429 3578 1676 3633 quarum
1737 3561 1890 3632 prio-

226 3661 352 3712 rem
390 3653 751 3711 brevissimo
782 3651 972 3724 spatio
1003 3656 1203 3706 secuta
1253 3650 1541 3722 posterior
1570 3655 1677 3716 est,
1724 3666 1892 3705 sanc-

225 3750 324 3803 tus
358 3741 588 3817 praesul
610 3741 777 3796 illum
809 3739 1010 3795 docuit
1028 3739 1234 3795 animae
1268 3743 1482 3794 nostrae
1513 3744 1783 3793 naturam
1804 3755 1893 3794 es-

229 3829 982 3907 sespiritualem,eumque
1004 3833 1070 3884 ut
1115 3827 1330 3882 librum
1363 3831 1638 3899 quartum
1702 3828 1894 3882 Esdrae

230 3921 628 3994 per-volveret,
661 3917 1188 3989 multumimpulit.
1222 3916 1378 3972 Idem
1401 3916 1796 3972 Horontianus
1825 3917 1897 3971 de

231 4010 613 4084 quibusdam
641 4006 903 4080 Apostoli
931 4006 1123 4062 verbis
1182 4021 1432 4076 quorum
1465 4005 1536 4060 ab
1592 4005 1899 4061 Ambrosio

233 4101 430 4156 citata
461 4098 700 4153 fuerant
727 4094 1150 4161 antecedentia,
1184 4095 1324 4166 quid
1356 4093 1452 4149 ille
1484 4095 1900 4163 sentiret,scire

233 4189 496 4261 optavit.
530 4184 825 4242 Satisfecit
853 4183 1040 4255 ipsius
1069 4182 1351 4238 voluntati
1404 4182 1648 4239 antistes
1704 4187 1905 4239 noster

233 4276 447 4349 (epist.
481 4273 597 4345 36),
630 4273 731 4329 sed
765 4289 967 4328 eorum
998 4271 1307 4327 verborum
1323 4271 1624 4326 occasione
1651 4270 1902 4343 impera-

233 4382 299 4422 re
329 4363 458 4420 sibi
490 4379 609 4418 non
633 4360 990 4434 potuit,quin
1021 4358 1282 4432 martyrii
1306 4359 1769 4431 opportunitates
1792 4359 1901 4415 sibi

233 4457 484 4527 ereptas
533 4451 691 4522 apud
748 4466 881 4506 eum
940 4449 1179 4505 deﬁeret
1233 4448 1598 4520 gravissimis
1652 4448 1842 4504 verbis
1888 4465 1902 4503 :

236 4543 452 4611 Quales
471 4541 804 4608 occasiones,
852 4537 1066 4609 inquit,
1127 4537 1340 4601 habuit,
1400 4536 1534 4592 etde
1580 4538 1696 4608 ipso
1739 4552 1905 4609 prope

232 4631 358 4702 ﬁne
389 4635 679 4686 revocatus
705 4643 827 4683 sum
857 4625 1016 4696 (Ibid.
1050 4641 1215 4680 num.
1250 4627 1303 4694 4)
1339 4624 1351 4679 l

303 4747 410 4802 94.
449 4741 871 4816 Simplicianus
900 4741 1211 4797 Ambrosio
1269 4740 1637 4813 significavit,
1693 4745 1913 4814 quanta

235 4835 564 4907 voluptate
595 4832 835 4888 affectus
866 4834 1020 4887 esset
1049 4829 1122 4886 iis
1152 4828 1434 4902 legendis,
1469 4847 1594 4902 quae
1622 4830 1678 4885 in
1722 4830 1911 4886 Pauli-

235 4941 354 4980 nas
381 4920 673 4996 epistolas
695 4920 764 4975 ad
785 4918 1068 4992 p0pulum
1088 4919 1464 4974 disseruerat:
1481 4935 1778 4991 quamque
1792 4936 1916 4992 gra—

237 5017 380 5070 tum
409 5011 529 5068 sibi
554 5013 710 5066 esset
724 5007 1070 5073 futurum,si
1098 5007 1240 5077 quid
1264 5006 1510 5080 insuper
1527 5007 1794 5079 ejusdem
1815 5023 1913 5079 ge-

239 5102 414 5159 neris
442 5101 515 5156 ad
543 5115 605 5154 se
629 5096 1100 5167 mitteret.Major
1127 5099 1251 5150 erat
1271 5095 1559 5152 Ambrosii
1593 5112 1729 5167 erga
1757 5095 1916 5151 hunc

236 5192 448 5247 virum
475 5185 870 5253 observantia,
896 5201 1073 5256 quam
1099 5188 1163 5238 ut
1185 5185 1314 5255 ejus
1331 5185 1545 5256 optatis
1563 5201 1678 5239 non
1703 5199 1918 5238 annue-

235 5285 348 5337 ret.
388 5275 723 5351 Epistulam
758 5274 940 5347 igitur
963 5273 1036 5328 ad
1060 5271 1226 5328 illum
1249 5273 1556 5346 dedit,qua
1579 5272 1916 5344 complexus

239 5385 313 5425 ea
343 5367 710 5436 fuerat,quee
732 5364 792 5418 in
815 5363 995 5418 alium
1017 5361 1276 5434 Apostoli
1307 5366 1529 5417 textum
1569 5361 1916 5433 pronuntia-

239 5462 420 5514 verat
438 5470 645 5511 coram
673 5451 885 5525 populo
908 5468 922 5507 :
965 5451 1065 5507 ubi
1091 5455 1368 5524 praeterea
1381 5451 1434 5506 id
1455 5451 1817 5522 probaverat,
1853 5451 1921 5506 li-

243 5548 530 5603 bertatem
563 5546 810 5600 nostram
829 5543 888 5596 in
939 5540 1146 5597 Christi
1181 5555 1292 5596 esse
1312 5541 1586 5619 sapientia
1604 5538 1796 5614 (epist.
1827 5539 1915 5595 37.

243 5633 366 5695 Sed
407 5627 524 5692 hoc
558 5627 833 5690 ultimum
867 5646 1073 5689 rursus
1104 5631 1394 5706 repetens,
1418 5641 1583 5686 veras
1613 5625 1918 5688 divitiasin

591 5760 858 5831 Panos.
903 5757 1073 5839 XIV.

2001 1902 2231 1957 Arianis
2254 1907 2319 1957 ut
2350 1903 2409 1958 in
2441 1904 2778 1975 epiSCOpum
2812 1903 3010 1977 populi
3055 1905 3187 1960 odia
3215 1904 3506 1970 excitaret,
3542 1921 3644 1960 ex-

1999 1991 2280 2046 secranda
2311 1992 2598 2047 sacrificia
2627 1991 2972 2062 celebrasse,
3032 1993 3134 2048 sed
3194 1993 3356 2048 irrito
3409 1997 3641 2050 conatu.

1998 2079 2209 2135 Subdit
2239 2079 2517 2136 Paulinus
2549 2080 2727 2152 (ibid)
2747 2099 2988 2137 manum
3013 2080 3373 2154 percussoris
3403 2083 3475 2138 ad
3504 2084 3643 2138 Am-

1999 2168 2261 2224 brosium
2296 2169 2462 2225 missi
2482 2169 2804 2235 exaruisse,
2827 2174 3001 2241 atque
3024 2189 3056 2226 a
3087 2175 3290 2226 sancto
3311 2170 3431 2225 viro
3453 2170 3643 2226 eidem

1999 2258 2180 2312 fuisse
2211 2274 2345 2312 mox
2368 2258 2949 2314 restitutam.l\’-arrat
2979 2259 3138 2328 (ibid.
3157 2260 3248 2332 21)
3271 2263 3472 2332 postea
3500 2260 3645 2315 Pro-

1999 2347 2140 2402 bum
2170 2363 2427 2413 curasse,
2452 2353 2514 2402 ut
2545 2364 2689 2419 puer
2719 2348 2980 2404 notarius
3009 2349 3394 2404 deduceretur
3413 2349 3486 2405 ad
3511 2350 3647 2404 Am-

1998 2435 2283 2501 brosium,
2316 2436 2485 2507 cujus
2517 2436 2795 2491 beneficio
2827 2455 2860 2492 a
2891 2438 3152 2492 daemone
3183 2437 3552 2495 liberaretur.

2066 2522 2154 2576 97.
2182 2523 2325 2577 Cum
2357 2523 2760 2579 Valentiniano
2792 2525 3024 2580 transiit
3054 2525 3418 2581 Theodosius
3448 2527 3506 2580 in
3533 2527 3644 2582 Ita-

1995 2611 2159 2678 liam,
2186 2628 2250 2666 ac
2272 2611 2502 2667 duabus
2533 2611 2790 2666 victoriis
2821 2613 2891 2667 de
2914 2611 3164 2668 Maximo
3197 2619 3441 2684 tyranno
3470 2614 3643 2669 citius

1997 2701 2329 2772 reportatis,
2366 2699 2715 2772 Aquileiam,
2748 2717 2859 2771 quo
2880 2705 3163 2772 tyrannus
3194 2699 3291 2756 ille
3320 2718 3382 2756 se
3412 2717 3642 2774 recepe-

1998 2795 2107 2854 rat,
2127 2789 2434 2844 obsidione
2465 2788 2644 2843 cimtit
2672 2807 2683 2845 :
2719 2807 2834 2861 qua
2873 2794 3203 2862 expugnata
3231 2790 3286 2844 in
3321 2788 3488 2844 illum
3521 2789 3638 2862 gla-

1997 2879 2091 2934 dio
2114 2877 2861 2933 animadvertit.Summam
2889 2878 2947 2932 in
2977 2877 3072 2932 his
3102 2878 3358 2933 victoriis
3380 2878 3644 2933 Theodo-

1997 2969 2067 3023 sii
2091 2966 2550 3025 moderationem
2568 2967 2832 3021 certatim
2866 2965 3126 3022 historici
3146 2967 3420 3022 laudibus
3439 2983 3645 3022 eumu-

1997 3057 2195 3112 larunt
2228 3073 2239 3111 :
2273 3055 2486 3128 quibus
2517 3055 2564 3110 si
2597 3055 2917 3127 quidquam
2951 3054 3199 3126 adjicere
3233 3055 3644 3111 induceremus

1997 3145 2053 3200 in
2070 3145 2359 3209 animum,
2399 3143 2652 3198 instituti
2687 3143 2867 3199 nostri
2899 3145 3180 3199 terminos
3211 3144 3640 3200 excederemus.

1999 3235 2123 3290 Non
2155 3238 2351 3289 tamen
2374 3249 2693 3304 possumus
2724 3233 2865 3303 quin
2897 3249 2965 3287 ea
2987 3250 3110 3304 qua:
3139 3232 3429 3288 Ambrosii
3463 3232 3642 3304 preci-

1998 3324 2109 3378 bus
2139 3321 2425 3377 concessit
2472 3321 2807 3393 imperator,
2865 3320 3268 3377 Ambrosianis
3299 3322 3488 3376 verbis
3546 3321 3641 3376 hic

1999 3412 2345 3467 efferamus:
2383 3411 2573 3478 Debeo,
2608 3410 2821 3481 inquit,
2856 3410 3128 3481 beneﬁciis
3155 3412 3282 3475 tuis,
3316 3411 3641 3482 quibus,pe-

2001 3505 2144 3556 teme
2174 3518 2279 3566 me,
2306 3500 2554 3554 liberasti
2578 3500 2847 3570 plurimos
2876 3499 2942 3554 de
2970 3502 3199 3566 exsiliis,
3224 3501 3288 3556 de
3315 3501 3642 3569 carceribus,

1999 3589 2062 3645 de
2087 3590 2292 3645 ultima:
2320 3589 2468 3643 necis
2499 3588 2784 3659 suppliciis
2805 3589 2999 3660 (epist.
3036 3591 3122 3657 40,
3158 3607 3320 3645 num.
3353 3591 3466 3663 25).

2071 3678 2160 3732 98.
2187 3676 2419 3731 Maximi
2454 3676 2720 3748 partibus
2742 3677 3085 3749 profligatis,
3107 3679 3264 3733 venit
3285 3677 3649 3733 Theodosius

2006 3765 2422 3831 Mediolanum,
2453 3765 2607 3818 unde
2636 3764 2980 3820 Ambrosius
2996 3766 3321 3838 Aquileiam
3354 3767 3650 3838 profectus

2005 3859 2146 3911 erat.
2191 3853 2556 3909 Ambrosiani
2580 3852 2803 3907 itineris
2825 3870 2950 3924 quae
2981 3871 3158 3908 causa
3191 3855 3386 3921 fuerit,
3424 3855 3652 3926 ignora-

2007 3949 2120 3999 tur.
2155 3942 2439 4014 Opinatus
2470 3945 2558 3996 est
2590 3940 2907 3996 cardinalis
2929 3942 3211 3997 Baronius
3239 3943 3329 4012 (ab
3358 3959 3490 3996 ann.
3523 3942 3650 4013 388)

2009 4037 2351 4104 susceptum
2371 4030 2512 4084 illud
2529 4029 2728 4097 fuisse,
2755 4035 2819 4084 ut
2839 4029 3272 4102 Valeriano,qui
3297 4047 3424 4086 eam
3447 4031 3652 4104 guber-

2010 4125 2248 4178 naverat
2278 4119 2616 4185 Ecclesiam,
2649 4119 3018 4174 sufficeretur
3075 4137 3258 4176 novus
3318 4119 3650 4192 episcopus.

2009 4209 2424 4266 Verumtamen
2457 4209 2783 4263 astruenda:
2807 4208 2939 4263 huic
2959 4209 3218 4280 opinioni
3249 4209 3651 4265 testimonium

2013 4297 2242 4353 nullum
2256 4296 2507 4369 reperire
2527 4302 2632 4352 est.
2660 4297 2987 4369 Utcumque
3005 4302 3199 4352 autem
3225 4315 3284 4352 se
3308 4315 3398 4353 res
3419 4297 3650 4366 habeat,

2013 4386 2360 4442 Ambrosius
2390 4385 2607 4440 ibidem
2628 4390 2765 4440 tunc
2787 4387 3143 4453 versabatur,
3169 4403 3302 4441 cum
3326 4386 3547 4459 perlata
3567 4390 3657 4443 est

2016 4477 2086 4532 ad
2115 4492 2250 4531 eum
2282 4475 2438 4529 fama
2459 4475 2530 4528 de
2552 4474 2956 4529 Theodosiano
2981 4475 3233 4546 quodam
3267 4475 3474 4544 edicto,
3501 4475 3656 4548 quod

1940 4583 1981 4648 ι)
2015 4570 2214 4622 contra
2247 4563 2584 4635 episcopum
2617 4563 2796 4618 ραδενί
2826 4563 3102 4633 Callinici,
3165 4565 3264 4620 ubi
3297 4582 3330 4621 a
3382 4564 3658 4622 nonnulis

2015 4652 2480 4708 Christianorum
2511 4651 2758 4707 Judaica
2789 4669 3081 4726 synagoga
3108 4653 3350 4711 incensa
3377 4656 3583 4722 fuerat,
3601 4656 3658 4708 et

2021 4746 2225 4798 contra
2274 4740 2588 4796 monachos
2620 4741 2719 4812 qui
2776 4741 3318 4800 Valentinianorum
3374 4741 3658 4812 templum

2024 4831 2490 4897 combusserant,
2522 4829 2677 4884 idem
2724 4836 3012 4886 sanxerat.
3074 4833 3320 4903 Scripsit
3375 4827 3662 4900 extemplo

2024 4918 2364 4991 imperatori
2395 4923 2633 4974 sanctus
2665 4919 2910 4975 antistes
2941 4920 2998 4974 in
3030 4921 3277 4992 gratiam
3310 4917 3566 4989 episcopi
3598 4931 3665 4973 ac

2026 5006 2445 5062 monachorum
2484 5023 2495 5059 :
2523 5008 2623 5062 sed
2656 5024 2788 5062 cum
2819 5008 3200 5074 Theodosius,
3230 5022 3426 5061 aurem
3442 5021 3662 5077 purpu-

2025 5101 2286 5151 ratorum
2317 5094 2576 5150 consiliis
2603 5096 2736 5167 plus
2766 5113 2930 5168 aequo
2964 5096 3247 5168 praebens,
3281 5094 3537 5149 edictum
3566 5112 3665 5151 su-

2028 5202 2127 5239 um
2153 5189 2498 5254 revocasset,
2528 5185 2719 5255 prima
2774 5187 2908 5240 data
2960 5183 3259 5239 occasione
3317 5199 3510 5238 coram
3569 5201 3662 5240 eo-

2027 5273 2157 5327 dem
2215 5271 2475 5345 principe
2523 5271 2922 5339 conciouandi,
2985 5276 3145 5326 tanta
3201 5289 3333 5326 cum
3399 5269 3665 5328 libertate

2029 5360 2435 5433 indignitatem
2469 5360 2585 5415 dati
2635 5359 2895 5432 rescripti
2956 5361 3394 5426 demonstravit,
3428 5366 3493 5416 ut
3539 5363 3667 5434 ejus

2027 5450 2448 5507 revocationem
2497 5466 2612 5504 non
2665 5449 2978 5504 concedere
3035 5466 3149 5504 non
3183 5450 3438 5522 potuerit
3477 5451 3666 5508 bonus

2028 5541 2363 5615 imperator.
2392 5537 2664 5604 Quamvis
2688 5542 2878 5593 autem
2899 5537 3244 5613 episcopalis
3267 5539 3670 5612 generositatis

2027 5629 2183 5688 haud
2213 5626 2382 5687 facile
2412 5627 2524 5684 isto
2555 5625 2818 5704 exemplo
2850 5627 3176 5707 reperiatur
3205 5627 3364 5686 aliud
3416 5627 3670 5690 nobilius

3314 5754 3354 5836 4
