4172 6182
445 313 568 378 107

1809 310 1997 373 VITA
2041 313 2106 372 S.
2153 309 2531 374 AMBROSII

3755 311 3873 374 108

454 447 598 519 quia
624 449 822 502 tamen
855 461 989 502 cum
1022 447 1178 520 apud
1201 445 1509 502 Paulinum
1542 443 1624 515 (in
1662 444 1782 500 Vita
1831 445 2014 500 Ambr.
2045 461 2105 499 η.
2135 445 2191 511 Α
2221 443 2378 516 pisse
2408 442 2824 499 Mediolanum.
2860 443 3002 499 Huic
3032 443 3306 516 episcopo
3339 459 3692 515 responsum
3733 445 3872 500 mit-

449 536 569 609 22),
600 540 727 591 tum
759 534 819 591 in
880 535 1110 592 duabus
1169 533 1430 607 epistolis
1481 533 1886 589 Ambrosianis
1916 541 2108 590 exacte

455 625 811 682 describitur
838 625 1031 700 (epist.
1061 626 1129 679 40
1159 628 1214 680 et
1233 624 1321 695 41)
1356 622 1449 678 hic
1481 624 1551 678 de
1582 625 1783 678 eodem
1817 623 1986 696 plura
2015 624 2106 678 di-

455 729 588 771 cere
619 715 1092 787 supersedemus.

525 803 743 860 99.1100
773 820 925 860 anno
955 800 1165 874 pagani
1198 802 1389 856 denuo
1423 799 1752 873 periculum
1791 802 1976 856 facere
2001 801 2109 855 mi-

459 892 620 949 nime
669 892 1028 957 dubitarunt,
1065 906 1207 944 num
1267 907 1300 944 a
1349 890 1673 945 Theodosio
1731 891 2108 962 profanarum

461 981 811 1054 religionum
843 981 968 1050 jam
1029 979 1245 1050 saepius
1302 979 1544 1051 petitam
1623 979 2109 1034 instaurationem

461 1074 703 1143 possent
731 1068 1066 1123 extundere.
1101 1068 1520 1140 Symmachum
1553 1068 1611 1122 in
1644 1067 1752 1123 hac
1776 1068 1951 1123 etiam
1971 1069 2113 1140 peti-

460 1159 616 1214 tione
637 1156 1089 1228 antesignanum
1105 1173 1231 1212 sese
1255 1158 1571 1229 praebuisse
1596 1174 1710 1212 non
1729 1173 1877 1229 aegre
1926 1157 2112 1212 credi-

463 1263 629 1313 mus;
655 1249 714 1300 at
733 1261 866 1300 vero
890 1262 1021 1300 cum
1043 1246 1423 1301 Ambrosium
1443 1247 1616 1301 etiam
1634 1245 1744 1300 hac
1760 1245 1881 1301 vice
1915 1245 2110 1300 Chris-

462 1335 631 1391 tiana
655 1333 953 1406 religionis
988 1339 1302 1406 patronum
1349 1334 1710 1401 offendisset,
1767 1333 2114 1406 repulsama

460 1425 681 1481 Caasare
703 1440 913 1496 passus
935 1427 1024 1478 est
1047 1422 1471 1496 turpissimam.
1502 1423 1562 1477 Id
1592 1427 1788 1478 narrat
1812 1423 1934 1494 ipse
1977 1425 2110 1478 Am-

460 1513 694 1569 brosius
717 1513 786 1568 ad
811 1529 944 1567 eum
968 1513 1208 1567 modum
1232 1529 1244 1566 :
1271 1517 1467 1567 Postea
1482 1513 1649 1566 etiam
1694 1513 2112 1567 clementissimo

461 1603 785 1674 imperatori
805 1600 1092 1656 Theodosio
1107 1617 1290 1657 coram
1308 1602 1584 1667 intimavi,
1608 1603 1767 1672 atque
1788 1603 1846 1655 in
1863 1617 1920 1656 os
1939 1602 2117 1657 dicere

460 1709 571 1748 non
601 1691 969 1759 dubitavi,cui
989 1691 1245 1746 intimari
1258 1694 1476 1745 senatus
1492 1691 1756 1760 legatione
1777 1691 2112 1761 hujusmodi,

2216 538 2347 589 tens
2379 531 2723 588 Ambrosius
2754 537 2957 589 noster
2989 532 3181 604 (epist.
3217 533 3327 604 46).
3387 548 3648 587 errorem
3699 532 3871 590 illum

2219 621 2526 678 Mediolani
2560 620 2892 676 clanculum
2925 621 3157 693 placitis
3219 622 3344 676 suis
3373 620 3609 676 inlicere
3641 623 3873 678 animos

2219 715 2494 766 conatum
2526 727 2674 776 esse,
2696 715 2752 765 et
2781 711 2838 765 in
2866 711 3024 766 locos
3043 711 3269 781 aliquos
3291 709 3577 765 librorum
3602 729 3870 779 suorum,

2219 803 2292 855 De
2321 800 2426 871 ﬁde
2452 798 2650 872 procul
2680 800 2878 864 dubio,
2931 798 3184 854 multum
3219 799 3584 854 clamitasse:
3646 799 3754 855 hac
3811 817 3876 856 re

2219 894 2538 960 comperta,
2586 905 2714 944 sese
2767 888 3002 943 misisse
3033 886 3133 957 qui
3166 887 3356 942 verbis
3383 888 3507 942 suis
3539 887 3624 940 illi
3657 888 3878 944 diceret

2221 995 2334 1032 non
2368 995 2435 1032 ex
2465 978 2747 1032 charitate
2769 978 2961 1048 ipsum
2997 992 3167 1048 agere
3201 993 3214 1030 :
3250 993 3310 1031 se
3340 975 3656 1042 enimvero,
3677 982 3741 1032 ut
3770 978 3876 1050 qui

2220 1066 2395 1120 homo
2425 1071 2599 1124 esset.
2623 1066 2803 1121 errori
2836 1065 3109 1120 similiter
3138 1083 3264 1120 esse
3295 1065 3637 1130 obnoxium,
3695 1071 3878 1138 atque

2222 1156 2364 1210 adeo
2397 1173 2510 1210 non
2543 1172 2832 1218 recusare,
2857 1156 2999 1226 quin
3043 1153 3246 1226 lapsus
3278 1171 3416 1210 suos
3447 1154 3658 1210 lubens
3689 1172 3878 1228 agno-

2223 1250 2427 1309 sceret,
2462 1245 2510 1298 si
2543 1245 2654 1300 sibi
2687 1244 2956 1316 privatim
2989 1244 3435 1298 ostenderentur
3469 1261 3482 1298 :
3527 1246 3625 1298 sed
3660 1245 3731 1299 ad
3779 1261 3880 1300 ex-

2221 1337 2475 1388 tremum
2493 1351 2626 1388 cum
2641 1333 2994 1404 pertinacem
3018 1331 3174 1386 hunc
3196 1331 3533 1387 haereticum
3555 1331 3731 1388 latius
3747 1350 3880 1405 pro-

2223 1439 2434 1493 pagare
2456 1439 2593 1477 suos
2625 1439 2849 1477 errores
2880 1419 3282 1489 intellexisset,
3319 1421 3558 1476 tandem
3591 1421 3724 1475 huic
3755 1422 3876 1494 ipsi

2224 1509 2453 1580 publice
2484 1511 2731 1564 refutato
2764 1527 2825 1565 se
2855 1513 3067 1580 praeter
3088 1509 3286 1582 fugam
3320 1508 3469 1564 nihil
3503 1509 3836 1582 reliquisse.

2298 1601 2417 1653 105.
2452 1600 2797 1654 Ambrosius
2830 1616 2949 1654 una
2980 1615 3113 1653 cum
3136 1598 3506 1671 epistolasua
3536 1616 3663 1654 eam
3695 1600 3879 1655 etiam

2224 1688 2796 1753 commentationem,
2849 1704 3025 1758 quam
3077 1687 3525 1759 reprehenderat
3579 1687 3880 1760 Apollina-

463 1782 590 1836 licet
614 1796 725 1836 non
757 1783 898 1836 totus
946 1784 1168 1835 senatus
1219 1782 1542 1851 paposcerit,
1584 1781 1950 1834 insinuationi
1976 1794 2115 1836 mea:
2147 1814 2192 1878 Β
2226 1778 2387 1843 rista,
2423 1777 2638 1831 Sabino
2681 1777 2960 1843 miserat;
3022 1781 3086 1831 ut
3112 1793 3288 1848 quam
3321 1793 3632 1831 censuram
3663 1777 3733 1832 de
3775 1777 3882 1833 illa

461 1869 683 1926 tandem
727 1885 1009 1924 assensum
1059 1869 1272 1935 detulit,
1321 1876 1372 1923 et
1400 1870 1478 1922 sic
1500 1868 1776 1938 aliquibus
1833 1868 1903 1922 ad
1934 1871 2112 1940 ipsum

468 1959 657 2015 diebus
686 1975 798 2014 non
823 1959 1021 2013 accessi
1053 1974 1065 2011 :
1097 1973 1198 2012 nec
1218 1957 1438 2012 moleste
1484 1957 1634 2021 tulit,
1693 1958 1824 2026 quia
1851 1974 1957 2012 non
2015 1974 2113 2028 pro

462 2051 598 2104 meis
619 2047 917 2104 commodis
937 2046 1228 2118 faciebam,
1259 2046 1350 2101 sed
1380 2045 1520 2117 quod
1565 2054 1615 2100 et
1646 2047 1772 2116 ipsi,
1802 2055 1853 2101 et
1907 2048 2115 2104 animae

463 2153 598 2193 mea:
625 2136 901 2208 proderat,
937 2137 996 2190 in
1025 2144 1312 2207 conspectu
1339 2136 1482 2205 regis
1542 2135 1692 2205 loqui
1718 2149 1830 2189 non
1883 2138 2112 2206 confun-

467 2226 634 2282 debar
663 2225 857 2297 (epist.
890 2225 981 2292 57,
1015 2240 1180 2279 num.
1212 2225 1287 2294 4).

538 2315 659 2370 100.
688 2314 806 2385 (ΑΝ.
838 2313 988 2383 389.)
1039 2313 1351 2368 Sermones
1391 2311 2022 2384 quoscomplectuntur
2044 2311 2111 2366 li-

465 2403 554 2459 bri
586 2403 1003 2468 Hexaemeron,
1038 2407 1298 2456 extrema
1329 2401 1575 2472 hujusce
1606 2402 1742 2455 anni
1797 2402 2120 2473 quadrage-

465 2491 638 2560 sima,
664 2494 729 2546 ut
757 2489 1066 2545 docuimus
1098 2488 1344 2558 (Adrmon.
1377 2491 1434 2542 in
1496 2488 1641 2542 hunc
1683 2487 1826 2558 lib.),
1885 2487 2115 2542 habitos

465 2595 594 2637 esse
610 2577 911 2652 probabile
931 2581 1040 2632 est.
1073 2578 1287 2632 Eorum
1319 2593 1434 2631 non
1454 2593 1583 2631 raro
1605 2576 1774 2631 binos
1795 2575 1996 2630 eodem
2021 2575 2115 2630 die

467 2667 908 2741 pronuntiabat.
941 2667 1051 2722 Sed
1079 2666 1138 2721 in
1197 2665 1376 2720 tantis
1405 2664 1708 2720 laboribus
1761 2665 1817 2719 id
1851 2664 1961 2734 ipsi
1991 2668 2116 2719 erat

465 2773 582 2812 non
594 2773 770 2829 parvo
790 2755 1183 2827 solatio,quod
1207 2754 1468 2809 ﬁdelium
1487 2769 1721 2826 gregem
1747 2752 2114 2808 ethnicorum

465 2849 639 2916 atque
668 2844 1072 2899 haereticorum
1095 2842 1469 2898 conversione
1501 2842 1556 2894 in
1615 2840 1739 2895 dies
1765 2841 2116 2912 augeri-con-

468 2932 755 3004 spiciebat
785 2932 906 3002 (lib.
940 2948 1000 2985 ιιι
1035 2933 1289 2985 llexaem.
1324 2947 1374 2984 c.
1414 2933 1460 2995 1,
1492 2945 1656 2983 num.
1689 2931 1764 2998 3’).

537 3018 662 3075 401.
687 3018 900 3074 Statim
933 3023 1108 3090 atque
1139 3035 1285 3090 opus
1330 3022 1725 3073 Hexaemeron
1782 3017 2113 3074 absolutum

468 3107 602 3174 fuit,
635 3111 692 3162 et
713 3107 772 3162 in
804 3106 1128 3162 amicorum
1160 3105 1703 3178 discipulorumque
1736 3107 1921 3162 sancti
1962 3109 2112 3178 epis-

2227 1867 2417 1932 ferret,
2445 1865 2620 1920 libere
2649 1866 2761 1920 sibi
2789 1866 3162 1937 significaret.
3196 1864 3410 1920 Verum
3443 1883 3576 1920 cum
3636 1867 3879 1922 eosdem

2223 1954 2402 2008 libros
2436 1955 2632 2008 minus
2662 1954 2936 2009 distincte
2958 1959 3222 2009 exaratos
3253 1953 3506 2009 Sabinus
3537 1954 3724 2027 legere
3754 1973 3877 2012 non

2224 2045 2528 2114 potuisset,
2563 2059 2660 2097 eos
2691 2043 2917 2098 remisit
2947 2044 3019 2097 ad
3064 2043 3477 2098 Ambrosium:
3536 2061 3684 2115 quos
3741 2045 3879 2117 qui-

2224 2131 2356 2185 dem
2383 2129 2708 2202 elegantius
2741 2131 2988 2202 scriptos
3020 2148 3227 2186 rursus
3250 2130 3342 2186 hic
3375 2135 3572 2187 noster
3601 2133 3671 2188 ad
3704 2133 3878 2190 illum

2224 2220 2562 2291 episcopum
2597 2220 2818 2275 curavit
2842 2219 3238 2291 perferendos,
3289 2221 3487 2276 addita
3521 2221 3699 2277 etiam
3757 2222 3882 2279 alia

2225 2308 2473 2378 epistola
2514 2308 2706 2378 (epist.
2766 2309 2877 2379 47),
2913 2308 2972 2362 in
3031 2325 3148 2378 qua
3177 2308 3246 2362 de
3298 2309 3635 2380 Scripturis,
3699 2316 3882 2382 prout

2225 2396 2478 2452 Sabinus
2512 2397 2634 2468 ipse
2679 2401 2997 2467 optaverat,
3032 2401 3207 2468 caput
3261 2396 3493 2468 aliquod
3543 2399 3880 2455 excutieba-

2224 2489 2342 2539 tur.

2298 2575 2416 2627 106.
2454 2574 2570 2628 Hoc
2603 2575 2796 2644 ipsum
2831 2590 2978 2644 opus
3009 2573 3327 2645 perlectum
3361 2592 3394 2629 a
3435 2575 3642 2632 Sabino
3675 2581 3730 2631 et
3789 2579 3878 2634 si-

2224 2661 2345 2716 mul
2380 2663 2765 2734 approbatum
2799 2662 3143 2718 Ambrosius
3174 2664 3388 2736 recepit
3421 2681 3432 2718 :
3464 2665 3560 2720 sed
3592 2666 3878 2724 continuo

2222 2753 2290 2806 ad
2326 2752 2597 2806 eumdem
2629 2751 2786 2806 aliud
2823 2751 3002 2817 misit,
3036 2752 3188 2823 quod
3221 2756 3287 2806 ut
3317 2769 3509 2808 severe
3567 2755 3875 2812 examina-

2224 2845 2330 2904 ret,
2363 2841 2687 2895 obtestatus
2719 2846 2826 2907 est,
2865 2841 3524 2912 Unumquemque,inquit
3553 2843 3876 2918 (epist.48),

2222 2930 2428 3000 fallunt
2460 2947 2561 2984 sua
2581 2931 2803 3000 scripta,
2837 2933 2887 2983 et
2916 2946 3106 2984 aurem
3155 2934 3541 3001 praetereunt;
3597 2935 3760 3005 atque
3811 2944 3880 2990 ut

2223 3019 2328 3089 ﬁlii
2359 3019 2524 3073 etiam
2554 3017 2819 3088 deformes
2871 3017 3156 3082 delectant,
3200 3019 3278 3071 sic
3333 3019 3500 3072 etiam
3543 3021 3881 3091 scriptorem

2225 3106 2499 3162 indecores
2521 3122 2791 3161 sermones
2821 3106 3069 3176 palpent.
3102 3103 3349 3161 Pulchre
3406 3106 3462 3160 id
3497 3109 3732 3178 quidem
3791 3116 3881 3166 at-

469 3195 599 3268 c0pi
631 3213 842 3252 manus
873 3194 1466 3268 pervenit,diligenter
1493 3196 1566 3250 ab
1583 3195 1666 3251 eis
1689 3195 1983 3251 evolutum
2001 3200 2107 3252 est.
2143 3179 2184 3245 C
2224 3212 2336 3266 que
2370 3195 2705 3266 prudenter,
2738 3194 2838 3248 sed
2871 3210 3003 3248 eum
3031 3193 3272 3264 insuper
3300 3193 3416 3249 alia
3446 3195 3710 3266 quaedam
3733 3214 3878 3254 cau-

468 3285 862 3340 Horontianus
893 3301 961 3339 ex
989 3300 1190 3340 eorum
1225 3300 1466 3339 numero
1495 3284 1591 3339 ubi
1624 3285 1916 3340 attentiori
1949 3303 2110 3340 men-

468 3378 524 3430 te
541 3373 688 3429 illud
711 3373 1406 3446 perlegisset,admiratus
1424 3378 1729 3446 est,neque
1746 3374 2112 3446 Moysen,ne-

467 3479 582 3536 que
604 3461 976 3518 Ambrosium
997 3478 1278 3534 exponere
1300 3466 1538 3517 conatos
1558 3478 1685 3518 esse
1713 3480 1816 3517 cur
1837 3463 2008 3518 homo
2030 3462 2115 3517 ul-

465 3551 650 3608 timus
670 3555 1068 3606 creaturarum
1089 3555 1244 3606 esset
1265 3551 1764 3622 conditus.ltaque
1788 3567 1888 3622 pro
1911 3550 2114 3621 illoju-

467 3639 1146 3712 refamiliaritatis,quod
1190 3639 1240 3694 ei
1281 3656 1624 3695 concessum
1654 3640 1841 3695 fuerat
1880 3640 1950 3694 ab
1984 3639 2110 3711 ipso

464 3728 965 3796 Ambrosio,illum
980 3745 1048 3784 ea
1068 3729 1138 3784 de
1160 3744 1219 3783 re
1241 3728 1638 3800 interrogavit.
1655 3727 1799 3784 Huic
1814 3728 2114 3799 respondit

466 3823 704 3875 sanctus
735 3818 983 3874 antistes
1012 3817 1206 3891 (epist.
1241 3818 1330 3884 43,
1364 3822 1421 3873 et
1450 3834 1583 3872 cum
1615 3817 1993 3888 praemisisset
2031 3816 2110 3872 le-

463 3904 800 3978 gislatorem
829 3904 971 3960 nihil
1003 3903 1329 3976 scripsisse,
1365 3903 1520 3974 quod
1552 3919 1666 3957 non
1699 3902 1979 3958 divinitus
2022 3901 2110 3975 ip-

465 4011 527 4051 se
557 3995 892 4068 recepisset.
917 3994 1105 4050 varias
1138 3993 1390 4048 rationes
1423 3991 1610 4046 eidem
1642 3991 1857 4062 promit
1887 3991 2108 4047 solven-

465 4084 538 4139 do
563 4083 701 4139 huic
732 4082 1081 4156 problemati
1110 4080 1277 4136 valde
1301 4079 1622 4151 appositas.

535 4173 658 4228 102.
690 4171 849 4226 Idem
880 4169 1056 4226 etiam
1089 4167 1484 4224 Horontianus
1514 4167 1848 4224 sciscitatus
1878 4173 1985 4236 est,
2007 4186 2112 4224 cur

462 4277 562 4318 sex
591 4261 799 4316 diebus
847 4274 1042 4314 rerum
1075 4257 1427 4313 universitas
1457 4262 1647 4312 creata
1675 4258 1874 4312 esset?
1932 4259 2111 4330 Cujus

462 4350 842 4422 quaestionem
878 4345 1060 4402 altera
1077 4345 1322 4419 epistola
1355 4344 1883 4402 solvitAmbrosius
1916 4347 2107 4419 (epist.

462 4439 576 4507 44.)

535 4527 657 4582 103.
719 4525 973 4582 Sabinus
1033 4542 1286 4598 quoque,
1318 4543 1352 4581 a
1404 4541 1518 4596 quo
1576 4523 1847 4580 similiter
1895 4525 2184 4612 lectumD

462 4614 654 4671 fuerat
673 4619 1134 4681 Hexaemeron,a
1160 4619 1359 4670 sancto
1391 4613 1512 4668 viro
1543 4615 1709 4686 petiit
1740 4631 1841 4686 per
1861 4613 2104 4683 litteras,

459 4722 533 4760 an
566 4704 779 4761 alicubi
811 4705 882 4759 de
940 4703 1193 4776 paradisi
1241 4703 1529 4758 terrestris
1560 4703 1683 4758 loco
1715 4703 2109 4770 disseruisset,

458 4799 561 4851 aut
588 4811 716 4867 quia
746 4797 902 4852 esset
931 4794 1057 4864 ejus
1079 4794 1150 4848 de
1171 4791 1271 4848 illo
1293 4791 1578 4847 senlentia
1596 4792 1955 4863 ‘Iliescripstt
1974 4795 2111 4846 Am-

459 4885 689 4940 brosius
724 4883 918 4957 (epist.
955 4883 1043 4952 45)
1075 4883 1146 4936 de
1179 4881 1279 4937 illa
1325 4881 1662 4952 qumstione,
1696 4881 1766 4935 de
1819 4898 1935 4951 qua
1983 4883 2109 4950 jam

458 4978 592 5028 ante
623 4973 1045 5046 disputaverat,
1080 4971 1138 5024 in
1173 4970 1332 5025 hisce
1366 4970 1532 5024 libris
1560 4970 1897 5040 neutiquam
1956 4969 2108 5040 egis-

457 5077 519 5116 se
552 5078 564 5114 :
603 5066 804 5133 postea
847 5065 1042 5116 tamen
1075 5058 1132 5113 in
1184 5076 1292 5113 sua
1336 5057 1716 5128 responsione
1748 5062 1866 5111 tam
1899 5073 2110 5111 secun-

457 5150 598 5204 dum
631 5166 869 5205 sensum
930 5147 1316 5221 spiritualem,
1380 5163 1556 5218 quam
1617 5145 1897 5211 ethicum,
1959 5145 2106 5200 hanc

452 5237 750 5293 examinat
779 5237 1206 5292 difficultatem.

530 5326 651 5381 104.
679 5326 925 5397 Scripsit
955 5326 1164 5382 iterum
1199 5323 1451 5380 Sabinus
1478 5325 1806 5392 Ambrosio,
1871 5323 2100 5378 nuntia-

455 5413 654 5486 vitque
699 5419 1041 5471 sectatorem
1103 5414 1418 5486 quemdam
1476 5412 1816 5486 Apollinarii
1874 5413 2102 5467 venisse

456 5503 832 5572 Placentiam,
881 5508 938 5560 et
985 5504 1044 5559 in
1104 5520 1171 5558 ea
1225 5503 1367 5559 urbe
1399 5519 1622 5560 errores
1655 5519 1793 5558 suos
1830 5501 2099 5556 dissemi-

453 5609 624 5660 nasse
654 5611 668 5667 ;
703 5608 840 5654 cum
871 5609 1005 5660 vero
1037 5593 1118 5653 ibi
1166 5592 1372 5659 fuisset
1425 5591 1783 5663 confutatus,
1837 5589 1947 5651 iter
2003 5605 2096 5650 ce-

2223 3301 2289 3339 sa
2310 3283 2611 3350 movebat;
2636 3283 2692 3337 in
2725 3300 2790 3337 eo
2822 3283 2980 3338 enim
3011 3282 3156 3337 libro
3181 3298 3299 3336 una
3317 3300 3385 3338 ex
3407 3285 3708 3356 praecipuis
3733 3287 3876 3343 fidei

2221 3372 2648 3444 quaestionibus
2679 3371 3030 3443 agitabatur.
3062 3371 3132 3425 Et
3160 3371 3298 3426 hinc
3339 3371 3530 3444 colligi
3564 3390 3734 3444 posse
3766 3393 3876 3432 no-

2222 3462 2312 3518 bis
2341 3460 2572 3516 videtur
2603 3478 2715 3515 non
2739 3459 2920 3515 alium
2954 3459 3166 3514 librum
3200 3459 3294 3514 hic
3326 3461 3642 3533 designari,
3688 3480 3874 3534 quam

2221 3551 2284 3604 (te
2314 3551 2715 3604 incarnationis
2748 3548 3042 3604 dominicae
3071 3552 3410 3604 sacramento
3433 3570 3452 3616 ,ο
3503 3566 3616 3621 qua
3645 3551 3702 3606 in
3736 3569 3876 3624 ope-

2220 3639 2300 3693 lla
2332 3655 2446 3692 non
2477 3637 2667 3694 solum
2725 3637 3071 3692 Arianorum
3097 3641 3155 3691 et
3213 3637 3698 3706 Sabellianorum,
3763 3644 3873 3698 sed

2220 3727 2598 3800 potissimum
2629 3725 3179 3797 Apollinaristarum
3212 3743 3438 3782 errores
3464 3728 3870 3786 confutantur.

2294 3817 2416 3871 107.
2452 3816 2552 3870 llis
2594 3814 2887 3869 Ambrosii
2919 3815 2990 3869 ad
3021 3814 3292 3870 eumdem
3326 3816 3609 3872 Sabinum
3649 3818 3873 3889 episto-

2218 3904 2292 3960 lis
2322 3904 2543 3960 accedit
2571 3903 2686 3958 alia
2716 3903 2908 3974 (epist.
2945 3904 3055 3972 49),
3087 3903 3146 3958 in
3177 3919 3293 3974 qua
3315 3921 3376 3959 se
3408 3921 3710 3977 nunquam
3756 3909 3874 3964 mi-

2222 4011 2333 4048 nus
2359 4010 2487 4049 esse
2505 3991 2716 4059 solum,
2743 4007 2919 4062 quam
2951 4008 3085 4046 cum
3117 3992 3277 4047 solus
3335 3999 3508 4064 esset,
3541 3996 3684 4050 scite
3744 3997 3873 4053 dis-

2219 4087 2405 4154 putat.
2440 4082 2550 4137 Sed
2582 4081 2726 4136 alias
2756 4081 2886 4151 ejus
2937 4081 3008 4136 ad
3042 4079 3209 4135 illum
3267 4082 3547 4153 epistolas
3591 4084 3726 4139 inde
3775 4102 3880 4141 co-

2217 4171 2553 4244 gnoscimus
2584 4169 2898 4237 interiisse,
2930 4169 3086 4240 quod
3111 4170 3475 4241 frequentius
3505 4173 3557 4227 ei
3589 4189 3651 4228 se
3681 4174 3878 4247 scrip-

2218 4265 2420 4315 turum
2452 4260 2509 4314 in
2541 4259 2650 4314 hac
2685 4257 2990 4330 promittit.

2290 4349 2410 4404 108.
2443 4347 2812 4414 Ambrosius,
2848 4345 3058 4401 litteris
3104 4346 3421 4404 Chromatii
3479 4349 3877 4420 Aquileiensis

2218 4439 2430 4494 certior
2460 4438 2648 4493 factus
2685 4435 3187 4507 jucundissimum
3227 4437 3279 4492 ei
3336 4438 3620 4505 futurum,
3655 4439 3704 4493 si
3765 4457 3877 4512 per

2216 4525 2493 4598 epistolas
2525 4527 2595 4580 de
2626 4525 2816 4597 prisco
2850 4525 3061 4580 foedere
3091 4525 3393 4596 quidpiam
3428 4531 3872 4597 tractaret,con-

2215 4615 2380 4670 tinuo
2413 4616 2483 4670 ad
2519 4615 2713 4686 ipsum
2748 4614 3032 4680 scribens,
3065 4613 3370 4670 historiam
3405 4615 3642 4670 Balaam
3692 4634 3874 4687 pseu-

2222 4703 2596 4776 doprOphetm
2619 4703 3037 4772 interpretatus
3069 4707 3156 4757 est
3187 4703 3291 4773 (ep.
3323 4703 3433 4773 50).
3470 4704 3712 4759 Etiamsi
3763 4722 3874 4761 au-

2222 4797 2338 4847 tem
2371 4793 2480 4848 hac
2512 4792 2569 4846 in
2601 4790 2847 4864 epistola
2876 4790 3063 4845 eidem
3097 4790 3430 4846 Cbromatio
3463 4791 3608 4847 alias
3640 4793 3876 4850 additu-

2221 4899 2351 4935 rum
2377 4898 2438 4936 se
2470 4879 2829 4952 polliceatur,
2864 4878 3089 4932 nullam
3121 4883 3316 4934 tamen
3346 4880 3417 4934 ad
3449 4897 3583 4936 eum
3642 4884 3875 4954 reperi-

2220 4987 2352 5024 mus
2385 4971 2494 5024 nisi
2531 4969 2679 5022 lianc
2711 4966 2918 5022 solam.

2292 5060 2412 5112 109.
2445 5058 2804 5128 CumRoma:
2827 5055 3602 5131 Jovinianierrorespublice
3632 5061 3874 5133 erupis-

2216 5151 2366 5210 sent,
2391 5145 2630 5201 Siricius
2665 5148 2827 5216 pont.
2854 5162 3031 5212 max.,
3059 5146 3412 5218 presbyteris
3461 5149 3585 5204 suis
3615 5148 3876 5222 aliisque

2215 5234 2437 5290 clericis
2463 5234 2516 5288 in
2538 5231 2849 5288 concilium
2884 5251 3000 5289 una
3030 5236 3380 5303 convocatis,
3417 5235 3874 5296 hazresiarcham

2213 5323 2380 5378 illum
2413 5329 2586 5395 atque
2617 5324 2744 5393 ejus
2777 5328 3108 5380 commenta
3129 5325 3556 5380 condemnavit.
3577 5328 3873 5390 Quoniam

2210 5429 2343 5467 vero
2375 5411 2690 5467 nonnullos
2720 5427 2750 5466 e
2780 5412 3086 5467 monachis
3114 5413 3242 5483 ejus
3273 5414 3536 5468 asceterii
3559 5415 3713 5484 quod
3744 5415 3872 5474 Me—

2212 5501 2430 5558 diolani
2462 5519 2640 5577 prope
2671 5519 2871 5558 muros
2916 5501 3214 5558 conditum
3242 5506 3384 5568 erat,
3430 5503 3605 5558 iidem
3636 5519 3872 5564 errores

2211 5590 2534 5652 infecerant
2566 5610 2580 5665 ;
2613 5591 2673 5651 in
2704 5607 2832 5651 eam
2865 5591 3069 5652 urbem
3101 5589 3264 5651 misit
3290 5589 3514 5667 legatos
3545 5607 3578 5650 a
3643 5593 3870 5672 quibus"
