4122 6186
330 345 429 408 109

1344 348 1445 407 EX
1488 347 1678 410 EJUS
1721 346 2209 411 POTISSIMUM
2255 347 2629 411 SCRIPTIS.

3519 346 3689 414 I'TIO

332 474 564 550 synodica
590 474 840 546 epistola
868 478 1034 544 (tom.
1066 477 1140 531 ll.
1174 493 1303 550 pag.
1346 478 1473 550 963)
1506 479 1579 534 ad
1629 478 1793 535 illam
1821 479 1924 535 Ec-
1955 478 2012 546 Α
2040 477 2433 551 ingerebatur,
2467 478 2517 534 si
2566 479 2779 535 rebello
2811 479 3146 536 istiusmodi
3200 484 3461 536 maneret
3490 480 3684 554 impu-

329 564 531 622 clesiam
582 566 710 619 tuto
766 564 1144 637 perferretur.
1205 567 1470 638 Acceptis
1528 566 1623 623 bis
1695 567 1925 624 litteris.

2039 566 2183 634 nita,
2235 567 2385 623 cives
2454 567 3008 625 Thessalonicenses
3076 569 3437 625 atrocissime
3488 568 3686 641 puniri

327 650 645 714 Ambrosius,
675 668 851 724 quem
884 654 1172 727 praecipue
1213 654 1354 711 dicti
1401 657 1742 713 monasterii
1791 674 1932 713 cura
2030 656 2251 728 jussit:
2278 674 2393 729 quo
2414 657 2724 712 exdecreto
2747 657 3265 714 innumeraecardes
3285 675 3401 730 qua
3422 659 3683 715 sontium

328 741 601 816 spectabat,
635 739 879 798 clericos
909 742 1179 799 Ecclesia
1208 759 1331 801 suae
1369 749 1635 801 actutum
1684 762 1929 818 congre-

327 830 474 904 gavit,
500 845 560 885 ac
588 831 977 901 praesentibus
1024 830 1231 904 legatis
1277 832 1612 905 pontificiis,
1662 835 1929 890 eamdem

327 918 546 975 heresim
576 916 635 973 in
668 924 869 983 suo,ut
899 919 983 975 sic
1014 919 1537 992 loquamur,natali
1582 922 1704 978 solo
1752 922 1929 978 simul

330 1006 859 1064 confodere.8anctus
888 1008 975 1064 vir
1003 1025 1174 1080 porro
1194 1008 1405 1065 litteris
1454 1010 1633 1065 totius
1680 1027 1929 1066 conven-

329 1099 402 1152 tus
424 1095 641 1150 nomine
671 1096 927 1170 scriptis,
951 1114 1065 1153 non
1101 1098 1273 1154 modo
1303 1097 1532 1154 concilii
1579 1099 1928 1155 sententiam

321 1183 633 1256 signiﬁcavit
661 1201 898 1241 summo
946 1185 1224 1257 pontifici,
1282 1203 1483 1243 verum
1538 1187 1715 1243 etiam
1755 1204 1927 1261 argu-

318 1276 484 1327 menta
507 1271 873 1329 validissima
900 1274 1117 1330 ibidem
1150 1275 1475 1348 proposuit,
1493 1275 1708 1348 quibus
1729 1292 1927 1332 amen-

315 1360 379 1416 tia
402 1360 562 1431 hujus
596 1360 838 1419 haeresis
867 1362 1307 1435 proﬂigabatur.

368 1449 476 1505 uo.
506 1449 644 1506 Post
671 1467 893 1508 annum
923 1452 1053 1520 385,
1103 1453 1204 1509 sed
1247 1457 1379 1510 ante
1420 1454 1527 1510 390
1573 1454 1823 1523 (Admon.
1868 1455 1930 1509 in

308 1538 664 1611 easd.Enarr.)
686 1541 926 1614 scripsit
952 1543 1301 1600 Ambrosius
1330 1561 1498 1600 suam
1523 1544 1583 1599 in
1608 1543 1925 1617 psalmum.

311 1628 741 1697 Euan-stionem,
773 1630 867 1686 cui
897 1636 956 1688 et
983 1632 1271 1704 praemisit
1296 1632 1761 1705 pulcherrimam
1784 1650 1930 1705 prce-

308 1716 548 1774 l’ationem
582 1718 647 1773 in
690 1735 895 1775 omnes
943 1720 1225 1792 psalmos,
1277 1727 1590 1793 utramque
1634 1727 1831 1777 autem
1859 1738 1928 1777 ex

307 1805 649 1908 sermonibus
680 1806 910 1908 publice
939 1807 1158 1908 habitis
1189 1814 1657 1907 coagmentatam
1683 1828 1696 1878 ;
1738 1826 1926 1881 quan-
1956 1843 2005 1908 B

303 1894 585 1966 doquidem
623 1894 682 1950 in
713 1896 1081 1953 auditoribus
1111 1897 1236 1954 suis
1267 1900 1805 1965 catechumenos,et
1827 1914 1926 1954 eos

305 1983 374 2036 nti
424 1983 671 2051 videtur,
730 2001 799 2040 ex
854 1985 1060 2041 ordine
1103 1986 1556 2058 competentium
1587 1990 1925 2042 numeratos

303 2086 408 2127 esse
430 2069 682 2144 ipsemet
706 2072 946 2140 indicat,
974 2090 1091 2145 quo
1122 2091 1258 2146 pars
1286 2079 1543 2130 extrema
1590 2075 1925 2147 Quadrage-

302 2160 435 2215 simis
467 2166 632 2217 certo
675 2160 1037 2235 designatur.
1085 2163 1496 2219 Enarrationes
1554 2164 1613 2218 in
1664 2164 1924 2236 psalmos

300 2264 401 2315 xnv,
427 2266 605 2320 XLVII,
635 2266 807 2305 XLVIII
839 2255 896 2306 et
925 2267 1040 2317 LXI,
1073 2267 1221 2323 quas
1248 2250 1422 2307 etiam
1473 2268 1503 2306 e
1550 2252 1923 2308 sermonibus

301 2337 457 2394 factas
483 2342 874 2395 autumamus
904 2339 1111 2411 (ibid.),
1132 2340 1336 2396 eodem
1388 2340 1617 2397 circiter
1660 2345 1924 2412 tempore

298 2425 437 2482 editae
466 2433 632 2483 sunt.

352 2515 461 2571 lit.
491 2518 631 2588 (Ax.
670 2516 820 2588 390.)
879 2517 1121 2573 Librum
1170 2522 1250 2573 De
1294 2518 1420 2573 Elia
1458 2527 1519 2573 et
1558 2519 1774 2589 jejunio
1821 2519 1920 2573 de-

295 2606 735 2662 monstravimus
782 2605 1030 2678 (Admon.
1078 2607 1140 2660 in
1188 2607 1350 2662 illum
1378 2607 1497 2676 lib.)
1542 2611 1809 2662 constare
1854 2624 1922 2661 ex

293 2691 457 2749 tribus
476 2695 899 2762 sermonibus;
948 2710 1200 2768 quorum
1256 2696 1358 2767 qui
1418 2696 1645 2768 primus
1691 2702 1801 2761 est,
1849 2696 1920 2751 ad

292 2784 634 2853 capessenda
686 2782 1158 2855 Quadragesimm
1205 2801 1382 2860 opera
1440 2783 1710 2839 stimulat
1764 2783 1923 2840 Chri-

291 2869 509 2939 stianos,
540 2871 849 2927 secundus
878 2888 944 2927 ac
973 2872 1180 2927 tertius
1211 2873 1590 2947 percipiendas
1622 2873 1732 2929 sub
1762 2873 1920 2944 ejus-

291 2958 404 3014 dem
433 2959 907 3032 Quadragesimie
937 2960 1115 3015 ﬁnem
1156 2961 1491 3033 baptismali
1531 2961 1729 3035 gratiae
1761 2977 1917 3017 com-

289 3051 528 3120 petentes
557 3053 872 3121 praeparat.
907 3049 985 3103 Ex
1032 3048 1149 3104 illis
1186 3066 1320 3106 vero
1368 3050 1544 3106 simul
1591 3049 1921 3123 conjunctis

287 3136 616 3193 Ambrosius
644 3141 841 3193 noster
868 3136 1069 3193 Basilii
1127 3138 1389 3211 exemplo
1438 3138 1657 3195 librum
1687 3153 1917 3210 compe-

288 3224 376 3297 git.

344 3314 459 3370 412.
508 3316 665 3372 Cum
715 3313 916 3383 civitas
966 3315 1400 3384 Thessalonica,
1463 3316 1523 3371 in
1572 3316 1915 3372 seditionem

285 3419 448 3473 versa,
502 3404 817 3477 prefectos
872 3404 1186 3460 nonnullos
1242 3405 1655 3471 interemisset,
1716 3421 1919 3477 paenae

285 3492 411 3547 tanti
440 3491 717 3548 criminis
749 3492 823 3547 ab
853 3508 922 3548 ea
970 3494 1310 3565 repetendas
1359 3493 1707 3550 existimavit
1733 3492 1916 3548 Theo-

287 3581 483 3639 dosius.
516 3582 745 3639 Verum
775 3582 1144 3649 Ambrosius,
1193 3583 1292 3655 qui
1337 3582 1708 3639 clementiam
1739 3582 1918 3653 hujus

285 3672 547 3744 principis
577 3671 647 3726 in
678 3669 905 3727 misers;
933 3670 1106 3727 istius
1136 3671 1300 3728 urbis
1329 3672 1575 3744 gratiam
1607 3669 1920 3743 implorare

286 3774 401 3814 cum
430 3760 647 3832 primis
679 3760 992 3825 festinavit,
1025 3765 1147 3816 tam
1178 3760 1365 3817 calide
1384 3765 1625 3832 tamque
1655 3764 1921 3815 constan-

284 3851 357 3903 ter
381 3848 713 3906 Theodosio
744 3848 978 3917 institit,
1010 3854 1073 3904 ut
1105 3848 1200 3905 hic
1238 3849 1517 3920 injuriam
1565 3848 1728 3903 illam
1778 3864 1919 3903 con-

284 3936 633 3993 donaturum
662 3954 726 3993 se
758 3938 1125 4010 promitteret
1153 3937 1404 4008 (Paulin.
1449 3937 1510 3993 in
1565 3939 1683 3993 Vita
1734 3936 1917 3991 Ambr.

284 4042 430 4082 num.
458 4027 575 4099 24).
616 4026 736 4082 Hoc
765 4026 1136 4099 imperatoris
1162 4026 1472 4098 promisso,
1522 4026 1676 4082 sicut
1723 4029 1781 4080 et
1832 4025 1922 4080 in-

284 4114 610 4170 nataeidem
638 4114 901 4169 bonitate
918 4113 1052 4186 plus
1076 4113 1254 4169 nimio
1276 4114 1534 4170 conﬁsus
1553 4113 1919 4180 Ambrosius,

284 4198 581 4259 Mediolani
619 4201 934 4258 concilium
964 4202 1037 4258 ad
1086 4203 1243 4275 quod
1291 4203 1550 4276 episcOpi
1602 4201 1922 4258 Galliarum

285 4296 685 4356 convenerant,
717 4307 963 4347 securus
995 4284 1682 4347 celebrabat.Habebatur
1701 4289 1802 4345 illa
1831 4308 1922 4363 sy-

286 4381 455 4437 nodus
481 4384 729 4454 propter
756 4379 1086 4436 Ithacianos
1125 4379 1671 4452 ordinationemque
1718 4378 1924 4435 Felicis

283 4466 635 4525 Trevirensis
662 4468 737 4524 ab
759 4467 843 4524 eis
865 4468 1098 4529 factam.
1119 4485 1236 4540 qua
1267 4469 1547 4525 universae
1576 4467 1773 4525 Galliis
1801 4473 1923 4523 tur-

2040 763 2156 817 qua
2186 746 2532 811 insontium,
2566 750 2903 818 perpetratae
2934 751 3093 801 sunt.

2109 834 2168 888 Η
2181 835 2234 888 3.
2270 832 2504 888 Concilii
2540 834 2758 900 Patres,
2791 838 2966 889 tanta;
2997 834 3383 892 immanitatis
3411 835 3686 893 certiores

2040 921 2196 985 facti,
2258 938 2435 992 quam
2493 922 2837 993 gravissime
2884 922 3044 978 illam
3122 922 3402 980 tulerunt.
3471 925 3683 981 Eorum

2036 1026 2218 1075 nemo,
2252 1014 2318 1064 ut
2346 1010 2689 1065 Ambrosius
2720 1014 2969 1066 testatur
3006 1010 3194 1083 (epist.
3251 1014 3343 1079 51,
3391 1029 3558 1069 num.
3601 1013 3680 1087 6),

2036 1114 2146 1151 non
2174 1097 2461 1169 ingemuit,
2496 1098 2682 1152 nullus
2725 1098 3071 1154 mediocriter
3116 1102 3358 1172 accepit;
3403 1118 3514 1158 non
3561 1107 3686 1159 erat

2036 1188 2171 1255 farti
2200 1188 2285 1241 tui
2311 1186 2579 1241 absolutio
2631 1187 2691 1240 in
2733 1187 3006 1241 Ambrosii
3050 1191 3471 1259 communione;
3507 1192 3569 1247 in
3595 1208 3686 1249 me

2036 1277 2203 1330 etiam
2244 1276 2489 1343 amplius
2555 1276 2831 1329 commissi
2875 1281 3294 1346 exaggeraretur
3340 1278 3573 1345 invidia,
3633 1283 3687 1337 si

2036 1379 2193 1419 nemo
2224 1363 2425 1419 diceret
2451 1364 2548 1419 Dei
2579 1366 2755 1418 nostri
2797 1366 3300 1422 reconciliationem
3339 1369 3457 1438 fore
3491 1384 3683 1425 neces-

2035 1455 2262 1509 sariam.
2299 1453 2383 1508 Ita
2408 1452 2755 1524 loquebatur
2783 1457 3019 1508 sanctus
3049 1455 3332 1511 antistes:
3361 1473 3495 1512 cum
3523 1456 3681 1514 enim

2038 1541 2433 1596 Theodosium
2473 1541 2703 1597 audiret
2745 1542 2972 1614 regredi
3020 1542 3438 1612 Mediolanum,
3478 1561 3681 1603 recens

2036 1629 2197 1685 illius
2225 1629 2438 1685 vulnus
2468 1628 2577 1686 levi
2623 1630 2815 1685 adhuc
2865 1646 3043 1686 manu
3090 1633 3462 1688 tractandum
3493 1639 3678 1704 ratus,

2040 1734 2227 1789 neque
2255 1722 2451 1774 tamen
2484 1717 2572 1773 vel
2602 1718 2786 1773 latum
2821 1735 3080 1792 unguem
3111 1721 3497 1778 recedendum
3529 1740 3564 1778 a
3592 1722 3680 1779 di-

2037 1806 2306 1879 sciplina,
2330 1823 2399 1862 ex
2423 1808 2625 1863 eadem
2659 1808 2801 1862 urbe
2831 1808 2985 1863 exire
3014 1809 3338 1875 constituit,
3383 1812 3554 1882 cujus
3584 1828 3683 1868 ra-

2034 1895 2254 1951 tionem
2287 1894 2438 1950 hanc
2470 1894 2583 1967 ipsi
2615 1896 2807 1951 reddit
2834 1913 2846 1951 :
2879 1897 3109 1968 Offerre,
3160 1896 3373 1969 inquit,
3422 1914 3535 1955 non
3584 1916 3683 1956 au-

2034 1984 2128 2039 deo
2158 1984 2511 2055 sacriﬁcium,
2539 1986 2590 2039 si
2617 1986 2850 2040 volueris
2879 1988 3131 2041 assistere
3170 1987 3327 2056 (ibid.
3374 2004 3538 2045 num.
3566 1989 3678 2061 43).

2034 2072 2255 2136 Quibus
2301 2072 2537 2145 quidem
2580 2072 2772 2128 verbis
2821 2074 3087 2145 quamvis
3129 2073 3461 2132 declarabat
3490 2078 3680 2148 ajure

2033 2161 2466 2216 communionis
2491 2160 2656 2216 illum
2681 2161 3190 2229 alienum,nullam
3204 2164 3680 2236 tamenilli,unde

2032 2250 2440 2312 offenderetur,
2474 2266 2713 2305 causam
2745 2250 3150 2323 relinquebat;
3203 2253 3418 2326 quippe
3456 2255 3556 2326 qui
3586 2272 3678 2312 se-

2032 2337 2205 2394 cretis
2236 2338 2446 2393 litteris
2476 2337 2590 2393 ista
2620 2340 3009 2396 committeret
3035 2357 3048 2395 :
3101 2342 3287 2397 Scriba
3332 2359 3505 2399 manu
3531 2359 3676 2412 mea,

2030 2427 2242 2498 inquit,
2276 2427 2413 2497 quod
2441 2428 2586 2482 solus
2617 2428 2766 2496 legas
2797 2429 2951 2499 (ibid.
2986 2446 3151 2484 num.
3185 2431 3294 2501 44).
3328 2431 3451 2488 Imo
3481 2436 3539 2487 et
3567 2432 3678 2489 hoc

2031 2532 2264 2586 quoque
2306 2514 2677 2588 signiﬁcavit,
2719 2517 2832 2571 sibi
2883 2517 3166 2573 divinitus
3216 2521 3334 2590 ipsa
3386 2525 3542 2577 nocte
3568 2538 3679 2593 qua

2026 2605 2298 2675 proﬁcisci
2347 2604 2598 2674 parabat,
2650 2604 3010 2674 prohibitum
3060 2623 3211 2676 esse,
3262 2624 3334 2663 ne
3380 2607 3481 2664 illo
3529 2626 3675 2680 prs:-

2030 2696 2215 2759 sente,
2248 2690 2429 2746 sacris
2458 2690 2740 2746 altaribus
2770 2693 3433 2763 operaretur.Postremo
3466 2710 3534 2751 ex
3564 2695 3675 2752 hac

2028 2779 2272 2852 epistola
2312 2779 2533 2835 discere
2571 2785 2819 2851 possunt
2875 2796 3081 2837 omnes
3130 2782 3408 2855 episcopi,
3453 2788 3677 2856 quanta

2029 2886 2162 2924 cum
2194 2868 2505 2941 prudentia
2533 2872 2589 2923 et
2627 2868 2890 2924 cautione
2936 2885 3071 2941 erga
3121 2871 3414 2943 principes
3458 2873 3518 2928 in
3549 2888 3676 2946 gra-

2029 2957 2121 3013 via
2149 2957 2440 3030 quazpiam
2471 2957 2719 3012 crimina
2747 2957 2943 3029 lapsos
2974 2974 3035 3012 se
3062 2974 3259 3030 gerere
3288 2961 3539 3017 debeant
3570 2978 3583 3016 :
3616 2965 3675 3018 et

2029 3046 2526 3119 quemadmodum
2559 3062 2657 3100 eos
2682 3050 2947 3117 oporteat
2976 3046 3173 3102 minus
3204 3047 3478 3105 adhibere
3512 3066 3672 3106 acer-

2028 3134 2230 3190 bitatis
2281 3152 2458 3207 quam
2500 3134 2992 3190 mansuetudinis.
3037 3136 3184 3201 Quid
3230 3137 3389 3192 enim
3439 3137 3671 3210 plenius

1943 3209 1986 3276 C
2024 3224 2332 3297 prudentis
2375 3223 2553 3294 hujus
2602 3223 3040 3290 moderationis,
3091 3240 3270 3295 quam
3323 3225 3426 3281 illa
3445 3209 3667 3283 verba:

2024 3313 2323 3380 Praetendi,
2355 3312 2438 3368 ait
2467 3312 2624 3384 (ibid.
2653 3329 2818 3368 num.
2851 3312 2962 3381 45),
2994 3313 3386 3381 aegritudinem
3431 3316 3671 3386 corporis

2025 3419 2212 3460 revera
2234 3418 2474 3473 gravem,
2505 3404 2556 3457 et
2584 3403 2699 3457 nisi
2725 3418 2759 3455 a
2806 3403 2940 3456 viris
2969 3402 3282 3458 mitioribus
3329 3405 3425 3458 vix
3479 3404 3672 3459 levan-

2026 3491 2187 3553 dam;
2216 3491 2299 3546 vel
2327 3492 2501 3546 emori
2550 3498 2733 3545 tamen
2781 3490 3115 3557 maluissem,
3170 3506 3337 3562 quam
3376 3492 3674 3549 ademtam

2026 3590 2182 3636 tuum
2211 3579 2372 3635 biduo
2401 3587 2496 3633 aut
2527 3578 2707 3633 triduo
2735 3594 2845 3633 non
2874 3588 3260 3650 exspectarem.

2099 3669 2222 3723 114.
2253 3667 2650 3724 Theodoretus
2680 3671 2885 3722 auctor
2932 3672 3022 3722 est
3072 3667 3197 3740 (lib.
3247 3686 3302 3722 ν.
3334 3671 3472 3726 Hist.
3508 3671 3672 3740 Eccl.,

2028 3773 2155 3828 cap.
2192 3758 2302 3824 18),
2334 3755 2766 3828 imperatorem,
2807 3760 3121 3827 postquam
3170 3774 3205 3812 a
3247 3759 3449 3829 synaxi
3499 3758 3678 3815 eccle-

2029 3845 2266 3903 siastica
2293 3848 2445 3900 totos
2471 3861 2572 3899 vm
2604 3860 2837 3900 menses
2877 3844 3280 3912 abstinuisset,
3322 3846 3534 3902 natalis
3564 3847 3677 3903 Do-

2030 3934 2233 3991 minici
2264 3934 2408 3989 festo
2438 3933 2499 3988 in
2530 3932 2837 3988 ecclesiam
2859 3931 3055 3988 venire
3080 3932 3367 3989 voluisse:
3401 3939 3460 3989 at
3486 3934 3675 4007 gravi-

2031 4029 2120 4079 ter
2167 4022 2519 4094 increpitum
2571 4022 2642 4077 ab
2687 4021 3014 4088 Ambrosio,
3064 4038 3180 4077 non
3237 4022 3402 4095 prius
3450 4023 3679 4095 ingredi

2032 4111 2385 4184 permissum
2416 4127 2564 4177 esse,
2617 4126 2790 4182 quam
2832 4113 2889 4165 et
2919 4108 3165 4182 publicae
3195 4111 3546 4182 paenitentia;
3582 4128 3677 4168 ca-

2032 4207 2138 4273 put
2167 4199 2535 4271 subjecisset,
2568 4203 2625 4254 et
2670 4198 2928 4253 laturum
2982 4215 3043 4254 se
3090 4198 3277 4272 legem
3318 4200 3679 4271 ejuscemodi

2033 4294 2187 4346 esset
2215 4288 2528 4361 pollicitus,
2561 4304 2686 4359 quae
2713 4304 2877 4342 reum
2910 4286 3097 4343 ullum
3115 4293 3370 4344 extremo
3392 4289 3680 4362 supplicio

2034 4378 2149 4434 nisi
2181 4382 2314 4449 post
2342 4377 2497 4432 diem
2530 4394 2564 4432 a
2592 4377 3075 4432 condemnatione
3121 4377 3484 4433 tricesimum
3525 4379 3681 4435 attici

2035 4467 2387 4539 prohiberet.
2420 4464 2680 4537 Implevit
2710 4464 3029 4537 imperator
3065 4470 3384 4539 utrumque
3431 4467 3682 4540 promis-

284 4554 586 4644 habantur.
619 4556 773 4621 Quid
803 4562 1000 4613 autem
1033 4573 1210 4630 super
1239 4574 1306 4614 ea
1335 4574 1533 4624 causa,
1578 4574 1704 4630 quas
1734 4574 1768 4612 a
1798 4556 1925 4629 qui-
1956 4579 2003 4644 D
2037 4573 2171 4611 sum
2198 4574 2211 4621 ;
2259 4554 2531 4644 quodque
2577 4554 2647 4608 ad
2695 4554 2990 4644 publicam
3041 4556 3469 4627 paenitentiam,
3522 4561 3687 4613 tanta

283 4642 519 4700 busdam
557 4644 713 4701 male
742 4644 982 4716 ponitur
1010 4661 1164 4700 anno
1186 4644 1610 4717 superiori,hac
1625 4644 1681 4699 in
1706 4644 1927 4717 synodo

282 4736 562 4790 statutum
596 4734 792 4801 fuerit,
827 4733 1141 4789 concilium
1175 4734 1559 4800 Taurinense,
1590 4750 1718 4802 can,
1750 4735 1805 4799 6,
1837 4732 1925 4788 in-

281 4822 397 4877 nuit
423 4823 486 4878 in
516 4823 648 4879 haec
673 4822 887 4878 verba:
923 4822 985 4877 Si
1014 4823 1111 4895 qui
1138 4824 1206 4877 ab
1234 4824 1352 4894 ejus
1383 4821 1587 4878 Felicis
1638 4821 1927 4893 videlicet,

279 4912 659 4968 munione
687 4926 745 4966 se
798 4910 1075 4966 voluerint
1102 4915 1456 4982 sequestrare,
1505 4913 1563 4965 in
1605 4918 1803 4966 nostrae
1828 4927 1927 4981 pa-

276 5002 345 5054 cis
372 5003 721 5057 consortium
747 5000 1126 5071 suscipiuntur
1145 5001 1314 5071 juxta
1347 5001 1560 5054 litteras
1598 5000 1931 5055 venerabilis

278 5091 562 5146 memoriae
619 5088 893 5143 Ambrosii
941 5089 1179 5159 episcopi
1223 5086 1315 5143 vel
1379 5089 1635 5145 Romanae
1680 5088 1931 5143 Ecclesiae

273 5176 569 5234 sacerdotis
598 5176 809 5232 dudum
852 5177 991 5232 latas
1020 5176 1204 5247 (Cone.
1260 5178 1419 5232 Taur.
1450 5192 1572 5231 can.
1604 5177 1684 5242 6.)
1714 5175 1929 5231 Verum

276 5261 389 5320 ista;
417 5264 642 5321 littera:
671 5264 741 5320 de
784 5263 1001 5336 quibus
1054 5262 1148 5319 hic
1194 5263 1409 5336 agitur,
1466 5264 1536 5319 ad
1586 5263 1930 5319 memoriam

275 5357 537 5409 nostram
572 5370 692 5408 non
722 5357 1131 5426 pervenerunt.
1164 5352 1446 5407 Caeterum
1486 5353 1630 5408 dum
1677 5357 1930 5425 coeptum

277 5441 595 5498 concilium
627 5445 1120 5513 prosequerentur
1135 5439 1221 5495 illi
1244 5439 1523 5511 episcopi,
1545 5439 1928 5511 Theodosius,

276 5530 456 5588 victus
491 5529 881 5604 persuasione
911 5531 1196 5588 comitum
1245 5529 1591 5598 aulicorum,
1642 5546 1676 5583 a
1715 5529 1931 5602 quibus

276 5633 392 5681 rem
422 5616 923 5698 periculosissimi
954 5635 1020 5681 ao
1040 5615 1525 5697 perniciosissimi
1541 5618 1790 5695 exempli
1809 5619 1931 5683 fore

2037 4661 2173 4700 cum
2203 4644 2293 4699 sui
2322 4643 2677 4698 demissione
2708 4643 2867 4697 illam
2910 4644 3214 4716 amplexus
3262 4650 3370 4711 est,
3419 4654 3485 4700 ut
3521 4645 3687 4701 nobis

2036 4738 2361 4805 temperare
2392 4748 2507 4786 non
2538 4730 2857 4798 valeamus,
2891 4733 3033 4803 quin
3075 4731 3269 4788 locum
3308 4734 3378 4788 de
3420 4732 3521 4787 illa
3547 4735 3688 4787 Am-

2037 4821 2379 4878 brosianum
2414 4820 2834 4891 subjiciamus:
2885 4822 3089 4876 Stravit
3135 4838 3310 4889 omne,
3357 4821 3549 4891 inquit
3590 4821 3688 4891 (De

2039 4911 2168 4968 obit.
2200 4909 2390 4965 Throd.
2448 4926 2611 4964 num.
2672 4909 2806 4981 314.),
2853 4926 2957 4982 quo
2994 4911 3293 4976 nitebatur,
3327 4909 3542 4979 insigne
3598 4925 3687 4966 re-

2038 5000 2225 5070 gium:
2270 4998 2483 5068 deﬂevit
2532 5000 2589 5053 in
2635 4999 2860 5054 ecclesia
2890 5002 3173 5069 peccatum
3213 5013 3392 5062 suum,
3451 4997 3593 5068 quod
3638 5007 3690 5056 et

2040 5089 2279 5143 aliorum
2306 5087 2504 5159 fraude
2532 5088 2868 5159 obrepserat;
2920 5088 3129 5158 gemitu
3164 5093 3216 5140 et
3259 5086 3524 5157 lacrymis
3559 5104 3686 5145 ora-

2038 5179 2116 5232 vit
2164 5178 2400 5233 veniam.
2462 5177 2610 5244 Quod
2660 5178 2871 5248 prirati
2916 5176 3252 5240 erubescunt,
3305 5191 3417 5230 non
3463 5179 3687 5234 erubuit

2040 5268 2339 5338 imperator
2383 5266 2598 5336 publice
2642 5280 2805 5334 agere
2855 5265 3269 5335 paenitentiam;
3319 5281 3493 5337 neque
3536 5268 3687 5323 ullus

2034 5359 2221 5428 postea
2274 5355 2388 5411 dies
2441 5356 2571 5426 fuit,
2630 5369 2733 5423 quo
2780 5367 2891 5406 non
2941 5352 3104 5407 illum
3164 5353 3368 5410 doleret
3420 5372 3681 5413 errorem.

2038 5443 2214 5499 Addit
2242 5444 2459 5497 citatus
2490 5440 2890 5495 Thcodoretus
2923 5438 3047 5510 (lib.
3080 5458 3134 5509 v,
3168 5458 3296 5513 cap.
3344 5442 3432 5509 48)
3465 5448 3521 5498 et
3549 5460 3684 5499 cum

2040 5549 2106 5589 eo
2138 5532 2315 5588 etiam
2369 5532 2721 5586 Sozomenus
2770 5528 2893 5599 (lib.
2953 5546 3049 5600 va,
3110 5546 3236 5604 cap.
3293 5533 3385 5605 25)
3442 5550 3553 5587 non
3604 5531 3687 5592 ita

2040 5621 2228 5690 multo
2256 5622 2389 5702 post
2416 5616 2972 5697 Theodosium,cum
3021 5619 3329 5690 interesset
3377 5620 3687 5717 sacrificio,
