4172 6182
463 313 585 383 ιιι

1809 314 1997 380 VITA
2038 318 2103 381 S.
2148 318 2525 381 AMBROSII

3748 321 3857 385 112

465 454 523 506 et
551 450 625 505 ad
682 448 866 507 altare
903 448 1258 508 oblationem
1304 466 1475 507 suam
1518 448 1847 520 obtulisset,
1878 467 2105 506 reman-
2135 453 2192 520 Α
2223 456 2370 521 tum,
2404 452 2506 509 sed
2536 451 2675 508 alibi
2722 469 2953 525 quoque
3004 416 3241 511 illorum
3291 453 3715 511 monachorum
3747 471 3858 512 non

467 538 618 595 sisse
646 538 801 595 intra
831 539 1116 597 cancellos
1147 538 1523 613 presbyterii;
1572 538 1949 596 Ambrosium
1979 558 2111 596 vero

469 626 705 683 misisse
733 628 807 684 ad
840 628 1027 697 illum,
1061 629 1158 701 qui
1201 644 1335 684 eum
1385 632 1649 684 moneret
1696 628 1836 685 solis
1887 628 2112 685 clericis

468 714 531 770 in
552 715 667 772 isto
687 715 814 774 loco
835 718 921 775 fas
946 734 1074 774 esse
1094 716 1448 785 consistere;
1482 720 1538 772 et
1565 716 1660 773 his
1694 717 1934 774 monitis
1955 718 2112 774 illico

470 805 741 876 paruisse
771 807 1201 879 imperatorem.
1234 804 1594 861 Memoratus
1631 806 2029 863 Theodoretus
2059 811 2116 861 et

472 892 584 950 hoc
630 893 899 966 adjungit
944 894 1081 964 (loco
1129 892 1271 964 cit.),
1320 894 1593 950 eumdem
1645 895 1969 968 principem
1999 913 2114 951 non

475 981 645 1053 longo
673 986 805 1055 post
829 986 1090 1052 tempore
1117 997 1248 1036 cum
1283 981 1342 1037 in
1372 982 1615 1039 basilica
1636 983 2116 1058 Constantinopo-

474 1069 658 1126 litana
686 1068 1025 1124 invitaretur
1070 1086 1105 1125 a
1152 1071 1441 1136 Nectario,
1497 1076 1561 1127 ut
1611 1072 1811 1129 altaris
1837 1078 2003 1147 septa
2034 1075 2116 1129 in-

474 1158 831 1231 grederetur,
862 1156 1012 1213 hanc
1052 1174 1253 1215 vocem
1300 1159 1570 1217 emisisse
1619 1162 1868 1218 antistiti
1919 1168 2117 1218 nostro

474 1253 594 1302 tam
624 1244 980 1318 gloriosam:
1012 1248 1357 1320 Episcopum,
1402 1257 1626 1320 excepto
1663 1251 1965 1321 Ambrosio,
1990 1253 2120 1307 novi

473 1335 768 1391 neminem.

544 1423 669 1480 415.
698 1423 939 1481 Circiter
966 1424 1141 1482 etiam
1172 1425 1279 1483 hoc
1311 1426 1506 1500 ipsum
1538 1432 1774 1502 tempus
1795 1430 1901 1484 duo
1927 1433 2117 1501 poten-

474 1513 677 1569 tissimi
701 1521 753 1569 et
778 1515 1179 1585 sapientissimi
1202 1517 1844 1585 Persarum,Ambrosii,
1878 1522 1943 1573 ut
1970 1518 2117 1572 Pau-

475 1601 636 1658 linus
692 1606 894 1658 narrat
947 1602 1030 1673 (in
1079 1603 1200 1660 Vita
1254 1605 1437 1661 Ambr.
1484 1623 1542 1661 n.
1575 1607 1688 1679 25),
1743 1606 1899 1662 fama
1927 1606 2118 1674 exciti,

475 1690 867 1748 Mediolanum
901 1696 1186 1748 venerunt
1213 1708 1279 1750 eo
1320 1693 1444 1750 solo
1493 1695 1756 1762 oonsilio,
1810 1700 1875 1750 ut
1912 1712 2014 1768 per
2060 1711 2123 1751 se

2222 542 2348 598 sine
2377 541 2596 598 honore
2629 543 2983 599 mentionem
3035 544 3173 601 facit
3203 544 3330 617 (lib.
3363 562 3382 599 ι
3432 544 3506 599 De
3551 559 3690 600 mor.
3744 545 3858 600 Ecc.

2220 632 2364 698 oath,
2409 648 2458 687 c.
2515 631 2626 700 33).
2674 630 2890 688 Verum
2941 632 3093 688 inter
3136 634 3323 690 bonos
3364 631 3498 689 illos
3541 631 3863 705 apostolicae

2220 720 2348 774 vitae
2396 718 2721 775 imitatores
2766 720 2880 775 duo
2922 720 3140 776 inventi
3195 724 3352 788 sunt,
3409 721 3512 793 qui
3557 720 3867 793 proditoris

2222 808 2523 879 perfidiam
2559 808 2999 865 aemularentur.
3033 810 3211 866 Erant
3252 810 3325 865 iis
3375 809 3614 865 nomina
3640 814 3868 865 Sarma-

2220 896 2364 952 tioni
2409 902 2466 952 et
2512 898 2882 964 Barbatiano,
2932 914 3081 970 quos
3131 898 3481 954 Ambrosius
3509 897 3870 953 enarratione

2222 984 2281 1039 in
2316 984 2608 1055 psalmum
2638 1001 2811 1041 xxxv:
2840 990 3029 1052 (num.
3062 986 3153 1057 49)
3180 986 3491 1041 obscurius
3506 986 3867 1058 perstringit,

2224 1073 2283 1127 in
2316 1074 2564 1145 epistola
2594 1090 2726 1129 vero
2758 1076 2830 1130 ad
2862 1074 3261 1130 Vercellenses
3292 1074 3488 1147 (epist.
3518 1075 3611 1139 63,
3646 1091 3806 1129 num.
3835 1076 3872 1127 7

2224 1171 2275 1217 et
2300 1163 2435 1233 seq.)
2467 1162 2717 1234 propriis
2746 1162 3010 1236 depingit
3039 1163 3332 1219 coloribus
3365 1180 3378 1218 :
3413 1179 3562 1233 quos
3591 1162 3751 1219 locos
3772 1163 3869 1218 ad-

2224 1250 2308 1305 ire
2338 1256 2608 1322 poterunt
2639 1252 2679 1305 ii
2712 1251 2812 1323 qui
2847 1250 3017 1323 plura
3038 1252 3108 1307 de
3141 1250 3372 1308 illorum
3399 1251 3556 1308 vitiis
3585 1256 3762 1324 atque
3791 1267 3873 1308 er-

2225 1340 2455 1394 roribus
2486 1338 2923 1395 desiderabunt.

2298 1429 2420 1483 118.
2455 1428 2582 1500 (Ax.
2628 1429 2779 1501 392.)
2828 1432 3100 1485 Vertente
3142 1445 3294 1485 anno
3338 1429 3657 1502 superiore,
3688 1428 3873 1485 Theo-

2227 1516 2428 1572 dosius
2472 1517 2764 1574 Orientem
2817 1517 3147 1591 repetierat,
3194 1522 3253 1575 et
3307 1517 3783 1575 Valentinianum
3812 1517 3874 1574 in

2228 1605 2475 1677 imperio
2504 1622 2619 1677 quo
2652 1623 2686 1661 a
2734 1606 2985 1662 Maximo
3035 1607 3226 1662 fuerat
3268 1604 3577 1678 spoliatus,
3610 1606 3875 1678 quietum

2228 1693 2564 1765 reliquerat.
2598 1698 2817 1749 Verum
2848 1711 2983 1750 cum
3007 1694 3245 1765 juvenis
3265 1694 3361 1750 hic
3394 1694 3667 1767 princeps
3694 1694 3881 1751 venis-

472 1779 588 1853 ipsi
618 1784 1053 1853 cognoscerent,
1086 1799 1160 1837 an
1189 1782 1296 1837 viri
1336 1785 1643 1855 praesentia
1687 1784 1851 1840 famae
1881 1801 2121 1857 respon-
2151 1820 2199 1885 Β
2231 1786 2321 1837 set
2350 1782 2409 1836 in
2441 1781 2676 1851 Gallias,
2711 1787 2776 1838 ut
2804 1781 2935 1838 illas
2966 1800 3000 1838 a
3028 1783 3418 1839 Barbarorum
3475 1782 3879 1855 impressioni-

475 1868 675 1925 deret:
708 1870 831 1940 qui,
864 1870 1066 1926 eodem
1124 1870 1367 1926 Paulino
1416 1875 1586 1941 teste,
1633 1872 1971 1929 admirantes
2016 1873 2123 1928 dis-

473 1960 749 2014 cesserunt
773 1957 841 2013 ab
861 1973 942 2015 eo.

547 2046 669 2103 H6.
715 2047 845 2116 (AN.
896 2046 1047 2119 391.)
1095 2051 1205 2103 Per
1252 2048 1311 2103 id
1352 2049 1636 2121 temporis
1685 2050 1940 2105 maxima
1980 2066 2121 2122 pace

473 2135 778 2193 fruebatur
802 2134 1147 2192 Ambrosius
1169 2137 1475 2192 amborum
1498 2138 1777 2194 beneﬁcio
1807 2140 2118 2211 imperato-

475 2242 630 2294 rum,
663 2242 697 2281 a
725 2225 943 2297 quibus
988 2225 1253 2298 impense
1299 2224 1653 2299 diligebatur
1683 2226 2117 2299 colebaturque.

473 2315 635 2372 Hanc
662 2313 844 2389 igitur
871 2312 1356 2387 tranquillitatem
1406 2332 1479 2371 ne
1522 2316 1710 2388 perire
1749 2317 1986 2387 sineret,
2020 2334 2123 2390 per

472 2404 584 2461 hoc
613 2402 799 2460 otium
823 2402 1045 2459 clericis
1074 2402 1221 2470 suis,
1247 2407 1313 2459 ut
1340 2420 1481 2460 sane
1512 2404 1759 2475 videtur,
1778 2405 1959 2462 libros
1980 2423 2120 2463 suos

471 2493 538 2550 de
565 2492 762 2564 ofﬁciis
788 2493 1169 2547 ministrorum
1194 2491 1577 2548 elucubravit.
1628 2494 1852 2560 Quibus
1881 2494 2119 2566 quidem

472 2581 640 2637 libris
671 2597 970 2637 sermones
1001 2579 1232 2652 aliquos
1260 2580 1438 2636 variis
1470 2582 1856 2654 temporibus,
1905 2588 1962 2639 et
1991 2584 2119 2656 ipso

473 2684 707 2743 quoque
737 2668 1044 2724 sacerdotii
1076 2668 1168 2724 sui
1198 2668 1366 2725 initio
1410 2671 1819 2741 pronuntiatos
1848 2672 2003 2728 idem
2030 2672 2117 2728 in-

471 2758 690 2826 seruit;
724 2760 961 2815 noverat
986 2757 1143 2813 enim
1174 2756 1291 2813 vita
1320 2757 1684 2827 clericorum,
1704 2776 1852 2831 quos
1884 2778 2120 2817 necesse

473 2850 565 2903 est
601 2846 821 2903 caeteris
861 2845 1209 2902 Christianis
1255 2846 1520 2919 exemplo
1579 2847 1912 2919 praelucere.
1974 2848 2119 2904 nihil

473 2935 684 2992 debere
713 2950 841 2991 esse
866 2934 1157 2990 sanctius:
1191 2951 1257 2991 ac
1288 2940 1595 3008 propterea
1624 2937 1943 2993 maximam
1965 2954 2116 2994 sem-

475 3038 580 3096 per
606 3022 666 3079 in
700 3023 907 3079 iisdem
938 3021 1027 3079 vel
1058 3022 1445 3079 informandis
1467 3040 1666 3079 curam
1690 3025 2118 3094 adhibebat,vel

473 3110 756 3185 eligendis
785 3112 1135 3169 cautionem.
1167 3111 1367 3184 Neque
1398 3113 1543 3169 forte
1570 3112 1771 3169 lectori
1826 3114 1999 3170 fuerit
2027 3115 2115 3170 in-

2229 1872 2340 1926 bus
2370 1875 2677 1940 tutaretur,
2715 1888 2783 1928 ea
2830 1888 2973 1944 pace
3012 1889 3128 1927 non
3178 1871 3278 1927 diu
3302 1871 3527 1944 potitus
3556 1877 3667 1939 est,
3699 1888 3878 1944 qnam

2229 1960 2474 2031 imperio
2549 1976 2750 2032 parere
2802 1964 3104 2016 statuerat.
3155 1961 3384 2017 Etenim
3414 1961 3878 2026 increbrescente

2230 2048 2387 2103 fama
2414 2048 2779 2105 imminentis
2819 2049 3137 2106 barbarica:
3159 2049 3506 2122 irruptionis
3534 2048 3595 2105 in
3626 2047 3891 2119 Italiam,

2230 2142 2467 2210 rogatus
2500 2138 2609 2193 fuit
2662 2155 2695 2194 a
2741 2139 3008 2210 praefecto
3059 2143 3117 2194 et
3166 2137 3609 2212 magistratibus
3638 2142 3878 2195 sanctus

2229 2226 2667 2292 Ambrosius,ut
2697 2227 2768 2283 ad
2792 2227 3207 2299 imperatorem
3231 2227 3883 2301 prolicisceretur,eum-

2231 2332 2343 2387 que
2373 2316 2442 2371 ad
2477 2332 2648 2388 opem
2677 2316 2868 2371 eidem
2900 2316 3123 2389 regioni
3152 2316 3343 2373 reditu
3386 2334 3493 2373 suo
3524 2316 3880 2373 all‘erendam

2228 2404 2546 2460 induceret.
2578 2405 2700 2460 Non
2733 2409 2929 2461 tamen
2979 2404 3087 2461 hoc
3134 2405 3245 2462 iter
3290 2404 3388 2461 ille
3428 2405 3705 2479 suscepit,
3739 2406 3884 2478 quia

2228 2493 2461 2548 interim
2493 2492 2667 2565 Alpes
2698 2493 2951 2549 transire
2972 2494 3278 2550 nuntiatus
3300 2498 3390 2550 est
3415 2493 3879 2550 Valentinianus.

2228 2583 2350 2637 Sub
2384 2582 2503 2636 haec
2535 2581 2725 2637 allatae
2758 2587 2897 2638 sunt
2926 2584 2998 2638 ad
3022 2587 3293 2639 sanctum
3323 2583 3641 2639 antistitem
3676 2581 3882 2638 Valen-

2232 2670 2436 2725 tiniani
2478 2672 2665 2742 ipsius
2714 2669 2920 2726 littera
2973 2671 3071 2742 (De
3117 2672 3269 2729 obitu
3319 2673 3523 2729 Valent.
3562 2687 3727 2727 num.
3760 2671 3880 2745 25),

2228 2759 2445 2830 quibus
2476 2775 2718 2830 propere
2748 2760 3174 2827 accersebatur,
3225 2765 3353 2815 tum
3407 2759 3563 2833 quod
3593 2758 3886 2831 baptizari

2229 2849 2301 2903 ab
2330 2864 2397 2903 eo
2429 2846 2618 2915 vellet,
2649 2852 2773 2902 tum
2807 2848 2960 2919 quod
2995 2864 3130 2903 eum
3162 2848 3414 2920 praedem
3461 2846 3593 2903 ﬁdei
3623 2864 3743 2903 suae
3774 2850 3882 2904 Ar-

2228 2935 2453 3007 bogasti
2495 2935 2694 2990 comiti
2740 2935 2881 2990 dare
2931 2939 3186 3007 cuperet.
3211 2924 3380 2991 Ilisos
3425 2936 3648 2992 nuntiis
3675 2936 3879 2992 turba-

2225 3028 2323 3079 tus
2351 3023 2718 3093 Ambrosius,
2772 3023 2925 3079 illico
2965 3024 3117 3079 viam
3162 3024 3469 3098 ingressus
3507 3029 3613 3094 est,
3635 3026 3883 3098 jamque

2225 3114 2513 3184 superabat
2542 3114 2762 3184 Alpium
2807 3114 2940 3183 iuga
2990 3113 3193 3185 (ibid),
3243 3129 3380 3169 cum
3422 3113 3672 3170 infelicis
3717 3113 3882 3173 illius

468 3201 821 3273 jucundum,
862 3202 911 3258 si
960 3202 1261 3275 geminum
1314 3203 1442 3273 ejus
1491 3202 1572 3258 rei
1603 3203 1898 3274 specimen
1928 3203 2117 3277 ipsius
2150 3186 2192 3252 C
2230 3201 2601 3274 imperatoris
2634 3201 2856 3273 accepit
2886 3219 3108 3258 necem.
3142 3206 3338 3258 Caesus
3383 3207 3581 3259 autem
3613 3211 3700 3259 est
3722 3221 3760 3260 a
3788 3203 3880 3260 di-

465 3289 658 3348 verbis
688 3290 785 3347 hic
810 3307 1247 3365 proponamus;
1290 3290 1374 3346 sic
1422 3306 1558 3363 ergo
1587 3289 1718 3347 ille:
1767 3292 2109 3361 Meministis,

463 3382 592 3452 ﬁlii,
625 3379 912 3453 quemdam
940 3381 1182 3435 amicum
1208 3395 1335 3434 cum
1361 3379 1565 3434 sedulis
1592 3395 1648 3435 se
1674 3379 1947 3436 videretur
1973 3397 2113 3437 com-

462 3469 731 3526 mendare
757 3469 975 3540 ofﬁciis,
1007 3470 1106 3524 hoc
1131 3469 1244 3525 solo
1291 3477 1473 3524 tamen
1503 3470 1564 3523 in
1594 3469 1799 3525 clerum
1819 3487 1852 3525 a
1885 3486 1973 3525 me
2001 3487 2110 3526 non

462 3562 752 3632 receptum,
786 3558 927 3630 quod
953 3561 1134 3630 gestus
1158 3559 1275 3630 ejus
1320 3558 1626 3630 plurimum
1679 3559 1951 3616 dedecoret
1981 3578 1994 3616 :
2023 3561 2108 3616 al-

462 3654 638 3704 terum
665 3663 872 3721 quoque
905 3664 1033 3703 cum
1082 3650 1145 3703 in
1191 3648 1334 3702 clero
1380 3649 1720 3719 reperissem,
1754 3650 1984 3720 jussisse
2017 3666 2107 3705 me

456 3753 529 3794 ne
554 3753 799 3810 unquam
839 3737 1071 3809 praeiret
1114 3735 1276 3803 mihi,
1328 3737 1457 3806 quia
1494 3737 1635 3791 velut
1682 3737 1914 3807 quodam
1956 3737 2103 3793 inso-

459 3826 622 3883 lentis
675 3828 914 3883 incessus
962 3825 1185 3881 verbere
1238 3825 1420 3880 oculos
1490 3826 1686 3895 feriret
1736 3840 1944 3881 meos...
2004 3842 2105 3881 nec

454 3916 655 3988 fefellit
682 3915 973 3982 sententia,
1005 3916 1231 3984 uterque
1259 3912 1408 3966 enim
1452 3911 1519 3965 ab
1569 3911 1809 3965 Ecclesia
1841 3915 2101 3974 recessit;

456 4009 518 4061 ut
563 4006 747 4077 qualis
797 4007 1010 4060 incessu
1046 4000 1399 4074 prodebatur,
1457 4000 1587 4054 talis
1628 3999 1864 4070 perﬁdia
1919 4003 2101 4056 animi

449 4093 935 4152 demonstraretur.
993 4090 1242 4160 Namque
1293 4089 1436 4144 alter
1473 4088 1700 4144 Arianae
1730 4089 2098 4159 infestationis

451 4186 686 4255 tempore
714 4181 876 4252 ﬁdem
904 4178 1158 4244 deseruit,
1208 4177 1350 4232 alter
1388 4178 1640 4249 pecuniae
1687 4176 1864 4233 studio
1909 4195 1979 4234 ne
1998 4180 2094 4250 ju-

447 4269 657 4326 dicium
682 4270 889 4326 subiret
916 4266 1268 4336 sacerdotale,
1300 4282 1355 4321 se
1400 4273 1646 4321 nostr-um
1698 4268 1915 4337 negavit
1968 4267 2087 4340 (lib.

450 4375 469 4414 ι
501 4358 654 4430 Ofﬁc.
687 4376 738 4415 c.
769 4358 860 4428 48,
892 4372 1055 4412 num.
1086 4355 1202 4427 72.)
1251 4360 1329 4410 Ex
1358 4355 1452 4410 his
1501 4355 1732 4411 abunde
1781 4356 1970 4427 quivis
2001 4356 2088 4412 in-

446 4445 674 4520 telligat
722 4446 833 4502 boc
880 4444 1027 4500 illud
1070 4461 1241 4518 opus,
1282 4461 1397 4517 quo
1444 4444 1516 4499 de
1572 4444 1785 4517 agitur,
1837 4448 2089 4502 maxime

2222 3295 2313 3347 cto
2344 3289 2573 3357 comite,
2611 3289 2805 3345 [dibus
2848 3290 2989 3346 maii
3029 3290 3215 3361 pridie
3262 3290 3654 3357 Pentecostes,
3686 3308 3879 3349 annos

2220 3385 2450 3435 tantum
2481 3397 2553 3434 xx
2587 3384 2779 3435 natus.
2814 3380 2927 3435 Iter
2955 3395 3131 3434 suum
3173 3379 3522 3435 Ambrosius
3552 3379 3749 3437 statim
3780 3397 3875 3436 re-

2218 3469 2377 3541 legit,
2427 3467 2629 3524 multis
2668 3467 2944 3541 lacrymis
2995 3467 3137 3523 illud
3185 3468 3459 3540 irrigans.
3509 3467 3665 3524 Nihil
3713 3469 3879 3526 enim

2217 3559 2346 3629 ejus
2376 3557 2573 3613 dolore
2620 3557 2876 3613 tenerius
2911 3560 3139 3628 poterat
3187 3556 3450 3628 cogitari,
3502 3574 3634 3613 cum
3665 3574 3876 3614 secum

2214 3647 2340 3718 ipse
2387 3648 2711 3718 reputabat,
2752 3650 3039 3717 quantum
3081 3644 3180 3700 ille
3229 3661 3263 3700 a
3293 3662 3374 3711 se,
3409 3662 3750 3718 quanquam
3783 3650 3877 3703 tot

2215 3752 2280 3791 ac
2309 3736 2488 3791 tantis
2516 3740 2719 3807 septus
2749 3734 3061 3806 episcopis,
3081 3734 3361 3806 baptizari
3394 3738 3874 3808 optasset,quan-

2210 3830 2456 3896 tumque
2487 3824 2546 3879 in
2580 3824 2831 3879 adventu
2855 3838 2962 3878 suo
2993 3822 3116 3895 spei
3140 3821 3455 3895 posuisset,
3489 3823 3589 3878 sed
3620 3823 3869 3894 potissi-

2212 3930 2374 3968 mum
2398 3914 2717 3985 jacturam,
2751 3913 2824 3967 ab
2854 3910 3113 3967 Ecclesia
3142 3911 3358 3967 factam
3394 3910 3866 3981 lamentabatur;

2207 4004 2489 4070 Percussa,
2543 4000 2866 4073 inquiebat,
2927 4016 3072 4067 eras,
3149 4000 3411 4068 Ecclesia,
3464 4002 3525 4056 in
3595 4001 3863 4071 maxilla,

2205 4108 2329 4146 cum
2385 4093 2666 4146 amitteres
2726 4091 3099 4154 Gratianum;
3129 4089 3425 4160 praebuisti
3486 4092 3539 4145 et
3599 4088 3862 4161 alteram,

2205 4180 2418 4252 quando
2449 4180 2552 4235 tibi
2584 4180 3004 4238 Valentinianus
3023 4186 3238 4250 ereptus
3284 4186 3361 4234 est
3390 4177 3547 4249 (ibid.
3583 4194 3747 4233 num.
3777 4179 3862 4251 6).

2278 4269 2397 4325 H9.
2447 4269 2668 4341 Corpus
2715 4266 2876 4324 illius
2924 4284 3040 4323 non
3073 4266 3256 4323 multo
3301 4271 3433 4339 post
3464 4266 3714 4323 relatum
3748 4266 3867 4323 fuit

2201 4352 2613 4422 Mediolanum,
2647 4357 2908 4428 dumque
2938 4354 3284 4411 Ambrosius
3326 4359 3398 4411 ad
3430 4356 3558 4426 ejus
3589 4353 3863 4427 sepultu-

2199 4463 2324 4502 ram
2357 4445 2669 4502 Theodosii
2700 4446 2980 4501 mandata
3008 4445 3439 4516 opperiebatur,
3485 4460 3621 4500 eum
3673 4445 3866 4516 hujus

448 4535 713 4592 omnium
759 4533 984 4591 clericis
1032 4533 1345 4590 destinari:
1398 4537 1457 4590 at
1498 4550 1631 4589 vero
1680 4550 1814 4589 cum
1874 4535 2085 4591 horum
2118 4553 2165 4618 D
2197 4535 2480 4608 principis
2510 4534 2801 4607 praevertit
2820 4532 3210 4606 epistola,qua
3236 4533 3700 4605 compatiebatur
3721 4535 3861 4606 ejus

444 4623 704 4681 ofﬁcium
748 4624 825 4681 sit
870 4623 1133 4680 moribus
1189 4622 1315 4680 suis
1371 4639 1439 4678 ac
1498 4623 1869 4679 sermonibus
1906 4624 2085 4680 vitam

443 4712 695 4771 aliorum
724 4711 894 4786 quasi
925 4712 1179 4778 condire,
1211 4711 1425 4767 idcirco
1454 4713 1540 4766 tot
1570 4712 1983 4783 praeceptiones
2012 4713 2085 4768 il-

440 4802 517 4859 lic
547 4802 778 4860 intextae
809 4805 950 4858 sunt
984 4800 1224 4857 cuilibet
1264 4799 1569 4857 hominum
1606 4801 1923 4857 conditioni
1956 4818 2084 4875 per-

439 4892 635 4963 utiles,
669 4896 736 4949 ut
764 4892 1022 4949 fructum
1054 4908 1166 4948 non
1201 4891 1499 4946 modicum
1543 4890 1679 4947 inde
1710 4890 1945 4948 haurire
1968 4910 2088 4950 om-

440 4982 620 5039 nibus
645 4981 833 5040 liceat.

510 5072 936 5128 117.0a3terum
968 5070 1355 5126 Ambrosiana
1372 5068 1859 5141 sollicitudo,quae
1882 5088 2084 5127 omnes

435 5161 675 5217 omnino
705 5158 1219 5233 complectebatur,
1254 5157 1643 5213 monasticam
1678 5175 1792 5213 non
1823 5160 2083 5232 neglige-

435 5248 536 5305 bat
566 5249 988 5322 professionem
1015 5266 1029 5317 ;
1065 5247 1309 5304 coenobii
1343 5247 1559 5318 quippe
1580 5245 1637 5300 in
1662 5247 2082 5305 Mediolanensi

433 5338 718 5394 suburbio
748 5336 922 5410 positi
955 5337 1223 5393 meminit
1267 5334 1666 5407 Augustinus:
1714 5337 1781 5391 Et
1821 5345 1959 5403 erat,
1992 5337 2080 5394 in-

432 5427 662 5499 quiens,
710 5427 1114 5481 monasterium
1161 5425 1472 5491 Mediolani,
1512 5424 1736 5498 plenum
1782 5424 1933 5481 bonis
1961 5429 2079 5499 fra-

428 5515 604 5571 tribus
638 5519 798 5570 extra
826 5517 1052 5584 moenia,
1102 5516 1204 5571 sub
1232 5516 1513 5572 Ambrosio
1541 5515 1832 5584 nutritore,
1891 5526 1943 5572 et
1971 5532 2082 5573 non

372 5643 376 5649 -
425 5617 754 5671 noveramus
780 5600 903 5681 (lib.
946 5622 1070 5682 vni,
1124 5604 1284 5682 Canf.
1335 5623 1394 5665 n.
1445 5604 1557 5683 l5).
1603 5604 1805 5686 Neque
1833 5603 1930 5666 hic
1957 5609 2082 5667 tan-

2196 4624 2504 4680 moestitiaa.
2538 4623 2621 4679 Ad
2654 4639 2827 4695 quem
2868 4621 3173 4695 epistolam
3228 4620 3574 4677 Ambrosius
3608 4637 3860 4694 respon-

2195 4712 2362 4783 dens,
2396 4712 2614 4768 silentii
2647 4712 2738 4767 sui
2770 4711 3054 4767 rationem
3086 4710 3301 4779 reddit,
3333 4714 3462 4766 tum
3507 4709 3854 4782 imperatori

2194 4802 2542 4858 testificatur
2569 4800 2681 4856 sibi
2713 4800 2876 4856 nulla
2905 4799 3019 4856 alia
3050 4816 3111 4855 re
3139 4798 3529 4857 Valentiniani
3573 4798 3665 4854 sui
3696 4798 3860 4855 (ἰθεί-

2194 4891 2422 4947 derium
2454 4891 2648 4961 majus
2686 4888 2944 4957 excitari,
2993 4904 3171 4961 quam
3212 4887 3367 4960 quod
3401 4888 3511 4943 tuis
3553 4887 3855 4956 institutis,

2193 4980 2387 5036 aiebat
2417 4983 2656 5036 sanctus
2708 4977 2923 5051 praesul
2970 4976 3164 5049 (epist.
3217 4976 3332 5048 53),
3364 4985 3579 5033 tantum
3605 4976 3857 5034 dovotio-

2190 5086 2317 5125 nem
2372 5086 2501 5141 erga
2574 5069 2746 5123 Deum
2814 5070 3065 5122 nostrum
3138 5065 3416 5132 induerat,
3475 5074 3635 5138 atque
3691 5073 3855 5123 tanta

2191 5161 2251 5213 in
2307 5175 2393 5213 me
2448 5157 2765 5213 incubuerat
2823 5156 3057 5228 aﬁectu;
3136 5158 3199 5210 ut
3271 5171 3431 5227 quem
3474 5162 3601 5211 ante
3650 5171 3853 5227 perse-

2192 5247 2476 5320 quebatur,
2528 5261 2677 5300 nunc
2720 5243 3008 5315 diligeret:
3069 5260 3228 5315 quem
3292 5252 3420 5299 ante
3472 5251 3532 5299 ut
3583 5243 3853 5299 adversa-

2190 5339 2338 5391 rium
2368 5335 2677 5408 repellebat,
2705 5350 2855 5389 nunc
2891 5337 2952 5388 ut
2997 5339 3281 5405 parentem
3327 5337 3567 5405 putaret.
3619 5332 3699 5387 De
3748 5349 3852 5389 se-

2189 5425 2429 5498 pultura
2455 5440 2591 5481 vero
2622 5422 2782 5479 illius
2835 5422 3119 5495 principis
3165 5424 3478 5494 postquam
3522 5420 3643 5477 haec
3691 5438 3853 5494 prie—

2191 5515 2388 5572 misit:
2422 5514 2565 5571 Sunt
2607 5513 2814 5571 tabulae
2848 5511 3265 5585 porphyreticaa,
3313 5509 3525 5584 inquit,
3562 5512 3859 5583 pretiosis-

2187 5607 2368 5682 simae,
2416 5604 2615 5683 quibus
2660 5604 2931 5664 vestiatur
2972 5600 3309 5679 operculum,
3361 5615 3460 5678 quo
3500 5600 3713 5679 regales
3741 5615 3855 5661 ea:-
