4172 6182
280 374 405 444 113

1351 364 1458 434 EX
1497 366 1694 439 EJUS
1735 359 2237 436 POTISSIMUM
2281 365 2657 439 SCRIPTIS.

3612 372 3731 443 1M
3760 382 3771 391 ’

280 515 426 572 uviae
452 507 813 578 claudantur,
827 505 1093 567 continuo
1123 504 1402 565 admonet
1415 508 1660 566 easdem
1683 505 1944 574 exuvias,
1980 502 2038 568 Α
2066 507 2203 578 pitis
2234 512 2488 586 cognitio
2520 501 2851 580 Theophilo
2880 502 3279 572 Alexandrino
3330 511 3730 591 Egyptiisque

282 621 358 663 ne
410 601 622 661 caloris
661 605 806 658 aestu
836 597 1209 665 solverentur,
1244 600 1477 653 mature
1538 596 1951 660 tumulandus,

285 701 346 752 et
375 692 554 751 simul
583 692 761 748 etiam
796 695 858 746 ut
883 689 1059 745 Justaa
1089 690 1146 743 et
1177 686 1385 754 Gratis,
1422 687 1701 743 exstincti
1736 683 1955 757 princi-

288 786 385 859 pis
415 798 705 849 sororum,
742 779 916 836 nimio
945 776 1123 834 luctui
1146 775 1583 832 consuleretur.

365 874 491 929 420.
530 870 818 928 Mandatis
886 865 1190 923 Theodosii
1245 865 1655 921 Mediolanum
1732 861 1951 931 allatis,

285 960 695 1018 Valentiniano
726 958 949 1014 circiter
978 955 1233 1011 medium
1262 954 1498 1009 Julium
1530 956 1707 1025 justo.
1763 951 1956 1008 soluta

292 1056 455 1109 sunt.
484 1051 614 1106 Jam
644 1050 877 1103 venerat
904 1046 960 1100 in
1006 1042 1310 1100 ecclesiam
1372 1049 1623 1099 sanctus
1678 1041 1951 1105 antistes,

288 1146 349 1197 et
377 1141 437 1195 in
468 1135 840 1208 Evangelium
889 1133 1117 1207 publice
1160 1131 1481 1187 recitatum
1524 1132 1710 1187 verba
1740 1130 1953 1186 fecerat

287 1232 385 1303 (De
436 1228 587 1285 obitu
618 1227 821 1282 Valent.
866 1240 1020 1279 num.
1075 1222 1204 1293 30);
1259 1221 1422 1276 unde
1485 1220 1827 1294 colligimus
1880 1221 1952 1275 de

281 1316 616 1385 Dominico,
656 1314 744 1371 vel
791 1311 1113 1370 solemniori
1160 1309 1361 1381 aliquo
1416 1309 1604 1365 natali
1660 1307 1952 1365 celebrata

281 1424 417 1465 esse
446 1406 570 1461 haec
604 1401 937 1476 parentalia.
973 1398 1345 1472 Imperatoris
1407 1399 1656 1455 demum
1711 1414 1950 1470 corpore

280 1497 345 1553 in
377 1493 631 1551 basilica
661 1508 763 1565 pro
792 1490 1062 1563 dignitate
1081 1487 1229 1544 tanti
1252 1487 1553 1560 principis
1576 1486 1951 1559 magniﬁcen-

280 1585 522 1642 tissime
571 1580 865 1646 collocato,
914 1578 1210 1633 funebrem
1262 1575 1325 1631 in
1378 1576 1557 1632 illum
1626 1575 1949 1632 orationem

279 1673 499 1732 habuit
546 1667 907 1725 Ambrosius.
958 1665 1109 1724 Nihil
1158 1663 1260 1720 illa
1308 1664 1557 1737 plenius
1613 1664 1846 1737 pietatis
1893 1667 1952 1718 et

282 1760 619 1829 charitatis,
653 1757 795 1813 nihil
821 1757 888 1812 ad
920 1754 1229 1812 eliciendus
1260 1754 1613 1810 auditorum
1661 1752 1951 1826 lacrymas

280 1851 608 1909 efﬁcacius.
1414 1908 1418 1912 θ

358 1941 487 1996 121.
524 1937 689 2004 Quod
720 1950 852 1990 vero
881 1932 1235 2006 praecipuum
1269 1936 1382 1999 est,
1410 1930 1706 2004 promittit
1735 1930 1853 1984 fore
1887 1931 1953 1982 ut

288 2027 603 2086 nocturnis
636 2023 971 2094 diurnisque
1000 2021 1274 2095 precibus
1326 2025 1656 2090 utrumque
1713 2019 1952 2073 fratrem

284 2120 407 2176 Deo
459 2114 849 2177 commendet,
878 2115 933 2167 et
977 2111 1228 2166 omnibus
1288 2108 1663 2165 oblationibus
1710 2122 1809 2162 eos
1838 2106 1952 2161 fre-

287 2210 537 2281 quentet
566 2202 728 2276 (ibid.
762 2218 919 2256 num.
949 2200 1061 2272 78),
1093 2216 1213 2255 non
1246 2214 1423 2255 secus
1460 2213 1527 2252 ac
1557 2195 1955 2252 Theodosium

289 2310 645 2366 sororesque
674 2289 1057 2347 Valentiniani
1089 2306 1220 2361 qua:
1254 2289 1430 2344 erant
1459 2284 1677 2341 actioni
1709 2301 1958 2357 praesen-

296 2390 413 2441 tes.
445 2383 706 2454 Denique
742 2381 912 2436 Deum
946 2383 1380 2451 comprecatus,
1413 2379 1481 2430 ut
1510 2373 1571 2429 in
1619 2373 1760 2430 coelo
1809 2374 1955 2444 jun-

297 2478 471 2549 geret
500 2473 734 2527 fratrum
769 2467 991 2525 animas
1022 2482 1280 2542 quorum
1313 2481 1563 2537 corpora
1610 2464 1736 2535 jam
1774 2463 1834 2517 in
1866 2480 1956 2518 se-

293 2561 510 2636 pulcro
527 2557 828 2633 jungenda
856 2561 1049 2613 essent
1077 2554 1237 2628 (ibid.
1273 2570 1433 2609 num.
1466 2552 1582 2625 79),
1615 2568 1646 2607 e
1676 2555 1958 2625 suggestu

292 2651 462 2708 exiit.

365 2739 496 2794 122.
522 2737 627 2792 His
654 2734 1009 2808 temporibus
1030 2733 1109 2804 ad
1142 2731 1474 2797 Titianum,
1494 2727 1588 2785 cui
1618 2745 1754 2786 cum
1786 2733 1960 2800 nepte

290 2846 406 2886 sua
437 2827 575 2883 lites
624 2824 1070 2891 intercedebant,
1106 2820 1351 2893 scripsit
1380 2818 1730 2873 Ambrosius
1761 2818 1955 2889 (epist.

289 2921 411 2990 52),
445 2922 505 2972 et
538 2932 672 2971 eum
700 2918 765 2968 ut
792 2930 859 2967 ex
890 2911 1103 2985 pietate
1154 2927 1294 2965 cum
1343 2908 1475 2980 ipsa
1524 2906 1828 2979 transigat,
1861 2923 1958 2962 ex-

294 3008 579 3063 hortatus
626 3005 732 3057 est.
765 3000 979 3057 Volunt
1025 3004 1229 3055 autem
1280 2997 1524 3069 quidam
1575 2995 1731 3049 hunc
1760 2994 1957 3067 ipsum

292 3095 606 3152 Titianum
670 3090 1009 3163 praefectura
1066 3085 1326 3161 praetorii
1394 3085 1735 3140 defunctum
1804 3100 1954 3152 esse,

293 3183 455 3257 quod
491 3182 557 3236 in
589 3180 831 3235 dubium
868 3177 1120 3234 revocari
1147 3191 1325 3247 posse
1348 3173 1445 3229 alii
1476 3177 1703 3245 putant.

370 3273 499 3327 123.
533 3271 672 3324 Erat
696 3272 830 3323 tunc
862 3239 1754 3334 Bononiae-Eusebius-quidam,
1787 3262 1955 3318 nobi-
1986 3239 2029 3305 Ο

296 3361 370 3417 lis
401 3366 461 3417 et
501 3358 749 3431 copiosae
796 3354 1026 3412 familia:
1072 3357 1272 3427 caput,
1307 3351 1408 3425 qui
1466 3368 1598 3407 cum
1649 3350 1957 3407 Ambrosio

301 3448 623 3523 epistulare
653 3443 1069 3501 commercium
1101 3441 1384 3514 agitabat.
1419 3439 1523 3494 Hic
1575 3438 1723 3494 ﬁlios
1762 3455 1827 3494 ac
1859 3456 1958 3495 ne-

302 3544 471 3613 potes
521 3552 666 3593 suos
713 3532 1047 3589 missitabat
1102 3528 1501 3587 Mediolanum
1559 3528 1752 3599 (epist.
1793 3529 1864 3583 54
1904 3534 1963 3584 et

301 3628 418 3696 55).
453 3630 522 3681 ut
568 3624 678 3679 sub
734 3622 916 3680 oculis
975 3620 1125 3677 tanti
1182 3616 1440 3674 doctoris
1497 3615 1959 3675 instituerentur.

305 3715 468 3773 Misit
498 3718 699 3769 autem
730 3710 880 3767 inter
909 3710 1056 3768 alios
1085 3706 1461 3763 Ambrosiam
1493 3704 1748 3777 puellam
1800 3723 1966 3763 sacro

303 3802 669 3876 virginitatis
694 3801 981 3857 velamine
1004 3798 1167 3854 illius
1188 3795 1466 3850 manibus
1487 3796 1965 3853 consecrandam.

308 3895 528 3950 Sancto
562 3888 792 3962 praesuli
825 3887 973 3943 nihil
1031 3884 1262 3958 gratius
1309 3886 1535 3955 poterat
1567 3883 1848 3939 accidere.
1882 3886 1969 3941 Ad

309 3983 467 4038 hanc
531 3978 714 4051 igitur
773 3976 1277 4032 consecrationem
1342 3971 1630 4040 condicto,
1682 3975 1750 4026 ut
1804 3974 1976 4029 nobis

315 4072 577 4135 videtur,
612 4065 875 4122 Paschali
920 4066 1091 4133 festo,
1126 4060 1432 4135 publicum
1480 4076 1810 4117 sermonem
1842 4079 1973 4135 pro—

318 4156 701 4224 nuntiavit,in
724 4172 837 4227 quo
853 4157 1126 4211 etcontra
1146 4150 1359 4207 Bonosi
1374 4150 1980 4223 sectatores,aquibus

320 4252 610 4323 perpetua
658 4243 851 4300 Maria:
933 4241 1247 4316 virginitas
1302 4239 1717 4312 impetebatur,
1795 4240 1983 4296 multa

320 4334 668 4408 disputavit.
717 4332 969 4388 Przeﬁxis
1016 4334 1216 4387 autem
1265 4328 1406 4384 huic
1459 4326 1727 4383 concioni
1753 4327 1983 4384 duobus

323 4424 646 4498 capitibus,
680 4422 814 4476 inde
843 4419 1176 4493 composuit
1203 4416 1470 4473 libellum
1494 4432 1700 4484 unum,
1724 4416 1816 4471 cui
1850 4418 1987 4473 titu-

325 4515 455 4571 lum
489 4512 627 4568 fecit
661 4513 729 4566 De
760 4512 1105 4566 institutione
1138 4507 1390 4576 virginis,
1432 4510 1489 4559 et
1518 4504 1704 4559 eidem
1738 4504 1988 4562 Eusebio

326 4604 506 4657 illum
539 4599 842 4670 inscripsit
868 4598 1120 4667 (Admon.
1164 4597 1226 4650 in
1249 4592 1429 4650 eumd.
1464 4594 1607 4660 lib.).

406 4691 536 4745 124.
585 4691 822 4742 Exstant
884 4690 1162 4759 praeterea
1211 4683 1341 4738 duaa
1385 4680 1648 4753 epistolae
1696 4681 1769 4735 ad
1820 4683 1996 4738 Euse-

332 4780 510 4835 bium
572 4774 988 4844 Ambrosianae,
1022 4788 1276 4846 quarum
1336 4769 1517 4826 altera
1562 4769 1754 4841 (epist.
1787 4772 1879 4837 54)
1908 4788 1995 4827 re-

334 4867 593 4924 missam
623 4863 900 4919 oﬂ'ensam
932 4860 1349 4935 apparitori,et
1378 4856 1639 4914 Faustini
1665 4859 1826 4930 pueri
1850 4859 1998 4915 tussi

336 4951 672 5012 labbrantis
705 4952 775 5007 ad
808 4967 1064 5007 sororem
1099 4951 1415 5006 adventum
1436 4946 1521 5002 illi
1545 4946 2007 5015 nuntiat;altera

342 5042 545 5117 (epist.
595 5041 688 5113 55)
746 5040 1041 5114 signiﬁcat
1115 5040 1393 5096 eumdem
1461 5036 1803 5114 Faustinum
1870 5052 2006 5092 cum

344 5130 634 5190 Faustino
666 5132 825 5203 patre
856 5128 1182 5185 Bononiam
1213 5126 1464 5200 regredi,
1497 5127 1870 5182 manentibus
1918 5126 2006 5181 in-

345 5221 523 5278 terim
559 5218 867 5274 Mediolani
898 5219 1132 5275 duobus
1166 5216 1518 5273 Ambrosiis.

426 5310 553 5365 125.
590 5308 651 5362 In
684 5306 959 5380 Capuana
990 5307 1216 5380 synodo
1248 5305 1441 5377 capita
1486 5305 1601 5360 duo
1624 5304 1853 5360 fuerant
1891 5302 2011 5377 agi-

352 5404 477 5453 tata
508 5415 526 5450 :
561 5395 814 5468 primum
848 5395 920 5451 ad
944 5395 1203 5451 Flaviani
1234 5410 1368 5449 cum
1400 5392 1644 5466 Evagrio
1696 5393 1767 5448 de
1811 5392 2014 5447 Antio-

356 5486 551 5542 chena
580 5484 714 5539 sede
746 5485 1202 5540 controversiam
1228 5482 1576 5556 pertinebat,
1597 5481 1920 5537 secundum
1943 5481 2014 5536 ad

361 5573 580 5630 Bonosi
626 5589 867 5629 causam
915 5578 1153 5647 prepter
1195 5574 1467 5644 negatam
1511 5569 1768 5642 Deiparaa
1817 5586 2019 5642 perpe-

366 5670 535 5719 tuam
568 5661 963 5735 virginitatem
992 5661 1053 5718 in
1087 5661 1379 5734 judicium
1425 5658 1631 5715 vocati.
1666 5658 1879 5715 Prioris
1925 5674 2019 5731 ca-

1981 1871 2031 1936 B

2065 599 2353 673 episeOpis
2383 619 2417 658 a
2446 599 2691 657 laudato
2743 596 2991 654 concilio
3045 602 3328 661 attributa
3375 605 3582 663 fuerat.
3616 605 3730 664 Sed

2066 704 2200 745 cum
2232 690 2464 747 decreto
2490 686 2732 746 concilii
2768 684 3079 747 Flavianus
3109 710 3311 765 parere
3330 696 3729 763 detrectasset,

2067 778 2291 835 adierat
2331 781 2779 852 imperatorem,
2813 768 2994 848 aquo
3043 785 3505 842 numerosiorem
3557 801 3729 858 syno—

2065 866 2205 922 dum
2238 868 2658 940 postulaverat.
2686 866 3070 924 Ambresium
3097 870 3259 928 illius
3288 874 3367 930 rei
3401 873 3727 939 certiorem,

2066 957 2301 1028 scriptis
2343 958 2579 1023 litteris,
2610 957 2833 1011 fecerat
2863 955 3242 1031 Theophilus.
3277 964 3423 1019 Huic
3478 964 3729 1019 Ambro-

2063 1045 2187 1102 sius
2219 1061 2573 1119 responsum
2606 1043 2793 1110 dedit,
2821 1044 3067 1102 utlitem
3089 1048 3339 1117 illa‘m,si
3361 1051 3484 1108 fieri
3506 1054 3725 1123 posset,

2061 1136 2231 1190 salvis
2276 1136 2504 1191 concilii
2551 1134 2794 1199 Nicwni,
2826 1133 2925 1188 scd
2973 1140 3024 1190 et
3055 1139 3251 1210 synodi
3289 1139 3586 1212 Capuensis
3630 1138 3728 1195 de-
3781 1150 3788 1159 '

2060 1226 2223 1280 cretis
2286 1224 2480 1297 (epist.
2521 1222 2642 1295 56),
2724 1230 3121 1293 componeret,
3183 1228 3357 1300 idque
3428 1227 3728 1284 nuntiaret

2061 1314 2326 1369 Romano
2357 1312 2668 1385 episcopo;
2704 1312 2930 1384 optime
2960 1313 3116 1369 enim
3147 1314 3257 1371 hoc
3306 1316 3480 1372 modo
3521 1331 3723 1387 pacem

2061 1400 2360 1458 conciliari
2392 1418 2585 1473 posse,
2620 1400 2743 1457 illis
2772 1418 2908 1457 vero
2942 1417 3070 1473 quae
3100 1420 3135 1457 a
3162 1403 3423 1460 Romana
3472 1404 3727 1461 Ecclesia

2063 1491 2312 1563 probata
2342 1489 2617 1558 fuissent,
2652 1491 2980 1546 admodum
3008 1490 3257 1547 libenter
3280 1509 3343 1547 se
3370 1491 3729 1564 subscriptu-

2062 1595 2215 1634 rum.
2264 1579 2427 1644 Quod
2477 1595 2651 1650 porro
2683 1579 2754 1635 ad
2802 1580 3128 1644 Bonosum,
3181 1595 3424 1635 examen
3475 1580 3603 1648 ejus
3654 1581 3724 1637 ad

2060 1666 2351 1739 Anysium
2428 1666 3019 1725 Thessalonicensem
3091 1666 3352 1739 aliosque
3428 1665 3728 1739 episcopos

2062 1755 2420 1811 Macedonia:
2451 1758 2869 1814 remittendum
2902 1755 3155 1813 censuit.
3189 1759 3264 1811 At
3290 1754 3469 1812 iidem
3510 1771 3731 1827 praesu-

2061 1842 2149 1899 les
2181 1843 2281 1900 alii
2313 1844 2607 1918 episcopo,
2634 1847 2806 1917 cujus
2845 1862 3067 1902 nomen
3099 1844 3467 1918 incognitum
3517 1846 3623 1911 est,
3657 1845 3730 1900 de

2064 1932 2179 1988 hoc
2210 1933 2592 2005 scripserunt.
2626 1935 2729 1991 Hic
2754 1939 2950 1992 autem
3004 1933 3313 2005 respondit
3356 1948 3560 1989 eorum
3607 1931 3728 2004 epi-

2064 2021 2229 2078 stolas
2259 2021 2408 2094 ipsis
2439 2028 2764 2096 competere
2802 2024 2912 2081 hoc
2950 2022 3256 2096 judicium
3288 2022 3454 2095 (tom.
3488 2021 3557 2077 ΙΙ.
3590 2036 3727 2094 pag.

2068 2111 2272 2184 1008);
2307 2112 2364 2167 id
2423 2112 2577 2169 enim
2626 2113 2744 2170 illis
2769 2114 3058 2187 asynodo
3109 2111 3399 2185 Capuensi
3426 2109 3730 2183 adjudica-

2066 2202 2218 2256 tum.
2252 2200 2491 2257 Interim
2515 2206 2710 2259 tamen
2731 2202 2788 2258 in
2821 2219 2929 2258 sua
2954 2200 3218 2275 epistola
3246 2202 3517 2259 eumdem
3547 2199 3733 2256 Bono-

2068 2306 2204 2345 sum
2237 2291 2309 2347 de
2340 2290 2531 2346 Marias
2556 2291 2694 2348 ﬁliis
2720 2293 2850 2364 jure
2879 2291 3315 2364 reprehensum
3358 2286 3733 2350 asseveravit.

2143 2379 2268 2435 l26.
2317 2383 2451 2447 (AN.
2509 2380 2658 2452 393.)
2707 2381 3098 2452 Arhogastes,
3166 2387 3299 2455 post
3360 2381 3737 2439 interfectum

2068 2467 2573 2535 Valentinianum,
2606 2472 2671 2525 ut
2691 2470 2818 2541 jam
2845 2468 3141 2541 diximus,
3175 2489 3310 2529 cum
3335 2487 3572 2530 sumere
3602 2482 3741 2542 pur-

2068 2573 2283 2628 puram
2316 2558 2443 2629 ipse
2472 2574 2588 2613 non
2634 2557 2891 2623 auderet,
2916 2559 3137 2617 eadem
3168 2562 3493 2637 Eugenium
3557 2571 3744 2631 quon-

2068 2645 2207 2702 dam
2259 2646 2714 2719 grammaticum
2768 2649 2944 2717 atque
2984 2648 3291 2710 rhetorem
3321 2651 3489 2711 indui
3538 2645 3747 2723 jussit.

2069 2733 2173 2790 Hic
2204 2734 2405 2791 statim
2436 2738 2613 2806 atque
2646 2733 2963 2805 imperator
2983 2737 3288 2801 salutatus
3303 2747 3416 2814 est,
3430 2736 3752 2816 epistolam

2069 2823 2232 2879 dedit
2280 2824 2353 2880 ad
2403 2822 2805 2879 Ambrosium.
2838 2822 2949 2878 Sed
3004 2843 3120 2885 nec
3171 2850 3456 2907 responso
3504 2835 3754 2890 sanctus

2068 2913 2383 2985 episc0pus
2432 2912 2601 2967 illum
2647 2910 2926 2981 dignatus
2974 2921 3094 2984 est,
3149 2923 3290 2993 quia
3346 2922 3593 2984 scilicet
3637 2925 3756 2985 fore

2068 3002 2441 3094 praevidebat,
2475 3004 2541 3055 ut
2570 2998 2672 3094 hic
2696 3002 2978 3094 tyrannus
3003 3007 3384 3071 ethnicorum
3440 3030 3568 3074 non
3618 3018 3748 3094 reji-

2067 3093 2221 3183 ccret
2263 3089 2593 3183 petitiones.
2751 3090 3102 3183 primordiis,
3157 3100 3350 3176 inquit
3370 3104 3577 3177 (epist.
3626 3089 3720 3183 57)

2067 3157 2296 3268 imperii
2315 3179 2400 3233 tui
2426 3176 2690 3268 scribenti
2716 3157 2827 3268 non
2854 3157 3139 3255 rescripsi,
3176 3157 3740 3268 quiill—

2067 3266 2261 3322 debam
2301 3270 2575 3339 futurum.
2616 3264 3020 3340 Continuoque
3084 3278 3334 3338 subdit:
3372 3264 3576 3343 Tamen
3635 3291 3735 3346 ubi

2066 3371 2232 3410 causa
2264 3356 2484 3411 emersit
2513 3353 2687 3425 ofﬁcii
2713 3355 2825 3410 mei
2849 3372 2953 3427 pro
2999 3359 3115 3432 his,
3145 3371 3243 3439 qui
3295 3369 3737 3433 sollicitudinem

2066 3444 2163 3498 sui
2216 3446 2506 3516 gerebant,
2537 3447 2588 3499 et
2613 3444 2832 3515 scripsi,
2862 3449 2915 3501 et
2943 3456 3158 3522 rogavi,
3185 3466 3247 3514 ut
3287 3458 3633 3520 ostenderem
3675 3468 3738 3522 in

2068 3531 2249 3624 causis
2282 3534 2379 3588 Dei
2407 3533 2656 3589 timorem
2687 3533 2829 3624 mihi
2854 3536 3077 3606 justum
3120 3545 3318 3604 inesse.
3363 3546 3482 3604 Has
3525 3552 3740 3624 episto-

2072 3618 2181 3686 las,
2216 3636 2371 3691 quas
2400 3636 2552 3676 anno
2585 3619 2846 3691 proxime
2874 3624 3077 3697 elapso
3109 3632 3279 3691 datas
3325 3633 3513 3693 fuisse
3550 3618 3741 3695 mani-

2076 3709 2296 3764 festum
2327 3714 2437 3775 est,
2465 3706 2684 3764 invidia
2716 3708 3097 3796 antiquitatis
3127 3721 3317 3778 noluit
3350 3722 3421 3777 ad
3454 3727 3741 3796 posterio-

2077 3813 2200 3853 rem
2234 3802 2464 3855 zetatem
2496 3795 2810 3869 pervenire.

2154 3887 2282 3941 127.
2316 3885 2610 3959 Eugenius
2640 3884 2750 3940 sub
2780 3885 3020 3946 initium
3054 3896 3365 3966 praesentis
3394 3900 3536 3955 anni
3565 3899 3743 3974 Alpes

2085 3975 2375 4044 transivit,
2411 3991 2583 4047 quem
2616 3977 2682 4028 ut
2708 3974 2933 4033 audivit
2959 3988 3203 4041 sanctus
3232 3984 3585 4045 Ambrosius
3611 4006 3745 4047 ven-

2086 4068 2288 4119 turum
2320 4078 2554 4136 quoque
2583 4061 2998 4137 Mediolanum,
3029 4087 3063 4126 e
3090 4074 3337 4148 vestigio
3369 4073 3508 4134 inde
3554 4094 3742 4140 reces-

2090 4151 2205 4219 sit;
2240 4151 2381 4223 quia
2410 4150 2688 4207 nimirum
2730 4152 2879 4211 ferre
2927 4174 3045 4214 non
3098 4166 3327 4233 poterat
3369 4169 3741 4237 praesentiam

2094 4241 2346 4331 tyranni,
2412 4242 2527 4311 qui,
2580 4242 2905 4313 petentibus,
2956 4250 3023 4301 ut
3078 4250 3365 4308 Paulinus
3433 4263 3741 4331 memorat,

2094 4330 2358 4384 Flaviano
2388 4337 2521 4384 tunc
2565 4331 2847 4401 praefecto,
2888 4338 2942 4389 et
2993 4337 3292 4410 Arbogaste
3331 4346 3548 4413 comite,
3585 4364 3747 4404 aram

2104 4419 2358 4474 Victoria?
2404 4426 2456 4472 et
2509 4421 2757 4489 sumptus
2798 4427 3326 4486 caremoniarum...
3375 4432 3578 4491 oblitus
3620 4437 3750 4507 ﬁdei

2098 4522 2230 4596 suae,
2299 4507 2561 4596 concessit
2603 4507 2786 4576 (Paul.
2839 4511 2900 4564 in
2947 4514 3073 4568 Vita
3140 4516 3326 4573 Ambr.
3367 4536 3426 4575 n.
3480 4523 3591 4596 26).
3636 4526 3747 4582 Sed

2026 4609 2071 4672 D
2110 4593 2435 4666 Eugenium
2504 4610 2637 4649 cum
2695 4597 3002 4668 gentilium
3047 4618 3249 4674 preces
3296 4606 3387 4664 bis
3430 4593 3750 4682 rejecisset,

2106 4684 2277 4738 tertio
2333 4683 2573 4739 tandem
2604 4684 2806 4740 eadem
2838 4688 2911 4742 de
2955 4706 3016 4746 re
3065 4690 3502 4767 interpellatum
3541 4716 3754 4755 manus

2108 4772 2342 4869 dedisse
2387 4771 2777 4846 intelligimus
2826 4792 2893 4869 ea
2929 4794 2998 4834 ea
3040 4781 3309 4854 epistola,
3356 4801 3474 4857 qua
3515 4790 3753 4844 sanctus

2113 4863 2427 4931 episcopus
2475 4876 2741 4917 recessus
2783 4863 2874 4918 sui
2933 4865 3120 4923 eidem
3164 4870 3419 4942 Eugenio
3470 4873 3754 4930 rationem

2116 4947 2369 5003 reddidit
2398 4948 2590 5020 (epist.
2641 4950 2733 5020 57,
2785 4969 2948 5009 num.
2982 4956 3057 5028 6).
3086 4959 3431 5014 Ambrosius
3470 4976 3661 5031 porro,
3692 4966 3760 5019 ut

2120 5035 2402 5092 Paulinus
2432 5038 2617 5107 docet,
2650 5040 2977 5099 Mediolano
3019 5044 3091 5099 ad
3131 5047 3526 5103 Bononiensem
3559 5050 3759 5107 civita-

2118 5131 2250 5195 tem,
2283 5134 2440 5197 atque
2478 5127 2605 5184 inde
2647 5131 2965 5187 Faventiam
3003 5149 3171 5204 usque
3230 5136 3476 5204 perrexit
3514 5137 3598 5209 (in
3642 5139 3763 5196 Vita

2120 5216 2306 5271 Ambr.
2354 5233 2412 5271 n.
2444 5217 2558 5288 27).
2591 5218 2768 5272 Addit
2815 5217 2909 5274 ille
2956 5219 3203 5291 scriptor
3237 5222 3616 5281 Ambrosium
3654 5243 3763 5284 no-

2124 5309 2314 5361 strum
2348 5305 2488 5359 dum
2520 5305 2818 5362 Florentia
2842 5308 3357 5381 esset,Pansophio
3378 5328 3559 5383 puero
3584 5315 3768 5374 vitam

2126 5393 2458 5449 restituisse
2494 5411 2506 5448 :
2540 5394 2619 5448 Ad
2672 5410 2830 5463 quem
2875 5396 3233 5466 infamatum,
3277 5398 3491 5472 inquit,
3523 5404 3768 5462 libellum

2126 5485 2471 5554 conscripsit,
2502 5485 2562 5536 ut
2591 5480 2730 5553 quod
2752 5498 2858 5551 per
2890 5487 3076 5541 aetatis
3117 5486 3424 5561 infantiam
3476 5493 3619 5548 scire
3659 5510 3775 5550 non

2124 5576 2381 5661 poterat,
2398 5570 2629 5661 tegendo
2642 5575 3179 5661 —cognosceret.(lbid.
3205 5593 3370 5633 num.
3401 5582 3516 5653 28).

2206 5664 2326 5717 128.
2367 5658 2491 5716 Non
2533 5658 2705 5716 rediit
2765 5658 3009 5720 sanctus
3072 5666 3318 5724 antistes
3363 5667 3786 5743 Mediolanum,
