4172 6182
389 351 509 419 illi

1736 350 1922 416 VITA
1962 351 2031 415 S.
2076 348 2452 417 AMBROSII

3678 353 3797 419 116

388 488 507 547 nisi
555 488 678 550 Kal.
709 490 931 549 mensis
964 492 1210 567 Augusti
1263 491 1395 547 anni
1454 487 1772 560 sequentis,
1799 502 2033 559 egresso
2062 484 2117 551 Α
2146 484 2352 555 luerat,
2384 492 2441 543 et
2470 504 2644 560 quem
2686 485 2862 546 etiam
2907 505 3084 563 super
3126 490 3329 548 eadem
3366 498 3440 546 're
3487 487 3794 563 scripsisse

388 580 527 637 inde
565 588 889 640 memorato
932 588 1180 657 tyranno
1236 581 1426 651 (epist.
1477 580 1589 646 6t).
1625 579 1748 642 Qua
1797 593 1932 631 vero
1975 575 2035 630 in

387 670 534 726 urbe
564 687 668 743 per
686 672 794 728 hoc
826 673 1080 746 spatium
1113 670 1487 742 potissimum
1518 671 1914 721 commoratus
1937 665 2034 735 sit,

386 760 561 816 nobis
588 760 854 834 ignotum
887 766 976 817 est
1008 778 1019 814 :
1054 764 1414 830 compertum
1446 761 1640 813 autem
1672 755 1816 810 illud
1858 755 2033 811 habe-

386 864 527 906 mus
557 867 692 905 cum
722 855 874 906 esset
904 847 1191 916 Bononiae,
1225 847 1296 901 ab
1326 863 1391 902 eo
1421 863 1663 917 corpora.
1705 844 1916 900 Vitalis
1948 847 2036 899 at-

388 955 505 1011 que
550 940 829 1012 Agricolae
882 943 1205 1008 martyrum
1261 937 1478 994 Christi
1528 939 1600 993 de
1639 935 1868 991 tumulo
1927 951 2033 990 suo

384 1027 576 1085 levata
599 1044 764 1095 esse;
798 1044 924 1098 qum
955 1026 1193 1098 quidem
1226 1026 1390 1098 prius
1421 1028 1481 1081 in
1515 1025 1723 1081 mediis
1755 1024 1899 1096 ipsis
1925 1024 2034 1079 Ju-

392 1110 650 1173 déorum
694 1115 977 1187 sepulcris
1017 1116 1295 1185 jacebant
1340 1115 1654 1185 incognita.
1688 1116 1806 1170 nisi
1844 1130 1918 1179 se,
1954 1112 2035 1167 ait

388 1205 689 1273 Paulinus,
721 1208 900 1261 sancti
928 1214 1197 1275 martyres
1235 1204 1508 1259 sacerdoti
1551 1206 1659 1272 ipsi
1706 1202 2032 1259 revelassent

389 1292 575 1366 (Paul.
609 1293 667 1347 in
705 1296 835 1348 Vita
865 1294 1052 1349 Ambr.
1089 1310 1253 1347 num.
1277 1292 1504 1363 ‘29),aut
1535 1292 2029 1364 quemadmodum

388 1383 587 1456 plures
618 1383 845 1437 codices
878 1382 1099 1455 legunt,
1131 1382 1401 1437 sacerdoti
1447 1383 1619 1453 ipsius
1660 1381 1903 1437 ecclesiae
1945 1395 2030 1433 re-

384 1471 675 1539 velasseut,
704 1471 1055 1526 Bononiensi
1090 1470 1365 1525 nimirum
1401 1470 1689 1542 episcopo.

454 1562 580 1617 129.
626 1561 745 1615 Sub
795 1561 947 1614 idem
1013 1564 1246 1630 tempus
1312 1562 1552 1631 rogatus
1601 1576 1634 1613 a
1681 1557 2032 1613 Florentinis

382 1654 622 1707 sanctus
649 1650 1016 1715 Ambrosius,
1042 1652 1106 1703 ut
1134 1649 1466 1703 dedicatum
1492 1665 1697 1704 novam
1728 1647 2031 1704 basilicam

384 1738 733 1795 Florentiam
794 1739 1111 1804 accederet,
1155 1755 1269 1793 non
1334 1736 1523 1808 potuit
1579 1737 2030 1792 instantissimis

383 1826 617 1883 illorum
674 1827 984 1899 postulatis
1034 1844 1145 1882 non
1199 1843 1475 1891 annuere,
1527 1826 1755 1881 etiamsi
1809 1825 1922 1881 alio
1967 1843 2030 1881 se
2062 1854 2108 1919 B

384 1917 646 1972 conferre
700 1917 827 1986 ipse
884 1917 1214 1971 decreverat
1262 1915 1508 1986 (Admon.
1560 1917 1621 1969 in
1675 1915 1771 1970 lib.
1806 1915 2028 1970 Exhort.

382 2005 695 2074 virg.).Per
717 2005 943 2075 jejunis
974 2003 1151 2075 igitur
1170 2002 1639 2074 Quadragesimse
1671 2004 1727 2058 in
1763 2005 2027 2060 eamdem

382 2094 624 2150 veniens
665 2094 977 2160 civitatem,
1010 2093 1082 2148 de
1124 2092 1388 2163 reliquiis
1431 2096 1767 2147 sanctorum
1811 2097 2032 2164 marty-

384 2200 517 2238 rum
550 2181 649 2254 qui
682 2182 950 2237 Bononiae
978 2181 1276 2236 exhumati
1311 2182 1558 2249 fuerant,
1576 2181 1922 2253 fragmenta,
1939 2182 2028 2237 vel

382 2275 449 2327 ut
505 2272 631 2342 ipse
685 2276 849 2326 vocat
896 2271 1143 2341 (Exhort.
1196 2270 1387 2340 virg.),
1442 2271 1773 2341 epaphoreta
1829 2288 2027 2326 secum

382 2359 590 2417 detulit
617 2378 744 2431 quae
781 2361 841 2414 in
888 2359 1130 2415 basilica
1183 2359 1435 2414 dicanda
1484 2361 1841 2416 reconderet.
1877 2364 2031 2416 Inter

380 2466 578 2505 sacras
608 2448 788 2518 hujus
819 2447 1268 2503 consecrationis
1299 2448 1675 2504 ceremonias
1697 2465 2026 2504 sermonem

378 2536 605 2604 habuit,
638 2537 697 2591 in
731 2553 847 2608 quo
887 2536 1178 2592 Julianam
1219 2536 1479 2601 viduam,
1510 2554 1640 2609 quae
1688 2537 1841 2591 idem
1880 2537 2024 2592 illud

374 2626 663 2698 templum
686 2625 1001 2681 aedificarat
1031 2626 1368 2695 sumptibus
1398 2625 1541 2690 suis,
1568 2642 1800 2681 summe
1825 2627 2029 2698 praedi-

374 2719 503 2783 cat;
535 2718 592 2770 et
621 2714 804 2770 relata
834 2715 1096 2784 ejusdem
1129 2714 1529 2769 exhortatione
1559 2715 1628 2768 ad
1664 2714 1900 2780 liberos,
1926 2715 2024 2785 qui

374 2820 579 2860 omnes
629 2802 807 2858 simul
837 2820 905 2859 ea
944 2803 1187 2874 permoti
1222 2803 1336 2859 Deo
1380 2819 1441 2857 se
1491 2803 1856 2869 devoverant,
1893 2820 2025 2858 eos-

374 2892 508 2948 dem
540 2892 666 2947 suis
695 2892 821 2964 ipse
848 2891 1041 2947 verbis
1071 2891 1307 2945 tandem
1348 2890 1689 2962 alloquitur,
1721 2895 1896 2962 atque
1950 2894 2020 2947 ad

373 2981 624 3036 virtutes
655 2996 857 3035 eorum
891 2980 1162 3034 instituto
1193 2995 1483 3049 congruas
1515 2978 1763 3050 impellit
1791 2983 1847 3035 et
1878 2981 2021 3035 inci-

372 3071 478 3125 tat.
512 3069 672 3125 Hanc
719 3069 911 3140 ipsam
961 3066 1299 3122 concionem
1330 3065 1617 3122 habemus
1656 3067 1828 3123 etiam
1865 3086 2023 3124 nunc

378 3157 441 3213 in
472 3156 671 3214 libello
703 3157 803 3228 qui
833 3154 1178 3211 inscribitur
1206 3154 1526 3213 Exhortatio
1552 3158 1908 3227 virginitatis.

454 3220 1327 3315 430.1lifficillimisEugenianre
1359 3220 1773 3301 dominationis
1805 3251 2027 3318 tempo-
2056 3220 2099 3287 C

382 3334 568 3401 ribus,
600 3335 657 3389 id
689 3338 795 3395 est,
830 3332 939 3387 hoc
969 3349 1122 3387 anno
1151 3333 1238 3387 vel
1271 3332 1528 3403 proxime
1567 3336 1854 3405 sequenti,
1886 3339 2024 3389 Am-

380 3425 615 3479 brosius
644 3420 953 3492 epistolam
1012 3422 1217 3477 Severo
1256 3420 1645 3493 Neapolitana;
1699 3424 1853 3478 sedis
1910 3424 2026 3495 epi-

381 3527 558 3582 scopo
619 3509 873 3580 scripsit,
925 3527 1043 3580 qua
1096 3510 1379 3565 Jacobum
1451 3511 1764 3581 quemdam
1824 3512 2026 3567 ordine

381 3599 784 3671 presbyterum
843 3615 912 3653 ex
939 3599 1133 3653 ultimo
1175 3598 1413 3653 Persidis
1463 3600 1590 3653 sinu
1621 3600 1811 3668 (epist.
1840 3601 1931 3673 59)
1964 3601 2021 3656 in

378 3686 709 3759 Campaniae
740 3686 1085 3742 solitudines
1116 3704 1178 3742 se
1203 3688 1575 3759 recipientem
1608 3687 1691 3742 illi
1725 3705 2021 3744 commen-

378 3777 496 3832 dat.
530 3776 654 3831 Non
684 3779 878 3831 tamen
913 3776 1124 3831 desunt
1154 3775 1253 3847 qui
1286 3775 1436 3831 hanc
1467 3775 1777 3847 epistolam
1811 3778 1881 3831 ad
1908 3778 2022 3832 Ma-

374 3864 617 3922 ximiani
649 3864 786 3921 belli
836 3869 1102 3937 tempora
1134 3869 1412 3920 censeant
1444 3864 1823 3920 referendam.
1857 3868 2019 3932 Quod

372 3952 499 4011 loco
524 3970 631 4010 suo
659 3955 804 4010 satis
834 3953 1179 4026 expenditur
1209 3953 1453 4025 (Adamn.
1485 3955 1549 4008 in
1604 3954 1780 4010 eamd.
1814 3956 2015 4027 epist.).

444 4045 566 4100 131.
607 4042 850 4114 Scripsit
897 4043 986 4096 vir
1031 4046 1271 4097 sanctus
1320 4042 1512 4113 (epist.
1545 4043 1635 4114 60)
1686 4043 1861 4098 etiam
1916 4045 2016 4101 Pa-

372 4136 539 4189 terno
585 4130 1018 4203 amplissimum
1065 4130 1344 4185 honorem
1386 4137 1717 4197 consecuto,
1752 4133 1845 4202 qui
1879 4150 2013 4189 cum

371 4222 488 4293 ﬁlio
543 4228 758 4290 neptem
811 4234 881 4272 ex
936 4220 1057 4287 ﬁlia
1108 4218 1443 4274 connubiali
1489 4219 1723 4275 vinculo
1762 4221 2014 4291 jungere

373 4307 696 4371 statuisset,
719 4305 974 4376 episcopi
1008 4306 1099 4361 sui
1130 4306 1238 4361 hac
1268 4307 1328 4361 in
1355 4324 1416 4362 re
1446 4308 1794 4363 sententiam
1828 4309 2015 4365 fuerat

372 4394 725 4461 sciscitatus,
757 4400 817 4448 et
846 4394 917 4448 ab
947 4410 1012 4448 eo
1043 4395 1327 4450 remissus
1366 4396 1435 4449 ad
1472 4397 1870 4451 Ambrosium.
1906 4402 2012 4452 Pa-

367 4487 574 4540 ternus
603 4482 783 4554 igitur
821 4482 1128 4538 destinatis
1169 4484 1237 4538 ad
1288 4484 1445 4538 hunc
1492 4483 1724 4549 litteris,
1758 4485 2012 4541 rationes

2145 577 2215 631 ad
2249 583 2521 634 sanctum
2553 579 2875 636 antistitem
2902 596 2970 637 ex
3000 580 3110 638 hac
3139 579 3386 654 epistola
3444 595 3792 654 cognoscere

2144 671 2251 722 est.

2217 757 2338 812 133.
2364 764 2472 812 AN.
2515 758 2665 829 394.)
2697 759 2885 831 Hujus
2932 776 3167 832 quoque
3224 759 3364 815 anni
3414 762 3642 832 partem
3691 759 3797 815 ali-

2143 861 2321 917 quam
2355 846 2655 902 Florentiae
2686 848 2873 920 exegit
2902 849 3279 917 Ambrosius;
3314 848 3795 921 quandoquidem

2143 934 2474 990 communis
2502 935 2610 990 fert
2640 936 2860 1007 opinio,
2893 937 3038 992 dum
3068 937 3126 992 in
3173 954 3241 993 ea
3282 938 3423 993 urbe
3464 953 3798 993 commora-

2142 1028 2322 1087 retur,
2357 1023 2492 1078 illac
2524 1025 2829 1080 transiisse
2860 1030 3130 1081 sanctum
3160 1026 3490 1090 Paulinum,
3524 1030 3590 1082 ut
3618 1026 3798 1082 comi-

2141 1115 2299 1167 tante
2328 1112 2611 1168 Therasia
2639 1116 2887 1186 conjuge
2912 1114 3120 1170 Nolam
3148 1115 3222 1170 ad
3253 1113 3460 1170 Felicis
3516 1115 3796 1188 martyris

2140 1199 2426 1271 templum
2470 1217 2533 1255 se
2582 1203 2882 1273 reciperet.
2912 1202 3189 1258 Audierat
3224 1204 3349 1274 jam
3399 1209 3638 1260 sanctus
3669 1203 3796 1273 epi-

2141 1305 2353 1360 scopus
2385 1295 2603 1361 quanto
2633 1293 2989 1347 caducarum
3022 1308 3216 1347 rerum
3263 1296 3603 1365 contemptu
3664 1292 3796 1366 ipse

2140 1394 2205 1433 ac
2255 1379 2533 1434 Therasia
2577 1379 2827 1451 pretium
2877 1380 3318 1452 possessionum
3362 1398 3627 1448 suarum,
3661 1399 3793 1456 quas

2140 1467 2377 1540 quidem
2411 1469 2640 1523 fuerant
2669 1469 3070 1541 amplissimas,
3108 1470 3161 1524 in
3196 1487 3482 1543 pauperes
3519 1488 3794 1545 erogave-

2140 1561 2308 1611 rant:
2345 1574 2521 1628 quam
2556 1558 2863 1630 utriusque
2894 1557 3345 1631 generositatem
3378 1563 3583 1616 contra
3613 1578 3794 1618 saecu-

2138 1642 2351 1700 larium
2416 1644 2723 1701 hominum
2788 1647 3227 1711 oblatrationes,
3293 1648 3510 1720 scripta
3572 1649 3795 1707 Sabino

2138 1732 2406 1805 epistola,
2429 1735 2555 1805 ipse
2581 1734 2918 1790 defenderat
2949 1735 3141 1807 (epist.
3156 1735 3426 1807 58).Inde
3455 1739 3798 1809 conjectura

2138 1821 2271 1879 licet
2299 1824 2533 1894 assequi
2566 1828 2785 1895 quanta
2816 1839 2951 1879 cum
2984 1823 3185 1879 laetitia
3212 1829 3269 1880 et
3296 1824 3591 1899 voluptate
3619 1827 3794 1884 illum

2139 1911 2446 1983 exceperit.
2480 1913 2641 1967 Certe
2683 1930 2800 1967 non
2847 1914 3213 1984 repentinam
3264 1930 3455 1986 neque
3503 1933 3791 1988 nuperum

2140 2001 2322 2057 fuisse
2353 2001 2646 2057 Ambrosii
2687 2018 2821 2056 cum
2870 2002 3072 2057 eodem
3116 2001 3358 2059 Paulino
3404 2005 3796 2061 necessitudi-

2139 2081 2274 2144 nem
2323 2094 2519 2161 apcrte
2572 2089 2856 2145 Paulinus
2905 2090 3031 2162 ipse
3083 2092 3407 2163 profitetur.
3441 2092 3687 2165 loquens
3727 2094 3791 2149 in

2138 2177 2260 2232 haec
2315 2178 2491 2233 verba
2531 2194 2544 2232 :
2588 2179 2861 2234 Ambrosii
2904 2196 3116 2250 semper
3160 2181 3448 2237 dilectione
3501 2183 3571 2238 ad
3625 2183 3793 2254 ﬁiem

2137 2267 2444 2321 innutritus
2469 2283 2612 2332 sum,
2626 2271 2677 2322 et
2705 2285 2852 2323 nunc
2880 2270 2941 2323 in
2958 2269 3251 2324 sacerdotii
3266 2268 3460 2326 ordine
3481 2272 3787 2342 confoveor,

2136 2354 2375 2426 Denique
2402 2370 2496 2409 suo
2524 2372 2611 2411 me
2640 2356 2783 2411 clero
2814 2356 3094 2412 vindicare
3133 2357 3329 2424 voluit,
3368 2361 3427 2412 ut
3464 2361 3564 2415 etsi
3599 2360 3787 2417 diver-

2135 2444 2210 2499 sis
2257 2445 2387 2499 locis
2437 2444 2647 2514 degam,
2686 2447 2857 2512 ipsius
2893 2448 3180 2517 presbyter
3226 2462 3448 2503 censear
3491 2448 3674 2520 (Paul.
3723 2451 3785 2505 in

2135 2532 2305 2602 epist.
2357 2534 2409 2599 4,
2446 2533 2518 2587 ad
2562 2533 2767 2606 Alyp.).
2803 2534 3001 2606 Neque
3043 2534 3152 2589 hoc
3199 2538 3431 2591 tantum
3481 2535 3601 2592 loco
3639 2541 3783 2592 Am-

2138 2620 2313 2675 brosii
2359 2621 2670 2688 meminit;
2702 2623 2804 2677 sed
2849 2640 2983 2679 cum
3034 2622 3196 2690 alibi,
3226 2627 3356 2679 tum
3407 2625 3504 2680 ubi
3550 2627 3784 2699 magnis

2136 2707 2250 2762 illis
2281 2726 2347 2764 ac
2379 2711 2598 2765 sanctis
2628 2710 2770 2766 viris
2792 2713 2890 2782 qui
2924 2712 3382 2768 sacrminerum
3410 2731 3648 2770 suorum
3679 2715 3785 2771 de-

2134 2799 2322 2869 posito
2352 2799 2542 2854 varias
2573 2800 2898 2871 provincias
2929 2799 3316 2870 illustrarunt,
3351 2803 3543 2874 ipsum
3591 2820 3783 2860 annu—

2134 2902 2389 2953 merans,
2417 2887 2501 2943 sic
2531 2888 2600 2942 de
2634 2888 2732 2943 illo
2763 2889 2921 2945 canit
2958 2907 2971 2945 :

2318 3010 2634 3075 Necgminor
2661 3011 2899 3061 occiduis
2928 3012 3125 3063 eﬂ'ulsit
3153 3014 3325 3075 gratia
3362 3016 3517 3065 terris
3547 3030 3560 3064 :

2323 3073 2637 3122 Ambrosius
2667 3075 2829 3132 Latio,
2867 3073 3180 3125 Vincentius
3212 3080 3379 3125 exstat
3406 3076 3583 3127 liberis
3609 3080 3628 3127 ἱ

2315 3135 2476 3184 Gallia
2502 3135 2811 3196 Martinam,
2844 3137 3159 3200 Delphinum
3183 3139 3470 3201 Aquitania
3500 3140 3749 3203 sumpsit.

2509 3214 2581 3276 (S.
2612 3215 2756 3265 Paul.
2789 3215 2956 3265 Poem.
2987 3218 3065 3277 27,
3102 3218 3165 3267 de
3190 3218 3315 3268 Nat.
3345 3218 3400 3268 S.
3432 3217 3535 3268 Fel.
3565 3220 3653 3283 ll.)

2208 3330 2328 3384 134.
2356 3330 2703 3386 Ambrosius
2733 3330 3079 3397 Mediolano,
3106 3337 3172 3387 ut
3200 3350 3381 3404 supra
3410 3334 3634 3390 dictum
3663 3341 3781 3404 est,

2132 3416 2260 3473 ideo
2293 3424 2630 3483 secesserat,
2665 3436 2735 3474 ne
2765 3420 3008 3492 Eugenii
3037 3421 3302 3476 scelerati
3334 3420 3592 3478 hominis
3637 3440 3783 3479 con-

2134 3512 2398 3576 spectum
2434 3507 2624 3575 ferret,
2657 3512 2712 3564 et
2736 3508 2855 3564 veri
2886 3509 3203 3565 admodum
3227 3509 3397 3566 nobis
3455 3510 3646 3567 simile
3693 3518 3789 3568 est

2131 3595 2355 3650 clericis
2387 3596 2511 3651 suis
2541 3613 2675 3652 eum
2706 3598 2965 3652 districts
2995 3597 3386 3670 prohibuisse,
3420 3617 3492 3656 ne
3518 3617 3580 3656 se
3617 3617 3782 3656 com-

2132 3684 2411 3739 munione
2448 3685 2711 3755 ejusdem
2761 3686 2990 3757 tyranni
3038 3687 3529 3744 contaminarent.
3554 3690 3781 3747 Munera

2129 3772 2285 3828 enim
2351 3774 2699 3840 imperatoris
2752 3776 2848 3844 qui
2900 3791 2959 3829 se
3007 3776 3295 3847 sacrilegio
3333 3780 3778 3850 commiscuerat,

2129 3860 2321 3933 inquit
2399 3861 2701 3923 Paulin-s,
2752 3864 2819 3918 ab
2890 3864 3122 3920 Ecclesia
3193 3868 3608 3936 respuebantur,
3676 3885 3781 3923 nec

2126 3951 2324 4006 orandi
2361 3952 2453 4006 illi
2488 3967 2613 4006 cum
2665 3952 2904 4008 Ecclesia
2938 3955 3160 4009 societas
3203 3954 3552 4011 tribuebatur
3588 3957 3775 4028 (Paul.

2127 4041 2186 4094 in
2238 4040 2351 4096 Vita
2389 4040 2597 4105 Ambr.,
2632 4057 2784 4096 num.
2825 4042 2936 4112 3|).
2964 4042 3319 4114 Arbogastes
3363 4061 3495 4100 vero
3543 4049 3601 4101 et
3644 4044 3778 4101 Fla-

2122 4128 2349 4195 vianus,
2383 4128 2482 4201 qui
2529 4130 2601 4185 ob
2652 4146 2989 4186 concessam
3036 4130 3159 4187 suis
3210 4132 3484 4203 precibus
3539 4134 3775 4206 profani

2124 4216 2320 4272 cultus
2395 4218 2820 4273 restitutionem
2882 4218 2990 4274 hac
3061 4220 3387 4293 ignominia
3448 4222 3778 4294 Eugenium

2124 4305 2274 4360 affici
2322 4324 2437 4361 non
2472 4307 2837 4379 ignorabant,
2871 4323 2937 4363 eo
2983 4308 3199 4364 furoris
3228 4326 3515 4378 exarsere,
3550 4316 3616 4365 ut
3665 4312 3780 4367 mi-

2123 4400 2403 4450 narentur
2431 4396 2765 4465 egredientes
2797 4396 3115 4465 Mediolano,
3149 4414 3275 4453 cum
3302 4401 3527 4455 victores
3574 4403 3784 4456 reversi

2122 4487 2317 4547 essent,
2349 4483 2629 4539 stabulum
2659 4501 2714 4539 se
2735 4500 2847 4539 esse
2885 4488 3129 4555 facturos
3170 4488 3230 4541 in
3272 4488 3497 4543 basilica
3539 4489 3780 4545 ecclesth

368 4589 573 4630 omnes
620 4571 836 4644 quibus
885 4571 953 4624 ad
1004 4570 1400 4641 copulandum
1448 4572 1602 4642 nepti
1653 4571 2009 4628 avunculum
2042 4584 2088 4648 Ι)
2118 4572 2554 4636 Mediolanensis,
2615 4577 2776 4643 atque
2821 4573 3045 4629 clericos
3092 4574 3190 4629 sub
3237 4578 3408 4631 armis
3451 4577 3779 4649 probaturos

364 4660 782 4735 impelleretur,
807 4659 917 4730 ipsi
950 4659 1353 4731 aperiiit.Huic
1384 4660 1638 4732 epistolae
1669 4660 1751 4715 ita
1782 4678 2014 4733 respon-

359 4751 447 4807 dit
474 4753 716 4807 sanctus
746 4747 1115 4815 Ambrosinus,
1150 4752 1215 4801 ut
1245 4747 1423 4803 simul
1454 4749 1725 4820 episcopo
1776 4749 2007 4804 Paterni

360 4839 641 4895 honorem
681 4837 933 4893 deferret
981 4835 1331 4908 legitimum,
1382 4841 1437 4891 et
1485 4837 1740 4892 rationes
1792 4838 2008 4909 quibus

359 4926 504 4982 illud
538 4924 983 4982 matrimonium
1012 4923 1236 4979 licitum
1265 4924 1473 4979 essein
1498 4925 2006 4983 menteminduxe-

360 5020 450 5072 rat
478 5016 634 5071 idem
665 5018 973 5077 Paternus,
1006 5014 1197 5068 nullas
1238 5014 1681 5072 demonstraret.

431 5105 554 5159 132.
589 5103 875 5157 Successu
937 5119 1050 5157 non
1096 5103 1284 5157 caruit
1330 5103 1723 5159 Ambrosiana
1755 5102 1852 5159 illa
1882 5106 2004 5176 epi-

360 5190 542 5258 stola;
577 5205 832 5259 namque
872 5189 1047 5245 aliam
1078 5191 1268 5261 (epist.
1301 5190 1391 5259 84)
1421 5191 1551 5260 ejus
1593 5190 1876 5247 habemus
1930 5194 2000 5247 ad

357 5279 695 5353 Cynegium,
732 5278 787 5331 in
817 5294 931 5348 qua
963 5278 1210 5349 legimus
1243 5295 1257 5333 :
1287 5280 1394 5333 Avo
1424 5283 1663 5348 neptem,
1697 5284 1757 5334 ut
1788 5283 1999 5351 opinor,

357 5368 572 5439 retudi;
604 5384 767 5438 quam
794 5370 973 5423 nescio
1001 5370 1163 5439 plane
1203 5385 1310 5440 qua
1355 5370 1611 5440 opinione
1656 5385 1858 5423 nurum
1897 5370 2005 5424 sibi

357 5458 481 5527 ﬁeri
525 5456 887 5523 desiderabat,
936 5465 995 5511 ut
1053 5474 1214 5511 arum
1280 5474 1460 5512 socero
1520 5460 1775 5512 mutaret.
1838 5456 2001 5514 Hunc

351 5546 507 5603 enim
531 5544 849 5620 Cynegium
886 5562 998 5600 non
1032 5545 1373 5601 dubitamus
1393 5562 1526 5601 eum
1558 5545 1789 5600 Paterni
1816 5544 1998 5601 lilium

348 5651 496 5703 esse,
519 5637 588 5692 de
618 5649 745 5709 quo
774 5631 1058 5691 Paternus
1088 5634 1469 5691 Ambrosium
1500 5638 1765 5691 nostrum
1797 5651 2003 5693 consu-

2122 4660 2332 4730 (Ibid.).
2359 4660 2516 4716 Hanc
2545 4665 2741 4716 autem
2772 4662 3096 4718 amentium
3140 4661 3447 4719 hominum
3497 4665 3774 4738 impieta-

2118 4753 2235 4803 tem
2266 4748 2418 4803 haud
2461 4749 2812 4821 impunitam
2846 4748 2962 4805 illis
2994 4751 3174 4806 tuisse
3223 4752 3425 4807 subdit
3466 4752 3774 4821 Paulinus,

2117 4841 2174 4891 et
2201 4837 2549 4893 Ambrosius
2572 4854 2804 4910 quoque
2832 4838 2985 4894 idem
3016 4843 3264 4895 testatur
3294 4841 3515 4912 (Enarr.
3538 4843 3598 4897 in
3621 4845 3774 4914 psal.

2115 4942 2305 4993 xxxvr,
2342 4943 2504 4981 num.
2534 4926 2649 4999 25),
2683 4927 2783 4982 sed
2819 4927 3160 4984 nominibus
3191 4930 3423 4985 comitis
3456 4930 3775 5003 utriusque

2116 5013 2348 5070 silentio
2378 5016 2767 5071 transmissis.

2187 5104 2307 5158 135.
2347 5103 2449 5158 Ubi
2482 5104 2734 5174 primum
2772 5103 3095 5161 Mediolano
3148 5108 3398 5165 excessit
3440 5108 3766 5181 Eugenius,

2113 5197 2179 5246 ut
2225 5192 2423 5261 copias
2463 5193 2521 5246 in
2570 5192 2966 5248 Theodosium
3011 5194 3263 5250 duceret.
3301 5196 3356 5250 in
3400 5212 3528 5252 eam
3565 5197 3770 5253 civita-

2113 5285 2226 5335 tem
2262 5281 2490 5335 circiter
2518 5280 2634 5336 kal.
2660 5287 2962 5353 Augustas
2996 5283 3168 5339 rediit
3192 5284 3541 5342 Ambrosius
3568 5285 3768 5358 (epist.

2110 5368 2222 5440 6t),
2276 5370 2492 5441 quippe
2538 5370 2637 5441 qui
2706 5387 2821 5427 non
2863 5377 3159 5428 revocaret
3209 5372 3266 5428 in
3320 5374 3568 5430 dubium
3620 5376 3768 5448 quin

2112 5456 2248 5512 huic
2279 5458 2466 5514 eidem
2498 5459 2822 5515 Theodosio
2861 5461 3107 5533 justitim
3157 5480 3224 5518 ac
3272 5463 3506 5536 pietatis
3567 5469 3768 5536 partes

2111 5546 2441 5603 defendenti
2476 5548 2814 5604 adfuturum
2859 5556 3014 5607 esset
3042 5551 3274 5609 caeleste
3299 5552 3660 5625 praesidium.
3700 5553 3769 5609 Et

2111 5651 2307 5691 revera
2336 5653 2586 5710 magnus
2622 5636 2719 5695 ille
2746 5638 3019 5712 princeps
3049 5644 3170 5697 tam
3218 5640 3624 5699 admirabilem
3670 5658 3761 5698 re-
