4122 6186
257 395 374 459 117
1331 398 1437 464 EX
1478 397 1668 467 EJUS
1713 394 2202 465 POTISSIMUM
2244 396 2617 465 SCRIPTIS.
3229 393 3235 400 ’
3538 393 3657 468 ΗΘ

251 533 392 591 tulit
436 532 762 604 vicioriam,
815 539 879 593 ut
923 531 1210 596 miracula
1256 536 1473 611 quibus
1519 538 1723 596 eadem
1765 536 1904 593 illu-
1934 533 1989 603 Α
2018 534 2170 593 obita
2200 535 2386 595 Theod.
2420 555 2480 593 n.
2528 534 2641 611 35).
2675 533 2833 595 Obiit
2883 538 3105 607 autem,
3136 533 3205 595 ut
3247 532 3424 614 vulgo
3472 533 3657 597 volun

252 630 441 684 strata
486 630 596 696 est,
658 644 775 684 non
824 628 998 686 modo
1041 627 1252 702 praesul
1310 633 1505 688 noster
1561 629 1781 701 (Enarr.
1843 630 1903 683 in
2013 642 2130 681 xva
2183 625 2473 682 Kalendas
2521 626 2883 683 Februarias.
2917 626 3144 701 Elapsis
3200 630 3395 685 autem
3443 627 3517 685 ab
3555 627 3658 687 illa

242 716 394 790 psal.
438 734 628 785 mw,
675 735 840 775 num.
894 721 1011 789 22),
1062 736 1263 776 verum
1313 718 1488 775 etiam
1536 716 1901 792 Augustinus
2013 721 2199 771 morte
2230 716 2438 772 diebus
2468 717 2877 789 quadraginta,
2908 717 3199 776 Honorius
3229 719 3436 786 Caesar,
3456 717 3558 791 qui
3587 734 3656 775 ex

250 806 373 875 (lib.
406 824 442 861 v
472 808 545 863 De
571 808 677 863 civ.
709 810 827 876 Dei,
860 826 987 882 cap.
1032 810 1144 881 26),
1190 808 1431 866 Orosius
1480 809 1600 875 (lib.
1650 826 1749 876 v11,
1777 824 1897 879 cap.

247 895 363 967 35),
394 895 752 953 Claudianus
808 899 1033 970 (Paneg.
1095 898 1161 955 de
1195 914 1260 955 Ill
1315 915 1460 955 cons.
1524 898 1767 969 IIonor.),
1809 895 1898 952 in-

249 984 602 1056 numerique
632 985 731 1042 alii
764 986 1133 1044 celebrarint.

328 1074 449 1129 136.
481 1075 615 1130 Post
646 1091 921 1148 magnam
954 1076 1115 1132 illam
1146 1076 1466 1142 victoriam,
1499 1081 1675 1148 atque
1704 1080 1898 1149 tyran-

248 1180 392 1219 num
448 1179 555 1219 vm
602 1164 741 1220 Idus
787 1166 1156 1238 Septembres
1204 1166 1275 1221 de
1323 1166 1515 1222 medio
1572 1163 1896 1231 sublatum,

243 1252 613 1308 Theodosius
635 1269 738 1324 per
765 1253 992 1310 litteras
1013 1254 1310 1310 mandavit
1336 1254 1663 1320 Ambrosio,
1698 1257 1762 1308 ut
1791 1269 1895 1325 pro

240 1358 525 1398 successu
538 1346 658 1397 tam
690 1344 992 1416 auspicato
1023 1342 1287 1416 publicas
1318 1343 1537 1415 gratias
1560 1343 1675 1398 Deo
1690 1342 1894 1398 redde-

239 1434 345 1487 ret.
380 1432 684 1488 Satisfecit
712 1432 952 1488 Czesaris
984 1433 1286 1505 imperatis
1332 1431 1659 1487 incredibili
1690 1431 1893 1488 alacri-

237 1526 357 1576 tate
378 1524 626 1577 sanctus
647 1521 976 1594 episcopus,
999 1523 1175 1596 idque
1198 1522 1520 1579 Theodosio
1545 1522 1896 1595 signiﬁcavit

239 1610 396 1666 datis
441 1608 679 1679 litteris,
710 1610 770 1666 in
829 1611 1047 1683 quibus
1106 1611 1189 1667 sic
1246 1610 1537 1683 loquitur:
1602 1612 1895 1684 Epistulam

230 1700 464 1772 pietatis
514 1704 625 1755 tux
670 1701 842 1756 altari
896 1702 1153 1774 imposui,
1209 1702 1385 1771 ipsam
1436 1702 1644 1772 gestavi
1698 1718 1892 1769 manu,

234 1805 365 1844 cum
382 1790 644 1860 offerrem
668 1790 1043 1859 sacriﬁcium;
1076 1793 1137 1844 ut
1165 1788 1296 1860 ﬁdes
1342 1793 1439 1845 tua
1484 1792 1544 1845 in
1599 1806 1722 1846 mea
1769 1806 1895 1846 voce

233 1878 575 1970 loqueretur,
608 1881 669 1933 ut
698 1880 875 1949 apices
899 1878 1143 1970 ‘Augusti
1163 1968 1169 1970 λ
1190 1878 1548 1970 sacerdotalis
1601 1879 1893 1970 oblationis
1922 1905 1968 1970 Β

230 1982 466 2023 munere
493 1968 861 2038 fungerentur
889 1966 1081 2038 (epist.
1111 1967 1225 2038 61).
1249 1966 1467 2023 Deinde
1498 1967 1692 2039 ipsum
1723 1968 1889 2023 enixe

234 2056 592 2121 obtestatur,
606 2060 671 2110 ut
686 2055 760 2111 iis
780 2056 881 2128 qui
903 2055 1269 2129 Eugenianas
1286 2060 1480 2129 partes
1496 2056 1678 2112 secuti
1700 2060 1867 2112 erant

232 2145 607 2219 ignosceret;
640 2145 894 2201 maxime
923 2162 1056 2201 vero
1088 2145 1137 2200 si
1170 2162 1284 2201 non
1333 2144 1575 2202 alterius
1623 2146 1889 2201 criminis

234 2233 504 2290 admisso
536 2237 893 2289 tenerentur.
928 2234 1073 2289 Huic
1119 2233 1374 2305 epistolas
1422 2234 1649 2304 adjecta
1678 2238 1770 2290 est
1799 2251 1888 2290 se-

236 2324 433 2379 cunda
462 2321 658 2395 (epist.
690 2322 806 2391 62),
834 2327 891 2378 et
923 2339 1056 2377 mox
1084 2321 1287 2377 tertia:
1324 2323 1423 2378 sed
1474 2322 1636 2378 illam
1668 2323 1885 2395 iniqui-

231 2416 321 2468 tas
348 2417 697 2484 temporum
727 2411 1069 2483 intercepit;
1102 2410 1224 2466 haec
1254 2428 1385 2467 vero
1418 2429 1536 2484 qua
1582 2411 1889 2468 veniaillis

232 2501 705 2574 postulatur,qui
739 2500 809 2556 ad
841 2500 1217 2557 ecclesiarum
1240 2500 1467 2573 asylum
1485 2502 1887 2574 confugerant,

232 2592 299 2646 ad
332 2595 611 2647 nostram
638 2593 866 2645 aetatem
896 2593 1236 2645 conservata
1264 2589 1528 2654 est.Quin
1550 2590 1727 2645 etiam
1758 2589 1890 2662 pius

232 2680 508 2745 antistes,
542 2678 637 2734 his
667 2696 781 2734 non
823 2682 1152 2747 contentus,
1183 2678 1536 2751 Aquileiam,
1568 2683 1633 2734 ut
1680 2677 1891 2735 asserit

230 2768 524 2825 Paulinus
575 2768 658 2839 (in
718 2770 832 2823 Vita
884 2768 1071 2823 Ambr.
1132 2786 1191 2823 n.
1245 2768 1359 2839 31),
1418 2770 1666 2840 ipsemet
1710 2767 1890 2822 adivit

226 2857 717 2930 imperatorem,a
745 2873 859 2929 quo
890 2856 1175 2928 quidquid
1206 2855 1748 2929 petiit,consecutus
1779 2861 1887 2912 est.

228 2948 428 3019 Hujus
460 2945 747 3018 principis
777 2944 1146 3001 clementiam
1172 2945 1232 3000 in
1262 2945 1460 3001 hostes
1497 2944 1678 3001 victos
1704 2949 1887 3001 certa-

225 3038 333 3093 tim
368 3035 631 3091 laudant
677 3033 975 3099 Paulinus,
1007 3035 1392 3106 Augustinus,
1425 3033 1685 3101 Orosius,
1717 3034 1885 3090 Clau-

227 3124 473 3189 dianus,
507 3126 688 3194 atque
727 3120 865 3177 alii:
897 3122 999 3176 sed
1047 3122 1393 3192 adjunctum
1442 3123 1736 3194 quoddam
1772 3139 1887 3177 me-

225 3216 427 3268 morat
454 3210 1174 3280 Ambrosius,neutiquam
1206 3210 1517 3283 indignum
1550 3212 1704 3283 quod
1735 3212 1885 3267 refe-

226 3306 395 3357 ratur
459 3318 473 3355 :

226 3389 550 3454 victoriam,
582 3397 764 3444 tamen
793 3390 926 3460 quia
954 3387 1127 3443 hostes
1153 3390 1419 3459 prostrati
1440 3396 1588 3455 sunt,
1618 3391 1887 3444 abstinuit

225 3496 257 3536 α
292 3479 580 3536 consortio
635 3486 1126 3548 sacramentorum,
1174 3477 1339 3533 donec
1374 3479 1594 3533 Domini
1638 3481 1785 3534 circa
1830 3495 1887 3535 se

221 3569 477 3637 gratiam
543 3567 791 3637 ﬁliorum
854 3567 1200 3638 experiretur
1279 3566 1513 3622 adventu
1578 3566 1674 3637 (De
1737 3568 1885 3623 obitu

228 3655 441 3713 Theod.
475 3656 662 3727 n.3’s).
692 3654 870 3710 Nobis
900 3671 1072 3726 porro
1104 3671 1218 3709 non
1250 3652 1565 3710 difﬁculter
1595 3654 1725 3726 quis
1755 3672 1885 3727 per-

221 3744 487 3802 suaserit
510 3744 786 3800 eumdem
817 3742 1197 3799 Ambrosium
1244 3743 1346 3814 qui
1392 3742 1718 3799 Theodosio
1764 3750 1884 3799 tam

224 3836 464 3891 fervens
493 3834 764 3889 hortator
800 3833 987 3889 fuerat
1039 3833 1111 3888 ad
1170 3833 1562 3901 clementiam,
1591 3837 1884 3889 auctorem

222 3924 480 3996 insuper
510 3922 587 3978 ob
618 3923 871 3978 effusum
901 3922 1249 3995 sanguinem
1300 3922 1352 3977 ei
1403 3922 1583 3978 fuisse
1615 3923 1687 3978 ad
1737 3923 1886 3978 hanc

222 4012 490 4069 caelestis
520 4011 875 4066 sacramenti
907 4011 1344 4067 abstinentiam.

294 4102 431 4157 137.
469 4100 678 4155 Redux
705 4098 1017 4155 Mediolani
1046 4103 1285 4156 sanctus
1333 4098 1667 4171 episcopus,
1698 4100 1881 4156 Euar-

110 4220 115 4228 ι
222 4191 493 4247 rationes
526 4204 669 4243 suas
700 4188 946 4257 (Admon.
978 4190 1039 4243 in
1088 4191 1286 4244 Enarr.
1320 4190 1379 4243 in
1422 4190 1590 4261 psal.)
1649 4189 1708 4243 in
1736 4189 1888 4262 psal-

223 4296 358 4336 mos
408 4294 589 4345 ων,
619 4294 810 4345 nxw,
841 4294 1057 4346 xxxvu,
1106 4294 1340 4342 xxxvm,
1389 4295 1561 4333 xxxxx
1590 4281 1648 4333 et
1694 4296 1783 4346 XL,
1816 4278 1887 4334 de

222 4371 521 4442 suggestu
556 4366 973 4438 pronuntiavit.
1011 4367 1076 4421 In
1108 4366 1223 4422 illis
1271 4366 1426 4422 enim
1457 4383 1591 4422 cum
1624 4366 1885 4422 Theodo-

221 4459 413 4514 siana
446 4472 520 4513 ex
568 4455 827 4528 Eugenio
868 4455 1117 4511 victoriae
1161 4456 1263 4511 ﬁat
1315 4455 1553 4523 mentio,
1586 4456 1745 4527 ipsas
1789 4460 1890 4511 aut

223 4547 338 4603 sub
376 4547 567 4601 ﬁnem
597 4544 899 4617 praesentis
931 4543 1092 4611 anni,
1115 4549 1216 4600 aut
1262 4545 1371 4599 sub
1422 4544 1655 4599 initium
1683 4545 1886 4601 subse-

222 4635 433 4691 cuturi
464 4633 702 4689 habitas
733 4649 862 4689 esse
891 4649 1006 4687 non
1038 4631 1413 4704 ambigimus.

296 4725 435 4779 138.
499 4723 629 4793 (ΑΝ.
663 4722 813 4791 395.)
869 4722 988 4777 Hoc
1044 4739 1196 4777 anno
1255 4722 1491 4777 ineunte
1543 4721 1890 4778 Ambrosius

222 4818 444 4868 noster
470 4810 853 4867 acerbissimo
876 4808 1076 4866 dolore
1105 4811 1403 4865 confectus
1423 4815 1671 4876 est,cum
1705 4810 1890 4865 Theo-

221 4901 465 4967 dosius,
500 4914 677 4970 quem
707 4915 823 4952 non
862 4898 1036 4954 modo
1066 4902 1347 4971 tanquam
1401 4897 1669 4953 Ecclesia:
1699 4897 1891 4969 impe-

221 4991 433 5064 riique
463 4986 738 5043 columen
770 5003 1003 5059 semper
1031 4991 1355 5059 aspexerat,
1385 4988 1483 5043 sed
1508 4986 1683 5042 etiam
1717 5004 1889 5060 quem

222 5079 317 5136 sui
378 5074 869 5134 amantissimum
923 5092 1229 5148 nunquam
1290 5092 1405 5131 non
1460 5080 1744 5143 senserat,
1776 5077 1893 5132 vita

221 5166 515 5223 decessit.
553 5163 633 5219 De
665 5163 823 5220 illius
853 5162 1017 5220 obitu
1048 5163 1131 5219 sic
1160 5163 1445 5219 Paulinus
1474 5163 1764 5236 loquitur:
1790 5167 1894 5221 Nec

219 5257 350 5323 diu,
386 5253 593 5327 inquit
623 5253 704 5325 (in
738 5245 1095 5322 Vita'Ambr.,
1126 5270 1185 5308 η.
1224 5254 1335 5322 32),
1367 5255 1630 5325 susceptis
1669 5255 1803 5325 filiis
1836 5257 1895 5309 in

224 5346 505 5408 Ecclesia,
554 5345 603 5399 et
668 5342 890 5397 traditis
944 5342 1237 5408 sacerdoti,
1289 5344 1350 5398 in.
1413 5342 1515 5398 hac
1578 5344 1699 5399 luce
1760 5345 1892 5415 fuit.

222 5432 595 5492 Ambrosius
660 5448 795 5487 vero
861 5430 1028 5487 illum
1108 5430 1431 5504 principem
1506 5432 1577 5486 ad
1648 5439 1894 5488 mortem

224 5540 430 5596 usque
461 5520 684 5577 amoris
716 5519 775 5574 in
806 5536 868 5576 se
916 5520 1253 5577 testimonia
1305 5519 1640 5575 exhibuisse
1697 5528 1895 5593 aperte

226 5612 547 5687 significat
574 5609 668 5665 his
719 5610 926 5682 paucis
968 5608 1159 5667 verbis
1188 5626 1200 5664 :
1252 5609 1441 5664 Dilexi
1470 5610 1670 5680 virum,
1704 5609 1898 5682 inquit

229 5704 328 5775 qui
346 5716 447 5757 me
465 5701 529 5754 in
549 5700 822 5770 supremis
836 5700 949 5756 suis
990 5699 1188 5755 ultimo
1234 5698 1438 5770 spiritu
1456 5697 1770 5770 requirebat
1799 5703 1818 5769 (
1826 5700 1896 5756 De

2010 803 2243 861 Oriente
2272 806 2342 861 ad
2376 810 2598 878 patrem
2631 810 2887 862 extremo
2918 823 3026 862 suo
3057 806 3260 863 morbo
3288 805 3653 864 laborantem

2006 898 2265 960 venerat,
2296 895 2643 966 priusquam
2672 897 2801 967 ejus
2841 912 3055 968 corpus
3085 895 3650 969 Constantinopolim

2006 982 2079 1037 ad
2113 982 2383 1056 sepulcra
2413 984 2786 1040 decessurum
2833 985 3251 1057 imperatorum
3282 985 3645 1056 transferret,

2004 1070 2151 1127 illud
2182 1072 2411 1129 funebri
2443 1090 2657 1145 pompa
2684 1072 2742 1128 in
2776 1073 3020 1130 ecclesia
3039 1073 3460 1130 Mediolanensi
3484 1090 3650 1132 cura-

2003 1160 2087 1215 vit
2114 1162 2407 1217 honorari.
2441 1163 2703 1218 Praesens
2746 1161 2855 1217 fuit
2900 1162 3054 1218 idem
3110 1161 3208 1218 ille
3250 1162 3520 1235 princeps
3553 1163 3647 1220 his

2005 1251 2367 1306 caremuniis
2391 1255 2494 1318 (De
2522 1252 2675 1307 obitu
2715 1250 2903 1307 Theod.
2954 1268 3118 1306 num.
3172 1253 3265 1324 3);
3299 1256 3357 1307 et
3382 1250 3512 1324 ipso
3541 1269 3645 1308 au-

2005 1337 2218 1407 diente,
2252 1357 2385 1395 cum
2418 1340 2645 1413 regium
2677 1356 2890 1412 corpus
2919 1343 3054 1396 ante
3084 1339 3264 1397 altare
3291 1344 3447 1396 esset
3469 1340 3648 1396 collo-

2003 1430 2410 1498 catum,nobili
2441 1430 2619 1487 simul
2651 1435 2707 1486 et
2731 1429 3063 1487 Christiana
3092 1431 3353 1487 oratione
3383 1430 3650 1489 Theodo-

2004 1519 2075 1576 sii
2106 1520 2351 1577 virtutes
2380 1520 2639 1576 laudavit
2687 1520 3052 1576 Ambrosius.
3098 1522 3220 1586 Quo
3279 1520 3340 1575 in
3387 1521 3651 1592 epicedio

2003 1626 2137 1664 cum
2195 1608 2466 1664 victorias
2522 1609 2595 1665 ab
2653 1626 2719 1665 eo
2770 1609 3034 1683 principe
3092 1608 3403 1665 salutiferae
3461 1609 3652 1666 crucis

2003 1697 2284 1754 beneﬁcio
2307 1702 2500 1769 partas
2523 1697 2925 1767 celebraret,iu
2955 1698 3220 1770 ejusdem
3252 1697 3651 1755 inventionem

2001 1785 2114 1842 late
2139 1788 2441 1860 digressus
2472 1791 2563 1844 est
2602 1787 2767 1858 (Ibid.
2801 1805 2859 1843 n.
2893 1789 2988 1856 42,
3034 1797 3087 1844 et
3114 1787 3270 1864 seq.).
3303 1787 3390 1842 Ad
3425 1791 3647 1857 postre-

2003 1893 2166 1931 mum
2200 1892 2333 1932 vero
2365 1881 2621 1932 mentem
2656 1876 2889 1932 Honorii
2940 1894 3187 1934 maerore
3236 1897 3352 1937 non
3373 1879 3483 1938 levi
3514 1899 3651 1956 pro-

1997 1970 2198 2037 pterea
2220 1966 2526 2036 dejectam,
2550 1966 2705 2037 quod
2731 1966 2843 2021 sibi
2866 1966 3044 2023 funus
3074 1968 3327 2040 patrium
3362 1970 3649 2028 Constan-

1994 2054 2304 2127 tinopolim
2338 2071 2524 2127 usque
2552 2056 2826 2128 prosequi
2858 2074 2962 2128 per
3006 2056 3235 2128 imperii
3268 2061 3648 2118 necessitates

1994 2143 2238 2201 minime
2266 2143 2700 2215 liceret,solatio
2725 2144 3057 2202 demulcere
3076 2147 3134 2201 in
3157 2148 3287 2220 ipsa
3317 2150 3635 2220 peroratio-

1998 2250 2070 2289 ne
2097 2237 2345 2291 conatus
2375 2238 2463 2291 est
2483 2234 2641 2301 (Ibid.
2677 2252 2839 2290 num.
2871 2236 2943 2290 55
2971 2240 3028 2291 et
3056 2237 3171 2307 56).

2070 2323 2191 2379 139.
2226 2323 2540 2380 Theodosii
2572 2327 2820 2380 mortem
2851 2326 3007 2396 apud
3041 2325 3347 2382 Paulinum
3367 2328 3644 2387 continuo

1997 2412 2208 2484 excipit
2237 2429 2537 2468 sacrorum
2560 2412 2925 2484 lipsunorum
2951 2414 3178 2470 Nazarii
3211 2432 3278 2471 ac
3308 2415 3458 2473 Celsi
3491 2435 3647 2476 mar-

1996 2504 2192 2573 tyrum
2252 2501 2525 2556 revelatio
2574 2502 2745 2557 beato
2804 2504 3051 2559 antistiti
3110 2504 3392 2562 divinitus
3452 2507 3649 2565 afﬂatu

1999 2589 2313 2661 (Paulin.in
2345 2595 2407 2646 V.
2439 2590 2794 2646 Ambr.num.
2827 2591 2899 2645 32
2928 2595 2985 2647 et
3014 2593 3184 2664 seq.),
3216 2598 3274 2648 et
3305 2597 3648 2653 corumdem

1998 2678 2058 2735 in
2080 2677 2385 2734 basilicam
2401 2678 2811 2750 Apostolorum
2838 2680 2909 2735 ab
2936 2679 3060 2752 ipso
3087 2679 3379 2738 celebrata
3403 2683 3651 2741 transla-

2003 2767 2099 2823 tio.
2134 2768 2293 2823 Idem
2322 2767 2572 2839 scriptor
2602 2772 2889 2824 memorat
2935 2785 3399 2843 energumenum
3450 2773 3522 2828 ab
3552 2788 3648 2830 eo-

1997 2856 2132 2911 dem
2163 2860 2363 2911 sancto
2392 2855 2545 2911 inter
2573 2855 3035 2914 concionandum
3068 2876 3103 2914 a
3144 2860 3408 2917 daemone
3436 2860 3648 2918 libera-

1996 2950 2121 3000 tum
2182 2944 2401 3013 fuisse;
2437 2950 2494 3000 et
2551 2962 2685 3001 mox
2751 2947 3059 3021 subjungit
3112 2943 3373 3020 quonam
3432 2949 3648 3007 indicio

1996 3039 2228 3090 sanctas
2259 3033 2536 3106 reliquias
2557 3033 2650 3106 pio
2690 3034 2927 3106 praesuli
2954 3036 3235 3094 revelatus
3266 3054 3395 3094 esse
3425 3038 3647 3096 intelli-

1995 3126 2248 3195 geretur,
2288 3121 2383 3178 liis
2410 3122 2604 3178 verbis
2648 3120 2933 3195 loquens:
2965 3124 3068 3180 Sed
3117 3124 3216 3182 hoc
3258 3130 3379 3183 erat
3420 3129 3646 3197 signum

1994 3216 2045 3267 et
2081 3212 2309 3268 revelati
2348 3213 2636 3283 martyris,
2684 3214 2737 3267 si
2780 3220 3000 3268 sanctus
3051 3214 3296 3270 sacerdos
3340 3216 3412 3271 ad
3464 3216 3644 3273 locum

550 3300 690 3369 Quid
745 3299 885 3372 quod
949 3276 1294 3371 praclarum,
1334 3276 1585 3371 "inquit,
1659 3300 1884 3372 adeptus
1914 3276 1958 3339 Ο
1997 3300 2065 3355 ad
2094 3316 2254 3371 quem
2281 3276 2567 3371 nunquam
2596 3276 2758 3356 antea
2801 3303 3005 3372 fuerat,
3055 3306 3274 3359 oratum
3315 3304 3442 3360 isset
3473 3304 3634 3376 (ibid.

1994 3406 2160 3444 num.
2216 3389 2329 3457 33).
2364 3389 2710 3445 Sanctorum
2769 3393 2965 3446 autem
3024 3390 3274 3448 istorum
3325 3409 3637 3466 corporum

1993 3483 2219 3551 partem
2247 3494 2362 3532 non
2398 3475 2687 3533 modicam
2715 3478 3093 3536 Ambrosium
3125 3481 3278 3538 dono
3301 3480 3536 3540 misisse
3562 3484 3637 3541 ad

1993 3570 2265 3623 sanctum
2298 3563 2608 3621 Paulinum
2641 3565 2796 3622 Nolaa
2828 3571 2968 3624 tunc
2997 3570 3402 3644 presbyterum
3430 3589 3500 3630 ex
3527 3572 3637 3630 hu--

1984 3656 2087 3728 jus
2113 3655 2300 3728 ipsius
2330 3653 2589 3709 carmine
2618 3656 3047 3727 cognoscimus,
3080 3659 3182 3715 ubi
3212 3659 3458 3719 dicitur:

2176 3771 2273 3835 Hic
2302 3773 2357 3835 et
2382 3768 2885 3835 Nazariusmartyr,
2916 3786 3079 3835 quem
3108 3788 3331 3826 munere
3359 3775 3468 3827 ﬂdo

2182 3832 2382 3882 Nobilis
2417 3833 2682 3900 Ambrosii
2712 3832 2983 3900 substrata
3011 3840 3191 3900 mente
3221 3839 3415 3900 recepi,
3434 3843 3548 3900 etc.

2409 3895 2482 3958 (S.
2517 3894 2681 3954 Paul.,
2715 3895 2884 3944 Poem.
2916 3898 2993 3956 2t,
3020 3897 3085 3947 de
3111 3899 3236 3949 Nat.
3268 3900 3323 3949 S:
3344 3894 3475 3961 Fet,
3507 3903 3579 3956 9.)

1995 4011 2109 4067 Sed
2139 4015 2195 4067 et
2225 4010 2320 4066 his
2361 4009 2626 4081 reliquiis
2674 4010 2820 4066 alias
2879 4027 3112 4083 quoque
3167 4013 3270 4069 SS.
3297 4014 3543 4072 Protasii
3573 4033 3640 4072 ac

1994 4099 2249 4156 Gervasii
2280 4099 2509 4155 additas
2542 4099 2721 4155 fuisse
2738 4099 2893 4155 idem
2917 4100 3196 4158 Paulinus
3217 4102 3635 4178 indicat(epist.

1993 4190 2105 4262 32),
2155 4189 2227 4244 ad
2286 4192 2560 4244 Severum
2620 4188 2902 4259 scribens,
2963 4190 3133 4261 cujus
3188 4189 3354 4248 locus
3411 4192 3637 4250 consuli

1995 4282 2207 4350 potest.

2069 4368 2190 4422 140.
2223 4366 2369 4422 Huic
2391 4365 2565 4422 etiam
2592 4366 2859 4439 tempori,
2893 4370 2996 4423 aut
3033 4367 3242 4425 saltem
3272 4386 3391 4427 non
3421 4374 3643 4430 remoto

1996 4454 2236 4511 attribui
2269 4455 2483 4511 debent
2512 4472 2812 4511 sermones
2844 4455 2883 4510 ii
2910 4472 3058 4527 quos
3097 4457 3364 4516 redactos
3417 4460 3477 4516 in
3507 4460 3644 4517 libri

1997 4544 2247 4599 formam
2269 4544 2378 4598 sub
2402 4542 2571 4598 titulo
2619 4542 2752 4598 libri
2802 4544 2879 4599 De
2924 4545 3175 4602 Nabuthe
3212 4550 3512 4606 Jesraclita
3538 4549 3644 4607 ho-

1921 4641 1966 4705 D
1996 4633 2208 4704 dieque
2238 4632 2463 4688 volvere
2493 4631 2630 4687 licet
2685 4632 2933 4704 (Admon.
2992 4635 3056 4689 in
3112 4634 3259 4691 hunc
3314 4637 3461 4710 lib.).
3508 4637 3644 4695 Illos

2000 4737 2301 4777 sermones
2333 4720 2529 4775 dedita
2585 4736 2762 4792 opera
2817 4721 3118 4780 habendos
3162 4723 3273 4781 sibi
3319 4726 3643 4798 prOposuit,

1999 4813 2125 4864 tum
2156 4815 2223 4864 ut
2253 4808 2548 4863 crudelem
2580 4809 2826 4865 divitum
2885 4809 2978 4866 sui
3024 4812 3306 4885 temporis
3336 4813 3651 4886 castigaret

2001 4898 2322 4963 avaritiam,
2355 4904 2482 4953 tum
2514 4902 2581 4953 ut
2610 4915 2897 4971 pauperes
2926 4899 2986 4954 in
3014 4900 3332 4957 tolerandis
3378 4899 3503 4957 suis
3534 4900 3645 4956 mi-

2001 4986 2169 5042 seriis
2193 4985 2522 5042 sublevaret
2550 5003 2616 5042 ac
2648 4986 3256 5053 solaretur.Quantum
3285 4988 3530 5061 inopum
3562 4988 3647 5045 af-

2000 5074 2270 5130 ﬁceretur
2298 5074 2686 5133 incommodis
2714 5081 2772 5133 et
2817 5075 3272 5143 calamitatibus,
3317 5076 3551 5134 abunde
3578 5094 3650 5135 ex

2004 5164 2244 5221 Paulino
2277 5165 2357 5237 (in
2395 5168 2448 5222 V.
2480 5166 2666 5222 Ambr.
2699 5183 2863 5223 num.
2897 5166 2988 5237 40)
3019 5163 3426 5237 cognoscitur:
3454 5182 3647 5240 neque

2004 5254 2162 5310 ullus
2194 5255 2451 5328 profecto
2484 5257 2792 5312 dubitandi
2824 5254 2987 5310 locus
3004 5257 3094 5310 est
3112 5253 3256 5326 quin
3286 5253 3647 5328 locupletum

2004 5343 2313 5400 hominum
2346 5344 2769 5411 inhumanitas,
2803 5360 2929 5415 quae
2960 5344 3092 5414 post
3120 5342 3429 5401 decessum
3468 5345 3652 5403 Theo-

2006 5433 2155 5490 dosii
2184 5434 2363 5490 crevit
2392 5434 2452 5489 in
2486 5434 2862 5499 immensum,
2895 5448 2996 5487 eas
3045 5432 3315 5505 querelas
3360 5450 3430 5490 ex
3459 5433 3651 5508 ipsius

2006 5539 2103 5579 ore
2133 5524 2386 5596 coegerit
2414 5537 2740 5594 erumpere,
2774 5537 2922 5593 quas
2951 5520 3108 5578 intra
3139 5526 3341 5595 pectus
3363 5523 3490 5595 jam
3522 5540 3650 5581 con-

2006 5613 2192 5669 tinere
2222 5629 2334 5667 non
2366 5610 2519 5683 potis
2547 5614 2689 5665 erat.

2076 5700 2200 5756 M1.
2222 5702 2328 5756 AN.
2361 5698 2513 5771 396.)
2545 5699 2663 5755 Hoc
2688 5717 2842 5757 anno
2893 5702 3003 5759 sub
3031 5701 3340 5760 consulatu
3372 5717 3653 5760 novorum
