4122 6186
480 318 598 391 H9

1848 327 1952 393 os
1994 327 2059 394 s.
2103 327 2504 412 AMBROSIO

3765 328 3870 396 120

480 461 905 536 imperatorum
933 464 1164 522 Arcadii
1187 471 1360 539 atque
1378 464 1610 521 Honorii
1627 465 1958 538 exemplum
1974 465 2120 520 Pau-
2151 463 2208 532 Α
2236 464 2364 532 fuit,
2389 466 2533 524 satis
2557 462 2898 541 singulatim
2926 462 3060 522 illos
3088 466 3365 522 recenset.
3399 462 3464 521 In
3495 461 3720 524 eisdem
3746 480 3868 526 vero

480 550 639 607 linus
671 559 869 609 narrat
899 556 980 624 (In
1017 559 1085 611 V.
1120 557 1301 610 Ambr.
1357 571 1518 609 num.
1551 557 1641 618 34)
1701 556 1923 610 editum
1974 571 2120 622 esse,

481 657 596 711 quo
627 642 779 698 Deus
806 643 929 714 ipse
980 645 1390 708 manifestavit,
1425 661 1601 714 quam
1655 644 1999 700 inviolatum
2039 661 2125 698 ec-

480 728 798 788 clesiarum
849 734 1074 804 asylum
1123 748 1249 786 esse
1299 737 1578 803 oporteat.
1613 734 1758 788 Nam
1816 732 2124 788 Cresconio

481 820 742 889 quodam
775 839 808 877 a
839 821 1121 876 militibus
1172 835 1239 873 ex
1292 818 1548 875 Ecclesia
1597 837 1700 891 per
1754 819 1872 874 vim
1904 822 2119 889 erepto,

483 924 619 964 cum
640 909 915 979 injuriam
940 909 1197 963 locorum
1221 925 1522 964 sacrorum
1542 913 1868 981 prostratus
1892 908 1961 963 ad
1987 908 2126 963 alta-

481 1015 543 1052 re
572 997 795 1069 lugeret
827 997 1190 1062 Ambrosius,
1224 1015 1484 1054 reversos
1516 999 1573 1053 in
1606 999 1824 1053 circum
1850 997 1981 1054 illos
2011 998 2125 1053 mi-

483 1085 616 1141 lites
646 1085 901 1157 leOpardi
933 1085 1320 1142 laniaverant.
1356 1089 1434 1144 Eo
1481 1089 1606 1160 ipso
1635 1089 1760 1144 loco
1789 1089 1942 1143 idem
1974 1088 2123 1142 Pau-

481 1175 638 1229 linus
666 1174 746 1245 (in
764 1176 878 1230 Vita
898 1175 1536 1251 Ambr.,num.35),post
1557 1178 1805 1234 amicam
1821 1177 1979 1232 illam
2003 1193 2126 1231 cor-

479 1263 823 1334 reptionem,
858 1282 974 1337 qua
1021 1266 1412 1332 Theodulum,
1460 1268 1808 1323 Mutinensis
1857 1265 2122 1322 Ecclesia:

475 1359 680 1427 postea
719 1356 1082 1427 episcopum,
1136 1357 1382 1428 proximi
1431 1357 1634 1430 lapsus
1681 1358 2125 1414 commonefecit

476 1449 716 1501 sanctus
746 1445 840 1500 hic
873 1451 1091 1509 noster,
1115 1446 1408 1501 subnectit
1441 1447 1652 1518 reginae
1684 1447 2122 1502 Marcomanno-

477 1550 610 1588 rum
643 1535 712 1589 ad
745 1535 1120 1590 Ambrosium
1164 1535 1537 1607 legationem.
1572 1535 1675 1590 Illa
1718 1535 1940 1606 regina,
1973 1535 2125 1590 sicut

477 1621 747 1695 perhibet
767 1623 980 1678 citatus
1005 1627 1228 1687 auctor,
1260 1624 1576 1678 vocabatur
1606 1623 1852 1693 Fritigil,
1878 1641 2006 1695 qua
2039 1624 2122 1679 fa-

479 1729 637 1766 mam
670 1712 961 1766 Ambrosii
991 1729 1124 1766 cum
1159 1712 1496 1777 audivisset,
1533 1714 1713 1767 missis
1762 1713 2122 1767 Mediolanum

375 1882 378 1884 V
476 1802 797 1856 muneribus
824 1801 893 1855 ad
945 1803 1247 1867 ecclesiam,
1297 1817 1398 1872 per
1451 1802 1652 1869 legatos
1699 1803 2015 1872 postulavit,
2062 1807 2124 1857 ut
2154 1837 2200 1901 B

476 1891 697 1961 scriptis
722 1891 895 1962 ipsius
925 1892 1162 1961 qualiter
1189 1891 1406 1946 credere
1442 1891 1673 1956 deberet,
1708 1892 2118 1961 informaretur.

477 1978 556 2033 Ad
587 1995 747 2050 quam
779 1979 873 2034 ille
911 1981 1196 2051 epistolam
1244 1981 1372 2050 fecit
1426 1981 1757 2052 praeclaram
1805 1981 1861 2034 in
1902 1981 2122 2036 modum

477 2069 794 2124 catechismi
822 2069 978 2135 (Ibid.
1005 2087 1168 2124 num.
1203 2069 1313 2140 37).
1345 2069 1619 2124 Dolemus
1651 2069 1940 2125 interiisse
1971 2070 2120 2125 hanc

478 2157 1038 2230 epistolam,quippe
1071 2175 1187 2229 qua
1216 2158 1382 2227 lecta,
1405 2161 1568 2213 tanto
1600 2158 1887 2214 desiderio
1919 2159 2121 2214 viden-

479 2246 538 2300 di
571 2247 861 2302 Ambrosii
895 2246 1116 2318 Fritigil
1151 2248 1449 2312 exarserit,
1486 2251 1548 2301 ut
1602 2264 1729 2302 eam
1781 2247 1852 2302 ob
1882 2264 2120 2302 causam

478 2339 531 2391 et
564 2335 817 2406 ipsemet
844 2335 1065 2390 venerit
1095 2335 1529 2390 Mediolanum:
1566 2336 1664 2391 sed
1699 2353 1833 2390 cum
1868 2353 1982 2390 non
2007 2335 2122 2391 nisi

478 2428 611 2496 post
640 2424 862 2479 obitum
895 2423 1082 2479 sancti
1115 2423 1382 2495 praesulis
1411 2423 1552 2479 illuc
1593 2424 1968 2496 pervenisset,
2001 2429 2122 2479 tan-

478 2515 602 2569 tum
635 2511 852 2567 laboris
881 2511 1182 2567 incassum
1214 2512 1410 2567 cessit.

551 2605 671 2656 H2.
708 2601 1007 2657 Limenius
1037 2601 1491 2658 Vercellensium
1541 2603 1850 2676 episcopus
1901 2609 1960 2659 et
1989 2621 2119 2660 suc-

477 2708 678 2747 cessor
706 2691 890 2746 sancti
923 2691 1180 2756 Eusebii,
1213 2690 1439 2746 circiter
1470 2691 1579 2747 hoc
1610 2697 1843 2764 tempus
1875 2697 2122 2749 mortem

476 2780 810 2853 Oppetiit.ln
842 2780 1187 2835 sufﬁciendo
1218 2780 1300 2834 illi
1347 2797 1683 2836 successore
1713 2782 1903 2837 clerus
1935 2799 1998 2836 ac
2030 2799 2128 2854 po.

480 2868 656 2940 pulus
680 2867 840 2924 illius
871 2869 1034 2923 urbis
1066 2869 1256 2924 abiere
1277 2869 1337 2924 in
1359 2871 1548 2925 varias
1579 2874 1772 2942 partes
1803 2874 1976 2942 atque
1998 2875 2122 2926 stu-

482 2956 599 3023 dia,
625 2960 682 3011 et
710 2957 1043 3012 diutissime
1065 2958 1370 3014 convenire
1392 2959 1541 3013 inter
1566 2975 1628 3014 se
1651 2976 1762 3014 non
1798 2959 2122 3014 valuerunt.

484 3045 958 3113 Ambrosius,ubi
989 3046 1098 3101 hoc
1129 3047 1379 3112 rescivit,
1413 3045 1653 3104 moleste
1685 3047 1847 3103 tulit:
1875 3064 2127 3119 cumque

485 3133 556 3188 ad
589 3133 806 3205 ipsum,
840 3140 905 3188 ut
935 3140 1065 3206 pote
1095 3135 1635 3207 metropolitanum,
1671 3136 1848 3208 hujus
1897 3136 2126 3192 dissidii

487 3203 765 3278 correctio
802 3203 1131 3295 pertineret,
1163 3203 1350 3280 eidem
1384 3225 1649 3280 Ecclesia;
1676 3203 1934 3298 amplam
1958 3227 2126 3295 juxta
2156 3203 2198 3270 (ἶ

481 3329 547 3366 ac
576 3311 901 3382 elegantem
949 3314 1183 3386 scripsit
1229 3313 1536 3384 epistolam
1571 3315 1765 3386 (Epist.
1819 3316 1931 3386 63).
1966 3315 2028 3370 In
2057 3331 2124 3370 ea

478 3399 875 3458 Vercellenses
907 3403 976 3457 ad
1010 3420 1210 3474 pacem
1233 3419 1298 3456 ac
1321 3403 1606 3458 mentium
1638 3403 1916 3458 unitatem
1942 3403 2125 3477 gravi-

477 3494 565 3546 ter
595 3490 1010 3558 bortatur,tum
1035 3493 1104 3545 ad
1125 3491 1496 3563 explicandas
1518 3508 1615 3547 eas
1629 3493 1791 3549 dotes
1811 3498 1986 3566 atque
2005 3494 2121 3548 vir-

474 3584 794 3652 tutes,quze
829 3580 886 3634 in
915 3580 1222 3634 candidato
1257 3579 1520 3650 ejusdem
1555 3580 1924 3654 episcopatus
1954 3583 2122 3639 debe-

472 3668 614 3725 bant
634 3669 1068 3742 inesse,stylum
1099 3672 1462 3733 convertens,
1483 3669 1562 3724 ita
1584 3669 1869 3742 loquitur:
1895 3674 2009 3728 Duo
2025 3690 2121 3744 pa-

470 3760 628 3824 riter,
662 3759 1030 3830 inquit,e:rigi
1059 3759 1660 3821 videntur,monasterii
1677 3763 2034 3830 continentia,
2067 3765 2119 3816 et

470 3848 764 3920 disciplina
793 3849 1044 3904 Ecclesiae
1078 3849 1234 3920 (Ibid.
1270 3865 1432 3904 num.
1466 3849 1592 3916 66);
1627 3866 1693 3904 eo
1724 3850 1876 3920 quod
1908 3869 2118 3921 nempe

471 3936 581 3992 hoc
614 3940 929 4009 utrumque
959 3937 1296 3992 institutum
1347 3954 1380 3992 θ.
1428 3939 1594 3992 beato
1641 3938 1886 3992 Eusebio
1925 3939 1982 3992 in
2017 3939 2118 3995 illa

469 4024 727 4081 Ecclesia
757 4026 934 4081 simul
960 4027 1232 4095 junctum
1283 4029 1423 4080 erat.
1457 4026 1758 4080 Postremo
1792 4026 1848 4078 in
1881 4027 2112 4082 Sarma-

468 4115 686 4169 tionem
720 4117 775 4168 et
822 4114 1233 4168 Barbatianum
1285 4112 1578 4168 invehitur
1625 4114 1781 4183 (Ibid.
1830 4132 1992 4169 num.
2037 4117 2110 4187 7),

469 4201 789 4257 monachos
820 4206 1137 4274 apostatas,
1171 4203 1242 4256 de
1291 4202 1508 4273 quibus
1555 4203 1678 4272 jam
1724 4202 1948 4258 dictum
1980 4211 2108 4261 est:

466 4291 567 4361 qui
597 4290 890 4347 Vercellas
919 4295 1195 4347 venerant
1235 4307 1348 4345 non
1412 4295 1639 4345 tantum
1699 4291 1936 4348 hmresis
1991 4293 2108 4350 dis-

467 4378 826 4436 seminanda:
876 4398 1072 4447 causa,
1106 4398 1306 4436 verum
1359 4380 1535 4436 etiam
1586 4380 1840 4436 fovendae
1888 4382 2112 4438 dissen-

464 4484 668 4522 SIODIS.

2234 554 2375 610 illud
2405 560 2706 612 ostensum
2740 555 3037 628 singulare
3067 555 3337 627 est,quod
3369 554 3718 610 Ambrosius
3744 571 3868 611 cum

2232 644 2475 700 Paulino
2509 645 2619 716 ipsi
2654 645 2865 717 psalmi
2897 663 3031 700 XLIII
3056 643 3485 700 enarrationem
3518 643 3778 711 dictaret,
3800 644 3866 700 ab

2232 751 2298 789 eo
2327 734 2489 789 visus
2519 739 2609 790 est
2640 734 2875 806 igneum
2903 734 3102 789 orbem
3123 733 3224 806 qui
3253 733 3420 804 prius
3451 732 3730 788 antistitis
3758 750 3870 788 ver-

2231 823 2330 878 tici
2363 823 2766 894 superpositus
2815 828 3185 894 apparuerat,
3219 821 3440 878 sensim
3491 823 3647 878 intra
3676 827 3869 894 pectus

2232 927 2335 983 per
2365 929 2428 967 os
2466 911 2771 968 hausisse:
2807 913 2963 984 quod
3012 928 3147 967 eum
3198 911 3615 968 vehementiori
3670 911 3868 966 divina

2232 999 2533 1055 charitatis
2563 1002 2765 1056 ardere
2805 1001 3073 1056 incendio
3123 1000 3514 1074 significabat.
3551 1001 3620 1056 Et
3649 1016 3786 1056 sane
3813 1000 3867 1056 in

2231 1093 2488 1146 extremo
2517 1089 2616 1144 illo
2644 1091 2773 1145 vitae
2803 1090 2990 1162 spatio
3007 1094 3328 1163 eruperunt
3358 1091 3584 1162 majora
3612 1091 3869 1163 quaedam

2229 1177 2514 1234 virtutum
2545 1180 2673 1250 ejus
2693 1178 3028 1236 testimonia
3047 1178 3318 1252 :insignis
3337 1178 3616 1234 nimirum
3640 1179 3870 1235 modes-

2232 1267 2324 1322 tias
2356 1273 2766 1342 argumentum
2795 1273 2903 1334 est,
2936 1267 3090 1340 quod
3124 1267 3309 1324 sacris
3351 1266 3564 1323 litteris
3597 1267 3870 1340 interpre-

2232 1357 2427 1412 tandis
2459 1357 2741 1428 imparem
2782 1374 2845 1413 se
2894 1373 3022 1412 esse
3067 1356 3480 1428 profitebatur:
3519 1373 3623 1412 nec
3680 1355 3873 1412 minus

2231 1445 2411 1500 divini
2434 1446 2536 1502 zeli
2561 1447 2870 1511 indicium,
2894 1446 3047 1518 quod
3073 1449 3278 1500 contra
3298 1444 3606 1501 haereticos
3627 1450 3684 1501 et
3710 1445 3872 1502 Aria-

2232 1535 2654 1608 nosimprimis
2685 1537 2756 1590 ad
2796 1534 3073 1591 ultimum
3115 1533 3389 1606 spiritum
3436 1550 3698 1606 pugnare
3729 1552 3875 1591 nun-

2231 1640 2409 1694 quam
2455 1624 2804 1680 intermisit:
2840 1624 3092 1696 denique
3137 1623 3196 1678 in
3256 1622 3365 1678 hoc
3417 1622 3638 1678 effulsit
3691 1623 3874 1696 ipsius

2232 1712 2487 1768 cbaritas
2520 1713 2576 1769 in
2593 1730 2827 1786 gregem
2848 1713 3208 1784 suum,quod
3233 1713 3616 1784 praaparando
3639 1713 3711 1769 ad
3727 1714 3876 1785 ejus-

2231 1803 2362 1857 dem
2395 1819 2570 1858 usum
2601 1802 2850 1874 spiritali
2883 1801 3098 1874 pabulo
3129 1801 3487 1857 immortuus
3517 1806 3628 1857 est.

2303 1891 2424 1946 445.
2459 1891 2752 1947 Ambrosii
2805 1891 2923 1946 vita
2982 1890 3282 1946 meditatio
3338 1890 3549 1946 mortis
3598 1891 3874 1947 continua

2231 1981 2500 2047 fuerat,et
2531 1981 2725 2054 ipsum
2774 1985 2907 2036 ante
2945 1995 3254 2052 corporum
3301 1979 3557 2036 Gervasii
3583 1996 3652 2036 ac
3680 1981 3874 2038 Prota-

2231 2070 2302 2126 sii
2321 2075 2643 2144 martyrum
2666 2069 3109 2125 translationem
3150 2069 3221 2123 de
3249 2067 3478 2124 tumulo
3511 2086 3617 2125 suo
3631 2070 3755 2142 jam
3779 2087 3876 2126 co-

2229 2161 2448 2232 gitasse
2478 2159 2676 2231 illique
2699 2158 2895 2215 locum
2917 2156 3317 2230 designavisse
3355 2158 3550 2230 (epist.
3582 2159 3679 2227 22,
3712 2176 3874 2216 num.

2231 2250 2342 2320 43),
2373 2249 2735 2322 exploratum
2763 2252 2870 2304 est.
2897 2251 3089 2319 Atque
3117 2247 3259 2302 adeo
3311 2245 3511 2303 nullus
3570 2247 3879 2304 mirabitur

2230 2339 2384 2410 quod
2417 2337 2972 2410 supremainstante
3020 2336 3209 2408 ipsius
3258 2335 3402 2391 hora
3449 2337 3695 2392 candide
3753 2337 3877 2394 suis

2231 2428 2344 2483 ista
2365 2427 2574 2482 dixerit
2603 2444 2615 2482 :
2649 2427 2766 2482 Non
2815 2429 2895 2481 ita
2934 2427 3080 2480 inter
3133 2441 3222 2480 vos
3252 2426 3392 2491 vixi,
3454 2433 3514 2480 ut
3562 2425 3764 2496 pudeat
3791 2442 3880 2481 me

2230 2518 2445 2572 vivere:
2478 2532 2579 2570 nec
2607 2517 2767 2571 timeo
2793 2516 2956 2581 mori,
2983 2516 3113 2586 quia
3159 2515 3453 2570 Dominum
3483 2514 3684 2569 bonum
3711 2515 3882 2570 habe-

2231 2623 2353 2660 mus
2383 2605 2564 2675 (Paul.
2599 2607 2658 2660 in
2703 2605 2758 2660 V.
2811 2605 2994 2659 Ambr.
3046 2619 3210 2657 num.
3249 2603 3363 2673 45).
3427 2601 3584 2666 Quod
3637 2603 3878 2674 quidem

2233 2693 2453 2748 dictum
2483 2709 2830 2766 magnorum
2859 2691 3117 2747 virorum
3169 2688 3613 2745 admirationem
3643 2705 3882 2761 semper

2231 2782 2519 2848 excitavit,
2552 2787 2608 2837 et
2667 2780 2982 2855 Augustini
3025 2797 3139 2852 prae
3189 2779 3454 2834 ceteris:
3488 2778 3559 2833 de
3588 2778 3696 2834 hoc
3719 2777 3883 2833 enim

2234 2870 2535 2927 Possidius
2566 2871 2648 2927 sic
2679 2874 2926 2926 testatus
2957 2873 3047 2924 est
3073 2886 3086 2924 :
3121 2871 3189 2924 Et
3226 2869 3287 2922 in
3316 2868 3423 2935 his,
3456 2865 3670 2938 inquit,
3700 2871 3887 2922 noster

2235 2959 2571 3028 Augustinus
2599 2975 2767 3015 senex
2792 2959 3019 3014 climata
3054 2973 3118 3011 ac
3164 2956 3365 3011 librata
3422 2954 3805 3011 admirabatur
3832 2964 3887 3012 et

2239 3049 2494 3104 laudabat
2524 3049 2689 3104 verba
2718 3048 2903 3118 (Poss.
2935 3048 2996 3101 in
3029 3046 3083 3100 V.
3115 3046 3344 3115 August.
3378 3059 3506 3115 cap.
3535 3045 3650 3115 27).
3680 3043 3883 3100 Causae

2237 3143 2433 3194 autem
2463 3138 2642 3208 hujus
2655 3134 3062 3193 admirationis
3084 3135 3237 3207 apud
3260 3133 3533 3188 eumdem
3549 3132 3882 3188 Possidium

2235 3227 2416 3282 videri
2447 3230 2712 3298 possunt.
2745 3226 2860 3280 Nec
2887 3229 3083 3279 tamen
3115 3222 3229 3278 alia
3250 3239 3377 3294 quae
3408 3239 3442 3277 a
3471 3220 3714 3277 Paulino
3736 3212 3883 3294 quo-

2234 3332 2346 3388 que
2378 3316 2731 3382 referuntur,
2759 3313 2830 3368 de
2879 3313 2986 3368 hoc
3017 3316 3310 3383 postremo
3342 3309 3638 3365 Ambrosii
3669 3325 3885 3382 agone,

2233 3407 2430 3461 minus
2459 3403 2804 3459 admiranda
2826 3406 3115 3473 sunt,qua:
3149 3398 3449 3455 brevitatis
3479 3413 3617 3470 ergo
3648 3404 3886 3470 praeter-

2231 3495 2544 3550 mittimus.
2579 3495 2766 3559 Quare
2816 3495 2880 3545 ut
2911 3489 3213 3544 veniamus
3260 3489 3331 3544 ad
3364 3487 3595 3542 beatam
3629 3491 3885 3544 mortem

2231 3583 2415 3639 sancti
2449 3580 2801 3655 praesulis,in
2831 3579 2956 3652 ipso
2985 3577 3231 3635 articulo
3282 3579 3524 3632 sanctus
3547 3575 3886 3633 Honoratus

2228 3673 2538 3745 episcopus
2569 3665 3304 3736 Vercellensium,Limenii
3327 3680 3651 3734 successor,
3679 3665 3890 3721 divina

2226 3778 2362 3818 voce
2392 3766 2480 3816 ter
2508 3758 2864 3827 admonitus,
2898 3756 3156 3812 divinam
3186 3753 3617 3810 Eucharistiam
3650 3752 3703 3810 ei
3759 3755 3889 3809 mi-

2229 3850 2521 3906 nistravit:
2556 3865 2734 3921 quam
2784 3845 2962 3903 simul
3013 3849 3190 3916 atque
3236 3843 3329 3916 pie
3371 3841 3648 3914 suscepit,
3683 3842 3887 3915 ipsius

2226 3939 2422 3995 anima
2449 3939 2506 3994 in
2537 3937 2831 3993 cmlestem
2888 3933 3137 4007 patriam
3181 3930 3430 3988 vinculis
3482 3932 3782 4004 corporeis
3817 3932 3888 3987 li-

2224 4028 2362 4084 bera
2393 4027 2657 4083 evolavit.

2303 4118 2418 4170 Mli.
2455 4113 2830 4185 Prosequitur
2868 4116 3064 4166 autem
3111 4109 3268 4164 idem
3327 4106 3610 4164 Paulinus
3640 4108 3699 4163 in
3730 4123 3885 4164 eum

2223 4205 2490 4261 modum:
2552 4203 2679 4259 Inde
2729 4201 2799 4256 ad
2851 4201 3146 4256 Ecclesium
3200 4213 3462 4267 majorem
3539 4197 3889 4252 antelucana

2217 4297 2356 4351 hora
2386 4311 2493 4365 qua
2521 4293 2806 4363 defunctus
2833 4299 2929 4356 est,
2980 4304 3172 4360 corpus
3203 4288 3380 4359 ipsius
3424 4289 3707 4357 portatum
3755 4290 3884 4342 est:

2221 4385 2407 4455 ibique
2439 4382 2622 4438 eadem
2649 4383 2757 4453 fuit
2813 4387 2983 4450 nocte,
3033 4394 3142 4450 qua
3183 4375 3534 4448 vigilavimus
3578 4376 3634 4430 in
3662 4374 3884 4448 pascha

2218 4472 2400 4544 (Paul.
2436 4473 2493 4526 in
2533 4472 2584 4526 V.
2619 4469 2800 4524 Ambr.
2836 4485 2998 4522 num.
3032 4466 3142 4538 48).
3176 4464 3400 4529 Quibus
3439 4462 3630 4520 verbis
3669 4467 3887 4536 aperte

536 4556 660 4610 143.
693 4555 839 4618 Quid
871 4559 1122 4614 effecerit
1152 4558 1252 4613 illa
1299 4558 1564 4630 epistola,
1599 4565 1963 4631 compertum
1989 4578 2104 4618 non
2135 4575 2182 4638 D
2213 4560 2541 4618 ostenditur
2571 4558 2735 4614 illum
2769 4557 2994 4612 obitum
3027 4555 3137 4610 sub
3159 4557 3479 4610 extremam
3503 4551 3658 4608 feriae
3691 4556 3884 4609 sextae

459 4644 782 4700 habemus:
816 4663 1016 4702 verum
1045 4647 1094 4701 si
1123 4647 1266 4701 ﬁdes
1297 4647 1604 4702 tribuenda
1651 4648 1727 4702 sit
1755 4649 1915 4703 Actis
1946 4651 2104 4705 Gau-

457 4731 641 4789 dentii
673 4733 1062 4794 Novariensis.
1098 4735 1334 4806 ipsimet
1379 4735 1684 4791 Ambrosio
1732 4738 2100 4807 proﬁciscen-

454 4823 595 4878 dum
625 4814 737 4876 fuit
767 4822 822 4876 in
856 4822 1016 4877 illam
1049 4824 1276 4889 urbem,
1301 4829 1366 4878 ut
1397 4823 1746 4880 dissidentes
1778 4825 2006 4882 animos
2028 4829 2099 4882 ad

453 4910 823 4967 concordiam
848 4916 1158 4966 revocaret.

523 5000 646 5056 Mt.
677 5001 805 5073 (AN.
847 5002 998 5073 397.)
1043 5000 1144 5056 Hic
1197 5017 1388 5056 annus
1421 5000 1643 5056 felicem
1688 5001 1814 5056 vitae
1863 5005 2100 5060 Ambro-

453 5087 629 5143 siana:
660 5091 992 5146 coronidcm
1045 5090 1360 5163 imposuit:
1414 5091 1890 5162 quandoquidem
1941 5093 2095 5149 intra

454 5174 610 5231 illius
650 5195 885 5234 cursum
921 5186 1159 5236 sanctus
1211 5180 1519 5252 cpiscopus
1579 5187 1692 5235 tam
1726 5182 2093 5255 egregiarum

451 5262 732 5319 virtutum
766 5268 978 5337 quibus
1009 5269 1067 5324 in
1103 5269 1355 5324 Ecclesia
1387 5287 1689 5340 nunquam
1741 5287 1855 5324 non
1885 5270 2092 5342 prmiu-

451 5355 632 5416 xerat,
666 5355 865 5424 totque
886 5355 1151 5412 laborum
1178 5357 1687 5430 periculorumque
1719 5359 2091 5429 gravissimo-

451 5455 603 5505 rum,
638 5456 762 5510 quaa
795 5459 896 5512 pro
941 5445 1195 5501 Ecclesia
1241 5448 1624 5511 sustinuerat,
1659 5464 1692 5502 a
1723 5447 1838 5501 Deo
1869 5447 2090 5518 Optimo

449 5527 704 5584 maximo
722 5529 955 5586 uberem
972 5537 1294 5590 mercedem
1313 5542 1620 5592 assecutus
1642 5539 1750 5590 est.
1786 5535 2086 5604 Paulinus,

447 5615 548 5690 qui
582 5615 923 5674 ultimorum
964 5625 1200 5677 actuum
1247 5625 1513 5692 ejusdem
1568 5623 1751 5680 sancti
1801 5626 2091 5695 spectator

2213 4655 2442 4706 noctem
2475 4649 2757 4713 evenisse,
2791 4663 2858 4701 ac
2889 4649 3155 4702 sanctum
3186 4659 3397 4714 corpus
3447 4644 3567 4697 toto
3607 4641 3881 4698 Sabbato

2213 4744 2272 4795 et
2302 4755 2489 4810 usque
2518 4737 2586 4791 ad
2624 4735 2940 4791 Matutinas
2962 4733 3137 4789 horas
3158 4729 3460 4787 Paschatis
3490 4729 3790 4786 mansisse
3812 4731 3881 4786 in

2211 4827 2412 4882 eadem
2455 4826 2674 4895 majore
2722 4821 3003 4878 basilica:
3040 4821 3194 4876 unde
3251 4817 3568 4891 colligitur,
3594 4834 3729 4874 cum
3764 4818 3880 4875 illo

2211 4933 2362 4970 anno
2396 4917 2782 4970 memoratum
2816 4912 3031 4966 festum
3077 4909 3138 4964 in
3169 4925 3353 4964 nonas
3385 4905 3603 4980 Aprilis
3635 4907 3883 4964 mensis

2208 5002 2497 5067 inciderit,
2523 5001 2708 5074 pridie
2747 5001 2941 5055 Nonas
2984 4998 3139 5054 diem
3187 4996 3399 5053 obiisse
3435 4999 3704 5052 sanctum
3735 4997 3882 5068 epi-

2208 5109 2472 5165 scopum,
2497 5090 2650 5162 quod
2686 5086 3230 5162 martyrologiorum
3263 5085 3531 5141 omnium
3563 5101 3880 5142 consensu

2204 5182 2378 5237 etiam
2407 5182 2808 5236 confirmatur.

2279 5272 2399 5326 147.
2432 5269 2554 5324 Non
2589 5268 2930 5340 ignoramus
2949 5265 3396 5322 Ambrosianam
3426 5265 3674 5321 mortem
3707 5281 3878 5321 non-

2205 5359 2316 5413 nisi
2347 5353 2973 5427 subsequentiannoin
2995 5352 3314 5409 Marcellini
3329 5351 3613 5408 Chronico
3644 5368 3883 5408 renun-

2202 5447 2355 5502 tiari.
2387 5446 2497 5501 Sed
2531 5461 2644 5499 non
2678 5445 2761 5498 ita
2789 5447 3057 5498 exactum
3088 5447 3177 5498 est
3223 5439 3367 5496 illud
3400 5440 3756 5511 Cbronicon,
3797 5446 3883 5498 ut

2202 5553 2317 5608 non
2349 5534 2535 5590 multa
2561 5533 2748 5590 eidem
2781 5549 2935 5588 anno
2969 5548 3119 5604 saepe
3149 5529 3568 5602 ascribat,qu:e
3598 5534 3739 5586 sunt
3775 5531 3882 5586 di-

2201 5641 2500 5682 versorum
2525 5641 2537 5678 :
2565 5626 2622 5678 et
2651 5638 2682 5678 e
2705 5619 2994 5679 contrario
3025 5618 3210 5676 multa
3257 5617 3526 5688 diversis,
3559 5635 3686 5690 quae
3711 5624 3880 5706 sunt
