4122 6186
247 338 359 438 isi

1514 336 1863 408 ssLEc'rA
1905 292 2407 406 Tas'rumma.

3545 341 3663 412 “9

248 475 537 552 ejusdem.
569 473 682 546 Qui
715 493 850 538 vero.
877 475 1030 538 hanc
1067 479 1400 551 sequuntur
1446 476 1904 550 chronologiam,
1939 480 1991 546 Α
2022 476 2336 533 honoriﬁce
2366 477 2436 533 de
2463 472 2770 534 Ambrosio
2799 474 2886 535 illi
2907 476 3188 548 sentiunt,
3213 476 3662 552 etdisciplinam

255 585 388 625 cum
419 567 696 625 eumdem
731 567 954 623 obitum
979 567 1037 623 in
1067 586 1138 624 xv
1170 566 1290 624 Kal.
1325 565 1514 623 Maias
1541 566 1906 622 referendum

255 661 542 732 cogantur
574 657 906 724 defendere,
958 674 1149 730 neque
1206 655 1432 712 idoneis
1481 655 1806 712 rationibus
1837 656 1907 710 ad

256 746 367 803 hoc
400 746 684 815 nitantur,
719 745 1265 819 martyrologiorum
1288 750 1346 801 et
1377 744 1762 801 Ecclesiarum
1794 745 1908 799 Me-

255 834 619 892 diolanensis
649 840 827 906 atque
858 835 1131 890 Romanis
1177 834 1364 907 magis
1396 835 1774 891 deferendum
1807 850 1908 888 au-

258 925 514 981 ctoritati
547 923 974 981 existimamus.
1006 910 1009 913 ’

339 1015 459 1069 148.
490 1013 821 1068 Pretiosum
850 1012 1031 1086 igitur
1077 1013 1264 1069 sancti
1294 1012 1401 1068 viri
1456 1013 1759 1068 decessum
1817 1012 1910 1068 die

264 1106 322 1158 et
353 1118 523 1168 anno,
558 1118 706 1174 quos
729 1103 856 1172 jam
888 1102 1074 1157 eidem
1101 1102 1552 1174 assignavimus,
1576 1106 1912 1157 constanter

260 1190 573 1266 ponimus;
606 1195 662 1246 et
691 1191 802 1246 hoc
852 1191 1153 1265 aptissime
1197 1191 1465 1247 convenit
1517 1207 1647 1246 cum
1684 1189 1911 1246 Paulini

255 1280 622 1346 testimonio,
656 1279 872 1336 diserte
911 1280 1244 1348 asserentis,
1297 1279 1537 1335 beatum
1585 1280 1910 1336 antistitem

255 1368 591 1426 Theodosio
619 1372 732 1441 fere
760 1371 1059 1426 triennium
1092 1369 1466 1443 superstitem
1513 1369 1694 1424 fuisse
1724 1369 1908 1438 (Paul.

253 1459 314 1514 in
355 1459 473 1513 Vita
503 1459 689 1514 Ambr.
725 1476 866 1514 num
896 1459 1009 1530 32},
1053 1459 1110 1514 id
1162 1463 1269 1527 est,
1319 1476 1434 1514 non
1494 1462 1684 1515 totum
1733 1458 1909 1513 trien-

253 1548 453 1603 nium.
489 1547 551 1603 Si
590 1546 745 1603 enim
795 1565 948 1603 anno
995 1552 1224 1603 tantum
1267 1549 1395 1602 398.
1429 1565 1501 1602 xv
1531 1547 1655 1603 Kal.
1707 1547 1912 1616 Maias,

251 1637 373 1692 vita
402 1637 645 1692 functus
670 1641 778 1702 est,
812 1635 967 1692 ultra
1014 1637 1237 1693 dictum
1289 1637 1544 1709 spatium
1586 1636 1912 1693 Theodosio

252 1725 660 1797 supervixisse
689 1725 973 1782 dicendus
1002 1725 1140 1782 erit:
1187 1743 1321 1781 cum
1371 1727 1522 1782 idem
1576 1726 1910 1796 imperator,

254 1819 321 1914 ut
344 1814 743 1881 ostendimus,
769 1831 970 1871 mense
991 1815 1271 1870 Januario
1308 1815 1443 1871 anni
1467 1815 1572 1870 395
1602 1814 1911 1914 abierit‘ad
1948 1850 1994 1914 Β

255 1901 481 1974 plures.
545 1903 782 1958 Accedit
828 1920 894 1959 eo
953 1903 1263 1959 concilium
1298 1903 1752 1975 Carthaginense
1812 1902 1921 1957 hoc

255 1993 385 2063 ipso
419 2009 578 2048 anno
609 2008 810 2048 mense
840 1993 1166 2066 Septembri
1200 1993 1465 2048 habitum
1501 1996 1693 2061 (Cons.
1730 1991 1912 2047 Carth.

257 2099 353 2137 an.
379 2081 538 2154 397),
573 2099 607 2136 a
655 2098 769 2152 quo
802 2099 1103 2138 successor
1149 2082 1442 2138 Ambrosii
1477 2081 1914 2153 Simplicianus,

258 2171 434 2242 quasi
477 2171 608 2241 ejus
660 2170 870 2226 throno
894 2173 1020 2242 jam
1069 2171 1403 2244 impositus,
1461 2188 1564 2244 per
1609 2170 1917 2243 epistolam

259 2258 577 2316 consultus
608 2259 754 2327 fuit;
791 2260 889 2331 qui
913 2261 1068 2316 enim
1090 2265 1300 2333 putant
1320 2259 1768 2332 Simplicianum
1798 2263 1921 2315 tan-

261 2365 446 2420 quam
473 2349 666 2403 virum
699 2347 756 2403 in
788 2355 1134 2420 argumento
1166 2349 1320 2421 quod
1351 2350 1652 2421 agebatur,
1685 2363 1920 2420 pereru-

267 2437 321 2492 di
332 2444 490 2504 tum,
523 2436 746 2492 vivente
767 2437 1093 2506 Ambrosio,
1118 2437 1450 2494 consultum
1472 2454 1619 2506 esse,
1644 2453 1748 2492 nec
1780 2436 1922 2492 satis

2019 583 2217 622 eorum
2240 571 2564 638 temporum
2585 566 2695 622 sibi
2715 584 2841 624 esse
2863 569 3110 642 probant
3127 569 3323 626 minus
3345 569 3661 641 cognitam.

2101 657 2213 710 340.
2248 655 2352 711 Hic
2382 654 2722 711 omittemus
2773 655 2874 711 illa
2929 657 3231 725 miracula,
3291 676 3416 730 qua
3477 658 3665 714 sancti

2019 743 2244 800 obitum
2278 748 2589 799 consecuta
2637 748 2793 810 sunt,
2837 745 3052 817 quippe
3097 764 3224 818 quae
3275 747 3463 820 legere
3495 747 3666 804 liceat

2019 833 2174 904 apud
2229 832 2536 888 Paulinum
2591 834 2672 903 (in
2737 835 2860 889 Vita
2888 835 3073 889 Ambr.
3136 853 3299 891 num.
3331 838 3399 892 48
3429 841 3486 892 et
3517 840 3666 908 seq.)

2020 921 2276 978 Tametsi
2309 927 2502 977 autem
2563 923 2848 994 praecipue
2908 923 3077 978 nobis
3135 925 3448 980 consilium
3493 927 3669 982 fuerit

2018 1011 2308 1066 Ambrosii
2385 1010 2948 1066 commentationum
3006 1013 3271 1068 ordinem
3331 1031 3398 1070 ac
3456 1017 3666 1071 seriem

2020 1099 2272 1154 breviter
2327 1105 2649 1166 contexere,
2709 1103 2774 1153 ut
2829 1099 2965 1155 inde
3022 1100 3268 1157 lectores
3325 1103 3396 1157 ad
3463 1120 3665 1160 earum

2021 1187 2283 1242 studium
2316 1189 2760 1258 adjuvarentur;
2818 1187 2897 1243 ita
2954 1192 3148 1245 tamen
3186 1190 3371 1264 ipsius
3432 1193 3669 1266 scriptis

2020 1277 2171 1331 facta
2203 1293 2434 1349 quoque
2467 1293 2532 1332 ac
2565 1277 2805 1332 virtutes
2856 1278 3118 1348 ejusdem
3177 1296 3441 1336 connexa
3508 1285 3668 1349 sunt,

2022 1369 2086 1420 ut
2115 1363 2213 1420 illa
2252 1365 2510 1437 junctim
2546 1364 2763 1437 ubique
2820 1383 3142 1438 proponere
3203 1385 3509 1424 necessum
3565 1369 3667 1424 ha-

2021 1455 2345 1510 buerimus.
2405 1455 2632 1510 Passim
2691 1471 2947 1526 namque
3020 1456 3121 1510 tibi
3199 1462 3512 1513 occurrunt
3567 1463 3672 1514 aut

2022 1543 2306 1598 celsitudo
2345 1542 2446 1598 illa
2499 1543 2679 1598 animi
2732 1543 3056 1599 terroribus
3113 1561 3178 1599 ac
3238 1546 3510 1617 periculis
3567 1565 3672 1619 pro

2022 1632 2237 1687 Christi
2271 1638 2328 1687 et
2357 1630 2627 1687 Ecclesiae
2659 1649 2838 1687 causa
2870 1634 3070 1688 cedere
3100 1634 3302 1701 nescii,
3336 1638 3438 1689 aut
3467 1653 3671 1692 rursus

2024 1721 2309 1776 modestia
2339 1719 2599 1774 hominis
2631 1720 2774 1774 nihil
2807 1720 2918 1775 sibi
2958 1737 3207 1792 usquam
3259 1723 3670 1779 attribuentis:

2024 1810 2198 1865 modo
2229 1809 2522 1864 indefessa
2552 1808 2827 1880 pascendi
2857 1809 3050 1882 gregis
3100 1809 3448 1877 sollicitudo,
3501 1814 3674 1868 modo

2029 1897 2234 1972 vigiles
2291 1902 2494 1954 contra
2570 1897 2734 1952 dolos
2803 1897 3206 1953 haereticorum
3282 1899 3534 1955 excubiis
3611 1917 3679 1957 ac

2025 1987 2287 2044 labores:
2322 1986 2459 2042 alibi
2511 2003 2747 2042 summa
2803 1987 3137 2060 benignitas
3195 2005 3333 2060 erga
3389 2005 3677 2062 pauperes

2027 2082 2201 2149 atque
2253 2075 2530 2149 captivos,
2581 2076 2796 2148 ubique
2856 2077 3094 2132 demum
3153 2078 3434 2134 adversus
3493 2079 3678 2136 Deum

2029 2182 2240 2238 resque
2272 2165 2498 2220 divinas
2520 2164 2840 2238 singularis
2874 2165 3045 2238 plane
3078 2167 3333 2239 piestas;
3369 2185 3516 2240 quas
3548 2168 3678 2241 qui-

2030 2257 2161 2311 dem
2193 2255 2435 2310 virtutes
2490 2253 2837 2311 Christianis
2895 2254 3192 2321 omnibus,
3247 2257 3498 2313 maxime
3547 2275 3679 2314 vero

2032 2344 2434 2401 sacerdotibus
2465 2343 2776 2399 imitationi
2808 2361 2935 2400 esse
2967 2346 3256 2412 convenit,
3288 2350 3346 2402 et
3379 2364 3485 2404 nos
3516 2353 3678 2421 opta-

2036 2451 2192 2488 IDUS.

344 2719 1249 2887 SELECTA
1325 2717 2293 2886 VETERUM
2369 2715 3608 2882 TESTIMONIA

1230 2993 1380 3094 DE
1475 2988 1965 3097 SANCTO
2071 2984 2742 3092 AMBROSIO.

337 3319 552 3373 Basilii
581 3335 652 3374 ea:
677 3320 906 3390 epistola
933 3321 1022 3385 55,
1055 3336 1181 3391 (μω
1208 3320 1279 3376 ad
1307 3321 1652 3376 Ambrosium
1681 3321 1859 3392 ipsum
1960 3315 2003 3381 C
2041 3313 2196 3369 enim
2251 3313 2471 3385 Spiritu
2529 3318 2730 3369 sancto
2787 3331 2902 3386 quo
2952 3312 3160 3386 plenus
3206 3319 3316 3382 est,
3347 3319 3405 3372 et
3443 3317 3688 3375 ﬂumina

936 3395 1142 3463 scripta
1171 3396 1268 3448 est.

337 3477 512 3541 Quod
531 3477 826 3534 interioris
849 3479 1104 3536 hominis
1126 3482 1209 3536 tui
1234 3480 1728 3553 pulchritudidem
1752 3476 1927 3533 veluti

266 3582 336 3621 ex
393 3567 700 3639 variegata
764 3585 1101 3624 sermonum
1183 3570 1411 3642 pictura
1480 3569 1922 3641 cognovimus...

266 3655 678 3726 gloriﬁcamus
709 3657 890 3712 Deum
921 3663 1188 3714 nostrum
1223 3659 1322 3731 qui
1368 3659 1426 3713 in
1454 3656 1703 3730 singulis
1752 3671 1927 3728 gene-

266 3742 610 3798 rationibus
658 3761 756 3800 eos
807 3746 907 3818 qui
958 3747 1071 3803 sibi
1128 3747 1476 3820 placuerint,
1538 3745 1757 3819 deligit.
1819 3745 1925 3812 Qui

265 3831 411 3887 olim
438 3832 680 3904 quidem
699 3851 766 3889 ex
793 3836 1127 3908 pastoribus
1153 3838 1348 3892 ovium
1381 3834 1596 3909 populo
1628 3853 1732 3891 suo
1765 3835 1924 3908 prin-

263 3921 462 3992 cipem
540 3922 827 3991 excitavit,
896 3929 952 3980 et
1007 3927 1184 3982 Amos
1243 3927 1312 3982 de
1367 3944 1540 4000 grege
1615 3942 1925 3999 caprarum

265 4013 584 4082 sumptum
628 4012 836 4083 spiritu
893 4030 1000 4069 suo
1057 4015 1350 4084 instruxit,
1409 4032 1564 4071 nunc
1619 4015 1811 4070 virum
1859 4032 1926 4070 ex

264 4099 420 4154 urbe
451 4097 632 4172 regis,
664 4101 756 4156 eui
789 4103 968 4158 totius
998 4103 1191 4177 gentis
1219 4104 1581 4178 principatus
1630 4105 1926 4160 concredi-

262 4192 365 4243 tus
427 4191 579 4264 erat,
630 4189 918 4262 sapientia
967 4193 1302 4262 sublimem,
1353 4194 1583 4266 generis
1640 4193 1923 4259 claritate,

263 4276 400 4331 vitae
428 4275 763 4348 splendore,
798 4281 1001 4336 orandi
1033 4281 1325 4348 facultate,
1376 4287 1431 4338 et
1463 4283 1638 4338 rebus
1686 4282 1923 4338 saacula-

264 4365 441 4420 ribus
518 4364 808 4424 illustrem
868 4369 940 4424 ad
1018 4387 1262 4443 gregum
1331 4371 1543 4427 Christi
1623 4377 1924 4444 pasturam

262 4453 491 4520 traxit;
528 4454 626 4526 qui
654 4458 928 4528 projectis
961 4457 1140 4530 hujus
1176 4461 1303 4515 vitea
1347 4460 1558 4531 opibus
1610 4461 1922 4530 universis,

263 4559 500 4614 proque
551 4543 764 4600 damno
807 4546 1028 4602 habitis
1070 4552 1136 4602 ut
1186 4548 1480 4604 Christum
1541 4549 1923 4618 lucrifacerel,

262 4632 598 4688 commissa
626 4633 735 4688 sibi
771 4635 965 4708 magni
1021 4653 1086 4692 ac
1127 4637 1384 4710 praclari
1439 4638 1671 4712 navigii,
1731 4639 1920 4696 Eccle-

2035 3403 2107 3457 de
2161 3395 2360 3458 ventre
2419 3403 2547 3474 ejus
2606 3403 2788 3458 fluent
2847 3420 3014 3475 aqua:
3070 3403 3233 3467 vivae,
3292 3409 3350 3459 et
3405 3410 3686 3478 tanquam

2038 3491 2184 3545 Petri
2220 3491 2464 3562 apostoli
2496 3507 2820 3555 successor,
2852 3491 2978 3563 ipse
3025 3491 3134 3548 erit
3164 3510 3229 3548 os
3278 3493 3686 3552 universorum

2034 3579 2540 3634 circumstantium
2573 3580 2966 3636 sacerdotum.
3030 3581 3157 3636 Vide
3182 3583 3349 3636 etiam
3381 3587 3541 3639 tract.
3575 3601 3684 3658 seq.

2034 3667 2131 3721 ubi
2177 3669 2504 3722 inventionis
2552 3667 2644 3724 SS.
2694 3672 3006 3740 martyrum
3055 3671 3305 3726 Gervasii
3354 3688 3418 3726 ac
3447 3674 3687 3729 Protasiz

2033 3757 2308 3812 meminit.

2034 3865 2358 3936 Hieronymi
2406 3880 2475 3919 ea:
2529 3864 2753 3936 epistola
2796 3863 2892 3930 22,
2933 3864 3002 3918 ad
3032 3865 3412 3936 Eustochium,
3440 3883 3558 3940 cap.
3596 3871 3683 3925 10.

2110 3971 2292 4043 Legas
2345 3969 2638 4026 Ambrosii
2692 3970 2875 4025 nostri
2929 3987 3055 4042 quas
3115 3988 3302 4042 nuper
3343 3974 3581 4045 scripsit
3611 3976 3683 4030 ad

2035 4075 2291 4114 sororem
2313 4057 2617 4131 opuscula,
2631 4057 2690 4113 in
2714 4059 2930 4130 quibus
2947 4063 3108 4114 tanto
3129 4076 3192 4115 se
3208 4060 3413 4115 effudit
3427 4059 3680 4134 eloquio,

2035 4151 2099 4202 ut
2131 4147 2416 4220 quidquid
2446 4148 2516 4202 ad
2548 4146 2752 4203 laudes
2781 4147 3071 4221 virginum
3097 4147 3366 4220 pertinet,
3400 4150 3684 4222 exquisie-

2034 4237 2129 4306 rit,
2163 4237 2531 4310 expresserit,
2566 4236 2871 4292 ordinarit.

2141 4343 2392 4415 Ejusdem
2422 4360 2492 4398 ex
2522 4343 2661 4398 libro
2686 4343 2762 4397 De
2787 4344 3142 4415 scriptoribus
3170 4346 3572 4401 ecclesiasticis.

2103 4432 2448 4487 Ambrosius
2508 4430 2962 4487 Mediolanensis
3019 4432 3350 4504 episcopus,
3402 4451 3589 4506 usque
3621 4434 3680 4490 in

2033 4526 2377 4593 praesentem
2408 4519 2562 4575 diem
2613 4520 2856 4574 scribit:
2890 4521 2961 4574 de
3010 4537 3145 4592 quo,
3203 4521 3344 4591 quia
3393 4527 3680 4596 superest,

2032 4626 2228 4665 meum
2279 4609 2570 4679 judicium
2637 4607 3026 4676 subtraham;
3090 4625 3162 4664 ne
3220 4610 3276 4664 in
3339 4610 3677 4667 alterutram

259 4721 368 4776 sia
432 4720 704 4777 videlicet
776 4688 2252 4800 υυῖἴὲέᾜὲξἒὶιὶ-ὶείῖέιῗῇὲνηῖοἷῐαυρανξξεπι
2313 4702 2412 4754 θυι
2469 4696 2726 4753 adulat“)
2785 4697 2845 4752 ίη
2889 4714 2985 4753 ωε
3041 4700 3523 4771 τθρτοδεηάαιυιυ
3580 4704 3682 4754 aut

258 4809 517 4881 accepit.
549 4811 668 4883 Age
695 4810 894 4883 igitur,
929 4829 961 4870 ο
995 4813 1132 4870 hom
1156 4832 1188 4870 o
1221 4815 1340 4884 Dei,
1399 4817 1633 4888 quando
1684 4817 1922 4889 quidem

255 4914 384 4954 non
417 4898 496 4953 ab
552 4897 891 4957 hominibus
948 4903 1218 4975 accepisti
1250 4910 1352 4960 aut
1398 4905 1604 4960 doctus
1631 4923 1693 4962 es
1740 4907 1924 4963 Evan-

253 4986 494 5058 gelium
553 4985 787 5056 Christi,
865 4992 965 5046 sed
1044 4992 1168 5064 ipse
1214 4998 1272 5048 te
1331 4993 1675 5050 Dominuse
1729 4997 1924 5052 medio

244 5075 542 5144 judicum
573 5081 736 5132 terra:
765 5079 1143 5154 desumptum
1173 5083 1244 5138 ad
1279 5083 1612 5139 cathedram
1647 5085 1924 5157 apostoli-

252 5179 396 5218 cam
434 5165 758 5235 transtulit,
787 5172 898 5224 etc.

414 5268 712 5331 Gaudentiz'
749 5274 1022 5349 Brixiani
1067 5279 1302 5349 episcopi
1332 5283 1564 5334 tractatu
1596 5280 1780 5334 habito

622 5349 626 5352 ’
736 5346 794 5398 in
826 5345 913 5401 die
935 5362 1055 5404 suae
1070 5345 1457 5405 ordinationis.

323 5430 596 5487 Obsecro
618 5448 989 5491 communem
1025 5441 1248 5509 patrem
1292 5438 1665 5494 Ambrosium
1700 5444 1762 5495 ut
1791 5446 1922 5513 post

243 5520 548 5593 exiguum
579 5537 768 5577 rorem
809 5525 1099 5581 sermonis
1147 5526 1283 5592 mei,
1333 5526 1457 5597 ipse
1504 5526 1705 5600 irriget
1747 5532 1922 5586 corda

247 5613 461 5666 vestra
511 5609 842 5669 divinarum
894 5611 1188 5687 mysteriis
1239 5614 1590 5672 litterarum.
1626 5616 1784 5690 Loqu
1849 5638 1918 5676 ur

2033 4788 2265 4844 veritas.

2172 4894 2424 4966 Ejusdem
2452 4910 2522 4950 ex
2549 4894 2812 4966 Apologia
2861 4893 3121 4950 adversus
3161 4896 3533 4952 Iovinianum.

2104 4984 2262 5051 Quod
2299 4982 2348 5039 si
2379 4982 2470 5037 cui
2501 4999 2775 5054 asperum
2807 4989 2865 5040 et
2926 4983 3375 5054 reprehensione
3433 4980 3677 5052 dignum

2032 5072 2279 5141 videtur,
2311 5076 2532 5126 tantam
2576 5089 2683 5127 nos
2715 5072 2867 5126 inter
2915 5071 3305 5143 virginitatem
3338 5072 3395 5123 et
3441 5069 3677 5140 nuptias

2032 5160 2236 5216 fecisse
2266 5159 2626 5225 distantiam,
2651 5165 2872 5231 quanta
2890 5159 3041 5214 inter
3071 5161 3429 5213 frumentum
3462 5161 3518 5214 et
3547 5157 3678 5213 hor-

2032 5251 2203 5304 deum
2237 5252 2344 5318 est,
2375 5247 2531 5320 legat
2560 5248 2744 5303 sancti
2777 5247 3064 5302 Ambrosii
3096 5248 3169 5302 De
3226 5245 3406 5302 viduis
3435 5245 3673 5318 librum,

2031 5342 2087 5395 et
2115 5339 2366 5393 inveniet
2394 5337 2562 5391 illum
2596 5337 2746 5391 inter
2775 5340 2978 5391 caetera
3009 5353 3137 5407 qua:
3161 5337 3232 5392 de
3262 5335 3592 5409 virginitate
3622 5341 3679 5392 et

2032 5427 2252 5500 nuptiis
2284 5424 2621 5498 disputavit,
2655 5424 2828 5478 etiam
2861 5423 2970 5480 hoc
3001 5425 3237 5481 dixisse.

2271 5531 2518 5605 Ejusdem
2547 5547 2617 5586 ex
2646 5531 2877 5602 epistola
2906 5532 2994 5598 57,
3027 5533 3097 5588 ad
3130 5535 3440 5588 Damasum.

2101 5621 2376 5694 Quisquis
2400 5620 2510 5675 tria
2525 5619 2669 5686 haec,
2693 5618 2802 5675 hoc
2825 5623 2931 5688 est,
2955 5623 3072 5679 tres
3097 5622 3459 5696 hypostases,
3483 5622 3542 5678 id
3563 5626 3670 5692 est,
