4172 6182
449 357 562 422 123

1815 345 1918 410 DE
1962 349 2027 412 S.
2073 346 2475 416 AMBROSIO

3736 355 3855 420 124
3915 410 3921 416 .

443 482 1626 565 usiasdicit...jungaturcumBeatitudine
1643 482 2082 554 tuaUrsicinus,
2115 485 2169 553 Α
2198 489 2281 545 Ex
2312 488 2409 546 lib.
2442 506 2520 560 VI,
2572 504 2692 563 cap.
2726 487 2780 560 1,
2815 489 2913 548 ιιὺί
2955 487 3021 550 de
3061 489 3272 552 Μοηιεα
3298 499 3478 550 matre
3513 489 3592 548 ita
3618 490 3848 549 scribit;

441 607 576 648 cum
598 585 904 646 Ambrosio
935 582 1189 641 societur
1217 574 1561 633 Auxentius.
1594 573 1887 630 Absithoc
1919 591 1952 630 a
1974 575 2085 630 Ro-

439 697 618 738 mana
649 680 780 747 fide,
813 682 921 734 etc.

617 769 872 842 Ejusdem
899 782 967 822 ex
996 761 1222 835 epistola
1251 758 1340 825 65,
1374 755 1444 811 ad
1473 755 1906 810 Pammachium.

508 863 706 935 Nuper
736 853 1079 913 Ambrosius
1103 850 1185 904 sic
1206 849 1627 903 Hexaemerum
1646 843 1912 914 Origenis
1935 859 2083 897 com-

438 931 658 1023 pilavit,
685 953 748 1003 ut
778 943 963 1015 magis
981 937 1284 1012 Hyppolyti
1311 933 1630 992 sententias
1651 931 1970 1004 Basiliique
2000 948 2085 986 se-

435 1043 728 1112 queretur.

636 1123 885 1195 Ejusdem
913 1136 982 1174 ex
1011 1118 1236 1189 epistola
1267 1116 1356 1181 90,
1390 1115 1459 1168 ad
1488 1114 1872 1183 Augustinum.

502 1219 756 1282 Quorum
817 1215 873 1265 et
930 1207 1183 1280 priorem
1233 1205 1544 1277 (Origenem
1600 1202 1822 1271 scilicet)
1881 1202 2082 1254 noster

430 1301 775 1361 Ambrosius
806 1300 864 1354 in
898 1297 1249 1371 quibusdam
1271 1297 1508 1348 secutus
1538 1295 1647 1345 est.

532 1409 783 1484 Ejusdem
813 1424 882 1464 ex
918 1405 1146 1478 cpistola
1183 1401 1304 1468 451,
1339 1400 1407 1454 ad
1437 1399 1643 1466 Algas.,
1678 1397 1877 1464 Quaest.
1911 1397 1965 1449 6.

495 1499 842 1557 Ambrosius
864 1491 1314 1552 Mediolanensis
1345 1490 1654 1561 episcopus
1690 1485 1829 1558 quid
1864 1486 1936 1539 de
1966 1484 2074 1538 hoc

420 1592 547 1648 loco
576 1590 844 1655 senserit,
879 1587 938 1641 in
970 1579 1419 1640 Commentariis
1449 1579 1578 1648 ejus
1609 1575 1798 1648 legere
1831 1572 2069 1646 poteris.

457 1680 709 1753 Ejusdem
739 1695 808 1734 ex
836 1676 1094 1748 Apologia
1127 1673 1178 1736 1,
1219 1671 1474 1725 adversus
1519 1667 1800 1736 Ruﬁnum,
1828 1680 1956 1753 cap.
1988 1669 2034 1718 1.

493 1751 552 1827 Si
582 1767 986 1826 auctoritatem
1047 1760 1206 1834 operi
1248 1776 1353 1814 suo
1410 1755 1813 1830 praestruebat,
1873 1751 2071 1807 volens

2278 579 2613 636 Studiosius
2645 581 2716 637 ad
2747 580 3062 639 Ecclesiam
3096 599 3346 651 currere,
3383 585 3440 638 et
3464 581 3522 638 in
3554 582 3853 638 Ambrosii

2204 687 2304 724 ora
2347 671 2628 743 suspendi
2656 673 2727 727 ad
2772 673 2992 730 fontem
3051 671 3314 729 salientis
3371 689 3534 744 aquae
3563 672 3635 727 ad
3667 671 3852 728 vitam

2200 764 2494 815 aeternam.
2531 761 2814 834 Diligebat
2843 766 3036 817 autem
3070 761 3240 818 illum
3268 762 3459 817 virum
3494 761 3648 818 sicut
3676 778 3853 834 ange-

2195 848 2316 904 lum
2350 850 2473 916 Dei,
2508 851 2660 922 quod
2694 867 2797 923 per
2853 850 3019 906 illum
3077 855 3425 923 cognoverat
3477 867 3570 906 me
3610 851 3848 906 interim

2193 939 2266 992 ad
2298 938 2460 994 illam
2519 939 2832 1011 ancipitem
2893 940 3331 997 fluctuationem
3380 941 3504 1012 jam
3563 956 3693 995 esse
3721 957 3850 1012 per-

2193 1028 2507 1084 ductum...
2558 1030 2759 1101 Itaque
2817 1045 2948 1084 cum
2982 1029 3053 1084 ad
3113 1028 3426 1085 memorias
3481 1032 3845 1095 sanctorum,

2191 1117 2346 1172 sicut
2376 1118 2435 1171 in
2469 1118 2661 1173 Africa
2692 1118 2938 1184 solebat,
2971 1117 3163 1190 pultes
3194 1123 3250 1172 et
3281 1135 3489 1190 panem
3523 1122 3579 1173 et
3611 1134 3842 1173 merum

2190 1205 2503 1277 attulisset,
2558 1212 2733 1279 atque
2791 1208 2863 1264 ab
2910 1206 3146 1263 ostiario
3203 1207 3677 1279 prohiberetur...
3738 1207 3838 1262 ubi

2189 1297 2531 1368 comperita
2579 1295 2854 1369 praeclaro
2911 1296 3288 1369 praedicatore
3345 1300 3519 1368 atque
3578 1295 3841 1352 antistite

2186 1384 2422 1455 pietatis
2481 1390 2832 1458 praeceptum
2892 1403 3021 1442 esse
3053 1385 3135 1441 ita
3165 1403 3278 1441 non
3313 1385 3507 1441 fieri...
3555 1385 3841 1441 abstinuit

2186 1473 2614 1530 lubentissime.

2677 1567 2758 1620 Ea:
2787 1565 2968 1620 eodem
3006 1565 3100 1620 lib.
3133 1582 3252 1637 cap.
3285 1565 3337 1619 3.

2257 1654 2452 1726 Ipsum
2487 1654 2859 1710 Ambrosium
2895 1653 3118 1709 felicem
3175 1653 3490 1726 quemdam
3535 1653 3836 1710 hominem

2181 1742 2505 1798 secundum
2583 1743 2861 1798 saeculum
2929 1743 3230 1815 opinabar,
3291 1759 3466 1814 quem
3520 1742 3604 1798 sic
3659 1747 3836 1799 tanta;

421 1877 570 1933 quos
617 1860 978 1929 sequeretur,
1031 1830 1369 1916 ostendere;
1429 1845 1637 1902 habuit
1692 1844 1750 1898 in
1799 1845 2068 1914 promptu
2101 1862 2148 1926 Β
2178 1835 2499 1933 ρίξιθεξᾶῐθε
2531 1830 3254 1933 hopqra‘renti‘cm‘liba‘tus
3284 1836 3480 1933 autem
3528 1832 3655 1930 ejus
3687 1831 3833 1933 mihi

417 1931 1617 2008 Hilarium...Ambrosium...etmartyrem
1633 1931 2068 1987 Victorinum...

419 2038 490 2094 de
520 2037 612 2092 his
642 2034 918 2092 omnibus
963 2033 1134 2096 tacet,
1163 2032 1218 2084 et
1248 2024 1416 2099 quasi
1467 2022 1754 2079 columnis
1801 2019 2071 2075 Ecclesiae

418 2124 848 2200 praetermissis,
872 2139 965 2178 me
989 2119 1179 2175 solum
1207 2116 1460 2189 pulicem
1483 2118 1540 2169 et
1569 2111 1734 2167 nihili
1767 2109 2065 2166 hominem

416 2233 522 2289 per
551 2213 798 2287 angulos
830 2212 1214 2266 consectatur.

802 2303 937 2356 Item
965 2315 1038 2353 ea:
1075 2296 1357 2367 Apologia,
1391 2293 1444 2355 3,
1476 2307 1594 2363 cap.
1628 2291 1681 2344 3.

488 2394 605 2465 Ego
628 2408 745 2446 non
795 2386 1059 2444 accusavi
1093 2400 1272 2456 quare
1295 2381 1600 2454 Origenem
1634 2396 1738 2451 pro
1770 2376 2065 2432 voluntate

416 2478 822 2545 transtuleris;
881 2476 988 2531 hoc
1048 2473 1203 2528 enim
1260 2476 1316 2526 et
1346 2471 1469 2541 ipse
1525 2468 1654 2536 feci,
1692 2471 1749 2523 et
1807 2471 1940 2521 ante
1973 2483 2064 2521 me

414 2569 769 2634 Victorinus,
865 2562 1138 2628 Hilarius,
1232 2558 1692 2628 Ambrosiusque
1777 2556 2060 2611 fecerunt.

414 2659 612 2716 Eadem
644 2659 808 2712 etiam
836 2654 1054 2709 dixerat
1084 2653 1143 2706 in
1172 2649 1432 2720 Apologia
1461 2648 1519 2717 2,
1551 2663 1669 2717 cap.
1703 2647 1754 2701 4.

518 2745 771 2820 Ejusdem
817 2760 886 2800 ea:
935 2741 1218 2806 Chronico,
1254 2738 1400 2792 Grut.
1436 2754 1498 2791 ιιι
1528 2739 1578 2792 et
1609 2737 1786 2806 Equit.
1819 2750 1950 2790 coss.

482 2837 620 2892 Post
648 2832 917 2889 Auxentii
950 2847 1141 2887 seram
1172 2831 1443 2892 mortem,
1472 2823 1782 2880 Mediolani
1813 2823 2058 2878 Ambro-

411 2926 498 2982 sio
530 2923 867 2988 constituto,
919 2919 1110 2975 omnis
1143 2917 1214 2974 ad
1264 2921 1480 2972 rectam
1526 2914 1702 2968 ﬁdem
1736 2911 1899 2968 Italia
1929 2928 2062 2967 con-

409 3014 670 3070 vertitur.

505 3101 698 3173 Ruﬁni
727 3100 1095 3173 Aquileiensis,
1111 3095 1420 3168 presbyteri
1443 3110 1512 3148 ea:
1541 3092 1806 3146 Invectiva
1836 3090 1874 3146 2
1903 3093 1964 3145 in

1028 3171 1437 3238 Hieronymum.

2178 1919 2508 1975 laboriosus
2539 1920 2863 1976 videbatur.
2897 1920 3045 1986 Quid
3080 1924 3273 1975 autem
3305 1919 3403 1974 ille
3429 1919 3551 1992 spei
3586 1924 3833 1993 gereret,

2177 2013 2232 2064 et
2291 2010 2572 2064 adversus
2623 2009 2810 2080 ipsius
2862 2008 3217 2064 excellentiae
3265 2012 3630 2064 tentamenta
3687 2009 3832 2081 quid

2177 2097 2519 2153 luctaminis
2551 2098 2808 2166 haberet,
2859 2098 3068 2170 quidve
3116 2096 3424 2153 solaminis
3455 2099 3515 2152 in
3546 2098 3830 2165 adversis,

2177 2191 2234 2242 et
2266 2186 2560 2242 occultum
2593 2203 2658 2242 os
2689 2188 2817 2258 ejus
2849 2187 3004 2259 quod
3035 2190 3160 2243 erat
3187 2186 3248 2241 in
3280 2187 3453 2242 corde
3493 2189 3618 2258 ejus
3650 2205 3831 2259 quam

2177 2275 2382 2348 sapida
2411 2276 2627 2348 gaudia
2645 2277 2713 2331 de
2739 2293 2888 2348 pane
2914 2280 3014 2331 tuo
3037 2275 3383 2343 ruminaret,
3407 2292 3511 2331 nec
3541 2276 3833 2348 conjicere

2175 2381 2470 2431 noveram,
2506 2382 2611 2420 nec
2666 2369 2940 2437 expertus
2993 2369 3174 2421 eram'.
3209 2367 3273 2420 Et
3303 2367 3456 2436 infra
3501 2366 3597 2421 hoc
3640 2366 3832 2422 eodem

2171 2456 2363 2526 capite.
2400 2456 2509 2510 Sed
2570 2458 2723 2510 certe
2753 2453 2915 2511 nulla
2965 2455 3219 2510 dabatur
3265 2454 3433 2526 copia
3489 2454 3830 2510 sciscitandi

2173 2561 2300 2615 quae
2332 2543 2637 2615 cupiebam
2672 2544 2743 2599 de
2775 2547 2896 2598 tam
2930 2548 3130 2599 sancto
3162 2542 3396 2599 oraculo
3427 2548 3547 2608 tuo,
3593 2547 3829 2614 pectore

2171 2632 2398 2688 illius...
2428 2632 2499 2687 Et
2524 2649 2653 2687 eum
2691 2633 2925 2704 quidem
2951 2633 3007 2687 in
3041 2633 3252 2705 populo
3291 2633 3528 2688 verbum
3559 2633 3825 2689 veritatis

2171 2725 2325 2777 recte
2356 2724 2704 2776 tractantem
2727 2720 2936 2776 Domni
2965 2721 3059 2777 die
3080 2721 3373 2778 dominico
3395 2721 3728 2788 audiebam;
3766 2727 3826 2777 et

2171 2810 2360 2881 magis
2392 2807 2696 2881 magisque
2727 2809 2871 2864 mihi
2902 2810 3362 2865 confirmabatur
3391 2826 3594 2865 omnes
3621 2826 3824 2866 versu-

2167 2901 2361 2953 tarum
2409 2896 2840 2953 calumniarum
2892 2900 3098 2966 nodos,
3145 2915 3292 2971 quos
3340 2898 3424 2953 illi
3483 2899 3822 2970 deceptores

2169 2985 2353 3042 nostri
2411 2986 2691 3042 adversus
2730 2986 2958 3042 divinos
3006 2986 3190 3043 libros
3222 2987 3613 3056 innectebant,
3647 3005 3822 3060 posse

2168 3075 2428 3131 dissolvi.

2662 3165 2746 3220 Ex
2773 3164 2956 3220 eodem
2979 3165 3076 3220 lib.
3107 3181 3226 3237 cap.
3259 3166 3310 3218 8.

475 3262 678 3318 Virum
713 3259 959 3332 (lacerat)
990 3257 1148 3312 omni
1204 3230 1591 3310 admiratione
1639 3251 1880 3322 dignum
1915 3252 2051 3302 Am-
2085 3230 2127 3296 (ἶ
2237 3255 2307 3310 Et
2346 3257 2468 3309 erat
2514 3253 2936 3309 monasterium
2991 3230 3294 3309 Mediolani
3350 3245 3590 3326 plenum
3646 3254 3818 3311 bonis

405 3352 669 3408 brosium
701 3349 1066 3422 episcopum,
1099 3345 1198 3418 qui
1232 3361 1343 3399 non
1379 3341 1570 3396 solum
1599 3338 2052 3395 Mediolanensis

402 3440 694 3506 Ecclesiae,
723 3455 924 3494 verum
963 3436 1135 3491 etiam
1192 3432 1456 3489 omnium
1502 3427 1894 3484 Ecclesiarum
1953 3443 2051 3481 co-

402 3530 609 3586 lumna
637 3528 904 3600 quaedam
928 3529 983 3580 et
1012 3522 1192 3579 turris
1221 3516 1694 3590 inexpugnabilis
1739 3517 1915 3572 fuit...
1951 3515 2050 3588 qui

404 3619 476 3674 ad
508 3617 892 3674 Ecclesiarum
924 3613 1024 3669 Dei
1056 3610 1300 3684 gloriam
1333 3607 1552 3662 electus
1584 3624 1617 3660 a
1647 3606 1762 3661 Deo
1793 3609 1914 3661 est:
1949 3605 2049 3677 qui

404 3707 465 3763 in
524 3709 838 3779 conspectu
898 3699 1127 3757 Domini
1184 3698 1412 3753 locutus
1468 3700 1576 3762 est,
1617 3695 1676 3750 in
1735 3699 2050 3767 conspectu

404 3801 843 3869 persecutorum
902 3806 1128 3863 regum,
1179 3791 1236 3843 et
1266 3803 1380 3841 non
1411 3789 1500 3840 est
1555 3785 1856 3840 confusus.
1911 3788 2050 3838 Am-

405 3885 638 3942 brosius
669 3887 905 3940 sanctus
928 3879 999 3934 de
1019 3876 1239 3950 Spiritu
1264 3878 1463 3930 sancto
1488 3891 1601 3928 non
1620 3871 1810 3927 solum
1838 3871 2048 3935 verbis,

406 3975 506 4031 sed
539 3978 595 4029 et
624 3971 911 4044 sanguine
941 3985 1048 4022 suo
1081 3965 1344 4038 scripsit;
1402 3961 1615 4017 obtulit
1655 3960 1809 4015 enim
1854 3976 2050 4031 perse-

405 4062 703 4119 cutoribus
734 4057 1080 4130 sanguinem
1114 4071 1310 4120 suum,
1344 4069 1518 4125 quem
1557 4051 1613 4104 in
1646 4066 1709 4105 se
1741 4049 1917 4103 fudit:
1949 4048 2048 4104 sed

406 4169 440 4207 a
493 4152 608 4208 Deo
667 4151 739 4206 ad
794 4147 938 4204 alios
1009 4145 1202 4201 adhuc
1274 4142 1680 4198 reservabatur
1751 4137 2047 4193 labores...

406 4244 672 4297 sanctum
707 4237 895 4294 virum
917 4233 1315 4298 Ambrosium,
1349 4231 1519 4300 cujus
1542 4228 1733 4283 adhuc
1766 4226 2051 4300 praeclara:

403 4329 533 4385 vitae
565 4325 846 4384 memoria
873 4325 932 4379 in
964 4322 1177 4378 animis
1206 4319 1471 4376 omnium
1501 4317 1676 4389 viget.

657 4414 965 4485 Augustini
993 4429 1062 4469 ea:
1087 4411 1186 4465 lib.
1215 4426 1251 4463 v
1283 4409 1519 4478 Con/ess.
1562 4421 1679 4478 cap.
1714 4405 1800 4461 l3.

475 4507 620 4562 Veni
653 4501 1049 4560 Mediolanum
1102 4500 1172 4554 ad
1214 4496 1588 4552 Ambrosium
1622 4495 1962 4568 episcopum
1993 4494 2050 4549 in

2165 3342 2444 3399 fratribus
2491 3345 2652 3397 extra
2682 3341 2846 3397 urbis
2905 3342 3121 3397 moenia
3174 3342 3284 3397 sub
3338 3343 3646 3399 Ambrosio
3702 3361 3814 3399 nu-

2162 3433 2384 3488 tritore.

2711 3521 2793 3576 Ex
2823 3520 2917 3576 lib.
2953 3537 3030 3588 IX,
3064 3537 3179 3594 cap.
3212 3521 3266 3574 6.

2234 3612 2376 3666 Cum
2408 3611 2644 3666 Justina
2669 3609 3064 3665 Valentiniani
3117 3610 3270 3683 regis
3300 3610 3463 3683 pueri
3495 3614 3682 3666 mater
3710 3611 3816 3666 ho-

2162 3701 2380 3756 minem
2439 3704 2608 3755 tuum
2666 3698 3042 3755 Ambrosium
3096 3705 3541 3772 persequeretur
3569 3700 3815 3756 haeresis

2161 3808 2280 3846 sua:
2312 3806 2508 3854 causa,
2543 3806 2658 3861 qua
2707 3787 2896 3843 fuerat
2949 3789 3190 3844 seducta
3242 3788 3314 3843 ab
3344 3788 3608 3845 Arianis:
3643 3805 3814 3845 excu-

2161 3880 2337 3935 babat
2375 3877 2471 3950 pia
2529 3877 2694 3950 plebs
2753 3876 2812 3932 in
2872 3877 3149 3943 Ecclesia,
3205 3877 3352 3932 mori
3414 3883 3618 3951 parata
3671 3895 3811 3933 cum

2159 3969 2429 4040 episcopo
2461 3983 2566 4022 suo
2596 3983 2759 4023 servo
2788 3970 2954 4023 tuo...
2987 3967 3150 4022 Tunc
3175 3966 3377 4039 hymni
3407 3972 3464 4023 et
3505 3966 3716 4040 psalmi
3744 3971 3814 4022 ut

2161 4060 2509 4112 canerentur
2527 4054 2851 4111 secundum
2876 4071 3097 4110 morem
3121 4055 3500 4111 Orientalium
3527 4057 3834 4128 partium,

2161 4161 2233 4200 ne
2263 4143 2514 4217 populus
2546 4143 2813 4199 maeroris
2862 4145 3032 4200 taedio
3080 4144 3421 4215 tabesceret,
3470 4145 3810 4204 institutum

2161 4237 2265 4300 est,
2299 4238 2356 4288 et
2383 4250 2448 4288 ex
2478 4230 2578 4287 illo
2611 4232 2670 4287 in
2710 4231 3060 4288 hodiernum
3111 4235 3426 4302 retentum,
3458 4233 3662 4291 multis
3682 4237 3810 4306 jam

2162 4339 2228 4378 ac
2260 4337 2406 4394 pene
2437 4321 2710 4378 omnibus
2753 4321 3029 4394 gregibus
3059 4321 3178 4377 tuis
3203 4324 3260 4378 et
3288 4338 3392 4394 per
3419 4327 3627 4382 caetera
3655 4325 3814 4382 orbis

2161 4411 2552 4467 imitantibus.

2474 4499 2727 4571 Ejusdem
2755 4515 2825 4555 ex
2854 4500 3086 4571 epistola
3115 4498 3207 4569 3|,
3239 4502 3380 4555 alias
3411 4503 3498 4556 14.

407 4596 646 4670 optimis
677 4596 879 4649 notum
911 4588 1036 4645 orbi
1064 4592 1250 4652 terrze,
1305 4587 1464 4658 pium
1519 4585 1801 4640 cultorem
1861 4589 2052 4652 tuum,
2083 4604 2130 4668 Β
2235 4589 2439 4645 Libros
2471 4588 2796 4646 beatissimi
2846 4606 3006 4661 papae
3053 4589 3343 4645 Ambrosii
3395 4591 3566 4646 credo
3597 4591 3813 4648 habere

406 4687 576 4757 cujus
605 4689 744 4739 tunc
775 4679 1008 4751 eloquia
1052 4683 1289 4733 strenue
1349 4674 1764 4730 ministrabant
1819 4674 2050 4746 adipem

404 4770 687 4831 frumenti
735 4769 841 4838 tui,
895 4772 952 4823 et
1005 4766 1264 4822 laetitiam
1325 4764 1456 4831 olei,
1507 4767 1563 4819 et
1619 4764 1874 4819 sobriam
1933 4763 2050 4818 vini

405 4863 746 4921 ebrietatem
779 4856 992 4930 populo
1024 4861 1142 4911 tuo.
1172 4855 1256 4910 Ad
1283 4871 1412 4910 eum
1440 4858 1636 4909 autem
1660 4853 1915 4908 ducebar
1945 4853 2050 4908 abs

405 4958 463 5009 te
494 4949 782 5014 nesciens,
824 4950 890 5001 ut
947 4961 1050 5018 per
1106 4961 1241 5000 eum
1295 4944 1366 4999 ad
1425 4948 1480 4998 te
1540 4943 1730 4998 sciens
1785 4943 2047 4998 ducerer.

404 5037 675 5112 Suscepit
721 5053 814 5092 me
862 5039 1100 5107 paterne
1144 5033 1239 5089 ille
1269 5032 1442 5088 homo
1474 5032 1597 5098 Dei,
1630 5035 1687 5086 et
1719 5031 2048 5103 peregrina-

404 5129 622 5185 tionem
674 5141 864 5182 meam
916 5125 1057 5180 satis
1100 5121 1506 5195 episcopaliter
1553 5120 1818 5176 dilexit...
1853 5121 1920 5174 Et
1950 5119 2049 5173 de-

402 5217 664 5273 lectabar
685 5214 969 5269 suavitate
992 5211 1302 5276 sermonis,
1325 5227 1664 5284 quanquam
1691 5206 2048 5273 eruditioris,

405 5305 605 5362 minus
630 5309 824 5359 tamen
857 5301 1260 5357 hilarescentis
1306 5307 1481 5371 atque
1513 5297 1826 5352 mulcentia
1871 5311 2050 5366 quam

406 5394 604 5452 Fausti
637 5397 779 5460 erat,
814 5392 966 5464 quod
998 5391 1207 5447 attinet
1238 5390 1307 5445 ad
1330 5387 1560 5443 dicendi
1586 5386 1854 5439 modum:
1890 5388 2053 5438 caete-

405 5501 537 5541 rum
571 5499 762 5538 rerum
816 5481 1078 5553 ipsarum
1120 5478 1282 5534 nulla
1330 5473 1723 5546 comparatio;
1773 5489 1906 5528 nam
1956 5471 2053 5528 ille

403 5591 506 5647 per
523 5571 869 5627 Manichacus
893 5569 1151 5624 fallacias
1174 5563 1531 5626 aberrrabat,
1549 5563 1654 5618 iste
1681 5567 1876 5619 autem
1902 5559 2053 5616 salu-

402 5662 652 5720 berrime
680 5659 924 5715 docebat
954 5656 1225 5712 salutem.

2163 4678 2531 4733 sanctitatem
2586 4682 2770 4743 tuam,
2826 4693 2926 4733 eos
2985 4682 3179 4734 autem
3234 4677 3487 4750 multum
3544 4680 3811 4737 desidero

2162 4784 2310 4839 quos
2341 4768 2619 4823 adversus
2650 4765 2966 4822 nonnullos
2999 4765 3470 4839 imperitissimos
3503 4773 3559 4824 et
3605 4785 3810 4841 super-

2159 4854 2460 4924 bissimos,
2515 4855 2614 4926 qui
2663 4855 2734 4910 de
2787 4853 3046 4911 Platonis
3098 4854 3264 4911 libris
3308 4855 3624 4913 Dominum
3680 4875 3813 4930 pro-

2161 4943 2365 4998 fecisse
2409 4943 2788 5009 contendunt,
2837 4942 3288 5016 diligentissime
3318 4949 3376 5001 et
3405 4945 3813 5018 copiosissime

2161 5031 2411 5104 scripsit.

2587 5121 2668 5174 Ea:
2704 5119 2933 5191 epistola
2961 5119 3053 5190 54,
3084 5121 3228 5178 alias
3260 5124 3381 5178 118.

2231 5207 2592 5263 Subsecutus
2649 5211 2737 5262 est
2793 5206 3164 5282 (Ambrosius)
3216 5215 3275 5266 et
3328 5210 3410 5266 ait
3461 5210 3640 5268 mihi:
3675 5211 3814 5267 Cum

2161 5298 2382 5351 Romam
2440 5297 2615 5361 venio,
2667 5297 2861 5367 jejuno
2911 5297 3184 5354 Sabbato:
3241 5317 3365 5355 cum
3409 5300 3498 5355 hic
3524 5318 3663 5367 sum,
3695 5317 3812 5355 non

2150 5385 2360 5458 jejuno.
2414 5385 2503 5440 Sic
2531 5386 2698 5440 etiam
2741 5393 2800 5441 tu
2829 5385 2899 5441 ad
2927 5403 3088 5460 quam
3126 5393 3266 5460 [orte
3321 5390 3620 5446 Ecclesium
3647 5405 3808 5445 vene-

2159 5475 2258 5541 ris,
2309 5477 2426 5546 ejus
2479 5490 2684 5531 morem
2739 5489 2932 5538 serva;
2989 5478 3038 5530 si
3083 5478 3343 5547 cuiquam
3395 5495 3506 5534 non
3561 5480 3642 5533 vis
3697 5495 3811 5535 esse

2158 5562 2436 5632 scandala,
2465 5581 2564 5619 nec
2615 5580 2942 5636 que-mquam
2973 5564 3091 5620 tibi.
3150 5564 3268 5620 Hoc
3327 5583 3461 5623 cum
3495 5566 3667 5623 matri
3711 5584 3808 5622 re-

2161 5654 2547 5724 nuntiassem,
2578 5651 2828 5710 libenter
2858 5651 3124 5725 amplexa
3142 5658 3249 5710 est.
3285 5655 3401 5729 Ego
3431 5673 3565 5713 vero
3595 5657 3665 5712 de
3696 5655 3810 5712 hac
