4172 6182
255 349 386 411 129
1529 343 1917 406 SELECTA
1965 342 1973 368 '

2097 339 2445 404 STIMONIA
2459 387 2473 404 .
3606 345 3728 410 130

256 483 423 551 aliis,
484 482 622 539 aliis
681 484 1122 557 egredientibus,
1181 474 1462 550 implevit.
1533 478 1704 540 Quod
1780 472 2400 544 paterAspiritualis
2459 482 2620 547 pater
2678 482 2833 536 beati
2866 485 3199 554 Augustini,
3237 501 3410 556 quem
3446 484 3599 539 idem
3635 488 3723 540 vir

257 588 402 627 cum
465 572 739 628 videret:
798 573 853 627 Si
881 573 1096 640 vixerit,
1122 585 1416 642 praesagus
1449 567 1676 637 inquit,
1712 564 1966 629 infans,
2080 562 2481 620 sanctissimus
2542 567 2601 622 in
2661 569 2829 625 libris
2892 572 3016 628 suis
3075 579 3345 629 sanctum
3389 579 3444 628 et
3484 576 3720 629 beatum

259 677 536 732 magnus
567 661 699 716 erit.
736 661 844 726 Qui
874 666 1068 734 postea
1095 659 1324 716 adultus
1355 653 1784 712 Mediolanum
1827 665 1969 718 per-
2077 650 2371 720 nominat;
2425 655 2594 724 cujus
2661 660 3096 726 auctoritatem,
3171 668 3318 718 teste
3372 663 3717 733 Augustino,

259 750 422 805 rexit
469 753 619 805 tunc
647 751 918 822 episcopo
948 749 1305 806 destitutum.
1342 746 1492 800 Cum
1519 748 1723 798 autem
1756 752 1969 809 popu-
2079 743 2394 810 martyrum
2423 743 2703 800 revelator
2727 747 2947 802 Paulus
2978 751 3291 818 Apostolus
3314 753 3716 805 commendat:

261 838 366 894 lus
400 839 474 893 ad
511 837 860 894 electionem
916 839 1156 910 pastoris
1211 833 1611 898 convenisset,
1665 839 1820 883 ecce
1859 827 1968 882 tibi
2076 844 2246 898 quem
2278 829 2483 885 beatus
2506 831 2842 904 Gregorius,
2881 837 2971 890 vir
3004 839 3172 907 plane
3197 839 3569 910 apostolicus,
3604 856 3719 910 pPiB

262 928 480 983 infans
515 927 818 998 quispiam
847 926 1209 982 Ambrosium
1239 923 1590 996 episcOpum
1620 910 1969 990 proclama-
2075 933 2136 970 se
2187 918 2370 988 gerit:
2431 921 2600 988 cujus
2660 923 2992 979 doctrinam
3029 925 3417 996 recipiendam
3451 926 3720 982 beatissi-

263 1016 381 1071 vit.
416 1016 681 1087 Populus
711 1033 910 1072 vocem
947 1033 1058 1071 non
1088 1014 1212 1070 sine
1241 1011 1494 1068 numine
1521 1010 1778 1066 missam
1812 1007 1965 1061 arri-
2073 1021 2206 1060 mus
2237 1007 2600 1073 Benedictus,
2647 1015 2795 1066 teste
2826 1019 3034 1067 sancto
3066 1014 3360 1084 Gregorio,
3386 1021 3721 1071 sanctorum

267 1105 448 1177 puit;
502 1105 808 1176 simulque
852 1110 915 1159 ut
957 1104 1141 1159 virum
1195 1105 1449 1172 raperet,
1484 1099 1683 1154 irruit.
1715 1093 1965 1150 Subdu-
2073 1093 2485 1163 prephetarum
2520 1097 2738 1168 Spiritu
2790 1100 3004 1170 plenus
3045 1087 3376 1168 judicavit:
3420 1104 3508 1156 cui
3545 1105 3722 1159 totius

2073 1181 2337 1237 Ecclesize
2387 1184 2842 1242 Mediolanensis
2891 1188 3082 1257 gloria
3125 1189 3453 1258 specialiter
3483 1195 3722 1247 attesta-

2071 1275 2206 1325 tur:
2240 1287 2410 1339 quem
2446 1273 2652 1326 merito
2684 1275 2815 1330 ﬁdei
2847 1283 3009 1329 tutus
3041 1276 3197 1330 orbis
3227 1285 3568 1334 veneranter
3593 1297 3722 1336 am-

2071 1358 2344 1430 plectitur
2385 1361 2523 1430 (non
2570 1361 2727 1416 enim
2760 1370 2846 1418 tot
2867 1370 2924 1418 et
2955 1365 3104 1417 tanti
3141 1370 3318 1419 testes
3347 1365 3394 1420 si
3425 1372 3479 1420 te
3510 1367 3567 1421 in
3612 1370 3726 1427 fide

2071 1446 2358 1504 catholica
2387 1465 2578 1504 errare
2611 1449 2885 1514 scissent,
2950 1455 3117 1505 tante
3178 1455 3462 1522 praeconio
3497 1460 3553 1511 te
3581 1474 3727 1530 pras-

2072 1536 2429 1608 dicassent):
2464 1537 2606 1608 quid
2637 1543 2725 1602 tu,
2761 1539 3035 1610 inquam,
3071 1541 3142 1594 de
3173 1545 3554 1600 sacramentis
3584 1547 3728 1604 alta-

2073 1623 2154 1678 ris
2184 1625 2427 1692 sentias,
2463 1625 2797 1697 explanate.

267 1195 451 1249 cebat
503 1192 605 1248 ille
656 1210 741 1258 se,
773 1199 830 1249 et
875 1192 1029 1247 omni
1067 1192 1285 1247 ratione
1315 1189 1590 1245 latebras
1622 1184 1959 1258 quaerebat;

265 1282 524 1338 tametsi
556 1281 741 1338 latere
793 1299 907 1336 non
948 1281 1151 1352 potuit,
1201 1277 1426 1352 pepulo
1464 1277 1642 1332 illum
1671 1277 1795 1330 toto
1825 1290 1962 1329 cum

267 1371 434 1427 clero
487 1371 676 1426 simul
729 1370 1028 1442 deligente.
1080 1370 1222 1441 Ergo
1273 1385 1345 1424 ex
1396 1367 1829 1422 catechumeno
1863 1379 1964 1435 per

268 1459 561 1531 singulos
592 1460 816 1532 gradus
870 1457 1285 1514 ecclesiasticos
1335 1471 1724 1527 progressus,
1757 1457 1962 1508 octavo

269 1550 532 1604 demum
566 1549 686 1614 die,
723 1552 842 1603 tota
898 1545 1174 1601 catholica
1230 1543 1653 1600 consentiente
1682 1541 1960 1609 Ecclesia,

269 1638 483 1693 divino
510 1638 648 1707 jam
679 1634 911 1691 oraculo
941 1635 1304 1704 designatus,
1341 1633 1668 1704 episcopus
1706 1635 1795 1686 est
1824 1647 1961 1684 cen-

273 1730 584 1782 secratus.
648 1727 922 1792 Legunlur
974 1725 1134 1794 plane
1179 1722 1399 1777 similia
1462 1722 1528 1774 in
1553 1719 1786 1789 ejusdem
1819 1719 1962 1772 Pon-

275 1816 456 1905 tiﬁcis
519 1816 808 1905 epist._v,-
852 1813 919 1905 ad
964 1813 1277 1905 Michaelem
1350 1811 1520 1905 imp.,
1571 1825 1624 1879 p.
1675 1808 1801 1874 280,
1872 1806 1966 1860 ubi
1999 1840 2046 1905 B

274 1903 602 1959 subditur:
681 1901 1218 1958 Ecclesiasticarum
1287 1897 1643 1971 regularum
1702 1911 1968 1950 normam

275 1999 410 2048 toto
444 1991 584 2046 vita
635 2007 756 2047 sum
787 1994 1038 2062 tempore
1067 1987 1417 2053 custodivit,
1482 2001 1688 2041 omnes
1717 1983 1969 2039 haereses

280 2080 630 2146 debellans,
691 2078 861 2134 Verbi
906 2079 1000 2134 Dei
1046 2077 1168 2134 zelo
1235 2075 1604 2132 succinctus.
1657 2072 1760 2127 Adi
1805 2074 1970 2127 etiam

281 2174 456 2242 epist.
494 2185 575 2238 vi,
610 2166 977 2230 adPhotium,
1023 2185 1078 2238 p.
1123 2167 1258 2231 284,
1308 2166 1412 2219 ubi
1463 2163 1578 2217 haec
1628 2163 1748 2233 ipsa
1793 2163 1996 2232 fusius

283 2259 481 2314 adhuc
545 2260 847 2328 pertractat
910 2256 1051 2311 idem
1126 2254 1428 2319 Nicolaus,
1519 2251 1975 2320 Ambrosiumque

289 2356 554 2404 nostrum
585 2344 970 2400 clarissimam
1003 2349 1057 2400 et
1087 2339 1650 2416 splendidissimam
1673 2338 1972 2393 lucernam

296 2434 586 2492 Ecclesia:
615 2437 787 2490 vocat.

299 2543 608 2598 Ilincmari
661 2541 898 2611 archiep.
951 2541 1100 2594 Rem.
1147 2537 1542 2611 iniQuatern.
1574 2532 1644 2588 ad
1677 2532 1854 2588 Carol.
1888 2547 1975 2586 re-

845 2607 959 2680 gem
978 2613 1108 2666 tom.
1140 2610 1257 2666 VIII
1285 2607 1450 2663 Cone.

375 2703 742 2758 Mementote
789 2699 918 2754 facti
970 2696 1349 2754 memorandi
1401 2691 1718 2749 Theodosii
1767 2696 1824 2746 et
1855 2709 1974 2748 me-

297 2789 625 2848 morabilis
653 2787 760 2842 viri
807 2787 1115 2856 Ambrosii,
1150 2791 1210 2842 et
1254 2783 1400 2856 quia
1429 2781 1679 2837 excessit
1709 2787 1773 2834 ut
1803 2782 1976 2837 homo

295 2877 710 2943 Theodosius,
744 2877 1018 2948 corripuit
1047 2892 1188 2931 eum
1221 2878 1290 2929 ut
1318 2887 1494 2927 verus
1539 2870 1811 2926 sacerdos
1840 2873 1975 2926 Am-

294 2969 573 3033 brosius,
609 2969 666 3020 et
717 2966 930 3036 recepit
980 2964 1277 3037 patienter
1333 2965 1514 3031 atque
1571 2957 1848 3014 humiller
1879 2977 1980 3031 per

292 3057 483 3112 illum
535 3053 796 3110 divinam
853 3054 1278 3109 correctionem
1337 3048 1787 3104 Theodosius...
1823 3047 1981 3104 Felix

293 3145 400 3200 ille
446 3145 778 3215 imperator
815 3142 912 3213 qui
966 3158 1074 3196 suo
1133 3145 1402 3209 tempore
1438 3135 1615 3192 talem
1647 3135 1855 3191 habuit
1884 3153 1978 3192 sa-

2078 1749 2328 1804 Dmamlz'
2359 1751 2570 1806 abbatis
2626 1765 2706 1835 cf.
2737 1754 2905 1835 tract.
2969 1754 3046 1835 de
3088 1756 3322 1829 Corpore
3363 1767 3414 1814 et
3465 1760 3740 1835 Sanguine

2643 1821 2869 1889 Christi,
2915 1833 3069 1896 part.
3104 1845 3178 1884 1v.

2146 1933 2357 2008 Aliqua
2387 1936 2672 1992 deflorare
2731 1936 2879 1992 libet
2915 1940 2989 1996 de
3048 1950 3254 2003 sancto
3279 1949 3606 2020 Ambrosio,
3641 1972 3746 2013 cu-

2070 2024 2171 2094 jus
2205 2024 2260 2079 in
2296 2027 2550 2082 Ecclesia
2584 2025 2874 2081 catholica
2935 2038 3072 2103 post
3105 2037 3397 2108 apostolos
3436 2045 3750 2104 auctoritas

2080 2111 2328 2168 habetur
2358 2115 2666 2186 praecipua,
2697 2115 2875 2185 cujus
2901 2119 3257 2195 eloquentia:
3279 2130 3527 2190 afﬂuens
3553 2134 3752 2194 facun-

2080 2201 2176 2255 dia
2207 2201 2418 2258 Latinm
2453 2202 2665 2277 lingua:
2696 2205 2886 2262 decus
2922 2217 3011 2265 est
3045 2217 3106 2269 et
3139 2216 3343 2274 forma.

2082 2324 2328 2397 Gregorii
2375 2346 2532 2401 papae
2568 2331 2654 2385 VII
2681 2333 2954 2413 etcepist.
3011 2339 3207 2413 2A,_l‘ib.
3261 2361 3333 2410 IV,
3364 2349 3495 2403 tom.
3524 2352 3566 2406 X
3590 2355 3734 2410 Coac

2675 2402 2902 2470 Labbei,
2931 2422 2992 2476 p.
3033 2399 3166 2467 1'49.
3321 2399 3332 2410 '
3524 2399 3558 2406 "

2153 2511 2268 2608 l‘Iec
2299 2515 2749 2608 praetermittunt
2777 2518 2936 2608 quod
2985 2519 3208 2580 beatus
3238 2532 3601 2608 Ambrosius,
3638 2559 3754 2599 non

2084 2599 2277 2695 solum
2357 2619 2575 2695 regem,
2653 2605 2753 2659 sed
2815 2605 3002 2661 etiam
3081 2629 3285 2672 revera
3339 2599 3753 2695 imperatorem

2084 2689 2479 2746 Theodosium
2510 2691 2774 2748 moribus
2807 2697 2864 2747 et
2898 2701 3218 2770 potestate,
3255 2723 3366 2761 non
3399 2689 3628 2772 tantum
3662 2735 3752 2774 ex-

2085 2781 2558 2848 cemmunicavit,
2613 2781 2716 2836 sed
2765 2781 2944 2836 etiam
2999 2801 3079 2839 ne
3125 2806 3504 2860 prmsumeret
3533 2805 3592 2860 in
3624 2807 3750 2864 loco

2085 2868 2454 2922 sacerdotum
2487 2867 2544 2922 in
2579 2867 2835 2924 Ecclesia
2865 2883 3136 2942 manere,
3180 2877 3497 2944 interdixit.

2330 2993 2605 3048 Bernardi
2633 2992 2849 3048 abbatis
2881 2991 3101 3052 Clarev.
3135 3017 3206 3058 ea:
3233 3009 3388 3077 epist.
3422 3012 3514 3069 77.

2157 3108 2242 3162 Ab
2273 3108 2366 3163 his
2400 3125 2535 3178 ergo
2567 3108 2801 3196 duabus
2851 3107 3157 3174 columnis
3209 3124 3622 3196 (Augustinum
3659 3133 3744 3191 le-

880 3195 1064 3285 iifelixi
1095 3195 1378 3284 sacerdos
1437 3224 1538 3280 Dei
1607 3225 1972 3294 Ambrosius,
2008 3207 2050 3272 (ἶ
2089 3213 2240 3294 9""
2293 3201 2349 3252 et
2401 3195 2825 3294 A‘Enb'fmiuml'
2887 3201 3063 3257 crede
3115 3209 3280 3276 mihi.
3324 3195 3561 3274 difficile
3591 3225 3741 3278 avel-

297 3322 408 3394 qui
441 3320 508 3375 in
541 3324 804 3390 tempore
835 3318 944 3374 fuit
963 3317 1098 3373 talis
1123 3313 1539 3388 imperatoris;
1574 3312 1858 3384 scriptum
1888 3317 1978 3368 est

292 3410 466 3466 enim
509 3426 522 3462 :
561 3412 766 3463 Beatus
821 3410 916 3478 qui
960 3409 1186 3462 enarrat
1233 3404 1516 3473 justitiam
1564 3402 1695 3456 auri
1721 3400 1977 3457 audienti

295 3499 500 3570 (Eccli.
538 3498 697 3567 xxv).
734 3495 941 3552 Felices
987 3509 1224 3566 quoque
1275 3491 1454 3547 ambo
1500 3494 1558 3544 et
1589 3490 1860 3545 sacerdos
1923 3495 1980 3547 et

298 3589 660 3658 imperator,
695 3585 831 3656 quia
860 3600 932 3639 ne
963 3585 1052 3639 ira
1081 3583 1183 3638 Dei
1237 3596 1343 3651 pro
1387 3594 1628 3632 excessu
1660 3577 1978 3634 descende-

296 3681 394 3731 ret
427 3691 616 3746 super
671 3673 1104 3744 imperatorem,
1171 3667 1384 3724 habuit
1441 3682 1548 3721 sue
1592 3670 1857 3738 tempore
1885 3685 1976 3723 sa-

301 3763 617 3819 cerdotem
648 3762 719 3816 de
769 3778 882 3832 quo
936 3778 1049 3815 non
1102 3761 1350 3831 questus
1383 3758 1474 3810 est
1503 3753 1788 3809 Dominus
1821 3756 1978 3825 quod

303 3854 382 3907 de
417 3849 596 3906 nobis
627 3850 799 3904 modo
827 3848 1092 3920 queritur
1122 3847 1326 3902 dicens
1356 3862 1369 3898 :
1407 3843 1642 3911 Quaesivi
1681 3859 1855 3897 unum
1884 3847 1983 3914 qui

301 3944 690 4010 interponeret
755 3954 957 4008 sepem,
1036 3946 1087 3992 et
1167 3940 1340 3992 staret
1427 3933 1703 4004 oppositus
1791 3937 1981 3989 contra

301 4047 419 4097 me,
486 4043 559 4083 ne
635 4027 968 4098 dissiparem
1039 4043 1183 4094 eam,
1238 4032 1290 4080 et
1336 4037 1447 4077 non
1508 4023 1698 4078 inveni
1763 4022 1974 4094 (Bacch.

302 4120 482 4188 xxxx).

534 4204 792 4276 Ejusdem
819 4220 890 4259 ex
921 4204 1017 4259 lib.
1053 4220 1092 4258 ii
1121 4202 1187 4257 de
1224 4198 1490 4257 Praedest.
1523 4215 1639 4272 cap.
1672 4202 1758 4256 25.

385 4295 644 4350 Sanctus
702 4293 1052 4348 Ambrosius
1121 4291 1293 4362 cujus
1365 4289 1666 4344 sententiae
1731 4288 1866 4344 ﬁdei
1922 4295 1978 4346 et

309 4380 594 4437 Ecclesia:
625 4385 681 4436 et
709 4380 980 4435 omnium
1010 4379 1294 4433 virtutum
1333 4376 1685 4432 ﬁrmissimas
1716 4382 1855 4432 sunt
1880 4393 1974 4433 ce-

314 4469 567 4536 lumnaa,
600 4469 700 4541 qui
730 4473 1003 4524 sanctum
1033 4466 1430 4539 Augustinum
1464 4481 1565 4535 per
1594 4464 1693 4520 Dei
1725 4465 1975 4537 gratiam

315 4559 438 4613 ﬁde
498 4557 877 4627 illuminavit,
931 4555 1288 4627 baptismate
1363 4553 1740 4621 consecravit,
1800 4557 1976 4625 atque
2005 4572 2051 4636 Β

313 4645 592 4702 doctrina
622 4644 858 4718 pietatis
890 4642 1186 4710 instruxit,
1221 4643 1302 4697 ita
1332 4641 1391 4695 in
1422 4639 1592 4710 libre,
1624 4645 1732 4697 etc.

432 4752 618 4807 Photii
648 4768 718 4806 ex
767 4751 939 4822 ipsius
987 4748 1244 4803 Biblioth.
1277 4764 1396 4819 cap.
1429 4748 1552 4813 231,
1581 4763 1709 4818 pag.
1739 4747 1865 4802 890.

393 4838 495 4895 llle
527 4840 587 4894 in
619 4838 903 4893 divinitus
962 4836 1162 4892 afflata
1205 4835 1472 4891 libertate
1521 4851 1586 4890 ac
1617 4835 1832 4908 pietate
1865 4836 1976 4891 im-

313 4927 583 4983 mobillis
615 4927 876 4993 animus,
911 4923 1366 4981 Mediolanensis
1416 4923 1693 4979 nimirum
1727 4925 1975 4980 Ambro-

317 5033 473 5072 eius.

431 5104 683 5160 0dilonis
711 5105 927 5160 abbatis
959 5119 1028 5160 ea:
1057 5103 1271 5161 Chron.
1305 5101 1548 5158 Cluniae.
1576 5119 1706 5173 pag.
1743 5103 1864 5156 402.

389 5192 611 5248 Beatus
665 5191 1037 5258 Ambrosius,
1096 5190 1182 5245 vir
1238 5207 1343 5261 per
1394 5194 1605 5245 cuncta
1641 5189 1973 5258 laudabilis,

315 5287 375 5336 et
402 5296 582 5336 verus
641 5285 901 5336 assertor
938 5279 1074 5335 ﬁdei
1128 5277 1421 5335 catholica:
1447 5319 1459 5332 .
1489 5320 1501 5332 .
1535 5320 1547 5332 .
1601 5277 1977 5334 doctissimus

316 5371 549 5424 doctor.

317 5457 650 5514 Guitmundi
704 5457 974 5512 Aversani
1026 5458 1191 5528 episc.
1253 5470 1326 5528 ea;
1381 5453 1477 5528 lib.
1511 5453 1689 5528 unde
1729 5453 1974 5511 Sacram.

792 5531 954 5600 Corp.
987 5523 1066 5584 et'
1091 5527 1259 5594 Sang.
1300 5523 1520 5579 Domini

389 5617 509 5679 Sed
571 5620 660 5689 tu,
715 5615 920 5678 doctor
973 5615 1228 5695 egregie,
1289 5608 1629 5670 beatissime
1683 5609 1974 5686 Ambrosi,

2086 3284 2177 3427 tor
2209 3303 2222 3341 :
2255 3302 2388 3340 cum
2421 3284 2533 3355 his,
2592 3287 2860 3358 inquam,
2896 3301 2992 3343 me
3052 3299 3156 3351 aut
3185 3314 3375 3356 errare
3403 3311 3505 3360 aut
3536 3325 3740 3381 sapere

2112 3376 2288 3427 ateor.

2112 3376 2288 3429 uteor.

2443 3500 2759 3554 Petrarchae
2807 3511 2876 3550 ex
2907 3499 3010 3555 lib.
3045 3522 3084 3573 ι,
3137 3513 3292 3582 epist.
3335 3516 3380 3568 1.

2161 3621 2350 3676 Unum
2382 3623 2591 3678 aemulo
2624 3640 2690 3678 ac
2722 3622 3186 3692 reprenhensore
3208 3644 3526 3710 carentem,
3554 3663 3737 3704 unum

2088 3709 2262 3782 plena
2290 3714 2348 3764 et
2380 3710 2716 3783 indecerpta
2748 3708 2917 3764 laude
2962 3712 3304 3778 decoratum
3335 3708 3708 3790 Ambrosium

2090 3800 2259 3869 cujus
2293 3815 2362 3853 ne
2384 3800 2618 3869 juvenis
2647 3797 2883 3871 quidem
2918 3798 3139 3862 famam
3201 3779 3734 3879 mordax'livdr“;t:

2090 3886 2306 3979 tigerit,
2359 3889 2512 3959 apud
2539 3885 2836 3979 quosdam
2868 3885 3123 3979 invenio,
3157 3901 3311 3968 quod
3347 3901 3491 3958 forte
3520 3907 3592 3961 ad
3627 3926 3734 3979 pu-

2088 3993 2214 4030 ram
2246 3977 2372 4046 ejus
2405 3992 2473 4031 ac
2503 3975 2828 4049 simplicem
2861 3974 3210 4054 doctrinam,
3247 3987 3438 4044 omnis
3471 3974 3732 4068 ambigui

2088 4064 2809 4156 experteereferendum‘
2837 4067 2943 4156 est,
2982 4069 3210 4128 Consule
3257 4076 3496 4146 ejusdem
3529 4064 3736 4156 quogue

2088 4153 2292 4241 librum
2322 4169 2361 4206 ιι
2393 4153 2473 4208 De
2527 4154 2659 4207 Vita
2708 4151 2987 4222 solitaria,
3050 4163 3306 4219 sectione
3341 4182 3422 4234 III,
3455 4151 3580 4241 cap.
3612 4151 3657 4226 2—
3677 4179 3737 4232 et

2088 4241 2139 4306 4,
2176 4240 2271 4294 ubi
2299 4241 2440 4295 scitu
2465 4241 2789 4311 dignissima
2835 4243 3007 4300 tradit
3032 4247 3097 4302 de
3126 4251 3428 4321 Ambrosio,
3484 4240 3608 4329 quae
3635 4280 3734 4322 nos

2083 4346 2248 4384 causa
2280 4331 2556 4384 brevitatis
2586 4331 2674 4383 hic
2703 4331 3024 4399 omittimus,
3060 4354 3170 4392 non
3197 4357 3350 4396 secus
3375 4360 3440 4399 ac
3457 4348 3572 4404 alia
3592 4353 3736 4408 mul-

2085 4421 2160 4484 ta,
2217 4432 2343 4487 quae
2386 4419 2448 4471 in
2484 4417 2761 4473 historicis
2817 4418 3243 4484 bibliothecariis
3299 4431 3736 4514 legendariisque

2083 4513 2270 4578 sponte
2295 4514 2610 4560 occurrunt.

2084 4647 2299 4728 Andrea
2347 4647 2412 4701 de
2458 4648 2630 4728 P'etra.
2669 4647 3165 4728 Colossdarchiep.
3217 4677 3286 4716 ex
3345 4671 3485 4721 orat.
3541 4667 3729 4728 habita

2156 4721 2420 4844 3277mm.
2479 4719 2677 4786 Basil.,
2718 4723 2757 4775 t.
2799 4722 2908 4777 X11
2949 4719 3121 4782 Cone:
3150 4730 3279 4786 edit.

2156 4932 2317 4994 Quod
2350 4947 2480 4986 vero
2512 4937 2847 4989 sanctorum
2906 4935 3140 4994 Patrum
3199 4943 3462 5000 doctrina
3499 4963 3726 5010 errores

2088 5036 2292 5110 omnes
2324 5018 2631 5110 depulerit,
2682 5026 2860 5079 testes
2892 5031 3096 5081 sunt...
3134 5031 3495 5099 Ambrosius,
3524 5037 3724 5110 Augu-

2087 5108 2296 5176 stinus,
2331 5107 2742 5182 Hieronymus,
2773 5111 3110 5170 Christianae
3143 5116 3438 5188 religionis
3477 5107 3726 5184 clarissi-

2087 5214 2185 5253 ma
2214 5196 2459 5266 lumina,
2522 5199 2623 5270 qui
2681 5201 2959 5257 adversus
3017 5204 3207 5259 omnis
3265 5205 3500 5266 haeresis
3535 5229 3723 5286 genus

2085 5284 2472 5342 invictissime
2502 5288 2880 5360 scripserunt.

2087 5412 2424 5467 Bessarionis
2466 5411 2613 5466 card.
2663 5427 2732 5466 ea:
2751 5420 2888 5466 orat.
2918 5419 3154 5482 dogmat.
3191 5416 3348 5487 Cone,
3379 5424 3506 5480 tom.
3540 5428 3581 5481 Χ
3595 5429 3622 5483 1
3636 5431 3662 5485 ι
3677 5432 3720 5486 ι,

2156 5526 2452 5582 Habemus
2482 5524 2621 5580 item
2681 5539 2778 5578 eos
2838 5525 3040 5596 qui~ab
3098 5530 3406 5592 Occidente
3435 5542 3724 5601 exstinxe.

2087 5618 2225 5674 runt
2245 5629 2506 5674 errorum
2519 5612 2786 5673 ﬂammas
2808 5629 2952 5674 sana
2971 5614 3414 5700 clarissimeque
3437 5627 3722 5711 doctrina,
