4172 6182
469 291 608 350 -131
1954 292 2015 350 S.
2067 291 2112 348 A

2256 288 2440 349 tOSiI
3557 289 3562 292 ’
3781 293 3903 356 {32

495 423 805 492 Hilarium,
845 422 1243 480 Ambrosium.
1264 464 1276 477 .
1301 465 1314 478 .
1335 421 1434 493 qui
1467 420 1661 490 rugitu
1695 437 1802 476 suo
1833 419 2136 476 haereticos
2165 426 2218 489 Α
2372 419 2636 491 Ambrosii
2665 420 2883 469 monitis
2914 421 3141 471 iubdere
3173 425 3223 471 te
3254 436 3501 486 propera.

500 529 694 535 -.μη
733 514 1133 535 ,μη----μμ
2247 483 2557 532 Ambrosius
2587 495 2826 531 normam
2856 483 2950 532 tibi
2981 488 3244 534 monstrat
3286 485 3417 535 iuris
3450 491 3503 535 et
3535 487 3671 535 tenui

3035 499 3244 550 ODSLl'aI.
3280 499 3503 550 Jlll‘lS_et
3535 499 3707 550 (equi;

495 514 1156 611 οωηθερθιεντυεπυοι-
1221 601 1247 611 Α
1291 602 1327 611 ,,
1410 603 1420 611 ,
1682 602 1690 610 ,
2247 514 3457 611 ’Ϊ““Ϊ’ἑπέῖέζέί““ῥὲἱ;εἷῖἑἔὶἷέιὶέῗέ,“ἔὲἒῖὲ,ἒέἒὶιῗίὶ

709 603 909 659 Incerti
944 620 1014 658 6.2:
1060 620 1157 656 ms.
1210 601 1444 655 (ΣοίΙλιννι.⁸
1476 617 1606 654 ann.
1637 602 1768 654 circ.
1801 600 1924 653 600.
2251 607 2516 682 Ambrosii
2552 600 2762 680 scriptis
2781 600 3101 682 perducitur
3122 600 3460 682 admeliorn,

564 693 751 743 Audeo
782 706 916 756 quos
946 690 1133 739 humili
1164 701 1349 734 versus
1381 687 1712 734 subscribere
1744 685 1896 749 stylo,

618 758 682 798 Mi
716 758 867 798 lenm-
901 755 1008 798 noli
1041 753 1234 798 ducere
1268 763 1363 798 oro
1388 749 1574 797 nihilo.

2377 669 2476 726 Qui
2507 683 2604 718 sua
2634 669 2832 731 scripta
2862 670 3007 728 legit.
3042 676 3094 720 et
3118 673 3243 720 facit
3271 673 3475 735 absque
3507 686 3673 724 mora.

2252 731 2588 798 Ambrosium
2623 732 2803 798 legito,
2835 733 2884 798 si
2908 734 3029 798 vitae
3062 748 3259 796 pascua
3287 736 3518 798 quaeris:
3589 797 3594 798 ί

618 758 683 806 Mi
714 753 867 813 Iccio,
901 755 1008 802 noli
1041 753 1234 800 ducere
1268 763 1363 811 pro
1388 753 1574 797 nihilo.

493 823 676 873 Dicere
707 821 846 874 cogit
877 829 1026 865 amor
1054 827 1154 868 me,
1191 826 1309 874 quae
1340 811 1545 872 loquor,
1577 810 1980 869 Ambrosianus,

2252 753 2588 780 AUJUI‘USIUIU
2623 753 2803 792 ιεκιιυ,
2835 753 2877 780 δι
2911 753 3029 781 νιιω
3062 753 3259 796 pascua
3287 753 3518 798 QUEI'ISZ

2252 795 2833 874 .,._,99s-!9si§:_11e9
2864 795 3021 874 [scite
3041 799 3494 874 λεξυιιιξθέωειιυξι
3522 797 3644 874 erie-

774 835 846 881 8"
877 835 1026 865 amur
1055 835 1154 868 me,
1191 835 1309 874 qua:
1340 835 1545 872 quuur,
1577 835 1980 869 ωυιυιυδηιυυδ,
2293 856 2302 864 .
2352 835 2502 864 .““'“’
2537 835 2688 855 "0""
2721 835 2833 843 ““”
2864 835 3019 844 ’““”“’
3048 835 3059 852 ’
3094 835 3494 869 “’¹“’Ί“’““’.⁵’“’““’““’
3524 835 3645 846 ““’““”

774 881 937 922 prvire
969 879 1114 922 eunit
1143 888 1295 922 mens
1320 888 1456 922 mea.
1487 874 1692 922 lingua.
1739 887 1949 922 manus.
2251 856 2394 922 F‘ms.
2425 856 2610 922 admit}
2640 870 2838 922 mum”
2869 862 3082 922 Ρτωθίοί
3111 873 3202 922 Ψ¹¹
3234 863 3407 908 "mus
3436 864 3483 908 et
3518 873 3661 908 unus

616 888 710 935 Cui
743 874 937 930 servire
969 879 1114 940 cupii.
1143 888 1295 940 mens
1320 888 1461 940 1nea_,_
1487 874 1692 936 lingua,
1739 887 1949 930 manus,

492 947 532 996 Ο
562 918 1292 1011 ρυςὲὸέᾇῦἔᾶἀέἱξηῖδῖξί
1305 918 1692 999 ἐξῦδῖέςξιξξ
1740 918 1948 930 mw
2373 918 2436 968 Se
2471 919 2618 973 mihi,
2652 919 2833 982 sicque
2864 918 2982 982 pius
3013 918 3247 983 postulet
3275 923 3602 972 Ambrosius.

489 1105 2502 1143 ﬂ

977 1255 1084 1362 IN
1147 1250 1377 1375 SEX
1448 1246 1845 1362 LIBROS
1912 1246 2708 1359 HEXAEMERON
2777 1250 3445 1362 ADMONITIO.

555 1591 934 1647 Observatum
983 1583 1106 1653 jam
1153 1579 1377 1642 multis,
1440 1579 1594 1650 quod
1629 1582 1684 1632 et
1715 1595 1805 1633 res
1839 1577 1965 1650 ipsa
1996 1576 2233 1647 clamat,
2263 1578 2714 1634 Ambrosianum
2750 1579 2905 1635 hunc
2957 1580 3155 1636 fmtum
3198 1583 3571 1639 sermonibus
3602 1591 3896 1656 constare,

484 1681 701 1754 quibus
750 1678 988 1731 sanctus
1022 1671 1231 1726 Doctor
1262 1666 1477 1740 populo
1510 1665 1930 1722 Mediolanensi
1963 1682 2158 1721 rerum
2192 1667 2542 1723 creationem
2575 1669 2860 1739 exposuit.
2895 1669 3012 1726 Hos
3064 1670 3353 1726 notarium
3409 1672 3663 1745 aliquem
3695 1692 3762 1732 ex
3793 1693 3898 1733 ore

483 1766 729 1826 dicentis
759 1761 1053 1834 excepisse
1086 1758 1445 1814 arbitrantur
1494 1755 1781 1822 nonnulli,
1844 1772 1910 1810 ex
1964 1756 2172 1827 primis
2225 1757 2516 1812 sermonis
2572 1758 2754 1813 octavi
2812 1758 3001 1814 verbis
3033 1759 3428 1830 conjecturam
3461 1763 3799 1833 capientes:
3835 1770 3898 1820 at

482 1863 636 1915 certe
668 1851 1008 1910 Ambrosius
1032 1850 1157 1920 jam
1191 1845 1598 1919 pronuntiatos
1651 1843 1799 1915 style
1833 1843 2124 1911 astrinxit,
2179 1859 2245 1898 ac
2273 1844 2330 1898 in
2386 1861 2537 1909 eam,
2597 1863 2711 1917 qua
2767 1845 3277 1915 circumferuntur,
3323 1852 3610 1907 tractatus
3643 1851 3894 1909 formam

482 1942 873 2002 concinnavit.
908 1940 1159 2011 lpsemet
1190 1935 1344 1991 enim
1378 1932 1692 1988 Orontiano
1747 1932 1989 1987 diacono
2019 1933 2208 2002 (Epist.
2242 1931 2312 1986 ad
2342 1933 2572 2004 0ront.),
2607 1935 2676 1988 ad
2711 1950 2882 2006 quem
2941 1933 3093 1990 sicut
3151 1940 3206 1990 et
3236 1936 3306 1990 ad
3351 1936 3634 1993 Sabinum
3666 1941 3892 2012 episco-

483 2053 623 2109 pum
656 2033 764 2088 hoc
797 2030 948 2084 idem
979 2043 1126 2098 opus
1158 2023 1338 2087 misit,
1371 2023 1656 2087 scribens,
1691 2022 2080 2077 Hexaemeron
2112 2038 2289 2076 suum
2319 2039 2449 2077 sese
2503 2039 2772 2079 exarasse
2821 2023 3132 2095 significat.
3192 2025 3470 2081 Eamdem
3517 2044 3637 2083 rem
3669 2028 3727 2083 in
3758 2028 3894 2086 aliis

481 2139 713 2198 quoque
741 2119 907 2174 libris
940 2117 1064 2188 ipse
1098 2113 1404 2170 factitabit.
1437 2112 1634 2182 Neque
1664 2110 1931 2174 dubium,
1966 2109 2048 2163 illi
2081 2109 2189 2165 hoc
2222 2110 2348 2165 ideo
2379 2128 2490 2165 usu
2525 2113 2738 2179 venire,
2771 2116 2829 2167 et
2858 2113 3180 2168 amicorum
3214 2117 3279 2168 ut
3321 2113 3742 2188 obsequeretur
3788 2135 3892 2174 vo-

479 2211 716 2277 luntati,
749 2213 1208 2275 czeterorumque
1239 2200 1705 2256 Christianorum
1740 2199 1974 2254 utilitati
1994 2198 2358 2265 .consuleret,
2391 2205 2446 2255 et
2477 2200 2586 2255 sibi
2619 2217 2689 2254 ne
2721 2200 2940 2272 imponi
2976 2206 3171 2272 posset
3201 2219 3233 2256 a
3265 2203 3528 2260 notariis.

552 2299 723 2372 Operi
757 2312 862 2352 suo
895 2299 1111 2348 Auctor
1141 2292 1262 2362 ipse
1292 2287 1528 2344 titulum
1564 2289 1957 2343 Hexaemeron
2017 2286 2231 2342 indidit
2289 2289 2480 2359 (Epist.
2535 2289 2604 2343 ad
2634 2289 2821 2344 Sabin.
2855 2299 2905 2344 et
2937 2291 3167 2361 0ront.),
3203 2289 3488 2362 illudque,
3519 2292 3567 2347 si
3603 2293 3744 2348 fides
3774 2292 3890 2349 ba-

478 2390 672 2445 benda
702 2403 844 2442 mss.
883 2385 938 2437 in
974 2381 1189 2453 quibus
1220 2377 1496 2433 omnibus
1527 2377 1714 2449 legere
1745 2381 1853 2441 est,
1889 2377 2126 2447 Explicit
2157 2376 2274 2431 dies
2328 2379 2563 2448 primus.
2627 2379 2822 2448 Incipit
2853 2377 2968 2432 dies
3023 2378 3309 2443 secundus,
3361 2385 3420 2434 et
3451 2380 3532 2434 ita
3561 2381 3632 2436 de
3663 2381 3891 2438 caeteris

479 2481 536 2535 in
571 2495 671 2534 sex
718 2477 845 2531 dies
875 2470 1091 2528 divisit.
1123 2467 1400 2539 Congruit
1445 2465 1683 2538 quidem
1716 2465 1884 2520 titulo
1917 2482 2043 2528 suo,
2086 2465 2480 2538 universeque
2509 2467 2667 2538 operi
2699 2467 2944 2521 divisio:
2979 2468 3079 2522 sed
3109 2471 3244 2522 eum
3268 2467 3396 2537 jam
3429 2468 3561 2524 inde
3591 2485 3624 2523 a
3653 2471 3886 2527 Cassio-

477 2568 602 2624 dori
637 2562 922 2621 senatoris
954 2558 1316 2630 temporibus
1349 2572 1448 2610 sex
1479 2555 1536 2608 in
1570 2553 1751 2609 libros
1800 2554 2184 2609 distributum
2245 2553 2425 2609 fuisse
2485 2559 2781 2627 appareat,
2817 2559 2936 2610 tam
2971 2555 3226 2627 antiqua:
3265 2556 3533 2611 divisioni
3567 2561 3621 2611 et
3649 2559 3722 2612 ab
3751 2559 3890 2630 ipso

474 2654 786 2712 Ambrosio
816 2652 1012 2706 forsan
1043 2647 1310 2720 profecta:
1343 2645 1666 2716 quidquam
1698 2643 2012 2698 immutare
2041 2643 2228 2698 visum
2265 2659 2381 2697 non
2414 2647 2521 2698 est.

545 2743 774 2802 Doetori
809 2744 1008 2796 nostro
1061 2736 1391 2808 Origenem,
1451 2733 1826 2805 Hippolytum
1888 2747 1952 2786 ac
2010 2729 2288 2786 Basiliam
2349 2730 2406 2784 in
2463 2731 2572 2785 hoc
2601 2735 2946 2804 argumento
2978 2731 3269 2804 prmivisse
3301 2733 3466 2788 docet
3493 2732 3888 2807 Hieronymus

473 2837 646 2907 (Epist
677 2832 745 2887 ad
796 2827 1112 2884 Pammach.
1165 2841 1344 2894 supra
1373 2821 1515 2892 cit.).
1549 2820 1696 2883 Quid
1731 2824 1925 2874 autem
1974 2834 2007 2872 a
2037 2818 2330 2889 prioribus
2361 2819 2588 2873 duobus
2623 2824 2926 2874 mutuatus
2959 2821 3051 2887 sit,
3085 2837 3218 2876 cum
3263 2819 3482 2876 laudati
3514 2838 3714 2876 eorum
3745 2822 3887 2880 libri

473 2925 546 2979 ad
578 2924 805 2978 aetatem
837 2921 1120 2982 nostram,
1153 2915 1218 2966 ut
1251 2912 1308 2964 in
1366 2908 1703 2963 Praefatione
1756 2907 1977 2961 dictum
2036 2910 2144 2972 est,
2178 2907 2419 2962 minime
2451 2909 2834 2977 pervenerint,
2868 2907 3016 2962 scire
3058 2926 3170 2965 non
3207 2927 3524 2980 possumus
3555 2929 3567 2965 :
3601 2928 3632 2966 a
3663 2911 3885 2968 Basilio

474 3027 606 3067 vero
638 3012 704 3062 ut
732 3021 864 3061 eum
899 3018 1072 3074 quam
1107 2999 1361 3072 plurima
1417 2996 1746 3068 sumpsisse
1804 2995 2261 3066 haudquaquam
2316 2996 2684 3064 inﬁciamur;
2718 2998 2830 3052 ista
2861 2997 3145 3052 serviliter
3172 2997 3330 3052 illius
3362 3015 3538 3070 opera
3580 2999 3882 3057 imitatum

475 3115 624 3163 esse,
659 3099 759 3150 aut
789 3089 959 3164 quasi
991 3088 1284 3144 tralatoris
1317 3085 1506 3140 officio
1541 3085 1802 3138 functum
1837 3100 2245 3155 pernegamus.
2279 3085 2584 3141 Enimvero
2622 3087 2729 3142 etsi
2791 3087 3123 3158 frequenter
3154 3086 3312 3142 illius
3345 3087 3564 3143 insistit
3593 3090 3880 3162 vestigiis,

478 3189 549 3245 ab
583 3186 668 3242 eis
699 3189 896 3239 tamen
927 3195 1078 3251 saepe
1105 3175 1320 3248 saepius
1351 3174 1601 3229 recedit:
1637 3174 1852 3246 quippe
1881 3173 1980 3244 qui
2012 3173 2211 3242 addat,
2265 3174 2507 3240 adimat,
2534 3179 2916 3248 transponat;
2952 3175 3068 3231 imo
3101 3192 3206 3231 nec
3237 3175 3505 3249 religioni
3536 3178 3711 3234 ducat
3739 3196 3881 3236 con-

475 3277 658 3334 traria
681 3272 898 3330 sentire
928 3265 1141 3323 Basilio
1181 3264 1306 3334 (lib.
1342 3281 1426 3327 Ill,
1455 3279 1504 3318 c.
1539 3268 1566 3316 4
1594 3281 1606 3330 ;
1644 3262 1743 3317 lib.
1779 3280 1854 3333 1v,
1890 3279 1939 3318 c.
1970 3265 2042 3329 7;
2077 3261 2177 3318 liii.
2211 3281 2266 3329 v,
2299 3281 2348 3319 c.
2388 3264 2498 3334 18),
2529 3281 2703 3336 quem
2757 3265 2930 3320 etiam
2965 3264 3281 3331 interdum,
3314 3265 3490 3321 tacito
3520 3265 3654 3322 licet
3685 3269 3885 3324 nomi-

477 3384 573 3434 ne,
604 3381 720 3419 non
750 3359 951 3415 leviter
981 3353 1338 3428 perstringit.
1370 3352 1548 3407 Multa
1581 3369 1813 3423 quoque
1845 3368 1911 3406 ex
1943 3352 2202 3424 profanis
2234 3353 2572 3407 auctoribus
2600 3353 2786 3408 Plinio
2810 3358 2867 3408 et
2896 3353 3027 3409 aliis
3060 3354 3240 3425 petita
3267 3354 3429 3425 operi
3469 3372 3575 3409 suo
3606 3356 3878 3424 inseruit,

477 3471 605 3527 quze
635 3450 795 3506 nullo
827 3445 1058 3516 negotio
1090 3442 1280 3514 quivis
1314 3440 1521 3513 poterit
1550 3441 1864 3496 adnotare:
1890 3441 1991 3495 sed
2025 3441 2116 3495 hic
2150 3457 2261 3495 non
2293 3440 2522 3494 videtur
2551 3441 3130 3513 pratermittendum,
3164 3441 3245 3495 ita
3266 3441 3480 3498 lusisse
3501 3443 3657 3498 hunc
3681 3444 3882 3516 ipsum

479 3538 858 3614 exprimendo
890 3532 1152 3605 Virgilio,
1186 3535 1250 3585 ut
1281 3531 1350 3585 de
1383 3529 1593 3600 apibus
1623 3545 1800 3600 agens
1831 3527 1956 3600 (lib.
1989 3546 2042 3596 v,
2076 3545 2126 3583 c.
2157 3530 2268 3600 2i),
2304 3529 2514 3585 solutis
2569 3547 2844 3585 versuum
2904 3529 3186 3597 numeris,
3248 3529 3432 3586 Poeta:
3461 3533 3637 3588 verba
3665 3535 3888 3606 saepius

473 3632 766 3687 retineret.

546 3720 720 3774 Porro
753 3711 941 3770 sicubi
975 3708 1256 3765 Basiliam
1292 3707 1556 3762 imitatus
1587 3711 1693 3773 est,
1726 3706 1782 3760 id
1815 3704 1901 3760 vel
1956 3705 2210 3760 maxime
2267 3706 2487 3761 factum
2547 3706 2604 3761 in
2641 3707 2967 3778 argumenti
3026 3707 3204 3762 totius
3260 3709 3672 3766 distributione
3700 3715 3881 3782 atque

472 3805 814 3866 oeconomia.
849 3801 1012 3857 Unde
1043 3798 1283 3854 minime
1317 3795 1799 3861 dubitaverimus,
1834 3795 1976 3865 quin
2007 3794 2104 3848 hic
2134 3810 2435 3850 sermones
2483 3812 2712 3862 novem,
2763 3800 2906 3866 quot
2951 3795 3213 3851 videlicet
3242 3797 3397 3868 apud
3447 3798 3682 3854 beatum
3711 3799 3879 3854 Basi-

471 3898 595 3953 lum
625 3896 874 3958 exstant,
907 3886 1248 3962 assignandi
1280 3885 1418 3942 sint.
1473 3885 1638 3939 Certe
1677 3883 1912 3954 quidem
1967 3899 2102 3938 eum
2131 3900 2443 3939 numerum
2477 3885 2775 3939 adstruere
2833 3901 3141 3956 operosum
3161 3902 3275 3940 non
3306 3887 3434 3942 erit.
3467 3886 3589 3941 Duo
3615 3887 3770 3942 enim
3813 3887 3877 3942 in

469 3987 616 4042 libro
647 3981 816 4039 tertio
849 3975 1328 4034 manifestissime
1351 3973 1817 4044 distinguuntur,
1851 3988 2101 4043 quorum
2133 3971 2298 4037 alter,
2332 3973 2538 4044 primis
2570 3974 2830 4045 quinque
2848 3974 3622 4046 capitibusinclusus,mane
3637 3975 3877 4033 habitus

469 4080 594 4142 est;
627 4073 772 4128 alter
797 4068 896 4140 qui
928 4083 1029 4138 per
1057 4063 1284 4136 reliqua
1309 4064 1436 4133 ejus
1467 4060 1600 4115 libri
1633 4061 1824 4132 capita
1853 4061 2204 4127 extenditur,
2255 4077 2511 4133 vespere.
2547 4062 2742 4133 Neque
2772 4078 2904 4116 vero
2937 4063 3133 4118 minus
3165 4064 3538 4135 perspicuum
3574 4064 3778 4136 quinto
3807 4063 3882 4119 li-

470 4166 572 4220 bro
609 4162 777 4217 binos
831 4155 1104 4211 similiter
1159 4150 1478 4217 contineri,
1536 4167 1670 4205 cum
1730 4149 1982 4205 multum
2015 4149 2306 4222 discrepet
2335 4150 2404 4218 is,
2439 4167 2614 4222 quem
2650 4149 2921 4205 undecim
2954 4150 3247 4222 prioribus
3278 4151 3568 4222 capitibus
3599 4156 3882 4224 putamus

469 4246 1006 4317 circumscriptum,
1063 4242 1136 4297 ab
1189 4258 1254 4296 eo
1289 4241 1388 4313 qui
1440 4239 1574 4294 inde
1616 4240 1684 4294 ad
1717 4240 1892 4294 finem
1925 4254 2114 4310 usque
2143 4238 2275 4294 libri
2308 4240 2668 4311 perducitur.
2705 4238 2872 4293 Illum
2903 4240 3209 4294 matutinis
3240 4239 3398 4294 horis
3431 4243 3879 4310 pronuntiatum

470 4356 597 4395 esse
626 4333 968 4410 planissime
1000 4329 1299 4386 declarant
1330 4329 1537 4384 ultima
1569 4328 1776 4400 capitis
1807 4327 2100 4383 undecimi
2129 4329 2323 4395 verba,
2357 4328 2574 4399 quibus
2606 4345 2636 4384 e
2672 4327 2813 4382 solis
2845 4328 2961 4399 iam
2996 4327 3240 4381 nimium
3275 4328 3640 4398 procedentis
3670 4331 3880 4386 ardore

468 4433 588 4483 tota
618 4421 990 4481 concluditur
1017 4419 1201 4475 oratio
1227 4435 1238 4473 :
1273 4418 1430 4473 hunc
1463 4423 1656 4473 autem
1688 4417 2033 4489 vespertinis
2065 4417 2352 4482 habitum,
2383 4433 2450 4472 ea
2481 4434 2606 4488 qua:
2639 4417 2709 4472 de
2741 4415 3042 4470 nocturnis
3073 4414 3276 4471 avibus
3307 4415 3464 4484 dicit,
3500 4417 3747 4488 probant
3769 4419 3881 4474 evi-

468 4517 671 4571 denter
701 4531 713 4581 ;
743 4515 798 4567 et
830 4514 1106 4582 praeterea
1135 4507 1432 4563 concionis
1467 4507 1771 4562 confirmat
1801 4505 2088 4578 epilogus,
2122 4523 2269 4577 quos
2301 4505 2431 4578 pius
2463 4505 2670 4578 prazsul
2702 4508 2972 4575 vergente
3004 4502 3268 4557 arctioris
3292 4503 3503 4574 jejunii
3536 4506 3629 4561 die
3649 4507 3879 4561 audito-

468 4621 572 4668 res
591 4602 663 4658 ad
697 4599 1014 4656 serotinam
1047 4596 1416 4652 refectionem
1449 4595 1709 4650 dimittit.
1764 4598 2110 4667 Quanquam
2170 4611 2301 4650 vero
2362 4610 2476 4648 non
2523 4595 2603 4649 ita
2652 4591 2900 4665 proclive
2932 4592 3010 4646 sit
3057 4591 3317 4648 evincere
3347 4593 3605 4664 primum
3641 4611 3877 4667 quoque

467 4693 685 4749 librum
719 4689 775 4744 in
809 4688 956 4742 duos
989 4700 1288 4740 sermones
1322 4685 1499 4739 fuisse
1523 4685 1798 4749 divisum,
1833 4685 1889 4738 in
1920 4701 2047 4738 eam
2063 4689 2254 4738 tamen
2270 4681 2753 4754 opinionemhinc
2771 4679 3138 4747 adducimur,
3157 4681 3308 4752 quod
3333 4682 3476 4736 sexti
3509 4682 3716 4755 capitis
3737 4683 3877 4739 ﬁnis

467 4780 611 4837 nihil
645 4778 801 4835 aliud
835 4776 1101 4848 praeferre
1131 4773 1417 4839 videatur,
1455 4773 1566 4826 nisi
1615 4773 1896 4828 orationis
1958 4769 2416 4838 conclusionem,
2477 4787 2602 4840 quzc
2634 4785 2766 4823 cum
2820 4768 3010 4838 prima
3041 4768 3333 4825 Basiliana
3362 4770 3603 4827 homilia
3634 4771 3877 4844 pulchre

467 4867 790 4926 consentit:
826 4864 1052 4935 reliqua
1083 4867 1276 4917 autem
1309 4861 1553 4931 hujusce
1585 4861 1716 4915 libri
1740 4860 1949 4931 capita,
1985 4877 2110 4931 qua:
2140 4863 2195 4913 et
2227 4859 2353 4929 ipsa
2385 4858 2655 4911 secundae
2675 4855 2873 4910 Basilii
2897 4855 3152 4912 homiliaa
3173 4859 3476 4930 aptissime
3497 4861 3875 4932 respondent,

466 4957 642 5014 aliam
676 4955 918 5024 suisque
976 4951 1236 5005 numeris
1295 4947 1625 5004 absolutam
1685 4948 2005 5003 orationem
2039 4946 2181 5001 satis
2215 4944 2436 5016 liquido
2467 4962 2580 5015 pra:
2627 4961 2687 4998 se
2718 4944 2923 4998 ferant.
2958 4945 3153 5000 Cmtcri
3185 4948 3422 5002 tandem
3456 4947 3589 5002 libri
3621 4951 3685 5002 ut
3715 4948 3872 5020 apud

463 5043 770 5112 Basilium,
802 5041 882 5095 ita
913 5039 1085 5094 etiam
1117 5037 1212 5092 hic
1244 5054 1416 5094 suum
1452 5036 1703 5107 quisque
1733 5051 2060 5090 sermonem
2093 5033 2578 5104 complectuntur.

534 5132 772 5194 Quaeras
801 5130 1043 5185 fortasse
1075 5127 1166 5182 cui
1201 5125 1573 5198 potissimum
1607 5140 1757 5178 anno
1783 5123 2080 5177 tribuendi
2113 5121 2278 5176 sint?
2307 5121 2580 5185 Quamvis
2603 5122 2660 5176 id
2692 5127 2846 5178 certo
2879 5123 3121 5180 definire
3152 5142 3267 5180 non
3299 5125 3640 5192 audeamus,
3674 5129 3872 5180 tamen

464 5221 512 5277 si
545 5220 685 5292 quid
718 5217 1067 5288 conjecturis
1097 5215 1270 5270 liceat
1299 5211 1625 5282 indulgere,
1662 5210 1792 5265 illos
1824 5227 1976 5264 anno
2007 5211 2111 5264 389
2140 5210 2295 5265 haud
2331 5211 2516 5266 multo
2549 5210 2907 5282 antiquiores
2936 5213 3374 5268 arbitrabimur.
3423 5214 3566 5268 Cum
3598 5213 3754 5269 enim
3787 5212 3874 5268 ibi

464 5308 586 5382 (lib.
623 5325 706 5362 III.
741 5325 790 5363 c.
829 5309 851 5362 1
882 5312 939 5363 et
967 5309 1039 5373 5;
1072 5305 1171 5358 lib.
1208 5319 1260 5354 v.
1297 5317 1346 5364 c,
1378 5300 1431 5368 4)
1479 5299 1696 5354 mentio
1744 5298 2122 5354 ecclesiastici
2180 5304 2408 5368 cantus,
2461 5317 2634 5372 quem
2690 5299 3001 5356 Mediolani
3054 5302 3153 5357 Vir
3183 5306 3420 5357 sanctus
3451 5319 3603 5357 anno
3633 5302 3737 5358 385
3767 5307 3875 5357 aut

460 5399 568 5453 386
599 5397 953 5460 instituerat,
1006 5408 1118 5447 non
1173 5387 1353 5446 semel
1403 5388 1523 5451 fiat,
1585 5392 1716 5442 ante
1747 5386 1889 5442 illud
1921 5392 2156 5459 tempus
2188 5388 2581 5446 Hexaemeron
2635 5406 2809 5445 suum
2841 5390 3241 5462 composuisse
3300 5390 3581 5445 dicendus
3612 5407 3726 5445 non
3757 5394 3866 5446 est.

468 5487 681 5544 Deinde
712 5503 773 5543 se
803 5491 940 5540 tunc
972 5479 1344 5554 provectioris
1372 5477 1552 5534 fuisse
1585 5477 1770 5533 mtatis
1803 5495 1916 5534 non
1943 5476 2319 5534 dissimulat:
2373 5479 2506 5548 Quae
2544 5481 2726 5552 pueri,
2762 5478 3035 5550 inquiens
3065 5478 3188 5550 (lib.
3224 5494 3302 5548 1v,
3335 5495 3383 5533 c.
3415 5479 3494 5551 v),
3527 5479 3770 5545 risimus,
3802 5494 3873 5535 ea

459 5591 612 5639 senes
639 5584 1064 5635 commemorare
1093 5571 1188 5648 qui
1211 5571 1542 5646 possumus?
1569 5567 1652 5628 Ex
1674 5565 2062 5629 communiori
2093 5571 2291 5629 autem
2321 5566 2699 5644 ohrouologia
2727 5583 2844 5628 non
2875 5566 2958 5628 ita
2987 5579 3163 5628 senex
3191 5581 3346 5628 anno
3372 5567 3477 5629 897
3515 5566 3672 5629 diem
3721 5566 3871 5630 obiit
