4172 6182
279 325 410 384 133
1585 329 1976 388 IIEXAEMI

2095 330 2170 388 )N
2222 333 2364 390 LIB.
2415 333 2460 392 Ι.
3633 343 3753 405 134

286 455 657 513 Ambrosius
690 474 703 512 :
730 462 1070 532 quapropter
1098 474 1262 515 suam
1290 473 1426 513 eum
1461 463 1870 514 senectutem
1903 459 2003 514 vix
2033 465 2166 517 ante
2197 479 2414 519 annum
2446 465 2552 519 389
2581 469 2935 539 praedicasse
2958 473 3336 544 judicaveris,
3367 476 3603 531 Accedit
3657 475 3752 532 his

284 547 456 617 quod
490 545 634 619 ipsa:
666 563 795 619 quae
829 548 883 603 id
915 548 1182 620 temporis
1211 547 1269 603 in
1300 545 1571 602 Ecclesia
1598 563 1713 602 sua
1749 546 2121 619 agebantur,
2155 550 2492 608 describens
2523 555 2690 610 docet
2712 558 2842 628 jam
2877 576 2990 615 non
3027 563 3244 618 multas
3275 581 3402 620 esse
3441 580 3752 636 congrega-

283 636 513 702 tiones,
545 636 615 691 ad
649 653 800 708 quas
831 637 1129 709 separatim
1162 634 1394 709 pagani,
1442 634 1870 702 haereticique
1955 639 2309 710 cogebantur
2342 659 2353 695 :
2419 642 2522 696 Sed
2567 647 2748 714 factus
2769 649 2870 714 est,
2922 647 3114 720 inquit
3148 651 3272 720 (lib.
3303 670 3383 719 ιιι,
3418 669 3467 706 c.
3496 634 3579 719 9f
3607 634 3751 707 uitus

280 726 555 797 populus,
589 741 660 780 ex
689 725 975 794 ha’reliczs,
993 730 1043 781 et
1070 725 1314 797 gentibus
1347 724 1562 795 repleta
1592 727 1671 778 est
1701 721 2139 789 Ecclcsz'a.Quae
2171 743 2308 783 sane
2338 734 2623 800 quantum
2656 749 2792 788 cum
2834 737 3154 808 assignatis
3203 741 3565 811 temporibus
3619 758 3751 796 con-

286 815 563 882 veniant,
600 814 770 870 facile
800 815 981 886 quivis
1012 813 1314 886 intelligat,
1347 813 1485 868 Haec
1518 821 1798 881 namque
1831 818 2033 883 aperte
2062 815 2393 887 signiﬁcant
2420 818 2614 874 felices
2644 819 2776 876 illos
2809 823 2960 887 dies,
3005 842 3139 879 cum
3173 829 3457 882 exstincta
3514 829 3750 884 Justina

288 903 685 976 imperatrice
715 904 1054 960 Arianorum
1085 903 1347 976 partibus
1381 907 1509 958 tam
1537 899 1944 975 pel-tinaCiter
1973 903 2220 969 addicta,
2256 907 2550 962 confutato
2583 911 2939 984 repulsoque
2972 914 3323 984 Symmacho
3382 916 3747 972 ethnicorum

293 993 532 1048 rituum
559 995 682 1047 tam
716 993 848 1047 forti
881 997 1320 1065 propugnatore,
1351 992 1552 1048 victor
1582 988 1833 1046 tandem
1869 991 1941 1046 de
1972 991 2220 1072 Maximo
2252 997 2496 1065 tyranno
2528 997 2897 1056 Theodosius
2933 1001 3182 1072 Magnus
3214 1007 3297 1057 tot
3321 1003 3429 1058 hoc
3459 1022 3611 1060 anno
3667 1005 3749 1062 le-

296 1096 409 1154 ges
436 1080 603 1152 (Cod.
637 1080 749 1136 Th.
785 1081 872 1136 tit.
904 1082 972 1136 de
996 1096 1124 1153 pag.
1157 1085 1214 1136 et
1242 1080 1501 1152 haeret),
1538 1083 1833 1149 tantaque
1865 1071 2176 1151 prudentia
2206 1082 2486 1138 adversus
2519 1101 2780 1155 paganos
2805 1093 2984 1159 atque
3017 1071 3318 1145 haereticos
3357 1091 3486 1146 tulit
3518 1109 3530 1146 :
3567 1097 3631 1148 ut
3659 1111 3750 1150 eo-

295 1187 435 1224 rum
472 1169 771 1242 plurimos
804 1170 861 1226 in
892 1168 1149 1226 Ecclesia
1181 1168 1496 1226 catholicae
1529 1166 1879 1226 convolasse
1905 1171 2164 1240 ejusdem
2199 1171 2300 1224 aevi
2335 1172 2650 1243 scriptores
2682 1176 3018 1231 nolaverint
3049 1177 3223 1246 (Hier.
3250 1178 3418 1249 epist.
3451 1181 3485 1232 7
3519 1197 3532 1247 ;
3569 1181 3744 1238 Prud.

291 1257 334 1312 l.
373 1276 415 1325 ι,
451 1257 514 1312 in
541 1258 784 1330 symb.).

367 1347 458 1402 Ad
493 1347 640 1402 anni
672 1363 842 1418 porro
874 1351 1271 1419 tempestatem
1298 1349 1465 1420 quod
1503 1348 1734 1415 attinet,
1769 1346 2013 1419 planum
2041 1348 2277 1419 quidem
2310 1353 2398 1405 cst
2428 1350 2802 1404 observatum
2835 1351 2968 1408 istis
3002 1351 3210 1406 diebus
3251 1354 3545 1424 jejunium
3579 1374 3592 1412 :
3649 1376 3748 1416 ve-

291 1434 559 1490 risimile
593 1439 793 1490 autem
823 1452 936 1490 non
967 1435 1120 1490 aliud
1156 1435 1339 1492 fuisse
1371 1435 1528 1491 illud
1565 1453 1741 1508 quam
1774 1436 2040 1492 exeuntis
2070 1437 2560 1510 Quadragesimae.
2597 1438 2828 1494 Etenim
2851 1441 3094 1495 eosdem
3128 1439 3256 1496 illos
3287 1443 3412 1499 dies
3434 1443 3748 1518 singularis

288 1523 632 1581 exsititisse
659 1524 952 1598 religionis
982 1541 1046 1580 eo
1075 1529 1347 1581 constare
1381 1531 1614 1598 posset,
1649 1526 1803 1597 quod
1837 1542 2069 1581 summo
2104 1543 2274 1582 mane
2308 1526 2560 1598 populus
2598 1527 2672 1580 ad
2735 1528 3058 1586 Ecclesiam
3104 1529 3378 1600 frequens
3415 1536 3748 1610 conﬂueret,

289 1615 462 1670 unde
499 1630 624 1669 non
659 1613 774 1668 nisi
802 1619 928 1686 post
957 1613 1094 1670 solis
1125 1631 1409 1671 occasum
1445 1615 1796 1670 discederet.
1832 1615 2034 1686 Itaque
2065 1615 2220 1670 haud
2256 1615 2549 1671 immerito
2581 1615 2802 1672 dixeris
2834 1619 2984 1674 tales
3046 1617 3229 1674 fuisse
3283 1637 3401 1690 eos,
3439 1624 3639 1695 quales
3690 1629 3751 1686 in

291 1703 434 1776 ipsa
462 1702 725 1758 Justinae
752 1702 1029 1758 saevientis
1059 1703 1480 1776 persecutione
1503 1703 1579 1758 ab
1610 1703 1915 1758 Ambrosio
1947 1703 2380 1772 describuntur,
2416 1704 2652 1776 quando
2694 1720 2800 1774 per
2858 1724 3097 1762 sacram
3129 1707 3558 1770 hebdomadam
3594 1717 3755 1789 plebs

291 1791 505 1847 omnis
532 1791 610 1846 ad
643 1791 926 1863 agendam
957 1793 1311 1848 matutinam
1355 1791 1881 1863 vespertinamque
1913 1791 2174 1863 synaxim
2234 1794 2560 1848 conveniat.
2622 1793 2940 1852 Addamus
2971 1795 3220 1869 insuper
3265 1802 3468 1856 eadem
3491 1803 3549 1859 in
3587 1809 3760 1866 utris-

293 1897 420 1952 que
452 1878 716 1935 ccetibus
745 1884 969 1950 peracta
997 1897 1143 1936 esse.
1176 1881 1327 1937 Nam
1364 1881 1439 1934 de
1471 1879 1568 1934 bis
1601 1879 1802 1935 scribit
1832 1885 2069 1936 sanctus
2098 1881 2356 1937 Antistes
2378 1884 2570 1954 (Epist.
2605 1881 2677 1936 ad
2709 1882 2931 1954 Μανία),
2965 1886 3084 1942 dies
3110 1905 3224 1944 esse
3247 1891 3442 1961 quibus
3494 1893 3550 1949 in
3584 1897 3760 1956 Eccle-

292 1970 386 2024 sia
411 1968 753 2040 poenitentia
786 1967 1060 2022 relaxatur
1087 1986 1105 2021 :
1137 1969 1209 2023 de
1240 1966 1366 2022 illis
1391 1967 1520 2037 (lib.
1556 1983 1610 2034 ν,
1635 1983 1756 2039 cap.
1819 1967 1932 2038 25),
1964 1975 2174 2040 tempus
2204 1987 2316 2026 esse
2369 1988 2471 2043 quo
2513 1972 2822 2026 celebratur
2886 1974 3247 2046 indulgentia
3287 1987 3666 2052 peccatorum:
3702 1989 3762 2046 in

295 2057 399 2113 his
431 2057 657 2152 lectam
877 2056 1243 2152 prophetiam
1277 2055 1722 2152 asserit-(Epist.
1755 2056 1825 2110 ad
1855 2056 2063 2152 Marc),
2110 2058 2166 2152 in
2199 2059 2316 2152 illis
2347 2060 2498 2152 idem
2536 2060 2888 2152 praestitum_
2909 2080 3030 2120 non
3069 2068 3314 2126 obscure
3344 2073 3611 2147 designat
3639 2079 3763 2152 (lib.

294 2163 353 2214 ν,
391 2163 443 2200 c.
485 2147 548 2200 11
588 2150 648 2236 et
675 2145 793 2236 25.)
824 2145 884 2199 In
915 2145 1040 2201 istis
1063 2145 1247 2218 igitur
1277 2144 1672 2200 conventibus
1699 2160 1836 2236 cum
1868 2146 2070 2236 eodem
2103 2146 2194 2202 die
2227 2148 2318 2204 bis
2350 2149 2690 2221 aliquando,
2727 2148 2942 2206 Basilii
2976 2172 3168 2225 more,
3203 2162 3378 2217 verba
3407 2144 3770 2236 faceret,'sex

299 2236 557 2290 omnino
589 2233 802 2289 diebus
831 2238 1163 2306 susceptum
1198 2232 2068 2322 argumentumiabsolvit,ihoc
2098 2240 2206 2304 est,
2243 2237 2394 2293 intra
2439 2237 2819 2293 hebdomadm
2856 2243 3048 2299 unius
3100 2251 3425 2322 angustias.
3473 2232 3681 2314 Probat
3711 2259 3766 2314 id

303 2323 556 2394 quidem
590 2339 625 2377 a
656 2322 825 2377 nobis
852 2322 1121 2378 instituta
1150 2337 1508 2379 sermonum
1541 2320 1750 2376 divisio
1780 2338 1793 2389 ;
1827 2326 1885 2375 at
1911 2321 2054 2377 illud
2090 2323 2244 2379 idem
2276 2326 2488 2381 evincit
2519 2326 2770 2397 ipsemet
2802 2320 3262 2392 Ambrosiusin
3297 2339 3415 2397 haec
3438 2345 3612 2402 verba
3641 2347 3764 2420 (lib.

307 2427 392 2464 v1.
430 2427 483 2464 c.
525 2410 573 2481 ι)
607 2427 620 2464 :
649 2411 756 2478 Qui
785 2411 990 2480 (sermo
1015 2411 1240 2484 noster)
1273 2413 1382 2466 etsi
1413 2425 1512 2482 per
1535 2410 1773 2480 quinque
1793 2411 1915 2481 jam
1944 2411 2056 2466 dies
2086 2430 2194 2468 non.
2229 2415 2488 2471 mediocri
2513 2416 2696 2471 labore
2725 2415 2888 2471 nobis
2914 2430 3306 2496 praecesserit;
3343 2434 3527 2490 tamen
3556 2410 3768 2495 hodier-

304 2516 387 2556 no
417 2499 532 2563 die,
565 2502 670 2554 etc.

297 2683 3760 2732 _—_____———_________§

997 2863 1821 3031 SANCTI
1951 2869 3080 3040 AMBROSII

1571 3147 2146 3208 MEDIOLANENSIS
2199 3155 2516 3212 EPISCOPI

1343 3333 2719 3473 HEXAEMERON

1720 3567 2012 3654 LIBRI
2083 3571 2298 3657 SEX
2329 3561 2348 3602 ¹

1925 3773 2113 3784 ——-—_.

1557 3904 1934 3998 LIBER
2011 3908 2508 4004 PRIMUS.

1609 4107 1700 4162 DE
1732 4108 1962 4164 OPERE
2022 4111 2228 4168 PRIMI
2284 4112 2447 4169 DlEI.

1821 4287 2219 4298 —-—————_

613 4423 652 4474 I
717 4419 956 4476 CAPUT
1015 4419 1326 4476 PRIMUM.
1360 4419 1586 4490 (Sermo
1617 4421 1687 4492 Ι.)

356 4509 434 4563 De
463 4507 663 4580 mundi
688 4509 992 4580 principio,
1023 4508 1315 4564 duratione
1341 4515 1393 4562 et
1419 4509 1648 4563 unitate.
1695 4508 1944 4564 Philoso-

437 4579 678 4649 phorum
701 4596 916 4636 errores
947 4581 1264 4650 referuntur
1291 4595 1356 4634 ac
1378 4582 1850 4649 perstringuntur.

2003 4423 2056 4488 Α
2088 4441 2297 4480 causas
2334 4426 2511 4481 rebus
2542 4427 2816 4483 omnibus
2847 4429 3074 4488 dedisse
3133 4441 3432 4495 asseratur
3464 4457 3477 4496 :
3539 4443 3738 4517 ipsum

2089 4527 2321 4582 quoque
2355 4514 2402 4568 2
2434 4515 2723 4569 mundum
2759 4517 3178 4592 incorruptum,
3206 4544 3310 4582 nec
3340 4514 3741 4601 creatum,aut

2089 4600 2306 4654 factum
2357 4601 2805 4660 existimarent:
2840 4607 2935 4660 alii
2987 4626 3238 4683 quoque,
3274 4622 3338 4671 ut
3395 4600 3736 4682 Aristoteles

395 4685 449 4738 1.
484 4685 820 4740 Tantumne
844 4683 1138 4756 opinionis
1169 4683 1533 4755 assumpisse
1589 4683 1880 4752 homines,
1914 4689 1981 4740 ut

316 4769 510 4842 aliqui
540 4787 743 4827 eorum
777 4773 891 4828 tria
911 4772 1203 4844 principia
1233 4771 1654 4826 constituerent
1688 4771 1975 4838 omnium,

315 4859 534 4928 Deum,
569 4863 626 4915 et
653 4860 972 4932 exemplar,
1004 4863 1062 4914 et
1105 4860 1433 4925 materiam,
1465 4859 1616 4914 sicut
1647 4859 1806 4914 Plato
1864 4860 1979 4915 dis-

316 4946 626 5020 cipulique
656 4949 786 5018 ejus
817 4965 830 5014 ;
892 4951 948 5002 et
977 4963 1044 5001 ea
1074 4946 1434 5019 incorrupta,
1465 4951 1523 5002 et
1570 4947 1849 5014 increata,
1913 4966 1979 5003 ac

318 5036 454 5091 sine
485 5035 655 5090 initio
696 5052 827 5092 esse
860 5039 1259 5091 asseverarent
1292 5051 1304 5089 :
1366 5035 1668 5106 Deumque
1701 5052 1816 5091 non
1848 5039 1978 5091 tan-

315 5140 502 5195 quam
526 5128 854 5179 creatorem
879 5122 1267 5188 materia,sed
1289 5128 1573 5194 tanquam
1589 5124 1871 5180 artiﬁcem
1905 5125 1977 5178 ad

319 5211 646 5284 exemplar,
672 5212 781 5267 hoc
811 5217 921 5280 est,
945 5211 1137 5268 ideam
1160 5211 1792 5278 intendentem,fecisse
1814 5230 1982 5267 mun-

318 5301 468 5355 dum
495 5301 569 5356 de
598 5302 868 5369 materia,
904 5317 1080 5372 quam
1109 5304 1316 5356 vocant
1337 5299 1530 5371 hylen,
1551 5317 1678 5372 quae
1700 5301 1980 5374 gignendi

507 5442 720 5520 _S_cripti
755 5443 910 5520 circa
941 5459 1035 5520 an.
1070 5441 1194 5520 3_89_.
1306 5508 1318 5520 _
1520 5496 1521 5499 η

392 5511 955 5586 (2’)_Man'uscriptus
985 5511 1356 5586 Corbeiensis
1385 5524 1547 5586 unus
1587 5515 1644 5566 et
1703 5511 1981 5586 Colberti-

316 5581 436 5645 nua
455 5581 886 5662 disputandum,
921 5591 1122 5660 putant
1167 5582 1275 5642 duo
1301 5581 1582 5659 principia
1605 5597 1825 5660 ponere.
1882 5584 1982 5643 Me-

2089 4700 2222 4738 cum
2255 4685 2380 4742 suis
2429 4687 2849 4780 disputandum
2902 4697 3126 4764 putavit
3165 4700 3263 4770 (2),
3297 4703 3414 4759 duo
3449 4709 3736 4780 principia

2088 4780 2391 4843 ponerent,
2422 4777 2726 4830 materiam
2787 4783 2842 4832 et
2901 4783 3240 4851 speciem.et
3297 4793 3532 4847 tertium
3595 4777 3730 4854 cum

2088 4860 2182 4923 iis,
2216 4863 2369 4931 quod
2403 4865 2794 4933 operatorium
2828 4869 3064 4936 dicitur,
3099 4875 3189 4928 cui
3216 4885 3547 4949 suppeteret
3577 4899 3733 4940 com-

2088 4952 2351 5019 petenter
2380 4951 2625 5022 efficere,
2656 4957 2809 5027 quod
2842 4959 3232 5018 adoriundum
3262 4971 3543 5036 putasset.

2157 5039 2210 5089 2.
2246 5038 2391 5101 Quid
2425 5039 2604 5111 igitur
2635 5046 2755 5098 tam
2787 5044 3218 5117 inconveniens,
3251 5068 3429 5122 quam
3463 5061 3528 5108 ut
3565 5063 3728 5115 aeter-

2089 5124 2332 5179 nitatem
2382 5129 2573 5198 operis
2623 5147 2752 5186 cum
2789 5133 2888 5190 Dei
2939 5137 3350 5207 omnipotentis
3407 5146 3728 5206 aeternitate

2091 5213 2537 5284 conjungerent,
2567 5219 2653 5273 vel
2679 5220 2870 5291 ipsum
2907 5239 3052 5292 opus
3080 5223 3258 5278 Deum
3282 5243 3409 5284 esse
3439 5231 3729 5305 dicerent;

2090 5306 2155 5355 ut
2185 5301 2416 5370 cmlum,
2450 5309 2506 5359 et
2563 5311 2800 5372 terram,
2829 5315 2885 5362 et
2933 5326 3088 5364 mare
3143 5311 3354 5370 divinis
3410 5301 3726 5396 proseque;

2090 5442 2204 5524 lius
2235 5443 2582 5526 alii,_atque
2630 5447 2930 5513 editiones,
2969 5455 3550 5576 cputavit”ponerent.
3608 5466 3728 5524 Hoc

2090 5531 2246 5570 enim
2279 5515 2553 5571 ultimum
2583 5519 2822 5573 verbum
2856 5536 2960 5576 oen
3011 5527 3066 5576 et
3095 5540 3164 5576 ex
3192 5525 3320 5576 insn
3368 5524 3543 5576 initin'
3569 5540 3726 5576 τιοηῖ-

2090 5515 2553 5618 ςρὶῐηφυιξίιῃυῐη
2583 5519 2822 5618 νεφυιφ
2855 5515 3066 5618 pendet
3095 5540 3164 5581 ex
3192 5515 3320 5601 ipso
3368 5515 3726 5618 initiorcapvi:

2087 5586 2166 5646 tis
2195 5603 2208 5656 ;
2234 5587 2596 5646 Tantumne...
2628 5596 2688 5646 ut
2714 5586 2908 5666 aliqui,
2943 5596 3052 5651 etc.
