4122 6186
360 357 364 360 ·
444 333 562 395 435

1899 275 1963 384 s.
2010 316 2384 385 AMBROSII

3729 319 3854 388 £36

444 472 647 522 rentur
671 461 995 520 honoribus
1025 460 1053 517 ?
1083 461 1164 516 Ex
1195 475 1312 532 quo
1343 459 1562 514 factum
1617 460 1726 526 est,
1767 461 1832 510 ut
1888 458 2083 526 partes
2113 453 2169 519 Α
2199 455 2309 510 bus
2335 456 2631 514 saecularis
2663 457 2983 530 prudentia)
3014 455 3344 530 disciplinis
3389 457 3693 514 informari
3758 464 3851 514 at-

445 553 650 610 mundi
681 553 819 608 deos
850 568 978 608 esse
1008 544 1603 619 crederent,quamvis
1625 546 1695 600 de
1718 545 1844 617 ipso
1867 544 2088 599 mundo

444 661 558 699 non
585 641 898 698 mediocris
930 641 1084 695 inter
1112 655 1211 693 eos
1243 635 1487 707 quwstio
1519 635 1612 689 sit.

513 734 567 787 3.
598 731 744 786 Nam
777 730 1133 803 Pythagoras
1163 741 1342 780 unum
1383 725 1671 778 mundum
1705 723 1915 778 asserit
1947 739 1959 776 :
1994 720 2090 775 alii

442 818 903 877 innumerabiles
934 817 1136 870 dicunt
1165 829 1292 869 esse
1326 813 1598 877 mundos,
1635 817 1696 866 ut
1725 812 1962 884 scripsit
1987 810 2089 864 De-

443 909 748 972 mocritus,
781 906 873 960 cui
906 902 1225 975 plurimum
1257 903 1328 956 de
1374 900 1632 973 physicis
1674 903 1930 954 vetustas
1987 915 2090 953 au-

445 997 732 1054 ctoritatis
763 991 988 1048 detulit.
1021 991 1340 1062 Ipsumque
1363 989 1650 1044 mundum
1685 1004 1918 1060 semper
1948 987 2089 1043 fuis-

443 1103 505 1143 se
536 1091 594 1141 et
619 1086 738 1138 fore
779 1078 1118 1134 Aristoteles
1152 1082 1398 1148 usurpat
1431 1077 1623 1132 dicere
1657 1094 1670 1132 :
1717 1081 1922 1131 contra
1979 1092 2087 1130 au-

441 1181 558 1230 tem
589 1172 748 1228 Plato
777 1187 888 1224 non
920 1185 1156 1240 semper
1186 1167 1389 1232 fuisse,
1413 1166 1514 1220 sed
1539 1181 1772 1236 semper
1793 1165 1912 1219 fore
1942 1181 2089 1235 prie-

443 1262 625 1318 sumit
655 1264 914 1314 astruere
934 1257 962 1312 ?
990 1255 1228 1328 plurimi
1257 1271 1386 1310 vero
1410 1256 1457 1310 3
1491 1270 1595 1309 nec
1624 1251 1804 1308 fuisse
1835 1268 2086 1324 semper,

438 1367 541 1407 nec
574 1364 807 1421 semper
838 1347 958 1401 fore
989 1345 1225 1416 scriptis
1257 1343 1380 1398 suis
1407 1343 1796 1398 testﬁcantur.

511 1446 560 1494 4.
591 1439 748 1495 Inter
777 1435 886 1491 has
918 1449 1117 1489 eorum
1151 1431 1551 1488 dissensiones
1583 1447 1708 1502 quae
1733 1433 1921 1502 potest
1958 1444 2086 1485 esse

435 1529 556 1584 veri
579 1524 949 1583 aestimatio?
1007 1539 1140 1577 cum
1202 1521 1296 1576 alii
1323 1521 1610 1576 mundum
1647 1520 1839 1590 ipsum
1899 1519 2084 1573 Deum

438 1630 568 1673 esse
599 1616 815 1681 dicant,
849 1613 1004 1684 quod
1041 1612 1090 1666 ei
1125 1627 1290 1666 mens
1324 1609 1538 1673 divina,
1574 1613 1638 1663 ut
1670 1611 1896 1680 putant,
1931 1607 2085 1662 ines-

438 1724 501 1763 se
529 1705 796 1760 videatur
831 1720 844 1757 :
905 1699 1000 1754 alii
1055 1704 1248 1771 partes
1278 1699 1426 1767 ejus,
1489 1696 1588 1752 alii
1623 1700 1942 1766 utrumque
1975 1711 1988 1749 :
2024 1695 2082 1749 in

437 1811 554 1867 quo
587 1810 691 1848 nec
721 1808 850 1862 quae
881 1790 1068 1862 ﬁgura
1097 1787 1173 1843 sit
1203 1787 1465 1851 deorum,
1500 1801 1604 1840 nec
1635 1785 1733 1854 qui
1779 1799 2080 1850 numerus,
2112 1819 2160 1884 B

435 1900 542 1940 nec
568 1882 668 1955 qui
697 1881 881 1943 locus,
915 1882 1015 1933 aut
1043 1877 1162 1931 vita
1219 1875 1422 1947 possit,
1481 1877 1582 1928 aut
1623 1889 1766 1928 cura
1821 1888 2082 1943 compre-

433 1971 630 2029 hendi.
655 1968 958 2041 Siquidem
986 1965 1191 2021 mundi
1222 1962 1606 2018 aestimatione
1635 1960 1948 2017 volubilem
1979 1960 2077 2032 (3),

435 2061 777 2126 rotundum,
810 2057 1134 2118 ardentem,
1169 2051 1524 2124 quibusdam
1555 2050 1860 2104 incitatum
1909 2049 2080 2103 moti-

433 2153 568 2218 bus,
602 2150 728 2206 sine
759 2161 936 2202 sensu
965 2143 1148 2198 Deum
1183 2140 1489 2196 conveniat
1519 2137 1786 2210 intelligi,
1821 2137 1918 2209 qui
1948 2136 2081 2192 alie-

436 2256 534 2307 no,
568 2255 686 2294 non
720 2252 826 2292 suo
857 2237 1018 2288 motu
1053 2231 1285 2285 feratur.

1101 2352 1335 2408 CAPUT
1392 2351 1440 2406 ΙΙ

433 2452 628 2523 Moysis
671 2448 858 2520 opinio
895 2444 960 2523 de
996 2444 1174 2523 initio
1231 2443 1717 2523 rerumhauctore.
1760 2438 1974 2523 mundi,
2029 2442 2080 2493 et

501 2512 780 2578 creatione
808 2517 1073 2572 materiae.
1109 2514 1260 2571 Idem
1317 2513 1509 2567 multis
1564 2512 1883 2566 nominibus
1939 2527 2078 2566 com-

501 2592 794 2648 mendatur
823 2607 840 2642 :
871 2588 964 2642 cui
990 2587 1112 2650 uni,
1142 2585 1380 2656 explosis
1410 2588 1608 2639 atomis
1656 2583 1915 2654 ideisque,
1968 2598 2080 2637 cre-

499 2663 737 2720 dendum
770 2658 1096 2716 ostenditur.

499 2773 553 2827 5.
583 2769 745 2826 Unde
775 2765 972 2822 divino
999 2762 1208 2834 spiritu
1235 2759 1560 2832 praevidens
1591 2761 1829 2814 sanctus
1853 2758 2079 2829 Moyses

430 2862 539 2916 hos
568 2856 878 2913 hominum
910 2868 1134 2908 errores
1167 2851 1305 2915 fore,
1340 2853 1399 2904 et
1438 2849 1583 2904 forte
1626 2848 1751 2917 jam
1811 2845 2075 2918 cwpisse,

434 2947 495 3002 in
527 2937 1081 3001 exordio‘sermonis
1113 2937 1203 2992 sui
1240 2936 1323 2993 sic
1364 2935 1466 3001 ait,
1498 2937 1562 2991 In
1615 2935 1894 3006 principio
1947 2939 2078 3006 fecit

433 3037 576 3091 Deus
603 3031 798 3088 cazlum
830 3037 880 3084 et
904 3036 1106 3082 terram
1143 3025 1295 3098 (Gen.
1358 3042 1397 3089 ι,
1427 3026 1520 3093 1);
1569 3021 1801 3078 initium
1858 3039 2074 3090 rerum,

437 3127 733 3191 auctorem
767 3115 994 3180 mundi,
1027 3115 1377 3170 creationem
1412 3111 1664 3168 materias
1696 3111 2075 3182 comprehen-

435 3214 628 3268 dens:
665 3209 932 3264 utDeum
982 3219 1327 3275 cognoscere
1385 3205 1516 3257 ante
1575 3201 1812 3255 initium
1873 3201 2077 3255 mundi

435 3317 583 3367 esse,
611 3297 700 3354 vel
732 3297 927 3368 ipsum
955 3308 1082 3350 esse
1132 3290 1365 3346 initium
1409 3290 1815 3344 universorum
1851 3307 1864 3355 ;
1926 3288 2078 3344 sicut

433 3390 494 3445 in
523 3384 826 3458 Evangelio
879 3382 979 3437 Dei
1030 3378 1211 3434 Filius
1269 3377 1603 3433 dicentibus
1654 3377 1788 3439 sibi.
1821 3377 1895 3432 Tu
1957 3378 2076 3448 quis

433 3476 548 3534 es?
586 3471 933 3547 respondit:
985 3471 1212 3525 Initium
1269 3467 1344 3538 (4)
1403 3465 1542 3537 quod
1573 3469 1621 3521 et
1680 3466 1875 3536 loquor
1929 3466 2078 3521 vobis

437 3570 620 3637 (Joan.
651 3580 771 3628 vm,
801 3562 892 3630 25)
927 3576 940 3614 :
973 3562 1028 3613 et
1058 3557 1254 3629 ipsum
1281 3554 1510 3610 dedisse
1541 3553 1848 3627 gignendis
1903 3555 2078 3610 rebus

435 3655 696 3717 initium,
728 3655 783 3704 et
811 3649 1004 3719 ipsum
1037 3663 1163 3702 esse
1193 3649 1510 3700 creatorem
1543 3643 1770 3708 mundi,
1803 3660 1917 3697 non
1949 3642 2078 3696 idea

438 3742 692 3815 quadam
719 3739 863 3793 duce
896 3736 1246 3791 imitatorem
1282 3731 1558 3799 materiae,
1615 3749 1684 3786 ex
1714 3749 1830 3802 qua
1859 3748 1972 3786 non
2005 3731 2076 3785 ad

437 3828 749 3887 arbritium
783 3841 982 3889 suum,
1016 3823 1114 3878 sed
1149 3823 1220 3877 ad
1281 3820 1534 3892 speciem
1583 3819 1939 3891 prepositam
1971 3836 2079 3874 sua

437 3935 613 3992 opera
643 3918 937 3972 formaret.
971 3911 1218 3967 Pulchre
1271 3925 1501 3981 quoque
1560 3907 1658 3973 ait,
1691 3909 1754 3962 In
1802 3909 2078 3979 principio

435 4011 603 4081 fecit;
635 4009 699 4062 ut
729 3997 1316 4074 incomprehensilem
1343 3996 1698 4053 celeritatem
1731 3995 1924 4066 operis
1981 4011 2077 4050 ex-

438 4097 738 4170 primeret,
774 4107 906 4146 cum
939 4088 1205 4144 etl'ectum
1239 4087 1318 4153 (5)
1378 4085 1542 4156 prius
1575 4083 1929 4155 operationis
1967 4083 2078 4139 im-

437 4185 624 4256 pletis,
658 4196 834 4254 quam
866 4176 1149 4233 indicium
1181 4177 1376 4246 coeptae
1401 4171 1790 4244 explicuisset.

506 4277 560 4328 6.
596 4270 736 4337 Quis
771 4267 878 4322 hoc
933 4265 1089 4320 dicat
1140 4262 1437 4318 advertere
1494 4261 1794 4316 debemus.
1857 4260 2083 4334 Moyses

439 4360 643 4431 utique
673 4357 769 4412 ille
813 4353 1078 4411 eruditus
1110 4351 1168 4406 in
1226 4350 1387 4405 omni
1447 4348 1737 4420 sapientia
1789 4349 2079 4422 [Egyptia-

440 4463 596 4511 rum,
618 4460 793 4516 quem
826 4444 896 4498 de
923 4441 1165 4497 ﬂumine
1195 4437 1505 4494 collectum
1558 4435 1679 4492 tilia
1736 4437 1958 4494 Pharao
2018 4444 2084 4495 ut

2203 562 2314 616 que
2344 545 2556 600 instrui
2589 546 2959 603 desideravit.
3010 547 3118 611 Qui
3148 563 3283 602 cum
3317 547 3388 602 de
3419 562 3574 619 aqua
3631 562 3852 603 nomen

2202 634 2504 705 acceperit,
2532 651 2646 690 non
2675 634 2900 708 putavit
2942 643 3132 690 tamen
3195 635 3529 700 dicendum,
3566 636 3718 708 quod
3781 651 3856 691 ex

2201 738 2356 792 aqua
2387 727 2722 778 constarent
2759 721 2974 790 omnia,
3008 728 3074 777 ut
3101 721 3311 778 Thales
3368 723 3534 778 dixit.
3591 725 3658 779 Et
3711 740 3856 780 cum

2199 810 2442 864 essetin
2477 810 2612 867 aula
2666 812 2947 868 educatus
3004 812 3183 884 regia,
3218 810 3430 867 maluit
3485 817 3682 868 tamen
3744 829 3855 886 pro

2199 915 2396 953 amore
2413 899 2661 969 justitim
2693 901 2890 955 subire
2915 900 3185 955 exsilium
3211 899 3630 965 voluntarium,
3665 919 3852 973 quam

2198 985 2257 1040 in
2281 987 2608 1059 tyrannidis
2640 988 2869 1060 fastigio
2901 989 3116 1059 peccati
3141 989 3603 1059 perfunctionem
3619 989 3854 1046 deliciis

2198 1076 2482 1146 aquirere.
2523 1077 2778 1149 Denique
2809 1075 3155 1148 priusquam
3187 1078 3255 1131 ad
3289 1077 3487 1149 populi
3549 1077 3843 1133 liberandi

2198 1181 2416 1218 munus
2446 1170 2770 1231 vocaretur,
2802 1165 3053 1220 naturali
3080 1165 3373 1236 aequitatis
3405 1166 3599 1220 studio
3632 1183 3843 1238 provo-

2198 1258 2383 1320 catus,
2417 1251 2798 1322 accipientem
2829 1252 3104 1320 injuriam
3141 1255 3212 1308 de
3268 1253 3654 1326 popularibus
3713 1256 3848 1312 suis

2196 1340 2376 1407 ultus,
2411 1341 2638 1395 invidiae
2670 1357 2795 1396 sese
2827 1340 3006 1402 dedit.
3036 1341 3440 1412 voluptatique
3470 1341 3705 1414 eripuit,
3758 1349 3850 1398 at-

2195 1445 2307 1500 que
2337 1445 2540 1485 omnes
2572 1429 2739 1501 regia;
2770 1429 2980 1484 domus
2998 1430 3299 1484 declinans
3328 1430 3640 1497 tumultus,
3675 1432 3734 1485 in
3750 1447 3849 1486 se-

2195 1522 2414 1573 cretum
2451 1517 2749 1590 Aithiopiaa
2779 1534 2840 1573 so
2870 1516 3114 1573 contulit
3146 1518 3400 1574 :ibidem
3434 1534 3468 1573 a
3497 1519 3716 1576 caeteris
3734 1535 3844 1575 ne-

2194 1606 2368 1677 gotiis
2403 1612 2683 1672 remotus,
2717 1610 2903 1661 totum
2935 1605 3143 1661 divinae
3192 1607 3511 1678 cognitioni
3570 1607 3843 1664 animum

2193 1695 2546 1759 intendit,ut
2578 1693 2827 1767 gloriam
2861 1694 2957 1748 Dei
2995 1699 3045 1750 4
3074 1695 3294 1750 videret
3320 1695 3463 1749 facie
3485 1696 3556 1750 ad
3605 1696 3840 1752 faciem.

2193 1783 2295 1838 Cui
2335 1783 2683 1838 testiﬁcatur
2711 1782 3031 1854 Scriptura,
3065 1784 3204 1856 quia
3231 1800 3388 1840 nemo
3436 1787 3683 1840 surrexit
3710 1802 3843 1840 am-

2189 1873 2338 1944 plius
2364 1873 2631 1942 propheta
2688 1873 2747 1926 in
2803 1873 2994 1939 Israel,
3026 1875 3167 1929 sicut
3215 1873 3437 1943 Moyses,
3469 1889 3630 1946 quem
3677 1876 3846 1930 scivit

2188 1963 2452 2017 Dominus
2483 1962 2559 2032 (6)
2589 1963 2733 2032 facie
2761 1961 2831 2015 ad
2851 1963 3052 2032 faciem
3081 1963 3258 2033 (Deut.
3303 1975 3494 2025 xxxtv.
3530 1964 3638 2034 10).
3701 1963 3832 2019 Non

2188 2051 2248 2106 in
2277 2050 2520 2114 visione,
2553 2065 2744 2120 neque
2771 2050 2828 2105 in
2861 2050 3110 2106 somniis
3139 2052 3216 2121 (7)
3247 2051 3348 2106 sed
3379 2067 3446 2107 os
3475 2051 3546 2106 ad
3579 2068 3644 2107 os
3695 2068 3837 2107 cum

2192 2141 2303 2196 Deo
2336 2155 2569 2195 summo
2600 2139 2831 2194 locutus
2861 2155 2874 2194 :
2912 2154 3100 2210 neque
3128 2139 3189 2193 in
3220 2140 3433 2210 specie,
3479 2155 3670 2212 neque
3728 2156 3840 2212 per

2187 2227 2518 2299 aenigmata,
2593 2227 2695 2282 sed
2729 2226 2886 2282 clara
2915 2232 3089 2298 atque
3134 2227 3443 2300 perspicua
3508 2227 3835 2301 praesentiae

2188 2316 2394 2372 divinae
2423 2316 2759 2388 dignatione
2789 2315 3042 2372 donatus
3072 2315 3170 2387 (8).

2257 2407 2311 2459 7.
2348 2405 2400 2460 Is
2432 2405 2629 2476 itaque
2673 2405 2900 2476 Moyses
2959 2404 3192 2476 aperuit
3247 2421 3312 2461 os
3381 2422 3580 2472 suum,
3640 2411 3698 2461 et
3745 2407 3837 2462 ef—

2188 2493 2339 2549 fudit
2367 2509 2494 2565 qua:
2523 2493 2582 2549 in
2633 2509 2698 2548 eo
2749 2493 3035 2549 Dominus
3085 2492 3456 2565 loquebatur,
3508 2495 3832 2551 secundum

2187 2583 2341 2654 quod
2375 2581 2424 2636 ei
2458 2581 2700 2649 diverat,
2753 2597 2884 2637 cum
2918 2597 3052 2637 eum
3087 2582 3158 2636 ad
3217 2581 3440 2638 Pharao
3471 2599 3659 2654 regem
3689 2582 3831 2638 diri-

2185 2676 2379 2742 geret:
2422 2669 2559 2726 Vade
2579 2686 2727 2739 ergo,
2760 2678 2811 2726 et
2841 2686 2934 2741 ego
2989 2672 3240 2742 aperiam
3297 2687 3354 2727 os
3413 2674 3582 2737 tuum,
3628 2675 3681 2726 et
3735 2671 3827 2726 in-

2183 2764 2390 2815 struam
2420 2763 2473 2814 te
2502 2759 2635 2830 quid
2662 2759 2854 2814 debeas
2888 2759 3039 2831 loqui
3094 2759 3285 2830 (Exod.
3315 2777 3390 2814 IV.
3454 2762 3554 2820 12).
3589 2760 3822 2815 Etenim

2185 2849 2236 2904 si
2312 2849 2465 2920 quod
2501 2848 2571 2902 de
2629 2846 2844 2920 populo
2902 2847 3253 2904 dimittendo
3312 2847 3550 2915 diceret,
3605 2865 3639 2904 a
3711 2848 3832 2904 Deo

2185 2941 2502 3009 acceperat,
2537 2937 2771 3009 quando
2803 2937 2992 3010 magis
3023 2937 3174 3008 quod
3201 2937 3271 2992 de
3293 2935 3434 2992 casio
3455 2936 3837 3008 loqueretur?

2184 3025 2444 3097 Denique
2501 3041 2613 3081 non
2666 3025 2724 3079 in
2784 3025 3162 3097 persuasione
3209 3025 3478 3080 humanae
3509 3025 3831 3096 sapientiai.

2189 3131 2293 3170 nec
2341 3114 2401 3169 in
2434 3112 2814 3186 philosophiae
2863 3113 3248 3170 simulatoriis
3307 3112 3832 3185 disputationibus,

2109 3185 2150 3251 (ἶ
2191 3204 2290 3259 sed
2320 3202 2380 3256 in
2439 3185 2778 3257 ostensiOne
2837 3201 3084 3272 spiritus
3113 3206 3169 3257 et
3226 3202 3483 3268 virtutis,
3541 3204 3830 3272 tanquam

2183 3290 2349 3348 testis
2380 3289 2557 3345 divini
2593 3289 2784 3361 operis
2808 3307 2990 3346 ausus
3048 3295 3138 3346 est
3162 3290 3351 3346 dicere
3385 3308 3397 3345 :
3431 3291 3494 3345 In
3549 3290 3826 3361 principio

2182 3381 2314 3452 fecit
2343 3379 2483 3434 Deus
2507 3378 2698 3433 caelum
2729 3382 2783 3433 et
2810 3381 3034 3434 terram.
3080 3378 3205 3433 Non
3231 3376 3347 3444 ille,
3380 3381 3446 3432 ut
3503 3381 3832 3432 atomorum

2185 3468 2570 3524 consursione
2604 3467 2862 3523 mundus
2891 3467 3091 3535 coiret,
3125 3483 3321 3522 serum
3354 3471 3528 3538 atque
3574 3465 3834 3522 otiosum

2186 3555 2538 3629 exspectavit
2566 3556 2864 3627 negotium
2899 3573 2912 3621 ;
2974 3569 3163 3626 neque
3195 3553 3561 3625 disciplinam
3623 3570 3835 3625 quam-

2187 3647 2318 3700 dam
2371 3643 2624 3700 materiaa
2670 3645 2768 3715 (9),
2810 3661 2988 3714 quam
3036 3642 3487 3716 contemplando
3542 3643 3835 3698 mundum

2187 3740 2385 3808 posset
2441 3733 2740 3805 effingere,
2789 3734 2890 3789 sed
2932 3738 3230 3788 auctorem
3277 3732 3460 3788 Deum
3500 3732 3836 3803 exprimen-

2187 3825 2326 3879 dum
2358 3823 2600 3894 putavit.
2635 3822 2894 3877 Advertit
2922 3821 3079 3877 enim
3122 3821 3210 3876 vir
3247 3819 3456 3892 plenus
3486 3819 3834 3892 prudentie,

2188 3913 2342 3984 quod
2384 3909 2706 3966 visibilium
2760 3915 2937 3982 atque
2994 3908 3381 3966 invisibilium
3441 3907 3831 3979 substantias,

2187 4001 2462 4074 origines,
2487 4003 2544 4054 et
2593 4015 2802 4054 causas
2857 4015 3052 4054 rerum
3101 4000 3214 4068 (10)
3271 4015 3438 4054 mens
3465 3997 3589 4053 sola
3631 3996 3834 4053 divina

2189 4089 2500 4155 contineat,
2532 4103 2647 4142 non
2675 4091 2739 4142 ut
2757 4085 3088 4159 philos0phi
3145 4087 3468 4159 disputant,
3489 4085 3834 4142 validiorem

2188 4182 2518 4232 atomorum
2547 4173 3005 4247 complexionem
3030 4175 3473 4247 perseverantia
3494 4173 3657 4246 jugis
3695 4190 3837 4246 pras-

2188 4270 2343 4322 stare
2390 4280 2627 4320 causam
2661 4279 2674 4318 :
2736 4263 2838 4319 sed
2877 4263 3163 4334 judicavit
3213 4264 3368 4334 quod
3400 4262 3576 4318 telam
3607 4277 3834 4318 aranea

2189 4357 2449 4411 texerent
2480 4352 2580 4425 qui
2607 4353 2690 4407 sic
2718 4352 2946 4407 minuta
2989 4357 3046 4408 et.
3074 4351 3509 4408 insubstantiva
3539 4351 3835 4424 principia

2190 4442 2332 4499 cmlo
2364 4459 2428 4497 ac
2460 4439 2630 4497 terris
2646 4441 2872 4508 darent,
2897 4457 3023 4512 quae
3054 4445 3119 4496 ut
3149 4439 3385 4496 fortuito
3431 4439 3831 4512 conjungeren

440 4534 628 4590 filium
659 4531 880 4598 dilexit,
895 4535 952 4586 et
981 4527 1263 4586 subsidiis
1297 4524 1592 4598 regalibus
1624 4525 1857 4596 fultum,
1891 4529 2078 4583 omni-
2109 4547 2158 4615 D
2187 4536 2306 4598 tur,
2339 4531 2421 4586 ita
2451 4529 2688 4586 fortuito
2712 4546 2778 4586 ao
2826 4534 3043 4586 temere
3095 4527 3575 4596 dissolverentur,
3628 4527 3741 4583 nisi
3772 4528 3834 4584 in

509 4694 588 4764 (3)
620 4691 729 4772 Ms.
753 4689 999 4772 Regius,
1033 4687 1202 4743 Corb.
1236 4692 1296 4772 et
1321 4686 1480 4772 Colb.
1520 4685 1787 4772 mundum
1840 4689 2079 4772 {estima-

437 4757 602 4822 tione.
637 4757 1049 4825 Cartusieusis,
1098 4757 1296 4813 mundi
1322 4759 1744 4814 ¢aestimationem
1768 4759 2078 4828 volubilem,

439 4835 748 4901 rotundam,
783 4834 1084 4888 incitatam.
1121 4829 1233 4901 Alii
1265 4833 1322 4884 et
1345 4829 1484 4884 edit.
1506 4828 1710 4901 mundi
1761 4832 2079 4886 aestimatio-

437 4925 525 4963 ne.
560 4899 742 4972 Bene,
763 4905 808 4959 si
843 4900 1241 4974 interpreteris
1271 4901 1438 4971 quasi
1470 4900 1548 4954 sit
1602 4899 1754 4955 idem
1815 4917 1880 4955 ac
1911 4906 2085 4973 prout

440 4979 699 5034 mundus
715 4976 1059 5032 aestimatur.

512 5051 588 5118 (4)
661 5045 1101 5118 Gemeticensis,
1169 5040 2079 5118 CenomanensisetHVulgata,

441 5112 806 5199 Ρνῖνέρφίωᾱν
831 5120 942 5199 (ιμξο
976 5112 1138 5199 Βθεε»
1171 5113 1583 5199 Camasenae
1604 5117 1661 5167 ει
1689 5112 1826 5194 θείη·
1881 5112 2081 5199 einer-

445 5183 644 5244 bacbii
667 5198 725 5245 et
754 5183 941 5256 Petiti,
974 5183 1202 5244 Initium
1232 5186 1344 5256 qui.
1379 5183 1472 5238 Sic
1498 5183 1907 5256 Dionysianusi
1932 5185 2085 5240 intra

443 5261 647 5330 caput,
684 5277 845 5315 num.
883 5262 967 5314 15.
1028 5255 1251 5330 Decem
1286 5271 1428 5330 mss.
1487 5255 1719 5330 Initium
1772 5255 2082 5330 quod.ASic

442 5325 620 5385 etiam
652 5331 786 5397 infr,
821 5347 983 5385 num.
1016 5329 1211 5392 citato,
1243 5332 1300 5382 et
1332 5326 1372 5380 l.
1407 5341 1468 5380 ιιι
1499 5325 1565 5381 de
1621 5326 1752 5381 Fide
1782 5325 1874 5382 ’ad
1932 5326 2080 5382 Grat.

443 5416 494 5456 c.
529 5399 620 5456 IV.
652 5400 692 5455 l.
725 5419 777 5466 v,
823 5417 872 5456 c.
936 5402 984 5454 4.
1045 5400 1237 5455 Graece
1291 5402 1486 5453 autem
1541 5399 1634 5455 τὴν
1662 5398 1843 5462 ἀρχὴν,
1875 5397 1901 5446 δ
1931 5413 1977 5444 τι
2004 5399 2087 5444 καὶ

614 5469 743 5533 ὐμῖν.
774 5470 1098 5527 Tremelius
1126 5471 1316 5536 vertit,
1345 5468 1404 5525 Id
1425 5468 1566 5541 quod
1597 5485 1630 5523 a
1664 5469 1938 5540 principio
1968 5469 2086 5524 dico

443 5557 506 5598 vo
545 5557 613 5597 is.

443 5557 613 5600 υουιε.

516 5614 597 5690 (5)
624 5611 895 5689 Quinque
918 5629 1062 5672 mss.
1095 5615 1154 5670 et
1209 5611 1347 5672 edit.
1395 5609 1624 5671 Erasmi
1682 5625 1747 5670 ac
1802 5607 2083 5687 Romana,

439 5684 716 5766 amotum.

2263 4690 2338 4761 (6)
2372 4689 2648 4744 Mss.octo
2679 4688 3026 4761 antiquioris
3057 4704 3122 4744 ac
3153 4686 3412 4761 melioris
3437 4690 3586 4761 notis
3606 4688 3664 4741 et
3691 4675 3833 4761 edit.

2189 4756 2432 4827 veteres,
2465 4761 2560 4833 qui
2615 4756 3140 4833 scivit'Dominum.
3176 4759 3331 4833 (Reg.
3393 4763 3451 4814 et
3507 4756 3835 4833 Remensis,

2193 4849 2284 4904 qui
2314 4827 2689 4904 scivit'Deum.
2733 4830 2924 4898 Dion.,
2956 4832 3053 4904 qui
3099 4832 3262 4904 scivit
3278 4827 3482 4904 ‘Deum_
3507 4830 3710 4904 faciem
3764 4827 3838 4884 ad

2193 4849 2284 4904 qui
2314 4847 2469 4887 scivit
2501 4847 2689 4887 ueum.
2733 4847 2924 4898 Ulon.,
2991 4847 3051 4885 ui
3100 4847 3262 4886 scivit
3289 4847 3458 4885 ueum
3535 4847 3710 4884 aciem
3764 4847 3838 4884 aa

2190 4905 2411 4975 faciem.
2473 4901 2692 4968 Germ.,
2745 4903 2841 4973 qui
2894 4847 3030 4956 vidit
3086 4903 3397 4975 Dominum.
3429 4847 3619 4975 _L5_(X,
3677 4915 3840 4971 quem

2191 4971 2346 5030 novis
2376 4973 2636 5046 Dominus
2664 4971 2788 5029 eum
2806 4975 3008 5046 faciem
3051 4973 3122 5027 ad
3149 4975 3367 5044 faciem.
3429 4971 3624 5044 Vulg,
3678 4987 3837 5042 quem

2191 5047 2369 5102 nosset
2399 5045 2683 5100 Dominus.

2285 5118 2342 5196 Ζ)
2371 5116 2508 5196 god.
2535 5115 2776 5196 aliquot,
2808 5131 2980 5186 neque
3007 5115 3068 5170 in
3096 5129 3302 5170 somno.

2285 5184 2341 5258 8)
2377 5186 2542 5242 Rom.
2558 5184 2696 5242 edit.
2721 5203 2855 5242 cum
2878 5184 3156 5258 unoms.,
3178 5186 3482 5258 cognitione
3500 5184 3780 5258 dignatus.

2285 5255 2579 5383 9)dDecem
2615 5274 2758 5313 mss.
2795 5256 3052 5313 melioris
3083 5255 3253 5326 notae,
3282 5273 3455 5329 neque
3505 5255 3841 5327 discipulum

2285 5345 2350 5383 rm
2387 5346 2496 5383 am.

2229 5345 2475 5385 uemaam
2485 5371 2496 5383 .

2193 5347 2496 5403 quemaam.

2267 5403 2282 5468 (
2292 5401 2380 5470 10)
2409 5403 2668 5465 Quatuor
2696 5416 2842 5456 mss.
2877 5403 2932 5455 et
2963 5399 3104 5456 edit.
3145 5398 3408 5465 Costerii,
3467 5397 3842 5470 invisibilium

2193 5469 2433 5543 origines
2461 5471 2894 5527 substantiarum
2916 5475 2966 5528 et
2998 5486 3190 5543 causas
3220 5485 3428 5525 rerum.
3461 5473 3614 5534 Am.,
3673 5469 3838 5543 Erae.

2195 5547 2252 5599 et
2281 5539 2474 5600 Gillot.
2508 5543 2785 5601 omittunt
2812 5545 3071 5612 origines.
3103 5542 3364 5608 Quatuor
3382 5557 3554 5613 mss.,
3583 5539 3840 5599 invisibi-

2197 5615 2337 5676 lium
2365 5615 2725 5676 substantiam
2752 5619 2804 5674 σε
2830 5627 3026 5675 causas
3049 5627 3257 5673 rerum.

2265 5118 2281 5327 ἓ
