4172 6182
449 368 568 430 139

1911 359 1977 422 S.
2021 351 2392 419 AMBROSII

3732 336 3855 401 MO

452 500 854 576 passionibus,
884 499 1100 573 quibus
1130 496 1375 573 propriae
1415 494 1713 568 portiones
1769 496 1898 566 ejus
1955 498 2093 549 sunt
2121 496 2176 560 Α
2204 486 2474 542 dixerat:
2518 483 2797 576 Germinet
2861 489 3013 576 terra
3056 480 3284 576 herbam
3352 476 3493 576 feni,
3544 477 3853 576 seminans,

451 589 733 658 obnoxias,
768 587 1110 661 subjacere?

1092 693 1323 750 CAPUT
1362 691 1456 747 IV.

451 788 889 861 Principiorumg
912 786 1069 839 varia
1108 797 1314 851 genera
1347 800 1360 861 _:
1393 783 1535 861 etin
1555 796 1659 861 quo
1718 783 1857 838 Deus
1910 782 2100 853 fecisse

794 858 986 913 aetum
1011 872 1075 909 ac
1106 863 1306 909 terram
1335 853 1743 924 intelligendus.

535 953 616 1006 t2.
638 946 991 1018 Principium
1012 944 1191 1016 igitur
1210 958 1338 998 esse
1368 943 1535 998 docet
1564 940 1924 1014 quidicitzln
1945 944 2100 1014 prin-

457 1041 599 1112 cipio
628 1038 758 1109 fecit
787 1036 927 1089 Deus
955 1033 1150 1087 ca’lum
1179 1034 1229 1087 et
1259 1039 1482 1087 terram.
1518 1030 1874 1103 Principium
1907 1037 2102 1087 autem

462 1128 533 1183 ad
566 1130 797 1195 tempus
822 1121 1089 1190 refertur,
1107 1124 1209 1176 aut
1239 1120 1311 1175 ad
1342 1124 1794 1186 numerum,aut
1815 1121 1885 1176 ad
1905 1120 2104 1176 funda-

463 1218 723 1271 mentum
743 1229 756 1281 ;
773 1228 887 1284 quo
911 1211 1083 1266 modo
1105 1210 1161 1265 in
1180 1210 1523 1266 mdiﬁcanda
1538 1210 1712 1265 domo
1732 1209 1965 1265 initium
1983 1210 2108 1265 fun-

461 1306 801 1360 damentum
828 1305 937 1357 est.
970 1299 1328 1372 Principium
1357 1315 1588 1371 quoque
1617 1299 2012 1356 conversionis
2050 1304 2109 1356 et

460 1382 887 1465 depravationis
920 1387 1033 1444 dici
1055 1404 1225 1460 posse
1248 1388 1681 1460 Scripturarum
1700 1388 2110 1462 cognoscimus

459 1480 829 1538 auctoritate.
864 1479 964 1533 Est
1014 1481 1070 1533 et
1113 1476 1471 1549 principium
1517 1477 1661 1533 artis
1710 1494 1805 1533 ars
1853 1478 2001 1550 ipsa,
2041 1495 2111 1533 ex

460 1587 578 1644 qua
606 1569 897 1625 artificum
931 1566 1296 1621 diversorum
1326 1566 1601 1638 deinceps
1630 1567 1803 1639 coepit
1828 1567 2107 1640 Operatio.

457 1660 561 1714 Est
590 1658 768 1714 etiam
798 1654 1156 1728 principium
1188 1654 1479 1710 bonorum
1508 1671 1750 1727 operum
1799 1655 1935 1711 finis
1961 1655 2109 1727 opti-

461 1765 616 1813 mus,
650 1749 716 1801 ut
746 1743 1161 1799 misericordis:
1193 1742 1550 1816 principium
1582 1748 1689 1812 cst,
1724 1743 1838 1800 Deo
1886 1744 2113 1818 placere

463 1836 617 1910 quod
652 1834 847 1890 facias.
883 1834 961 1889 Eo
994 1833 1149 1888 enim
1189 1833 1260 1888 ad
1297 1832 1716 1888 conferendum
1776 1833 2114 1890 hominibus

462 1924 792 1982 subsidium
825 1922 1075 1977 maxime
1105 1938 1509 1993 provocamur.
1542 1922 1646 1977 Est
1692 1924 1866 1978 etiam
1927 1923 2113 1979 virtus

464 2014 695 2084 divina,
715 2028 845 2083 quae
877 2011 984 2066 hac
1009 2009 1355 2083 exprimitur
1401 2010 1807 2083 appellatione.
1836 2012 1921 2067 Ad
1973 2017 2115 2068 tem-

464 2120 578 2177 pus
609 2101 877 2171 refertur,
910 2099 960 2155 si
986 2099 1131 2155 velis
1162 2099 1353 2155 dicere
1382 2099 1443 2154 in
1491 2116 1606 2172 quo
1654 2105 1917 2173 tempore
1959 2101 2114 2159 Deus

466 2193 602 2249 fecit
658 2188 871 2246 cmlum
926 2192 983 2245 et
1040 2192 1278 2256 terram,
1314 2189 1369 2243 id
1399 2193 1489 2245 est
1544 2190 1603 2244 in
1659 2188 1892 2246 exordio
1942 2207 2112 2247 mun-

466 2281 547 2349 di,
580 2279 817 2353 quando
866 2277 990 2333 ﬂeri
1036 2277 1230 2350 coepit,
1264 2277 1416 2333 sicut
1463 2278 1546 2334 ait
1590 2278 1934 2350 Sapientia:
1977 2281 2115 2336 Cum

460 2370 689 2443 pararet
744 2367 960 2436 caelum,
992 2382 1118 2421 cum
1172 2366 1272 2422 illo
1322 2383 1475 2422 eram
1524 2368 1701 2439 (Prov.
1733 2384 1855 2435 νηί,
1883 2369 1995 2441 27).
2028 2369 2113 2424 Ad

466 2474 781 2514 numerum
840 2456 1034 2511 autem
1069 2454 1120 2510 si
1159 2455 1399 2525 referas,
1439 2454 1521 2510 ita
1576 2455 1863 2523 convenit,
1897 2461 1961 2512 ut
2020 2474 2114 2513 ac-

464 2547 692 2620 cipias:
742 2543 1037 2616 imprimis
1116 2543 1249 2599 fecit
1306 2548 1460 2599 Deus
1508 2543 1716 2601 coelum
1765 2549 1822 2601 et
1876 2550 2114 2613 terram,

465 2635 675 2692 deinde
706 2632 901 2700 colles,
937 2630 1222 2703 regiones,
1238 2632 1386 2688 fines
1416 2632 1849 2690 inhabitabiles.
1875 2633 1978 2690 Vel
2008 2634 2113 2691 sic:

465 2728 599 2781 ante
658 2722 915 2794 reliquas
968 2720 1228 2777 visibiles
1285 2725 1601 2789 creaturas,
1648 2722 1827 2789 diem,
1860 2730 2115 2790 noctem,

462 2813 625 2887 ligna
656 2810 972 2877 fructifera,
1006 2808 1397 2865 animantium
1456 2826 1669 2883 genera
1724 2811 1974 2880 diversa,
2007 2829 2116 2868 cce-

464 2901 590 2956 lum
621 2904 678 2956 et
706 2904 921 2954 terram
952 2898 1106 2953 fecit.
1143 2897 1202 2952 Si
1232 2913 1366 2952 vero
1397 2898 1467 2952 ad
1500 2899 1947 2956 fundamentum
1980 2903 2123 2958 rel'e-

469 3006 588 3057 ras,
640 2986 999 3060 principium
1055 2990 1223 3040 terrze
1283 2985 1665 3043 fundamenta
1723 3004 1850 3045 esse
1903 2987 2116 3062 legisti,

470 3079 698 3133 dicente
742 3074 1084 3147 Sapientia:
1121 3073 1345 3143 Quando
1399 3076 1570 3146 fortia
1623 3077 1860 3148 faciebat
1914 3079 2117 3150 funda-

2206 591 2387 631 semen
2444 572 2741 629 secundum
2769 588 2936 643 genus
2967 575 3018 627 et
3052 568 3352 627 secundum
3406 563 3857 634 similitudinem,

2208 673 2259 720 et
2289 665 2506 734 lignum
2563 664 2915 735 fructiferum
2968 662 3179 732 faciem
3216 661 3455 727 fructum
3485 655 3636 728 (Gen.
3670 670 3709 720 ι,
3740 652 3858 725 ii).

2210 754 2279 808 Et
2326 753 2525 809 statim
2587 751 2861 824 produxit
2916 754 3073 807 terra
3099 748 3343 805 herbam
3374 745 3510 811 feni,
3542 748 3599 801 et
3625 743 3861 818 lignum

2212 841 2581 897 fructiferum
2614 857 2625 897 :
2659 841 2720 895 in
2778 857 2893 913 quo
2950 838 3122 894 nobis
3153 842 3209 893 et
3255 833 3670 892 moderationis
3724 848 3861 905 per-

2212 936 2398 1003 petuae
2453 930 2650 985 divina
2703 928 3089 1002 providentia,
3119 930 3176 982 et
3217 924 3485 982 celeritas
3513 928 3680 980 terra
3727 937 3862 995 ger-

2214 1020 2495 1075 minantis
2525 1020 2596 1075 ad
2618 1018 3062 1075 aestimationem
3100 1033 3291 1071 verme
3321 1015 3679 1086 suffragatur
3716 1015 3862 1067 aeta-

2212 1108 2311 1164 tis.
2345 1108 2489 1163 Nam
2547 1107 2656 1163 etsi
2713 1122 3062 1180 quocunque
3116 1110 3377 1177 tempore
3406 1108 3463 1158 et
3512 1102 3627 1157 Deo
3649 1100 3865 1173 jubere

2216 1202 2556 1270 promptum
2589 1197 2718 1265 fuit,
2736 1201 2793 1253 et
2821 1199 3065 1252 terrenis
3093 1200 3313 1250 natura;
3343 1192 3679 1257 obedire,ut
3706 1189 3866 1246 inter

2216 1285 2492 1342 hibernas
2519 1285 2734 1359 glacies
2766 1289 2822 1340 et
2847 1282 3131 1340 hiemales
3152 1282 3393 1356 pruinas
3416 1278 3870 1352 cmlestisimpe-

2218 1374 2288 1429 rii
2320 1375 2441 1430 fotu
2499 1374 2839 1447 germinans
2895 1377 3052 1429 terra
3108 1373 3290 1429 fetum
3323 1371 3668 1444 produceret
3700 1387 3713 1425 :
3740 1384 3866 1424 non

2219 1468 2343 1519 erat
2369 1465 2567 1519 tamen
2599 1462 2999 1537 dispositionis
3030 1465 3253 1519 aeternas
3282 1460 3469 1533 rigido
3500 1458 3705 1515 stricta
3729 1457 3870 1531 gelu

2221 1553 2278 1607 in
2313 1552 2524 1608 virides
2578 1554 2772 1608 subito
2822 1553 3046 1608 fructus
3073 1568 3210 1607 arva
3249 1549 3465 1617 laxare,
3498 1552 3670 1621 atque
3726 1548 3870 1603 hor-

2222 1642 2488 1697 rentibus
2520 1640 2747 1715 pruinis
2770 1640 3077 1697 florulenta
3107 1640 3372 1695 miscere.
3401 1639 3548 1713 Ergo
3583 1642 3646 1694 ut
3669 1641 3869 1694 osten-

2222 1732 2384 1787 deret
2435 1732 2739 1804 Scriptura
2803 1730 2956 1787 veris
3012 1734 3278 1803 tempora
3336 1728 3399 1785 in
3448 1727 3874 1785 constitutione

2223 1820 2451 1888 mundi,
2503 1820 2629 1875 ait:
2672 1820 2865 1876 Mensis
2917 1821 3007 1875 hic
3063 1820 3210 1875 vobis
3266 1820 3498 1875 initium
3573 1818 3869 1884 mensium,
3919 1890 3923 1894 _

2219 1911 2435 1981 primus
2463 1913 2540 1964 est
2572 1909 2718 1965 vobis
2738 1911 2799 1964 in
2827 1910 3103 1965 mensibus
3122 1910 3280 1977 anni,
3299 1908 3557 1981 primum
3580 1922 3873 1975 mensem,

2222 2015 2464 2054 vernum
2522 2004 2757 2071 tempus
2807 1997 3128 2070 appellans.
3159 1996 3410 2053 Deeebat
3452 1995 3610 2053 enim
3651 1994 3873 2069 princi-

2222 2087 2387 2160 pium
2419 2088 2555 2143 anni
2587 2087 2941 2160 principium
2988 2103 3117 2143 esse
3146 2085 3557 2161 generationis,
3591 2090 3648 2143 et
3676 2088 3874 2159 ipsam

2223 2177 2654 2250 generationem
2726 2176 3096 2233 mollioribus
3167 2175 3327 2232 auris
3402 2175 3603 2232 foveri.
3669 2175 3877 2247 Neque

2224 2267 2379 2323 enim
2412 2270 2653 2338 possent
2681 2270 2880 2322 tenera
2912 2282 3106 2321 rerum
3136 2263 3371 2321 exordia
3396 2268 3500 2321 aut
3555 2263 3878 2337 asperioris

2224 2355 2483 2412 laborem
2513 2354 2758 2411 tolerare
2787 2353 3040 2427 frigoris,
3074 2359 3175 2410 aut
3200 2353 3479 2411 torrentis
3508 2358 3688 2410 iustus
3718 2353 3877 2425 inju-

2225 2444 2372 2501 riam
2406 2445 2714 2501 sustinere.

2296 2534 2383 2589 lli.
2420 2532 2606 2589 Simul
2663 2532 2821 2589 istud
2874 2532 3172 2588 advertere
3227 2530 3384 2601 licet,
3408 2530 3544 2603 quia
3566 2532 3695 2602 jure
3737 2548 3881 2588 con-

2227 2621 2427 2691 currit,
2463 2626 2526 2676 ut
2553 2638 2618 2677 eo
2651 2627 2911 2694 tempore
2938 2621 3203 2677 videatur
3238 2620 3299 2675 in
3348 2619 3496 2676 hanc
3540 2620 3878 2692 generatio-

2228 2729 2382 2781 nem,
2416 2716 2591 2784 atque
2645 2711 2703 2765 in
2763 2710 2869 2766 hos
2927 2727 3073 2766 usus
3111 2710 3368 2766 tributus
3396 2708 3717 2782 ingressus,
3750 2725 3877 2782 quo

2230 2806 2487 2873 tempore
2517 2817 2585 2856 ex
2615 2801 2722 2855 hac
2778 2799 3151 2873 generatione
3198 2798 3256 2854 in
3306 2798 3734 2872 generationem
3782 2803 3879 2856 est

2224 2892 2524 2965 legitimus
2570 2890 2874 2945 transitus.
2905 2888 3206 2961 Siquidem
3251 2905 3426 2945 verno
3477 2893 3736 2962 tempore
3764 2888 3876 2944 ﬁlii

2227 2978 2402 3037 Israel
2436 2982 2741 3051 [Egyptum
2766 2978 3145 3050 reliquerunt,
3174 2983 3230 3033 et
3259 2994 3362 3050 per
3400 2994 3560 3034 mare
3621 2977 3877 3035 transie-

2228 3074 2384 3141 runt,
2418 3067 2694 3141 baptizuti
2754 3067 2814 3122 in
2877 3067 3030 3123 nube
3088 3070 3145 3122 et
3174 3066 3233 3122 in
3265 3068 3434 3139 mari,
3466 3071 3532 3124 ut
3557 3067 3876 3140 Apostolus

468 3173 653 3222 menta
681 3172 1035 3231 terraz,eram
1057 3179 1221 3235 penes
1250 3163 1415 3218 illum
1442 3174 1634 3221 cuncta
1662 3182 1983 3238 componens
2005 3168 2116 3241 (16)
2158 3236 2187 3241 _
2228 3159 2374 3215 dixit
2402 3160 2449 3227 (ι
2475 3160 2598 3216 Cor.
2630 3174 2685 3225 x,
2720 3156 2771 3225 l,
2801 3159 2857 3227 2)
2891 3174 2905 3212 :
2937 3160 2994 3212 et
3021 3172 3088 3211 eo
3120 3160 3379 3229 tempore
3410 3155 3641 3212 Domini
3699 3161 3873 3230 quot-

470 3255 629 3329 (Ibid.
662 3254 773 3326 30).
808 3253 909 3309 Est
939 3252 1117 3308 etiam
1147 3252 1310 3307 bonas
1358 3253 1713 3325 principium
1770 3236 2113 3330 disciplinae,
2145 3236 2189 3305 C
2228 3249 2398 3305 annis
2448 3248 2589 3304 Jesu
2637 3246 2851 3302 Christi
2924 3245 3149 3301 Pascha
3203 3245 3546 3316 celebratur,
3607 3246 3716 3301 hoc
3781 3251 3878 3303 est

470 3346 624 3402 sicut
655 3348 744 3400 est
774 3340 920 3397 illud
955 3360 968 3397 :
999 3336 1233 3398 Ini/ium
1259 3343 1544 3414 sapientia
1572 3351 1649 3399 est
1676 3345 1841 3400 timor
1901 3346 2121 3402 Domini

470 3437 649 3506 (Prov.
684 3450 723 3502 ι,
753 3432 850 3504 7);
882 3430 1160 3503 quoniam
1189 3430 1289 3503 qui
1346 3431 1514 3487 timet
1570 3432 1906 3503 Dominum,
1940 3435 2116 3491 decli-

471 3527 571 3579 nat
600 3538 876 3587 errorem,
899 3524 958 3576 et
987 3520 1059 3575 ad
1087 3519 1318 3576 virtutis
1350 3521 1621 3577 semitam
1652 3522 1775 3578 vias
1805 3540 1944 3580 suas
1982 3524 2117 3579 diri-

471 3612 576 3686 git.
608 3610 731 3668 Nisi
787 3610 944 3665 enim
999 3608 1133 3681 quis
1190 3608 1454 3665 timuerit
1510 3610 1717 3680 Deum,
1753 3628 1867 3668 non
1924 3616 2118 3686 potest

471 3700 808 3757 renuntiare
839 3703 1093 3772 peccato.

545 3790 631 3846 13.
665 3788 827 3856 Quod
858 3805 1021 3860 aeque
1049 3787 1224 3843 etiam
1256 3788 1326 3844 de
1360 3787 1456 3845 illo
1487 3804 1805 3861 possumus
1835 3791 2114 3864 accipere:

471 3880 668 3937 Mensis
714 3878 804 3935 hic
855 3878 1083 3934 initium
1136 3879 1408 3934 mensium
1460 3878 1566 3933 erit
1618 3879 1768 3934 vobis
1788 3879 1982 3951 (Exod.
2013 3898 2114 3950 xu,

472 3971 568 4043 2);
601 3968 868 4042 quamvis
921 3969 960 4023 7
1009 3971 1065 4022 et
1111 3966 1185 4022 de
1226 3970 1488 4038 tempore
1552 3966 1709 4022 istud
1775 3970 2114 4042 accipiatur,

475 4059 614 4133 quia
659 4060 731 4115 de
780 4056 1002 4113 Pascha
1052 4055 1285 4111 Domini
1326 4054 1694 4126 loquebatur,
1747 4060 1903 4129 quod
1966 4060 2118 4117 veris

473 4150 641 4207 initio
698 4147 1043 4204 celebratur.
1090 4145 1154 4198 In
1202 4143 1311 4199 hoc
1355 4160 1492 4217 ergo
1541 4144 1896 4218 principium
1961 4166 2117 4205 men-

474 4240 655 4307 sium,
704 4235 918 4293 coelum
965 4237 1023 4289 et
1068 4237 1284 4288 terram
1331 4232 1485 4302 fecit,
1525 4234 1680 4307 quod
1727 4234 1862 4293 inde
1912 4238 2117 4293 mundi

473 4328 603 4401 capi
658 4325 961 4399 Oportebat
1034 4322 1357 4391 exordium,
1420 4320 1521 4379 ubi
1596 4328 1722 4379 erat
1788 4331 2119 4399 opportuna

474 4417 750 4473 omnibus
778 4429 956 4469 verna
1011 4411 1343 4485 temperies.
1378 4410 1541 4467 Unde
1572 4415 1630 4467 et
1659 4429 1851 4469 annus
1910 4415 2118 4471 mundi

472 4504 791 4579 imaginem
847 4501 1139 4558 nascentis
1189 4500 1496 4572 expressit,
1546 4507 1612 4556 ut
1661 4507 1793 4574 post
1840 4502 2117 4561 hibernas

472 4594 688 4669 glacies
744 4597 922 4664 atque
975 4589 1256 4645 hiemales
1313 4588 1593 4662 caligines
1635 4590 1897 4648 serenior
1947 4591 2118 4650 solito

470 4684 634 4740 verni
692 4679 971 4753 temporis
1030 4677 1305 4752 splendor
1357 4678 1601 4735 eluceat.
1635 4679 1805 4737 Dedit
1834 4698 1970 4755 ergo
2000 4682 2120 4739 for-

473 4789 632 4829 mam
691 4769 906 4827 futuris
963 4784 1252 4824 annorum
1310 4766 1619 4825 curriculis
1652 4769 1857 4826 mundi
1888 4771 2118 4842 primus

470 4867 729 4931 exortus,
778 4863 844 4915 ut
903 4875 971 4914 ea
1029 4856 1155 4930 lege
1229 4873 1519 4913 annorum
1576 4858 1732 4914 vices
1787 4864 2113 4931 surgerent,

470 4958 647 5025 atque
677 4949 843 5007 initio
873 4949 1157 5021 cujusque
1187 4946 1325 5003 anni
1377 4948 1726 5019 produceret
1756 4952 1912 5005 terra
1970 4967 2118 5006 nova

471 5043 764 5099 seminum
812 5039 1097 5113 germina,
1149 5054 1264 5109 quo
1315 5035 1572 5109 primum
1632 5041 1917 5093 Dominus
1962 5038 2116 5094 Deus

538 5166 653 5233 (16)
683 5166 941 5229 Quatuor
969 5180 1111 5219 mss.
1145 5167 1201 5217 et
1230 5161 1374 5233 edit.
1402 5166 1532 5214 Am.
1568 5161 1709 5233 Pet.,
1750 5177 1913 5232 penes
1953 5163 2115 5217 illum

466 5231 807 5308 cornponens.
843 5236 954 5291 Sex
984 5252 1126 5290 mss.
1150 5241 1209 5289 et
1244 5231 1398 5297 LXX,
1418 5247 1581 5308 penes
1610 5231 1769 5285 illum
1799 5233 2109 5303 disponens.

541 5302 651 5380 (Π)
685 5308 824 5363 Mss.
858 5314 1110 5379 quatuor
1139 5302 1539 5378 probatissimi
1572 5302 2113 5374 praatermlttunt,et

467 5381 680 5436 anaelis
710 5381 837 5433 tuis.

538 5399 986 5525 ὅϐἑῖδάὲξῖξηᾳξη
1021 5443 1752 5525 interpretationembane
1792 5446 2112 5518 sumpserit

467 5517 642 5579 Amb.
668 5539 782 5575 non
815 5519 981 5574 facile
1025 5517 1191 5574 dictu
1216 5524 1305 5573 est
1335 5534 1348 5573 :
1384 5517 1683 5573 fatendum
1739 5518 1931 5579 tamen
1971 5517 2109 5573 eam

467 5576 634 5651 haud
657 5591 950 5663 immerito
979 5589 1317 5663 improbari.
1345 5590 1545 5663 Neque
1582 5588 1761 5663 enirn
1783 5576 1948 5663 p572?
1973 5604 2113 5663 cum

469 5596 624 5651 haud
657 5596 950 5647 immerito
979 5596 1059 5645 im
1107 5596 1317 5646 robari.
1350 5596 1545 5663 Neque
1582 5596 1740 5644 enim
1823 5596 1948 5654 νην
1978 5604 2113 5645 cum

469 5682 605 5729 voce
628 5650 746 5730 τίνω
781 5661 963 5723 ullam
995 5606 1172 5722 habet
1196 5661 1563 5722 afﬁnitatem.
1597 5664 1661 5725 Β.
1694 5596 2114 5724 Hifronaliam

2228 3337 2563 3394 animarum
2594 3334 2881 3392 transitus
2910 3352 2945 3390 a
2973 3333 3130 3390 vitiis
3164 3334 3237 3390 ad
3264 3332 3559 3404 virtutem,
3583 3353 3617 3391 a
3645 3335 3876 3407 passio-

2228 3427 2402 3484 nibus
2439 3425 2632 3482 carnis
2664 3425 2736 3481 ad
2767 3424 3013 3498 gratiam
3046 3423 3542 3495 sobrietatemque
3572 3424 3806 3492 mentis,
3841 3441 3881 3480 a

2227 3516 2464 3574 malitiae
2496 3514 2886 3589 nequitiaeque
2916 3512 3199 3569 fermento
3228 3513 3301 3568 ad
3331 3512 3634 3569 veritatem
3663 3518 3719 3569 et
3748 3512 3881 3570 sin-

2197 3606 2547 3664 'ceritatem.
2582 3603 2958 3677 Regeneratis
3006 3603 3207 3675 itaque
3249 3601 3464 3658 dicitur
3495 3620 3508 3658 :
3543 3602 3736 3659 Mensis
3784 3604 3882 3660 hic

2226 3698 2374 3754 vobis
2404 3696 2634 3751 initium
2662 3695 2958 3759 mensium,
2985 3694 3201 3766 primus
3229 3700 3308 3748 est
3336 3692 3482 3749 vobis
3512 3694 3574 3748 in
3600 3693 3881 3751 mensibus

2226 3790 2381 3845 anni.
2420 3784 2783 3857 Derelinquit
2837 3784 2995 3840 enim
3052 3786 3109 3839 et
3158 3782 3397 3853 deserit,
3431 3783 3530 3855 qui
3590 3783 3876 3853 abluitur,

2227 3874 2655 3949 intelligibilem
2683 3873 2849 3929 illum
2866 3872 3089 3929 Pharao
3108 3872 3430 3945 principem
3449 3873 3622 3930 istius
3643 3874 3879 3944 mundi,

2228 3969 2428 4025 dicens
2488 3982 2501 4020 :
2562 3964 2922 4021 Abrenuntio
2997 3962 3127 4031 tibi,
3204 3961 3455 4032 diabolo,
3528 3966 3586 4019 et
3647 3964 3877 4038 angelis

2227 4058 2347 4116 tuis
2376 4055 2511 4127 (l7),
2552 4057 2609 4110 et
2647 4052 2923 4125 operibus
2970 4051 3112 4117 tuis,
3154 4056 3213 4108 et
3267 4050 3531 4123 imperiis
3588 4054 3727 4111 tuis.
3754 4057 3878 4116 Nec

2218 4152 2347 4222 jam
2404 4144 2613 4202 serviet
2639 4143 2713 4211 ei,
2746 4141 2835 4198 vel
2867 4142 3114 4199 terrenis
3144 4142 3323 4215 hujus
3354 4144 3614 4216 corporis
3647 4146 3878 4218 passio-

2227 4234 2525 4305 nibus,vel
2552 4234 2876 4306 depravata:
2907 4231 3121 4288 mentis
3147 4232 3445 4289 erroribus
3475 4234 3575 4305 qui
3606 4235 3881 4295 demersa

2226 4327 2386 4384 omni
2418 4324 2661 4393 malitia,
2693 4321 2815 4378 vice
2845 4321 3095 4393 plumbi,
3128 4320 3297 4378 bonis
3339 4323 3615 4395 operibus
3673 4325 3882 4382 dextra

2224 4417 2480 4489 laevaque
2511 4412 2778 4469 munitus
2808 4410 3090 4466 inoffenso
3123 4409 3321 4467 saeculi
3351 4410 3531 4483 hujus
3562 4412 3708 4469 freta
3754 4417 3881 4470 stu-

2227 4507 2324 4563 det
2352 4503 2600 4561 transire
2629 4500 2895 4573 vestigio.
2930 4498 2993 4555 In
3032 4498 3181 4556 libro
3229 4516 3463 4572 quoque
3507 4501 3609 4573 qui
3664 4502 3879 4559 inscri-

2149 4607 2196 4672 D
2226 4582 2386 4649 bitur
2432 4593 2502 4649 de
2549 4590 2842 4657 Numeris,
2874 4588 2958 4644 ait
3009 4587 3307 4660 Scriptura
3340 4605 3354 4645 :
3392 4588 3441 4644 8
3488 4590 3719 4645 Initium
3769 4607 3880 4646 na-

2231 4684 2444 4738 tionum
2478 4679 2714 4747 Amalec,
2758 4680 2811 4732 et
2855 4692 3037 4732 semen
3085 4676 3203 4747 ejus
3243 4677 3447 4748 peribit
3484 4677 3671 4749 (Nam.
3721 4695 3878 4748 xxxv,

2226 4771 2337 4839 20).
2372 4771 2442 4826 Et
2473 4768 2675 4840 utique
2705 4783 2820 4822 non
2851 4764 3117 4821 omnium
3167 4764 3473 4822 nationum
3529 4767 3757 4839 primus
3785 4773 3882 4826 est

2224 4857 2495 4926 Amalec;
2528 4855 2629 4912 sed
2661 4854 2801 4927 quia
2828 4869 2931 4926 per
2961 4853 3495 4926 interpretationem
3524 4854 3758 4914 Amalec
3774 4874 3881 4915 rex

2226 4946 2508 5019 accipitur
2537 4944 2873 5017 iniquorum
2894 4941 3044 5015 (l8):
3078 4942 3266 5017 iniqui
3298 4943 3411 5017 (19)
3444 4949 3640 5002 autem
3671 4950 3879 5019 gentes

2225 5040 2364 5091 sunt
2395 5052 2407 5091 :
2442 5034 2571 5090 vide
2602 5051 2674 5089 ne
2719 5032 3042 5105 principem
3101 5034 3309 5090 mundi
3368 5034 3547 5106 hujus
3607 5036 3877 5109 accipere

2225 5159 2489 5230 ejusdem
2522 5158 2777 5213 nominis
2809 5157 3300 5228 signiﬁcationem
3330 5175 3401 5215 ex
3430 5159 3671 5216 Philone
3697 5160 3878 5217 refert

2227 5229 2298 5286 de
2329 5248 2486 5286 nom.
2520 5229 2691 5302 Hebr.
2752 5231 2992 5297 Amalec,
3044 5230 3257 5302 inquit,
3311 5232 3545 5302 populus
3604 5232 3873 5300 lambens,

2225 5303 2461 5370 lingens.
2492 5301 2747 5373 Tertiam
2779 5308 3067 5373 praeterea
3080 5301 3525 5373 explicationem
3559 5302 3618 5358 in
3651 5302 3766 5358 fine
3785 5304 3880 5359 Bi-

2226 5373 2477 5429 bliorum
2500 5373 2568 5431 R.
2587 5372 2867 5445 Stephani
2889 5372 3169 5445 reperias,
3179 5372 3276 5427 ubi
3291 5373 3506 5430 Amalec
3524 5390 3594 5429 ex
3633 5373 3879 5432 Hebre”

2225 5452 2283 5501 et
2311 5445 2453 5517 Syro
2482 5446 2809 5517 exponitur,
2836 5446 3073 5516 populus
3098 5445 3427 5517 percutiens.

2296 5513 2411 5590 (19)
2442 5513 2591 5573 Edit.
2625 5513 3183 5590 omnes'_cum__mss.
3216 5513 3457 5590 aliquot,
3508 5518 3725 5590 Iniqua?
3768 5533 3876 5574 au-

2223 5586 2326 5646 tem
2357 5586 2539 5665 gentes
2565 5592 2714 5645 sunt.
2747 5586 2862 5646 Alii
2891 5586 3120 5657 melius,
3153 5586 3356 5661 iniqui,
3383 5592 3493 5647 etc.
