4172 6182
219 383 330 443 ω
1575 375 1910 450 HEXAEM

2023 380 2142 442 LON
2188 383 2332 445 LlB.
2383 389 2430 448 Ι.
3601 407 3720 470 142

216 505 1750 581 debeamus,quiimperatnationibusvoluntatem
1778 512 2239 578 suamArator.
2328 520 2588 594 Namque
2665 533 2728 579 ut
2798 525 3047 582 istarum
3115 530 3332 589 artium
3392 536 3517 593 alize
3576 548 3719 600 sunt

217 601 608 664 facientibus,
634 601 823 664 cuius
876 613 1085 653 semen
1147 598 1363 668 peribit
1395 613 1410 652 :
1475 613 1694 653 semen
1757 605 1955 656 autem
2068 608 2336 677 actuosae,
2371 627 2498 680 quin
2528 620 2667 666 sunt
2699 615 2757 668 in
2795 617 3057 686 corporis
3087 625 3274 688 motu,
3308 629 3409 680 aut
3438 645 3580 684 sono
3615 649 3719 688 vo-

227 695 366 764 ejus
398 689 564 761 impii
597 692 654 743 et
686 685 976 741 inﬁdeles
1009 690 1170 750 sunt,
1205 687 1431 758 quibus
1481 685 1569 738 ait
1637 687 1951 758 Dominus,
2067 690 2151 746 cis
2180 711 2191 756 ;
2224 699 2471 753 cessavit
2502 706 2697 755 motus
2730 706 2834 756 aut
2867 685 3067 766 sonus.
3095 707 3238 764 nihil
3263 685 3589 785 superfuit,
3614 738 3720 777 nec

223 784 339 838 Vox
366 797 434 836 ea:
462 786 618 851 patre
643 775 885 831 diabolo
918 776 1052 830 estis
1087 775 1266 846 (Joan.
1299 791 1434 836 vm.
1469 774 1592 840 44).
2066 783 2346 836 remansit
2375 789 2784 854 spectantibus
2817 788 2905 842 vel
2955 774 3371 867 audientibus;
3397 801 3526 859 alia:
3557 774 3720 863 then:

303 873 395 926 15.
430 871 526 924 Est
554 867 739 922 etiam
772 864 1034 919 initium
1097 863 1442 936 mysticum,
1499 865 1573 916 ut
1640 864 1786 921 illud
1841 872 1948 936 est,
2062 869 2275 960 retices,
2313 887 2439 940 quae
2469 876 2728 946 vigorem
2755 878 2973 933 mentis
3021 863 3530 960 exerceantv(20);
3592 894 3720 952 aliae

221 963 342 1033 Ego
377 975 490 1014 sum
511 957 731 1029 primus
758 957 820 1008 et
853 955 1223 1017 novissimus,
1253 953 1488 1007 initium
1519 960 1580 1006 et
1606 953 1745 1021 ﬁnis
1766 955 1948 1026 (Apoc.
2061 953 2424 1026 bujusmodi,
2459 968 2540 1026 ut,
2577 969 2850 1019 cessante
2880 984 3111 1039 quoque
3141 953 3721 1042 operationis'officio

219 1052 280 1119 1,
313 1049 394 1120 8).
427 1047 494 1102 Et
521 1045 659 1101 illud
695 1043 759 1099 in
798 1041 1137 1114 Evangelio
1174 1041 1494 1113 praecipue,
1517 1045 1714 1136 _c_]uod
1770 1045 1948 1101 inter-
2061 1046 2252 1114 operis
2286 1063 2500 1136 munus
2533 1058 2840 1124 appareat,
2867 1061 2931 1108 ut
2960 1041 3257 1116 aedificatio
3289 1068 3465 1136 atque
3489 1073 3722 1127 textura

228 1143 474 1212 rogatus
501 1135 790 1190 Dominus
829 1131 976 1202 quis
1033 1135 1211 1192 esset,
1275 1127 1652 1224 respondit:
1699 1134 1942 1203 Initium,
2063 1149 2193 1224 quae
2219 1135 2393 1190 etiam
2428 1142 2660 1194 tacente
2699 1141 2944 1208 artifice,
3005 1149 3273 1215 peritiam
3330 1127 3460 1224 eius
3517 1163 3721 1214 osten-

227 1228 455 1304 quodet
485 1227 664 1298 loquor
711 1222 889 1277 vobis
938 1222 1097 1294 (Joan
1151 1235 1290 1318 viii,
1355 1220 1466 1290 25).
1528 1217 1654 1318 Qui
1704 1238 1834 1278 vere
1890 1229 1948 1279 et
2062 1222 2642 1318 dunt,_ut_o_peratori
2658 1230 2860 1300 operis
2892 1217 3399 1294 suitestimonium
3431 1245 3719 1318 suffrage-

225 1317 551 1376 secundum
585 1311 973 1369 divinitatem
1008 1312 1094 1364 est
1124 1307 1386 1363 initium
1440 1308 1743 1373 omnium,
1806 1313 1944 1384 quia
2056 1314 2172 1364 tur.
2209 1312 2488 1369 Similiter
2516 1316 3114 1378 hicmundusdivinae
3133 1329 3455 1398 majestatis
3482 1307 3718 1405 insigne

230 1423 408 1464 nemo
431 1407 561 1460 ante
579 1402 778 1474 ipsum
811 1416 830 1467 ;
867 1402 928 1454 et
945 1397 1098 1463 ﬁnis,
1133 1395 1291 1468 quia
1320 1413 1500 1452 nemo
1523 1395 1687 1454 ultra
1715 1399 1940 1471 ipsum:
2055 1403 2162 1467 est,
2197 1406 2260 1454 ut
2287 1418 2387 1472 per
2415 1403 2611 1474 ipsum
2633 1406 2733 1460 Dei
2767 1408 3056 1479 sapientia
3085 1395 3504 1475 manifeste-tur.
3529 1395 3716 1484 Quom

230 1501 290 1554 et
323 1493 648 1551 secundum
675 1487 1079 1545 Salomonem
1112 1486 1315 1556 (Prov.
1367 1502 1492 1551 vm,
1548 1489 1645 1559 92)
1706 1488 1941 1546 initium
2054 1487 2260 1543 videns
2291 1489 2602 1562 Propheta,
2659 1495 2845 1550 simul
2905 1504 2962 1552 et
3015 1500 3085 1554 ad
3145 1503 3458 1562 invisibilia
3514 1509 3720 1565 oculos

231 1589 324 1642 est
355 1584 580 1638 viarum
610 1577 857 1634 Domini
894 1575 958 1631 in
991 1591 1165 1647 opera
1221 1574 1404 1644 ejus;
1459 1579 1524 1629 ut
1582 1593 1684 1648 per
1741 1576 1940 1648 ipsum
2051 1577 2270 1631 mentis
2303 1578 2600 1646 attollens,
2636 1582 2765 1637 ait:
2801 1585 2974 1652 Quam
3003 1593 3363 1662 magniﬁcata
3385 1603 3511 1651 sunt
3554 1613 3722 1668 opera

234 1674 493 1728 disceret
517 1668 842 1724 hominum
903 1680 1094 1738 genus
1151 1663 1286 1716 vias
1350 1663 1582 1718 Domini
1639 1666 1826 1736 sequi,
1885 1671 1942 1721 et
2049 1668 2167 1731 tua,
2257 1669 2534 1723 Domine!
2617 1673 2816 1726 omnia
2884 1675 2946 1728 in
3001 1680 3280 1748 sapientia
3335 1683 3516 1760 fecisti
3540 1663 3718 1758 (Psal.

233 1759 466 1829 operari
501 1774 679 1830 opera
718 1755 856 1810 Dei.
897 1755 960 1808 In
994 1752 1106 1807 hoc
1163 1767 1307 1823 ergo
1366 1751 1674 1824 principio,
1733 1754 1790 1809 id
1851 1759 1941 1811 est
2047 1768 2170 1816 ειη,
2200 1755 2310 1824 24).

232 1850 293 1904 in
316 1847 578 1912 Christo,
613 1843 754 1899 fecit
785 1843 954 1898 Deus
978 1839 1195 1895 malum
1229 1843 1288 1936 et
1330 1843 1548 1936 terram
1576 1859 1589 1908 ;
1643 1843 1783 1914 quia
1833 1861 1938 1916 per
1965 1869 2014 1934 Β
2051 1843 2206 1936 >048.
2242 1844 2358 1936 l‘tec
2389 1845 2590 1936 otiose
2613 1848 2830 1921 utique
2862 1852 3079 1910 factum
3110 1855 3365 1930 legimus
3394 1877 3407 1929 ;
3432 1863 3570 1933 quia
3585 1879 3723 1936 gen.

237 1938 441 2009 ipsum
478 1933 680 1989 omnia
706 1932 868 1986 facta
897 1934 1067 1994 sunt,
1101 1933 1159 1983 et
1206 1927 1334 1984 sine
1388 1928 1518 2002 ipso
1570 1931 1789 1987 factum
1847 1939 1936 1989 est
1968 1927 2009 1934 ⁷
2043 1929 2178 1985 tiles
2210 1930 2472 2003 plerique
2495 1935 2598 2005 qui
2631 1943 2992 1997 comternum
3027 1943 3146 2000 Deo
3172 1927 3472 2005 mundum
3512 1927 3722 2009 volunt

237 2024 392 2080 nihil
426 2023 586 2095 quod
630 2021 859 2076 factum
896 2022 1010 2074 est.
1047 2018 1109 2070 In
1134 2017 1263 2088 ipso
1292 2017 1414 2072 vita
1474 2023 1636 2085 erat;
1672 2021 1810 2092 quia
1869 2022 1930 2077 in

238 2114 377 2185 ipso
409 2114 686 2167 constant
712 2107 939 2164 omnia.
976 2106 1047 2160 Et
1069 2105 1193 2177 ipse
1224 2109 1312 2160 est
1357 2107 1788 2179 primogenitus
1846 2118 1928 2166 to-

241 2202 370 2256 tius
401 2202 728 2255 creaturae:
763 2195 887 2251 sive
923 2193 1065 2266 quia
1091 2197 1224 2248 ante
1282 2211 1515 2249 omnem
1579 2201 1929 2265 creaturam,

248 2290 377 2345 sive
407 2288 550 2359 quia
582 2289 852 2350 sanctus,
885 2281 1030 2354 quia
1056 2280 1428 2354 primogeniti
1465 2285 1650 2338 sancti
1679 2291 1836 2355 sunt,
1865 2293 1930 2343 ut

251 2375 689 2449 primogenitus
725 2370 952 2438 Israel;
990 2387 1107 2425 non
1157 2369 1294 2440 quia
1343 2375 1479 2426 ante
1538 2389 1763 2440 omnes,
1824 2377 1924 2432 sed

2037 2377 2104 2427 ut
2129 2389 2309 2429 causa
2340 2376 2560 2430 umbra:
2594 2394 2814 2452 corpus
2843 2390 2952 2440 est.
2984 2388 3262 2445 Adhaeret
3290 2394 3447 2449 enim
3496 2399 3712 2458 umbra

250 2464 406 2538 quia
436 2463 686 2519 sanctior
706 2459 959 2516 caeteris.
996 2459 1247 2514 Sanctus
1279 2463 1478 2515 autem
1514 2462 1792 2516 Dominus
1824 2481 1922 2518 su-

2036 2463 2286 2533 corpori,
2320 2469 2376 2517 et
2407 2463 2597 2536 fulgor
2625 2466 2844 2526 lumini
2877 2476 3137 2531 naturali
3178 2480 3368 2552 magis
3427 2485 3707 2545 societate

246 2571 361 2627 pra
391 2567 624 2606 omnem
657 2552 997 2605 creaturam
1031 2550 1090 2601 et
1120 2549 1447 2602 secundum
1481 2550 1741 2621 corporis
1790 2569 1919 2609 sus-

241 2641 578 2713 ceptionem
605 2658 618 2706 ;
653 2637 798 2709 quia
811 2635 974 2691 solus
1001 2634 1128 2690 sine
1161 2642 1413 2706 peccato,
1437 2636 1601 2692 solus
1623 2639 1747 2695 sine
1764 2643 1921 2696 vani-

238 2736 382 2786 tate.
418 2727 629 2784 Omnis
661 2729 859 2781 autem
889 2727 1158 2778 creatura
1197 2725 1462 2793 subjecta
1515 2727 1753 2782 vanitati
1802 2735 1910 2786 est.

313 2821 403 2873 16.
468 2817 796 2872 Possumus
855 2812 1030 2867 etiam
1092 2811 1464 2885 intelligere:
1528 2816 1588 2869 In
1633 2819 1912 2890 principio

232 2911 366 2979 fecit
395 2908 536 2961 Deus
561 2904 760 2959 caelum
789 2904 838 2956 et
867 2904 1078 2956 terram
1104 2917 1126 2961 ,·
1184 2901 1241 2955 id
1301 2907 1389 2957 est
1449 2907 1584 2957 ante
1633 2909 1863 2978 tempus
1892 2927 1904 2966 ε

233 2998 392 3051 sicut
420 2993 660 3048 initium
694 2991 796 3045 viae
829 2989 1100 3045 nondum
1129 2989 1242 3056 via,
1277 2995 1332 3044 et
1393 2991 1631 3046 initium
1690 2994 1904 3055 domus

233 3085 510 3141 nondum
569 3081 804 3136 domus.
867 3078 1132 3149 Denique
1189 3078 1285 3133 alii
1347 3079 1639 3146 dixerunt,
1673 3089 1724 3136 ἐν
1752 3109 1902 3159 κεφα-

236 3182 367 3244 latis
398 3169 571 3243 quasi
606 3169 665 3224 in
698 3168 907 3240 capite,
940 3184 1058 3239 quo
1091 3167 1459 3239 significatur
1509 3169 1569 3223 in
1628 3171 1782 3227 brevi
1845 3181 1902 3232 et

2035 2568 2213 2622 quam
2246 2551 2546 2608 voluntate
2577 2557 2822 2616 arbitra.
2854 2563 3100 2620 Pulchre
3133 2583 3271 2638 ergo
3297 2551 3392 2624 ait
3447 2573 3696 2647 Moyses,

2027 2641 2160 2711 quia
2187 2642 2327 2733 fecit
2344 2642 2483 2733 Deus
2525 2646 2724 2701 creta-in
2781 2655 2835 2705 et
2889 2656 3117 2708 terram.
3181 2654 3306 2710 Non
3351 2657 3498 2715 dixit
3543 2641 3698 2733 quia

2026 2729 2270 2784 subesse
2304 2730 2469 2795 fecit;
2504 2749 2618 2787 non
2651 2735 2802 2792 dixit
2857 2740 2996 2812 quia
3044 2758 3288 2797 causam
3343 2729 3589 2804 mundo_
3622 2758 3691 2808 ut

2022 2824 2196 2884 esset,
2232 2819 2512 2888 praebuit:
2548 2823 2650 2877 sed
2681 2827 2816 2895 fecit
2875 2831 3042 2901 quasi
3074 2831 3269 2886 bonus
3318 2838 3474 2905 quod
3537 2838 3686 2897 foret

2019 2906 2196 2962 utile:
2252 2908 2418 2978 quasi
2472 2911 2732 2982 sapiens,
2784 2920 2938 2989 quod
2986 2919 3279 2991 Optimum
3321 2924 3672 2993 judicabat:

2015 2996 2184 3067 quasi
2217 2997 2610 3068 omnipotens,
2643 3006 2802 3074 quod
2834 3008 3277 3078 amplissimum
3297 3015 3671 3082 praevideba.

2013 3086 2312 3152 Quomodo
2343 3091 2540 3143 autem
2584 3095 2752 3162 quasi
2803 3098 3014 3152 umbra
3071 3113 3202 3152 esse
3259 3105 3505 3171 poterat,
3566 3108 3669 3163 ubi

2014 3191 2229 3246 corpus
2276 3191 2392 3228 non
2452 3183 2598 3245 erat,
2658 3196 2794 3236 cum
2856 3185 3186 3255 incorporei
3244 3188 3344 3241 Dei
3389 3207 3668 3263 corporea

342 3236 352 3244 .
418 3236 432 3243 -
770 3236 784 3240 _
961 3236 976 3239 -
1151 3236 1172 3239 -
2120 3236 2135 3246 .
2585 3236 2596 3245 .
3244 3236 3344 3241 ---
3391 3236 3474 3246 σν.
3531 3236 3666 3252 νιν..

238 3263 300 3316 in
329 3262 541 3333 exiguo
584 3259 883 3313 momento
937 3272 1175 3311 summa
1230 3257 1586 3328 operationis
1640 3259 1901 3333 impleta.
1935 3236 1978 3302 δ
2017 3261 2385 3319 adumbratio
2415 3280 2543 3320 esse
2575 3284 2690 3324 non
2723 3273 2954 3341 possit?
2995 3274 3297 3336 Quomodo
3339 3236 3524 3336 etiam:
3576 3284 3666 3339 in-

240 3353 398 3407 Sunt
429 3363 568 3419 ergo
599 3353 656 3401 et
685 3347 782 3418 qui
821 3344 1178 3418 principium
1215 3362 1329 3400 non
1365 3363 1469 3417 pro
1502 3351 1761 3420 tempore
1811 3371 1904 3410 ac-

241 3439 490 3511 cipiant,
517 3436 618 3491 sed
647 3441 781 3490 ante
819 3441 1082 3505 tempus,
1115 3444 1199 3490 καὶ
1228 3442 1496 3506 κεφαλαῖον
1543 3436 1631 3490 vel
1686 3448 1902 3513 caput;

242 3532 312 3583 ut
342 3526 613 3580 dicamus
648 3525 842 3579 Latine
874 3522 1042 3595 quasi
1071 3523 1368 3579 summam
1403 3525 1632 3596 operis;
1666 3529 1803 3599 quia
1825 3550 1908 3588 re-

242 3630 383 3669 rum
414 3612 735 3668 visibilium
769 3628 1006 3668 summa
1039 3611 1248 3667 coelum
1282 3616 1338 3666 et
1394 3617 1549 3668 terra
1605 3621 1711 3680 est,
1776 3636 1906 3691 quae

241 3719 366 3757 non
398 3699 591 3756 solum
625 3701 694 3756 ad
729 3699 935 3755 mundi
965 3700 1149 3771 hujus
1182 3706 1448 3773 spectare
1495 3702 1765 3760 videntur
1815 3726 1906 3764 or-

241 3795 480 3852 natum,
512 3789 611 3844 sed
645 3788 821 3845 etiam
854 3789 927 3844 ad
961 3789 1253 3845 indicium
1277 3806 1471 3845 rerum
1501 3792 1906 3868 invisibilium,

246 3886 308 3935 et
341 3879 634 3951 quoddam
669 3882 1086 3952 argumentum
1120 3896 1321 3935 eorum
1339 3896 1595 3950 quaenon
1611 3883 1904 3953 videntur,

247 3973 316 4023 ut
343 3973 434 4023 est
486 3967 638 4022 istud
701 3967 1110 4040 propheticum
1147 3985 1160 4022 :
1197 3968 1332 4024 Caeli
1363 3975 1629 4026 enarrant
1674 3973 1910 4044 gloriam

248 4058 375 4121 Dei,
406 4060 461 4111 et
489 4072 651 4128 opera
677 4073 946 4112 manuum
977 4058 1092 4128 ejus
1147 4059 1452 4114 annuntiat
1500 4061 1908 4131 ﬁrmamentum

250 4145 426 4216 (Psal.
462 4162 619 4210 xvm,
662 4146 728 4216 1).
764 4145 924 4208 Quod
957 4149 1197 4202 secutus
1224 4147 1540 4218 Apostolus
1600 4149 1730 4206 aliis
1780 4170 1906 4209 ver-

2016 3350 2278 3423 corporei
2310 3350 2556 3410 luminis
2587 3357 2870 3428 splendor
2899 3363 3088 3434 possit
3118 3377 3248 3418 esse
3305 3382 3616 3440 corporeus
3639 3373 3668 3428 ?

2090 3441 2174 3495 19.
2209 3440 2318 3495 Sed
2352 3441 2403 3494 si
2454 3446 2671 3512 quzeris
2719 3448 3094 3519 splendorem
3154 3451 3277 3521 Dei,
3339 3456 3525 3515 Filius
3575 3467 3669 3520 est

2016 3528 2323 3600 imagoDei
2356 3531 2688 3589 invisibilis.
2722 3537 2920 3600 Qualis
2961 3555 3098 3611 ergo
3156 3539 3312 3598 Deus
3369 3551 3477 3614 est,
3533 3549 3670 3608 talis

2018 3621 2231 3691 imago.
2267 3617 2584 3675 Invisibilis
2616 3623 2791 3692 Deus,
2839 3626 3018 3682 etiam
3075 3627 3270 3701 imago
3328 3633 3665 3697 invisibilis.

2017 3710 2119 3764 Est
2175 3706 2329 3762 enim
2393 3707 2670 3778 splendor
2723 3711 2921 3783 gloriae
2974 3720 3251 3786 paternae,
3311 3727 3490 3794 atque
3535 3729 3668 3797 ejus

2017 3799 2211 3869 imago
2244 3796 2612 3854 substantiae.
2639 3800 2702 3854 In
2729 3802 3027 3873 principio,
3058 3804 3276 3875 inquit,
3334 3813 3470 3879 fecit
3521 3796 3667 3872 Deus

2015 3887 2210 3942 caelum
2238 3889 2288 3940 et
2313 3888 2538 3941 terram.
2570 3888 2779 3944 Factus
2809 3894 2897 3944 est
2926 3907 3060 3962 ergo
3093 3895 3372 3964 mundus,
3405 3903 3461 3953 et
3492 3903 3668 3973 coepit

2017 3992 2166 4042 esse,
2203 3975 2301 4046 qui
2339 3991 2452 4029 non
2484 3980 2642 4031 erat:
2675 3977 2925 4033 Verbum
2945 3985 3140 4036 autem
3165 3983 3264 4038 Dei
3295 3985 3354 4038 in
3376 3987 3662 4060 principio

2018 4069 2159 4131 erat,
2181 4067 2372 4118 eterat
2383 4080 2632 4135 semper.
2649 4065 2759 4120 Sed
2775 4066 2950 4122 etiam
2973 4069 3200 4141 Angeli,
3223 4071 3663 4134 Dominationes

2018 4159 2075 4209 et
2102 4153 2447 4221 Potestates,
2464 4158 2523 4208 et
2536 4153 2585 4208 si
2602 4154 2918 4225 aliquando
2933 4165 3232 4230 cmperunt
3256 4179 3269 4229 ;
3283 4169 3450 4218 erant
3465 4170 3662 4223 tamen

251 4235 350 4290 bis
381 4234 442 4288 in
476 4234 732 4289 eamdem
767 4233 1059 4290 conclusit
1089 4235 1442 4291 sententiam
1475 4238 1712 4296 dicens;
1770 4243 1909 4311 Quia
2009 4243 2138 4314 jam
2170 4241 2405 4313 quando
2437 4241 2533 4297 hic
2566 4244 2823 4299 mundus
2846 4248 3155 4304 estl'actus.
3183 4250 3392 4307 Omnia
3407 4270 3666 4327 namque

253 4322 568 4378 invisibilia
595 4324 711 4395 ejus
735 4340 838 4395 per
865 4339 929 4378 ea
960 4339 1084 4394 quae
1110 4325 1259 4395 facta
1314 4330 1461 4393 sunt,
1522 4330 1912 4398 intelliguntur

255 4414 436 4483 (Rom.
470 4428 508 4466 ι.
538 4413 649 4482 20).
682 4415 990 4468 Auctorem
1023 4412 1177 4468 enim
1211 4413 1565 4485 Angelorum
1598 4423 1655 4473 et
1711 4419 1909 4475 Domi-

254 4501 563 4557 nationum
595 4505 652 4556 et
678 4501 1038 4557 Potestatum
1071 4501 1239 4559 facile
1298 4503 1681 4578 intelligimus
1750 4525 1908 4578 eum,

2019 4335 2211 4387 creata
2273 4334 2330 4384 et
2403 4331 2640 4386 condita
2694 4337 2853 4399 sunt,
2913 4335 3162 4405 visiblia,
3215 4344 3271 4394 et
3321 4341 3661 4402 invisibilia.

2020 4421 2139 4477 sive
2169 4421 2371 4487 Sedes,
2403 4419 2521 4474 sive
2573 4420 3032 4493 Dominationes,
3093 4426 3213 4483 sive
3268 4429 3663 4504 Principatus,

2020 4511 2139 4566 sive
2183 4509 2546 4565 Potestates:
2609 4509 2824 4578 Omnia,
2875 4511 3091 4586 inquit,
3144 4533 3245 4589 per
3290 4520 3472 4590 ipsum
3523 4525 3670 4594 facta

257 4591 360 4662 qui
395 4594 689 4645 momento
721 4589 952 4661 imperii
982 4589 1074 4645 sui
1104 4591 1256 4646 hanc
1301 4595 1522 4649 tantam
1582 4595 1912 4668 pulchritu-
1943 4606 1990 4671 Ι)
2019 4602 2166 4664 sunt,
2199 4606 2250 4654 et
2278 4600 2340 4653 in
2368 4600 2554 4669 ipsum
2582 4600 2696 4671 (22)
2711 4605 3042 4659 creatasunt
3065 4589 3354 4677 (Coloss.i,
3393 4612 3499 4684 16).
3519 4589 3666 4678 Quid

252 4679 456 4734 dinem
488 4679 689 4734 mundi
721 4695 789 4734 ex
821 4678 1004 4734 nihilo
1033 4680 1166 4735 fecit
1195 4697 1343 4746 esse,
1390 4699 1516 4754 qua:
1571 4702 1685 4742 non
1743 4692 1904 4757 erat;

254 4774 314 4823 et
341 4784 457 4823 non
489 4769 559 4823 de
582 4767 948 4824 exstantibus
981 4773 1081 4824 aut
1115 4771 1308 4840 rebus,
1337 4777 1438 4827 aut
1459 4774 1650 4831 causis
1673 4778 1909 4835 donavit

253 4857 292 4912 h
305 4857 480 4912 abere
495 4855 884 4913 substantiam
899 4900 912 4914 .

913 4940 1148 5020 CAPUT
1175 4965 1244 5020 V.

260 5050 520 5130 Mundam
549 5051 759 5130 divinae
781 5056 1108 5130 operationis
1135 5057 1411 5130 specimen
1435 5073 1547 5113 esse
1566 5078 1584 5114 :
1641 5078 1674 5115 a
1729 5043 1904 5130 genti-

333 5124 478 5178 libus
507 5139 630 5177 eum
661 5125 759 5179 Dei
787 5125 1037 5179 umbram
1068 5124 1177 5180 non
1208 5130 1348 5182 recte
1378 5128 1490 5184 dici
1513 5147 1524 5184 :
1566 5133 1706 5187 Filio
1730 5124 1908 5188 venim

331 5195 455 5261 sati,
489 5204 551 5249 ut
582 5197 759 5265 imago
786 5196 888 5251 Dei
912 5199 1004 5262 sit,
1037 5200 1344 5254 convenire.

333 5299 530 5355 l7.Est
559 5316 694 5372 ergo
722 5300 814 5355 hic
845 5302 1104 5357 mundus
1150 5303 1358 5359 divinae
1419 5308 1713 5378 specimen
1772 5326 1905 5381 ope-

265 5388 509 5444 rationis
536 5404 549 5455 ;
582 5389 720 5460 quia
750 5391 888 5446 dum
923 5408 1072 5464 opus
1091 5391 1339 5459 videtur,
1363 5396 1412 5450 9
1443 5397 1744 5466 praefertur
1771 5416 1908 5471 ope-

327 5533 444 5602 (20)
468 5532 578 5587 Ms.
614 5531 776 5589 Corb.
812 5538 977 5591 vetus
1009 5539 1065 5591 et
1094 5535 1313 5604 Germ.,
1346 5551 1473 5607 qua:
1509 5539 1694 5608 vigore
1753 5557 1906 5597 men-

269 5603 334 5658 tis
362 5611 738 5659 exerceantur.

331 5675 445 5748 (21)
478 5675 864 5749 Omnesedit.
924 5695 992 5734 ac
1049 5695 1192 5736 mss.
1250 5679 1386 5749 duo,
1441 5696 1665 5738 causam
1727 5693 1906 5744 tamen

261 5745 468 5840 {utam
499 5764 518 5807 ε
549 5745 650 5806 alii
679 5748 815 5821 duo,
841 5765 1062 5809 causam
1120 5759 1303 5812 tamen
1358 5745 1421 5816 ut
1467 5756 1708 5836 factum:
1765 5759 1908 5823 toti-

2017 4692 2108 4744 est
2135 4688 2194 4742 in
2218 4687 2413 4759 ipsum
2449 4692 2640 4743 creata
2658 4689 2685 4741 ‘?
2718 4689 2864 4753 Quia
2892 4691 3018 4764 ipse
3039 4695 3329 4754 estbeeres
3361 4699 3568 4770 Patris,
3601 4718 3667 4757 eo

2014 4778 2168 4851 quod
2197 4795 2231 4832 a
2262 4776 2429 4832 Patre
2461 4777 2521 4830 in
2553 4775 2750 4849 ipsum
2785 4781 3086 4838 transierit
3127 4784 3456 4854 haereditas,
3515 4789 3668 4844 sicut

2017 4868 2183 4922 Pater
2213 4865 2390 4920 dicit:
2426 4867 2589 4921 Posce
2619 4884 2653 4922 a
2680 4884 2788 4935 me,
2835 4879 2887 4925 et
2924 4870 3060 4928 dabo
3108 4875 3211 4929 tibi
3266 4879 3452 4946 gentes
3490 4876 3665 4933 haere-

2015 4956 2240 5011 ditatem
2270 4955 2616 5026 tuam(Psal.
2648 4973 2707 5012 ιι.
2741 4957 2818 5030 8).
2853 4959 2986 5016 Puaa
3015 4966 3212 5017 tamen
3271 4963 3577 5021 haereditas
3632 4981 3667 5022 α

2016 5045 2182 5099 Patre
2212 5045 2426 5098 transit
2453 5043 2512 5098 in
2546 5043 2779 5114 Filium,
2813 5052 2869 5102 et
2897 5049 2956 5103 in
3002 5049 3228 5105 Patrem
3278 5053 3586 5108 revertitur
3631 5072 3667 5109 a

2017 5133 2180 5190 Filio.
2210 5132 2450 5205 Egregie
2483 5133 2681 5205 itaque
2714 5135 3025 5207 Apostolus
3057 5143 3112 5191 et
3141 5138 3248 5193 hoc
3281 5138 3403 5195 loco
3455 5141 3665 5199 Filium

2020 5222 2166 5278 dixit
2193 5226 2488 5278 auctorem
2521 5223 2785 5279 omnium
2818 5230 2875 5280 et
2902 5225 3205 5294 majestate
3233 5245 3341 5284 sua
3371 5232 3669 5288 continen-

2018 5319 2135 5370 tem
2168 5312 2386 5368 omnia.
2422 5311 2489 5366 Et
2518 5315 2588 5368 ad
2628 5315 2918 5370 Romanos
2937 5315 3006 5369 de
3031 5313 3195 5371 Patre
3225 5317 3344 5374 ait:
3387 5325 3667 5393 Quoniam

2017 5421 2088 5459 ea:
2135 5405 2250 5474 ipso
2330 5409 2382 5457 et
2427 5417 2528 5474 per
2577 5405 2776 5473 ipsum,
2826 5407 2883 5458 et
2937 5405 2997 5458 in
3051 5407 3231 5476 ipsum
3290 5418 3416 5467 sunt
3483 5417 3682 5471 omnia

2023 5547 2177 5614 dem,
2208 5562 2370 5627 causa
2403 5552 2578 5627 tamen
2606 5551 2670 5627 _ut
2725 5545 2933 5627 factum
2957 5568 2975 5602 .-
3023 5549 3223 5621 plures
3281 5559 3338 5612 et
3389 5555 3666 5627 potiores.

2019 5626 2452 5746 ca-psamdtamen
2504 5618 2752 5686 factum;
2785 5617 2882 5673 ubi
2940 5617 3048 5676 voi
3101 5627 3314 5697 factum
3366 5617 3439 5684 ad
3496 5629 3671 5686 Deum

2024 5707 2084 5746 re
2111 5707 2245 5746 eren
2291 5706 2341 5744 a.

2024 5706 2341 5749 reterenaa.

2093 5762 2206 5847 (22)
2237 5762 2322 5820 Ita
2351 5759 2609 5842 quinque
2638 5757 2782 5822 mss.
2818 5765 2952 5828 me].
2996 5772 3144 5832 notua
3194 5776 3246 5832 et
3304 5775 3461 5846 Ann,
3522 5770 3670 5856 Ρη,
