4172 6182
438 350 554 410 143

1896 341 1961 400 S.
2008 340 2386 402 AMBROSII

3728 341 3849 400 144

440 482 614 553 (Rom.
646 478 823 552 x1,36)
849 478 982 551 (23).
1015 478 1098 535 Ex
1126 477 1253 550 ipso
1284 472 1639 548 principium
1671 476 1728 529 et
1757 472 1916 546 origo
1946 474 2084 529 sub-
2115 475 2171 541 Α
2200 472 2470 528 similiter
2499 472 2885 545 significatur,
2938 487 3072 527 cum
3128 469 3343 544 legitur
3370 487 3384 526 :
3433 470 3579 537 Quia
3634 469 3852 527 ccelum

442 569 670 625 stantiae
701 567 1129 633 universorum,
1172 566 1272 621 l0
1304 564 1361 618 id
1395 566 1575 618 estex
1607 560 1902 618 voluntate
1960 564 2087 632 ejus

443 663 500 716 et
530 662 841 730 potestate.
877 658 1086 713 Omnia
1113 654 1264 710 enim
1301 670 1367 707 ex
1398 652 1527 722 ejus
1557 650 1857 707 voluntate
1907 668 2087 723 coepe-

443 751 619 816 runt;
650 747 790 819 quia
816 763 968 801 unus
1000 745 1153 799 Deus
1184 741 1375 808 Pater,
1408 757 1475 796 ex
1490 739 1833 812 quoomnia.
1864 740 2093 795 Etenim

443 841 725 909 tanquam
758 853 825 890 ex
858 851 962 890 suo
994 831 1147 895 fecit,
1182 830 1319 901 quia
1349 831 1506 885 unde
1554 828 1738 885 voluit
1784 830 1937 885 fecit.
1992 828 2097 883 Per

447 925 644 997 ipsum
676 920 1234 988 continuatio;ﬁnis
1266 920 1326 974 in
1365 918 1582 991 ipsum.
1636 920 1717 973 Ex
1775 919 1901 991 ipso
1960 934 2096 990 ergo

449 1012 712 1070 materia.
749 1011 855 1065 Per
883 1010 1078 1081 ipsum
1112 1009 1368 1081 operatio
1392 1025 1519 1080 quae
1550 1008 1752 1081 ligavit
1780 1018 1948 1079 atque
1971 1024 2101 1061 con-

450 1101 681 1157 strinxit
710 1099 1002 1154 universa.
1064 1099 1128 1153 In
1159 1097 1375 1169 ipsum,
1441 1097 1580 1169 quia
1634 1097 1895 1169 quandiu
1954 1095 2099 1163 vult,

449 1188 643 1245 omnia
673 1187 800 1258 ejus
842 1186 1059 1241 virtute
1120 1191 1362 1241 manent
1421 1190 1596 1257 atque
1635 1186 1986 1254 consistunt,
2046 1190 2104 1239 et

445 1277 576 1332 ﬁnis
605 1292 806 1331 eorum
838 1275 898 1330 in
948 1275 1048 1331 Dei
1097 1275 1459 1331 voluntatem
1521 1274 1803 1343 recurrit;
1865 1277 1921 1329 et
1952 1260 2131 1345 .ejus'

450 1365 688 1423 arbitrio
720 1364 1113 1421 resolvuntur.

1090 1532 1324 1590 CAPUT
1367 1532 1462 1588 VI.

449 1652 511 1705 In
540 1648 673 1704 caelo
704 1650 751 1703 et
780 1654 929 1703 terra
950 1652 1183 1719 quatuor
1240 1650 1530 1716 elementa,
1590 1665 1619 1704 e
1676 1649 1873 1718 quibus
1922 1649 2111 1704 omnia

521 1723 944 1790 componuntur,
975 1724 1158 1775 creata
1187 1737 1316 1775 esse.
1373 1722 1573 1790 Qualis
1626 1721 1749 1775 cteli
1775 1720 2110 1785 substantia,

523 1791 770 1863 qualisve
826 1795 987 1847 terra:
1031 1793 1267 1863 positio;
1299 1800 1348 1846 et
1367 1809 1531 1861 quam
1569 1791 1777 1846 diverse
1806 1791 2116 1863 philowphi

525 1863 589 1918 de
625 1863 887 1917 caelorum
932 1867 1137 1917 natura
1175 1863 1528 1934 judicarint:
1586 1865 1655 1918 iis
1706 1864 1965 1931 neglectis
2023 1863 2114 1917 di-

524 1935 676 1990 vina:
704 1935 1022 1989 auctoritati
1059 1934 1501 1992 auscultandum.

524 2077 615 2131 20.
650 2077 712 2131 In
771 2075 1057 2149 principio
1089 2077 1287 2148 itaque
1321 2077 1598 2148 temporis
1633 2075 1846 2133 ccalum
1896 2080 1951 2132 et
1998 2080 2111 2132 ter-

454 2182 583 2221 ram
606 2165 761 2221 Deus
792 2164 946 2221 fecit.
982 2166 1241 2237 Tempus
1273 2165 1427 2220 enim
1460 2167 1531 2221 ab
1566 2166 1675 2222 hoc
1721 2167 1963 2232 mundo,
1997 2183 2112 2222 non

458 2258 592 2310 ante
625 2254 954 2309 mundum:
1008 2254 1131 2310 dies
1172 2259 1366 2309 autem
1426 2255 1706 2327 temporis
1762 2256 1947 2328 portio
2004 2259 2112 2326 est,

460 2360 575 2399 non
636 2342 1014 2415 principium.
1073 2343 1138 2398 Et
1213 2361 1550 2415 quanquam
1628 2344 1893 2399 lectionis
1966 2344 2115 2400 serie

459 2430 760 2504 possimus
790 2438 1050 2487 astruere
1082 2432 1236 2503 quod
1270 2432 1461 2503 primo
1494 2432 1648 2487 diem
1682 2432 1885 2488 fecerit
1916 2432 2113 2488 Domi-

461 2537 575 2576 nus
605 2524 661 2575 et
692 2524 941 2585 noctem,
969 2536 1096 2591 quae
1130 2524 1270 2575 sunt
1298 2521 1454 2576 vices
1484 2525 1817 2593 temporum
1843 2540 1859 2591 ;
1919 2525 1975 2577 et
2023 2538 2114 2577 se-

461 2608 653 2664 cundo
741 2607 833 2662 die
895 2607 1337 2663 ﬁrmamentum
1391 2609 1611 2677 fecerit,
1670 2627 1785 2682 quo
1843 2610 2115 2667 discrevit

462 2713 675 2768 aquam
707 2713 832 2767 quae
863 2696 974 2752 sub
1001 2695 1144 2773 c'cnlo
1204 2700 1312 2763 est,
1373 2702 1429 2752 et
1479 2715 1694 2770 aquam
1753 2715 1879 2770 qua:
1938 2716 2116 2771 super

462 2783 673 2839 caelum
705 2787 935 2853 ;tamen
963 2784 1105 2840 satis
1127 2787 1217 2840 est
1238 2785 1311 2840 ad
1331 2790 1677 2868 praesentem
1706 2787 2111 2856 assertionem,

463 2874 616 2944 quod
650 2873 710 2927 in
744 2872 1030 2946 principio
1062 2872 1274 2929 oculum
1305 2875 1526 2942 fecerit,
1560 2876 1716 2931 unde
1738 2875 2116 2948 praerogativa

465 2961 861 3033 generationis
893 2967 949 3017 et
988 2979 1166 3018 causa
1197 2964 1348 3034 (2b);
1401 2967 1458 3019 et
1504 2967 1718 3019 terram
1778 2964 1995 3031 fecerit,
2052 2965 2109 3020 in

471 3066 587 3121 qua
615 3055 770 3106 esset
817 3051 1212 3122 generationis
1270 3052 1622 3107 substantia.
1685 3053 1749 3107 In
1809 3052 1900 3108 his
1958 3038 2113 3109 enim

467 3141 721 3211 quatuor
749 3138 851 3195 illa
879 3139 1167 3196 elementa
1197 3145 1390 3196 creata
1421 3146 1578 3207 sunt,
1611 3159 1677 3196 ex
1700 3141 1916 3213 quibus
1946 3159 2113 3215 gene-

2202 561 2486 617 Dominus
2515 561 2773 617 extendit
2798 562 2923 633 (Isa.
2955 578 3148 630 xxxxv,
3190 562 3263 629 4).
3296 559 3637 615 Extenditur
3690 560 3853 616 enim

2201 650 2289 706 vel
2322 649 2491 722 quasi
2521 649 2689 723 pellis
2715 651 2786 706 ad
2813 649 3191 706 tabernacula
3219 648 3726 721 habitationesque
3740 650 3857 721 (25)

2206 745 2579 808 sanctorum;
2608 739 2696 796 vel
2729 740 2897 811 quasi
2930 738 3096 807 liber,
3130 742 3195 794 ut
3234 738 3558 811 plurimum
3593 739 3862 794 scriban-

2206 834 2306 883 tur
2332 829 2590 895 uomina,
2623 829 2724 900 qui
2755 828 2971 884 Christi
3002 831 3097 884 ll
3133 828 3384 901 gratiam
3418 828 3532 884 ﬁde
3575 832 3634 883 et
3686 828 3861 884 devo-

2207 918 2365 973 tione
2414 923 2775 986 meruerunt,
2836 917 3055 989 quibus
3108 917 3358 972 dicitur:
3421 915 3675 983 Gaudete,
3729 918 3867 989 quia

2207 1008 2444 1061 nomina
2476 1009 2651 1062 vestra
2680 1008 2888 1078 scripta
2915 1015 3043 1061 sunt
3072 1007 3134 1060 in
3161 1006 3290 1060 arto
3321 1004 3470 1077 (Luc.
3505 1022 3563 1076 x,
3602 1006 3714 1077 20).

2281 1098 2369 1150 22.
2405 1095 2485 1151 De
2516 1099 2681 1151 terra)
2713 1111 2948 1167 quoque
2977 1094 3065 1150 vel
3098 1094 3378 1166 qualitate
3433 1092 3522 1149 vel
3574 1094 3870 1167 positione

2210 1188 2459 1240 tractare
2486 1182 2630 1239 nihil
2664 1185 2901 1256 prodest
2930 1184 3002 1239 ad
3035 1200 3199 1256 spem
3231 1182 3433 1250 futuri,
3467 1199 3602 1237 cum
3626 1183 3767 1239 satis
3788 1183 3870 1238 sit

2214 1273 2287 1327 ad
2313 1272 2613 1327 scientiam
2636 1273 2790 1344 quod
2823 1273 3262 1344 Scripturarum
3293 1271 3625 1327 divinarum
3682 1272 3869 1328 series

2217 1361 2676 1433 comprehendit,
2731 1361 2871 1432 quia
2920 1360 3226 1433 suspendit
3284 1364 3500 1416 terram
3559 1360 3621 1415 in
3680 1359 3870 1416 nihilo

2217 1452 2333 1522 (Job
2359 1451 2609 1521 mv1,7).
2644 1450 2791 1514 Quid
2826 1450 2994 1506 nobis
3040 1450 3333 1505 discutere
3390 1454 3591 1505 utrum
3644 1448 3705 1506 in
3734 1466 3873 1505 aere

2219 1539 2487 1612 pendeat,
2523 1557 2596 1594 an
2628 1557 2806 1612 super
2826 1557 3064 1612 aquam,
3096 1546 3162 1594 ut
3200 1539 3337 1594 inde
3393 1541 3673 1595 nascatur
3727 1555 3870 1594 con-

2221 1628 2522 1695 troversia,
2556 1631 2852 1699 quomodo
2882 1627 3033 1684 aeris
3064 1632 3276 1683 natura
3304 1627 3500 1683 tenuis
3525 1631 3591 1697 et
3639 1626 3876 1683 mollior

2224 1716 2437 1773 molem
2470 1718 2658 1788 possit
2687 1721 3019 1774 sustentare
3050 1721 3342 1773 terrenam
3363 1716 3527 1772 ‘IAut
3556 1716 3878 1788 quomodo,

2225 1806 2273 1861 si
2306 1824 2481 1879 super
2512 1824 2696 1878 aquas
2728 1823 2846 1862 non
2879 1807 3255 1879 demergatur
3294 1805 3351 1859 in
3410 1821 3626 1877 aquam
3680 1803 3883 1877 gravis

2225 1896 2395 1950 ruina
2425 1896 2756 1951 terrarum?
2786 1897 2900 1950 Aut
2929 1894 3223 1967 quomodo
3255 1894 3306 1949 ei
3338 1893 3521 1949 maris
3553 1894 3713 1950 unda
3754 1910 3881 1951 non

2224 1986 2411 2051 cedat,
2436 1990 2491 2040 et
2522 1987 2579 2040 in
2612 1985 2799 2040 latera
2828 1985 2957 2055 ejus
2989 2001 3116 2039 sese
3145 1982 3269 2039 loco
3302 1999 3408 2039 suo
3441 1988 3600 2039 mota
3657 1982 3879 2039 diffun-

2223 2074 2368 2128 dat?
2391 2073 2558 2129 Multi
2589 2074 2767 2129 etiam
2800 2073 2859 2129 in
2891 2073 3085 2127 medio
3113 2072 3265 2127 aeris
3297 2076 3518 2127 terram
3549 2088 3677 2128 esse
3711 2071 3880 2127 dixe-

2224 2167 2383 2230 runt,
2415 2167 2472 2218 et
2505 2161 2659 2217 mole
2712 2179 2820 2217 sua
2875 2160 3240 2217 immobilem
3294 2176 3660 2233 permanere,
3714 2162 3876 2233 quod

2224 2250 2496 2323 aequabili
2528 2255 2689 2306 motu
2722 2249 2833 2322 (26)
2865 2250 3206 2322 hincatque
3234 2249 3369 2305 inde
3390 2248 3763 2322 propendeat.
3788 2250 3874 2306 De

2224 2357 2338 2412 quo
2370 2339 2513 2396 satis
2545 2344 2821 2413 putamus
2853 2339 3075 2395 dictum
3106 2356 3141 2395 a
3170 2339 3414 2395 Domino
3457 2340 3529 2395 ad
3581 2339 3688 2396 Job
3744 2355 3871 2395 ser-

2222 2446 2361 2484 vum
2392 2446 2588 2495 suum,
2622 2428 2856 2500 quando
2886 2426 3120 2485 locutus
3160 2445 3264 2500 per
3323 2429 3539 2484 nubem
3597 2428 3704 2483 ait:
3770 2429 3877 2485 Ubi

2222 2535 2344 2574 cras
2373 2536 2496 2573 cum
2524 2518 2817 2589 [unctorem
2845 2520 3092 2573 terram?
3140 2516 3325 2573 indica
3381 2519 3541 2583 mihi,
3599 2520 3650 2572 si
3705 2517 3875 2573 habes

2221 2609 2529 2663 scientiam.
2566 2607 2695 2674 Quis
2715 2608 2901 2677 posuit
2930 2622 3212 2663 mensuras
3238 2608 3377 2678 ejus,
3420 2609 3473 2661 si
3525 2604 3706 2663 nosti?
3759 2606 3877 2663 Aut

2224 2699 2345 2767 quis
2403 2705 2479 2752 est
2536 2698 2634 2766 qui
2690 2695 3080 2767 superinduxit
3136 2712 3454 2752 mensuram
3503 2711 3665 2767 super
3720 2711 3877 2764 eam,

2222 2789 2322 2839 aut
2404 2800 2568 2855 super
2650 2784 2782 2856 quid
2865 2785 3063 2839 circuli
3130 2785 3248 2856 ejus
3321 2784 3524 2854 conﬁxi
3575 2791 3704 2840 sunt
3754 2783 3877 2856 (Job

2223 2891 2455 2940 nxvm,
2492 2874 2654 2944 4-6)?
2700 2873 2766 2928 Et
2824 2872 3005 2929 infra:
3070 2873 3322 2929 Conclusi
3375 2890 3528 2929 mare
3572 2873 3766 2946 portis,
3820 2881 3879 2929 et

2222 2963 2380 3017 dixi:
2418 2964 2591 3033 Usque
2621 2962 2724 3018 huc
2753 2964 2956 3030 venies,
2986 2965 3036 3018 et
3065 2978 3176 3017 non
3230 2964 3514 3032 transibis,
3563 2962 3655 3019 sed
3704 2963 3765 3019 in
3819 2966 3875 3019 te

2222 3052 2667 3106 comminuentur
2693 3052 2892 3121 ﬂuctus
2920 3054 3002 3107 tui
3032 3052 3188 3123 (Ibid.
3222 3053 3310 3120 40,
3342 3053 3453 3124 41).
3495 3052 3695 3108 Nonne
3749 3050 3872 3106 evi-

2223 3140 2428 3195 denter
2478 3140 2734 3195 ostendit
2758 3139 2912 3196 Deus
2943 3140 3142 3196 omnia
3172 3141 3482 3211 majestate
3513 3157 3621 3196 sua
3674 3137 3869 3195 consi-

468 3231 672 3283 rantur
703 3228 900 3283 omnia
927 3229 1041 3284 ista
1063 3246 1190 3300 quae
1223 3229 1428 3283 mundi
1459 3234 1615 3284 sunt.
1650 3230 1950 3286 Elementa
2005 3248 2106 3286 au-
2138 3219 2180 3286 C
2220 3234 2372 3285 stere
2402 3245 2461 3284 1n
2490 3245 2755 3296 numero,
2790 3229 3045 3301 pondere
3074 3235 3247 3302 atque
3279 3247 3560 3286 mensura
3586 3229 3613 3283 ?
3667 3228 3870 3299 Neque

466 3320 585 3371 tem
617 3320 888 3387 quatuor,
925 3335 1043 3385 aer,
1084 3316 1263 3390 ignis,
1296 3335 1469 3389 aqua,
1524 3322 1579 3372 et
1632 3322 1806 3387 terra,
1867 3335 1994 3390 quae
2051 3320 2111 3374 in

466 3406 743 3462 omnibus
774 3407 886 3462 sibi
938 3407 1116 3462 mista
1172 3411 1329 3461 sunt.
1380 3406 1679 3478 Siquidem
1738 3411 1795 3461 et
1848 3406 1908 3462 in
1956 3412 2112 3464 terra

466 3493 668 3567 ignem
699 3495 972 3567 reperies,
1006 3495 1104 3567 qui
1139 3512 1206 3550 ex
1236 3494 1532 3567 lapidibus
1564 3499 1621 3551 et
1650 3496 1801 3551 ferro
1839 3496 2107 3568 frequen-

456 3587 548 3637 ter
624 3584 949 3653 excutitur;
1010 3588 1067 3639 et
1122 3584 1181 3638 in
1240 3584 1403 3651 coelo,
1460 3601 1594 3639 cum
1642 3583 1720 3640 sit
1788 3584 2008 3657 ignitus
2053 3590 2108 3642 et

457 3671 682 3728 micans
713 3671 1074 3745 fulgentibus
1106 3672 1290 3727 stellis
1318 3671 1507 3744 polus,
1551 3690 1705 3745 aqua
1734 3690 1863 3729 esse
1920 3675 2108 3748 possit

452 3759 727 3833 intelligi,
762 3778 889 3834 quae
919 3761 1006 3817 vel
1039 3778 1217 3833 supra
1246 3762 1456 3816 oculum
1488 3766 1594 3830 est,
1618 3762 1707 3817 vel
1732 3763 1800 3817 de
1818 3762 1917 3817 illo
1939 3780 2107 3835 supe-

453 3848 604 3904 riore
636 3848 761 3906 loco
794 3851 853 3905 in
887 3855 1101 3906 terram
1132 3850 1294 3922 largo
1327 3851 1658 3922 frequenter
1682 3851 1867 3906 imbre
1897 3853 2105 3908 demit-

450 3937 612 3993 titur.
646 3938 779 4003 Quas
813 3938 1083 4011 pluribus
1116 3939 1387 4011 colligere
1420 3956 1749 4011 possemus,
1783 3939 1832 3994 si
1865 3940 2003 4012 quid
2027 3942 2099 3997 ad

444 4027 896 4085 aediﬁcationem
931 4027 1196 4083 Ecclesiae
1256 4028 1369 4083 ista
1416 4027 1694 4099 proficere
1744 4027 2095 4086 videremus.

442 4115 551 4171 Sed
585 4117 725 4188 quia
753 4117 846 4173 his
878 4117 1152 4188 occupari
1186 4116 1619 4171 infructuosum
1654 4118 1953 4188 negotium
1984 4123 2093 4186 est,

444 4204 514 4258 ad
546 4204 647 4259 illa
678 4205 870 4276 magis
904 4204 1280 4260 intendamus
1306 4203 1570 4259 animum
1604 4205 1662 4260 in
1695 4205 1910 4277 quibus
1965 4207 2093 4263 vitae

443 4291 520 4345 sit
546 4294 842 4363 profectus
873 4295 1121 4346 internae.

2222 3318 2379 3374 enim
2409 3323 2677 3373 creatura
2704 3317 2893 3391 legem
2922 3318 3148 3387 tribuit,
3182 3319 3283 3374 sed
3317 3319 3560 3392 accepit,
3591 3322 3648 3374 et
3675 3320 3870 3374 servat

2220 3412 2540 3479 acceptam.
2574 3407 2699 3463 Non
2721 3423 2857 3479 ergo
2889 3408 3043 3479 quod
3073 3407 3133 3462 in
3164 3407 3356 3464 medio
3387 3407 3464 3464 sit
3488 3413 3660 3473 terra,
3692 3404 3867 3478 quasi

2218 3513 2385 3569 aequa
2413 3495 2578 3552 lance
2609 3496 3027 3568 suspenditur:
3076 3497 3178 3552 sed
3237 3496 3377 3568 quia
3425 3498 3702 3568 maiestas
3763 3499 3865 3557 Dei

2214 3584 2533 3641 voluntatis
2566 3602 2684 3641 suae
2711 3602 2839 3641 eam
2871 3584 2996 3658 lege
3028 3586 3415 3659 constringit;
3449 3592 3513 3643 ut
3541 3605 3719 3661 supra
3769 3589 3862 3645 iu-

2214 3674 2423 3731 stabile
2504 3679 2679 3746 atque
2732 3675 2906 3730 inane
2963 3673 3192 3731 stabilis
3259 3680 3605 3747 perseveret,
3702 3678 3864 3734 sicut

2213 3764 2389 3819 David
2424 3762 2940 3836 quoqueprOpbeta
2988 3766 3237 3819 testatur
3291 3764 3528 3821 dicens:
3590 3768 3863 3827 Fundavit

2211 3862 2419 3908 terram
2446 3869 2609 3924 super
2641 3854 3053 3923 ﬁrmamentum
3076 3854 3189 3925 (27)
3210 3854 3347 3925 ejus,
3366 3870 3478 3911 non
3496 3856 3864 3921 inclinabitur

2208 3944 2268 3997 in
2286 3944 2552 4000 saeculum
2575 3943 2770 3999 saeculi
2796 3942 2965 4014 (Psal.
3009 3960 3127 4011 cm,
3176 3943 3251 4015 5).
3311 3943 3437 3999 Non
3497 3945 3701 4017 utique
3757 3947 3859 4004 hic

2208 4031 2375 4103 quasi
2407 4031 2814 4087 tantummodo
2846 4031 3053 4087 artifex
3073 4031 3261 4101 Deus;
3295 4033 3396 4088 sed
3444 4034 3614 4106 quasi
3665 4037 3858 4093 omni-

2203 4127 2411 4192 potens
2434 4121 2803 4193 praadicatur,
2836 4119 2936 4192 qui
2964 4137 3078 4177 non
3112 4126 3307 4177 centro
3331 4124 3588 4194 quodam
3609 4127 3853 4195 terram,

2202 4211 2304 4265 sed
2339 4209 2608 4282 praecepti
2640 4209 2733 4266 sui
2763 4210 3135 4281 suspenderit
3159 4211 3548 4281 ﬁrmamento,
3581 4229 3689 4269 nec
3715 4230 3852 4271 eam

2200 4298 2467 4355 inclinari
2501 4299 2776 4370 patiatur.
2810 4300 2936 4355 Non
2969 4316 3104 4373 ergo
3138 4302 3477 4357 mensuram
3507 4302 3712 4372 centri,
3740 4304 3847 4360 sed

510 4381 709 4436 21.De
740 4380 1020 4453 qualitate
1049 4381 1230 4454 igitur
1271 4386 1328 4437 et
1383 4382 1708 4438 substantia
1763 4384 1887 4439 coeli
1946 4386 2089 4443 satis
2190 4388 2401 4459 judicii
2426 4387 2603 4444 divini
2636 4388 2896 4460 accipere
2954 4389 3269 4458 debemus;
3334 4390 3474 4462 quia
3531 4407 3646 4447 non
3698 4391 3848 4449 artis

437 4471 526 4522 est
555 4483 623 4523 ea
651 4485 919 4539 promere
950 4486 1077 4541 quas
1120 4470 1179 4525 in
1231 4471 1393 4527 Isaiae
1437 4471 1674 4543 scriptis
1736 4473 2084 4545 reperimus,

2197 4494 2476 4534 mensura
2525 4482 2634 4547 est,
2685 4478 2787 4534 sed
2847 4478 3196 4549 potestatis;
3249 4495 3528 4536 mensura
3570 4480 3846 4553 justitiaa,

435 4556 535 4628 qui
569 4557 963 4613 mediocribus
997 4565 1051 4614 et
1085 4560 1318 4616 usitatis
1342 4561 1714 4616 sermonibus
1742 4562 2084 4633 qualitatem
2116 4590 2161 4656 D
2194 4583 2473 4623 mensura
2502 4566 2891 4639 cognitionis;
2933 4567 3072 4639 quia
3130 4566 3329 4624 omnia
3382 4584 3500 4624 non
3555 4574 3844 4640 tanquam

434 4648 652 4701 natura:
684 4646 934 4702 coelestis
965 4648 1271 4720 expressit,
1299 4649 1498 4705 dicens
1549 4652 1703 4721 quod
1764 4649 2082 4708 ﬁrmaverit

428 4733 639 4791 caelum
674 4735 827 4791 sicut
850 4736 1080 4793 fumum
1104 4740 1211 4809 (Isa
1239 4756 1311 4805 LI,
1346 4740 1423 4807 6),
1461 4738 1737 4795 subtilem
1793 4742 1919 4811 ejus
1977 4760 2080 4798 na-

424 4828 617 4879 turam
654 4841 758 4881 nec
789 4824 1039 4882 solidam
1070 4826 1312 4899 cupiens
1334 4826 1646 4883 declarare.
1684 4829 1772 4883 Ad
1824 4830 2076 4901 speciem

424 4928 655 4985 quoque
687 4915 815 4985 ejus
848 4915 1127 4982 abundat,
1151 4916 1305 4988 quod
1330 4915 1455 4988 ipse
1474 4916 1543 4970 de
1561 4916 1683 4971 coeli
1707 4917 2074 4976 firmamento

419 5001 651 5058 locutus
682 5008 789 5070 est,
825 5004 962 5076 quia
995 5005 1295 5060 fecitDcus
1325 5004 1537 5059 cmlum
1560 5006 1710 5059 sicut
1732 5024 2023 5063 cameram
2055 5028 2068 5077 ;

419 5091 573 5160 quod
607 5092 760 5147 intra
785 5092 911 5147 coeli
945 5093 1234 5147 ambitum
1270 5092 1540 5148 universa
1562 5093 1912 5149 claudantur
1937 5097 2066 5167 (Isa.

416 5195 504 5244 XL,
537 5179 651 5250 22),
684 5197 814 5251 quae
842 5181 932 5237 vel
964 5182 1024 5237 in
1058 5182 1203 5238 mari
1236 5185 1522 5254 geruntur
1552 5182 1639 5237 vel
1678 5185 1868 5240 terris.
1902 5187 2064 5251 Quod

413 5321 581 5395 lita;
616 5321 809 5377 Graece
840 5330 903 5388 εἰς
931 5330 1097 5382 αὐτόν.
1130 5324 1358 5395 Reliqui
1410 5341 1555 5379 mss.
1618 5341 1684 5379 ac
1742 5327 1880 5381 edit.
1927 5328 2059 5384 Gill.

412 5399 467 5446 et
494 5392 666 5466 Rom.
702 5395 761 5447 in
792 5394 928 5466 ipso.
972 5396 1113 5462 Quid
1141 5399 1217 5450 est
1252 5392 1312 5450 in
1341 5397 1501 5466 ipso?

482 5464 596 5533 (23)
630 5464 716 5517 lta
745 5480 858 5518 ms.
892 5465 1059 5520 Corb.
1095 5471 1149 5521 et
1196 5464 1512 5523 Thua'neus
1559 5467 1736 5531 edit.;
1797 5468 1950 5524 Cost.
2005 5475 2061 5525 et

410 5533 1009 5614 quaedam‘Ijarisinos,
1043 5537 1127 5593 sic
1158 5539 1334 5593 etiam
1366 5538 1541 5611 paulo
1574 5544 1724 5611 post.
1758 5543 1834 5596 At
1874 5540 2055 5614 aliqui

410 5603 535 5679 ms;
554 5603 807 5679 _e_t_edit.,
842 5609 901 5661 in
929 5610 1063 5679 ipso.

475 5674 598 5819 (2ξέ
624 5675 761 5733 Tres
791 5674 1261 5750 mssfprorogata
1288 5683 1659 5763 generationis
1685 5698 1872 5740 causa.

506 5748 577 5803 2o
629 5747 795 5807 Corb.
853 5755 1020 5809 vetus
1076 5757 1134 5810 et
1164 5751 1579 5819 Benignianus,
1608 5753 1679 5816 ad
1698 5756 1872 5819 tabm

2168 5560 2322 5614 aqua

2191 4655 2482 4711 immensa
2502 4658 2848 4728 praetereant
2879 4655 3007 4726 ejus
3027 4655 3353 4725 scientiam,
3388 4658 3489 4713 sed
3521 4656 3844 4730 cognitioni

2189 4745 2318 4814 ejus
2348 4750 2631 4817 tanquam
2688 4744 2958 4798 dimensa
3002 4744 3366 4814 subjaceant.
3424 4747 3622 4818 Neque
3679 4745 3842 4803 enim

2187 4850 2321 4889 cum
2353 4833 2633 4906 legimus:
2656 4834 2767 4901 Ego
2797 4833 3118 4901 conﬁrmavi
3145 4835 3431 4891 columnas
3486 4838 3603 4908 ejus
3657 4835 3838 4907 (Psat.

2185 4939 2373 4986 LXXIV,
2408 4922 2485 4992 4),
2527 4937 2661 4976 vere
2719 4919 3012 4976 columnis
3072 4937 3199 4977 eam
3260 4924 3572 4980 subnixam
3622 4938 3838 4996 possu-

2186 5028 2316 5064 mus
2403 5011 2713 5078 aestimare,

2182 5099 2577 5154 substantiam
2608 5102 2774 5154 terrae
2807 5102 2981 5170 atque
3004 5100 3320 5158 sustineat.
3365 5102 3627 5174 Denique
3674 5102 3837 5173 quod

2176 5188 2236 5242 in
2270 5191 2559 5261 potestate
2589 5187 2688 5243 Dei
2724 5189 2803 5244 sit
2830 5193 3000 5246 terrae
3031 5189 3397 5259 constitutio,
3459 5191 3634 5246 etiam
3693 5189 3839 5246 hinc

2801 5010 2901 5064 sed
2969 5026 3038 5065 ea
3091 5010 3302 5068 virtute
3361 5030 3487 5085 quae
3536 5011 3840 5069 suffulciat

2172 5330 2545 5403 habitationis.
2580 5331 2742 5387 Gem.
2773 5333 3032 5389 secunda
3080 5351 3279 5400 manu,
3341 5338 3407 5389 ut
3452 5333 3590 5388 edit.
3646 5332 3831 5403 Cost.,

2169 5402 2240 5456 ad
2253 5473 2257 5477 _
2272 5402 2634 5477 tabernacula
2659 5405 3013 5477 protectionis
3043 5406 3525 5477 habitationisque,
3541 5412 3654 5477 etc.

2243 5472 2371 5598 (262‘
2389 5473 2529 5530 Mss.
2565 5476 2620 5539 2,
2652 5472 2792 5547 quod
2818 5477 3022 5548 aquati
3048 5478 3179 5532 situ.
3234 5472 3428 5533 Romf
3461 5476 3626 5542 edit.,
3686 5474 3833 5546 quod

2243 5562 2322 5598 'ua
2351 5550 2673 5598 zmomento.

2351 5550 2371 5599 i
2380 5550 2673 5602 momento.

2239 5616 2351 5690 (27)
2381 5616 2467 5673 Ita
2499 5634 2600 5674 sex
2620 5634 2766 5675 mss.
2794 5618 3019 5690 etedit.
3057 5624 3209 5688 Am.,
3230 5617 3520 5690 Pet.,Era.
3541 5617 3828 5690 Sicetiam

2164 5685 2340 5757 paulo
2373 5692 2519 5762 post.
2570 5692 2642 5749 At
2690 5688 2880 5751 caeteri
2920 5705 3063 5749 mss.
3108 5695 3163 5751 et
3192 5685 3331 5746 edit.
3362 5685 3584 5759 'Rom.,
3643 5689 3826 5763 ﬁrmi-

506 5746 598 5819 25)
629 5747 795 5807 Corb.
853 5746 1020 5809 vetus
1076 5746 1579 5829 et'Benignianus,
1608 5753 2053 5823 adlabernacula
2164 5746 2350 5822 latam.
