4172 6182
300 340 422 403 145

1616 339 2171 406 ΗΕΧΑΕΜΕΗῦΝ
2216 344 2366 408 LIB.
2411 346 2459 409 Ι.

3647 361 3762 425 Ηϐ

293 479 538 553 collige,
567 476 711 552 quia
740 476 1215 571 scriptumiest:
1268 479 1374 549 Qui
1418 481 1621 571 aspicit
1659 486 1893 551 terram,
1927 489 1982 537 et
2010 478 2369 551 Avolvitur,
2434 486 2492 540 et
2548 484 2857 561 superiora
2905 485 3306 563 inferioribus,
3357 493 3761 571 superioribus

291 575 442 649 facit
462 588 589 630 eam
617 578 856 628 tremere
902 570 1085 644 (Psal.
1123 587 1243 637 CIII,
1300 571 1409 640 32).
1456 572 1526 627 Et
1575 570 1754 628 alibi:
1789 573 1984 630 Adhuc

292 682 399 736 ego
433 663 607 721 semel
658 662 914 719 concutio
967 667 1176 718 terram
1223 662 1375 735 (Agg.
1427 679 1489 730 II,
1538 664 1613 733 8).
1660 663 1786 720 Non
1838 680 1979 735 ergo

292 753 677 812 libramentis
709 752 835 809 suis
882 752 1213 809 immobilis
1262 757 1493 809 manet:
1540 753 1638 809 sed
1696 753 1978 825 frequen-

288 850 387 902 ter
415 843 521 901 Dei
552 848 703 898 nutu
735 847 794 899 et
818 842 1064 898 arbitrio
1117 847 1533 910 commovetur,
1586 843 1738 899 sicut
1776 848 1833 898 et
1861 842 1976 898 Job

289 935 482 991 dicit:
519 936 663 1003 Quia
689 934 961 989 Dominus
990 941 1286 988 commovet
1336 950 1458 988 eam
1488 951 1522 987 a
1548 933 1933 1004 fundamentis
1956 952 1974 987 :

289 1026 574 1081 columna?
628 1026 818 1078 autem
874 1025 996 1095 ejus
1055 1024 1410 1093 exagitantur
1467 1024 1581 1093 (Job
1638 1040 1713 1079 Ix.
1768 1025 1846 1093 6).
1901 1023 1973 1077 Et

293 1113 474 1170 alibi:
530 1113 688 1169 Nuda
744 1114 973 1182 inferna
1018 1113 1081 1165 in
1126 1119 1405 1184 conspectu
1455 1114 1592 1183 ejus,
1642 1120 1694 1167 et
1752 1129 1861 1167 non
1892 1114 1973 1166 est

287 1206 470 1260 morti
520 1204 894 1269 involucrum,
943 1200 1243 1256 extendens
1320 1203 1549 1256 Boream
1604 1217 1707 1273 pro
1764 1202 1966 1265 nihilo,

284 1293 634 1368 suspendens
678 1299 886 1348 terram
923 1293 984 1345 in
1038 1292 1302 1359 nihilum,
1362 1293 1598 1361 alligans
1653 1308 1854 1363 aquam
1908 1293 1969 1346 in

283 1385 539 1441 nubibus
569 1384 752 1438 suis...
791 1381 1082 1437 Columnae
1128 1379 1263 1436 cwli
1300 1382 1672 1451 evolaverunt,
1711 1389 1764 1436 et
1790 1398 1968 1453 expa-

285 1481 493 1532 verunt
522 1473 593 1528 ab
623 1472 1007 1542 increpatione
1035 1471 1188 1538 eius:
1216 1471 1423 1525 virtute
1468 1471 1744 1538 mitigavit
1788 1488 1961 1537 mare,

283 1564 594 1635 disciplina
630 1562 835 1616 stravit
877 1563 1098 1615 cetum:
1158 1560 1397 1615 claustra
1459 1568 1644 1615 autem
1691 1561 1792 1616 I2
1839 1563 1966 1616 ca’li

285 1656 488 1711 timent
517 1668 645 1707 eum
667 1650 787 1722 (Job
817 1666 975 1716 xxvr,
1023 1649 1228 1720 6-13):
1271 1648 1585 1704 Voluntate
1632 1649 1813 1720 igitur
1860 1651 1962 1705 Dei

282 1740 621 1800 immobilis
652 1744 856 1796 manet
884 1743 942 1795 et
969 1742 1089 1794 stat
1119 1738 1176 1792 in
1225 1737 1501 1793 szeculum
1551 1742 1725 1804 terra,
1759 1755 1963 1794 secun-

2093 587 2330 646 quoque
2362 573 2639 633 inferiora
2669 582 2997 637 mutantur.
3029 583 3291 648 Quorum
3324 591 3518 645 autem
3549 604 3759 646 secun-

2091 663 2233 720 dum
2272 668 2548 724 naturam
2582 673 2780 725 motus
2811 673 3020 728 mutati
3053 680 3211 745 sunt,
3247 677 3457 735 borum
3489 696 3759 737 necessa-

2089 752 2174 808 rio
2210 755 2410 811 ferunt
2441 759 2658 814 mutari
2690 758 2877 815 solere
2927 762 3240 834 qualitates
3289 770 3757 826 substantiarum

2087 858 2361 899 suarum.
2396 847 2544 910 Quid
2577 847 2761 920 igitur
2791 849 3160 911 defendimus
3192 856 3504 914 aathercum
3546 876 3758 932 corpus

2083 947 2236 1000 esse,
2305 950 2379 988 ne
2436 935 2707 992 videatur
2764 942 3122 1013 corruptioni
3172 946 3537 1003 obnoxium?
3589 952 3751 1015 Quod

2083 1021 2245 1077 enim
2308 1027 2704 1097 compositum
2772 1043 2840 1082 ex
2915 1034 3390 1104 corruptibilibus
3448 1037 3751 1095 elementis

2081 1125 2337 1166 necesse
2367 1118 2455 1168 est
2486 1114 2977 1173 resolvatur.Nam
3014 1120 3120 1175 hoc
3156 1121 3282 1193 ipso
3324 1126 3477 1195 quod
3510 1126 3749 1183 diversa:

2080 1199 2298 1255 eadem
2333 1202 2451 1257 sint
2480 1203 2771 1259 elementa
2824 1210 3067 1277 natura),
3117 1210 3441 1282 simplicem
3474 1218 3529 1267 et
3560 1214 3745 1271 invio-

2076 1286 2324 1345 labilem
2378 1297 2604 1348 motum
2656 1292 2869 1350 habere
2922 1313 3036 1351 non
3087 1304 3351 1368 possunt,
3393 1284 3624 1358 cumse
3655 1306 3743 1360 di-

2075 1396 2290 1436 versus
2321 1380 2748 1437 elementorum
2781 1389 2975 1440 motus
3021 1385 3339 1459 impugnet.
3396 1391 3555 1445 Unus
3583 1393 3738 1451 enim

2075 1473 2280 1526 motus
2311 1472 2589 1527 omnibus
2622 1476 2794 1543 aptus
2822 1490 2950 1528 esse
2978 1491 3092 1528 non
3128 1479 3400 1546 potest,et
3431 1478 3735 1540 elementis

2074 1558 2438 1615 distantibus
2469 1561 2955 1617 convenire.Nam
2988 1563 3088 1633 qui
3140 1564 3363 1620 levibus
3414 1584 3736 1627 accommo-

2073 1649 2186 1704 dus
2239 1653 2347 1716 est,
2401 1651 2464 1705 fit
2520 1650 2933 1706 incommodus
2982 1653 3347 1723 gravioribus
3406 1655 3729 1717 elementis.

2072 1738 2276 1811 Itaque
2302 1740 2539 1811 quando
2571 1740 2643 1794 ad
2677 1740 2985 1811 superiora
3016 1746 3210 1798 motus
3260 1744 3385 1799 οωΙί
3418 1750 3506 1801 est
3537 1764 3730 1806 neces-

280 1834 433 1889 dum
466 1828 898 1887 Ecclesiasticis
930 1826 1635 1898 sententiam(Eccle.I,li):
1669 1831 1727 1883 et
1754 1828 1958 1884 volun-
1990 1855 2038 1921 B
2070 1828 2284 1894 sarius,
2336 1829 2588 1885 terrenis
2636 1834 2953 1902 gravatur;
3016 1832 3251 1903 quando
3329 1834 3398 1888 ad
3460 1834 3735 1895 inferiora

279 1926 405 1979 tate
436 1920 542 1976 Dei
574 1921 866 1986 movetur,
901 1921 960 1973 et
993 1920 1181 1971 nutat.
1216 1916 1340 1971 Non
1389 1932 1527 1988 ergo
1559 1916 1958 1974 fundamentis

282 2011 416 2069 suis
447 2009 584 2064 nixa
616 2006 915 2073 subsistit,
950 2022 1059 2061 nec
1090 2004 1291 2060 fulcris
1335 2004 1459 2060 suis
1498 2004 1724 2060 stabilis
1754 2022 1956 2077 perse-

279 2105 490 2156 verat:
543 2098 644 2154 sed
694 2095 990 2152 Dominus
1038 2093 1246 2148 statuit
1290 2109 1443 2158 eam,
1487 2096 1545 2148 et
1583 2094 1954 2151 ﬁrmamento

281 2188 612 2245 voluntatis
641 2202 764 2241 suae
796 2184 1099 2249 continet;
1148 2182 1285 2254 quia
1334 2182 1394 2237 in
1445 2199 1622 2237 manu
1654 2184 1782 2254 ejus
1814 2190 1956 2240 sunt

286 2294 499 2335 omnes
528 2277 673 2331 fines
704 2280 897 2330 terrae.
933 2274 1005 2328 Et
1032 2272 1153 2327 haec
1202 2271 1335 2327 fidei
1385 2270 1731 2342 simplicitas
1778 2289 1952 2345 argu-

291 2367 513 2422 mentis
540 2364 815 2421 omuibus
848 2361 1167 2418 antecellit.
1200 2361 1462 2416 Laudent
1490 2360 1588 2415 alii
1636 2362 1789 2433 quod
1822 2362 1952 2419 ideo

290 2471 591 2527 nusquam
616 2454 852 2509 decidat
883 2456 1077 2518 terra;
1133 2451 1273 2522 quia
1318 2450 1644 2505 secundum
1678 2455 1950 2507 naturam

284 2545 353 2600 in
389 2544 580 2599 medio
608 2543 909 2615 regionem
961 2540 1263 2612 possideat
1300 2555 1493 2606 suam,
1543 2556 1609 2594 eo
1659 2540 1813 2610 quod
1845 2557 1950 2596 ne-

281 2650 454 2691 cesse
480 2634 555 2689 sit
583 2650 711 2689 eam
744 2646 988 2687 manere
1016 2629 1075 2684 in
1110 2629 1346 2701 regione
1376 2645 1503 2694 sua,
1554 2645 1659 2684 nec
1708 2629 1766 2683 in
1817 2647 1948 2701 par-

276 2728 404 2778 tem
464 2723 708 2778 alteram
768 2718 1065 2786 inclinari,
1124 2718 1361 2791 quando
1418 2722 1620 2773 contra
1676 2721 1949 2775 naturam

279 2829 402 2868 non
436 2817 724 2878 movetur,
757 2810 859 2866 sed
910 2808 1237 2864 secundum
1287 2810 1580 2862 naturam.
1635 2806 1951 2863 Praedicent

279 2901 528 2958 artiﬁcis
558 2899 741 2955 divini
793 2902 851 2954 et
893 2897 1218 2970 operatoris
1262 2896 1457 2951 aeterni
1506 2896 1945 2952 excellentiam:

279 2989 418 3062 quis
451 2990 608 3046 enim
642 2989 942 3045 artificum
973 3004 1090 3042 non
1123 2986 1195 3041 ab
1230 2984 1330 3041 illo
1360 2984 1623 3057 accepit?
1666 2990 1767 3041 aut
1813 2987 1946 3058 quis

278 3078 450 3134 dedit
478 3077 830 3134 mulieribus
854 3080 1099 3132 texturas
1122 3075 1496 3147 sapientiam,
1519 3078 1619 3129 aut
1646 3076 1946 3132 varietatis

278 3167 664 3241 disciplinam
684 3168 714 3221 ?
742 3168 862 3237 Ego
893 3170 1114 3235 tamen,
1149 3164 1250 3236 qui
1281 3164 1636 3235 profundum
1668 3167 1943 3236 majesta-

2068 1920 2354 1975 decursus
2387 1919 2487 1974 13
2520 1919 2833 1991 expetitur,
2880 1919 3090 1992 igneus
3120 1921 3284 1992 vigor
3326 1921 3424 1978 ille
3454 1923 3733 1983 violenter

2067 2008 2405 2064 attrahitur.
2438 2008 2661 2063 Etenim
2694 2013 2900 2064 contra
2931 2014 3149 2063 natura)
3183 2027 3300 2065 sua:
3346 2029 3521 2067 usum
3556 2015 3727 2070 deor-

2065 2114 2199 2152 sum
2247 2097 2490 2168 cogitur.
2545 2098 2730 2153 Omne
2799 2103 2997 2153 autem
3047 2100 3203 2169 quod
3257 2100 3314 2154 in
3366 2104 3727 2161 contrarium

2064 2186 2315 2257 cogitur,
2341 2203 2455 2241 non
2487 2190 2708 2241 natura:
2740 2186 3023 2254 serviens,
3076 2189 3175 2243 sed
3224 2191 3577 2257 necessitati,
3612 2194 3725 2250 cito

2064 2276 2334 2339 solvitur,
2362 2279 2417 2331 et
2446 2275 2504 2331 in
2529 2293 2596 2331 ea
2627 2276 2924 2331 scinditur
2967 2294 3034 2332 ex
3066 2278 3284 2350 quibus
3311 2279 3541 2336 videtur
3595 2300 3724 2340 esse

2062 2365 2478 2436 compositum,
2511 2366 2569 2421 in
2602 2382 2774 2420 suam
2809 2382 3105 2438 quamque
3146 2369 3440 2441 regionem
3474 2370 3724 2445 singulis

2061 2456 2518 2509 recurrentibus.
2570 2454 2701 2508 Haec
2748 2453 2938 2527 igitur
2981 2455 3077 2510 alii
3130 2457 3565 2516 considerantes
3605 2465 3722 2516 sta-

2061 2542 2202 2598 bilia
2232 2559 2363 2597 sese
2390 2559 2503 2597 non
2539 2558 2729 2613 posse,
2766 2542 3088 2599 zethereum
3121 2562 3332 2618 corpus
3364 2548 3492 2603 coeli
3526 2549 3720 2605 stella-

2060 2648 2312 2704 rumque
2342 2649 2469 2687 esse
2500 2630 2764 2685 arbitrati
2793 2637 2954 2699 sunt,
2979 2634 3246 2705 quintam
3277 2638 3595 2707 quamdam
3622 2657 3721 2694 na-

2061 2725 2253 2777 turam
2287 2722 2544 2793 corporis
2576 2721 3039 2786 introducentes,
3073 2740 3188 2795 quo
3219 2724 3554 2783 diuturnam
3591 2728 3718 2783 coeli

2058 2814 2333 2882 putarent
2363 2825 2706 2865 mansuram
2738 2825 2871 2866 esse
2904 2812 3319 2869 substantiam.

2126 2902 2214 2954 24.
2248 2899 2359 2955 Sed
2395 2916 2510 2954 non
2542 2899 2656 2953 ista
2687 2899 2884 2968 opinio
2916 2901 3268 2972 prophetica:
3286 2904 3718 2975 potuitobviare

2056 2988 2377 3056 sententiae,
2410 3004 2587 3060 quam
2619 2986 2817 3043 divina
2849 3006 3081 3061 quoque
3119 2994 3344 3048 Domini
3374 2992 3514 3050 Jesu
3545 2995 3715 3051 Chri-

2055 3078 2129 3132 sti
2160 3078 2438 3147 majestas
2473 3076 2529 3130 in
2556 3076 2867 3147 Evangelio
2919 3082 3338 3151 comprobavit.
3374 3083 3529 3139 Dixit
3558 3084 3713 3141 enim

2054 3166 2273 3222 David:
2331 3166 2617 3236 Principio
2668 3168 2874 3221 terram
2933 3176 2992 3223 tu
3045 3170 3316 3239 fundasti,
3368 3174 3614 3242 Domine,
3662 3180 3713 3230 et

286 3258 365 3312 tis
394 3258 547 3328 ejus,
597 3261 656 3312 et
703 3256 849 3310 artis
880 3253 1293 3309 excellentiam
1343 3269 1459 3307 non
1492 3269 1637 3323 queo
1680 3270 1941 3325 compre-
1973 3231 2015 3298 (1
2054 3270 2217 3326 opera
2264 3270 2534 3308 manuum
2582 3254 2810 3308 tuarum
2857 3260 2988 3311 sunt
3033 3260 3290 3331 ctelinsi
3333 3231 3612 3331 peribunt;
3651 3267 3708 3317 tu

283 3346 569 3411 hendere,
600 3362 716 3400 non
749 3342 1171 3416 disputationis
1220 3358 1314 3397 me
1354 3340 1756 3398 liberamentis
1786 3359 1942 3398 com-

284 3436 460 3491 mitto
490 3438 666 3507 atque
698 3431 1034 3489 mensuris:
1079 3431 1179 3486 sed
1217 3430 1414 3485 omnia
1442 3431 1696 3502 reposita
1724 3432 1783 3486 in
1816 3432 1944 3502 ejus

283 3524 565 3580 existimo
584 3522 881 3579 voluntate
912 3522 1048 3593 (9.8),
1082 3519 1237 3592 quod
1263 3517 1532 3574 voluntas
1564 3519 1691 3590 ejus
1741 3519 1947 3574 funda-

283 3617 560 3669 mentum
589 3612 667 3667 sit
696 3612 1133 3676 universorum,
1187 3611 1245 3663 et
1292 3612 1527 3681 propter
1579 3624 1714 3663 eum
1754 3608 1945 3665 adhuc

284 3703 555 3759 mundus
587 3701 681 3757 hic
711 3698 1139 3763 maneat.Quod
1175 3695 1501 3768 apostolica:
1550 3712 1782 3769 quoque
1812 3696 1948 3753 licet

283 3796 554 3848 astruere
583 3788 946 3845 auctoritatis
972 3783 1259 3858 exemplo.
1293 3783 1588 3855 Scriptum
1618 3789 1707 3840 est
1736 3786 1891 3842 enim
1930 3803 1942 3841 :

286 3883 435 3950 Quia
474 3880 709 3935 vanitati
752 3886 1007 3933 creatura
1053 3875 1293 3945 subjecta
1340 3882 1416 3929 est
1454 3891 1566 3929 non
1609 3879 1814 3945 sponte,
1856 3875 1947 3930 sed

279 3972 515 4043 propter
529 3984 653 4024 eum
668 3969 763 4038 qui
775 3965 1014 4038 subjecit
1035 3980 1159 4019 eam
1174 3964 1234 4016 in
1258 3963 1947 4034 spe(Rom.vm,20).Libe-

288 4058 525 4114 rabitur
546 4060 739 4111 autem
763 4060 819 4110 et
838 4055 970 4127 ipsa
988 4055 1260 4107 creatura
1281 4067 1313 4105 a
1334 4051 1607 4107 servitute
1628 4053 1948 4124 corruptio-

290 4148 554 4215 nis,cum
576 4143 783 4199 divinas
800 4138 1294 4199 renumerationis
1306 4140 1492 4210 gratia
1507 4141 1618 4211 (29)
1645 4140 1947 4196 affulserit.

361 4236 460 4290 23.
493 4234 574 4290 De
604 4238 815 4288 natura
840 4236 1041 4288 autem
1063 4233 1121 4286 et
1151 4227 1429 4300 qualitate
1450 4230 1790 4285 substantiae
1823 4229 1949 4286 coeli

295 4325 444 4399 quid
474 4339 810 4380 enumerem
842 4338 909 4377 ea
945 4337 1075 4392 quae
1105 4318 1604 4390 disputationibus
1629 4318 1751 4374 suis
1769 4319 1952 4391 philo-

294 4412 473 4486 sophi
498 4410 857 4467 texuerunt?
890 4426 1025 4465 cum
1082 4407 1181 4464 alii
1230 4408 1619 4479 compositum
1640 4407 1851 4463 caelum
1883 4425 1950 4464 ex

295 4507 556 4576 quatuor
592 4498 897 4556 elementis
946 4499 1249 4554 asserunt:
1297 4495 1395 4551 alii
1444 4497 1708 4569 quintam
1743 4514 1949 4568 quam-

2051 3349 2233 3399 autem
2260 3359 2565 3414 permancs,
2614 3346 2666 3397 et
2711 3347 2897 3400 omnia
2945 3347 3089 3400 sicut
3134 3350 3513 3405 vestimentum
3560 3355 3706 3407 vete-

2052 3439 2285 3498 rascent,
2314 3439 2363 3486 et
2394 3439 2654 3502 tanquam
2684 3434 2947 3488 amictum
2978 3437 3216 3492 mutabis
3243 3447 3383 3505 ea,et
3404 3443 3705 3496 mutabun—

2054 3525 2181 3588 tur;
2212 3524 2272 3575 tu
2294 3536 2416 3575 vero
2448 3521 2561 3591 ipse
2589 3536 2662 3589 es,
2694 3527 2745 3574 et
2779 3524 2920 3577 anui
2964 3524 3047 3577 tui
3093 3541 3204 3580 non
3251 3527 3501 3599 deﬁcient
3530 3530 3699 3601 (Psal.

2054 3626 2125 3675 Cl,
2158 3609 2369 3678 26-28).
2406 3609 2568 3673 Quod
2600 3608 2744 3663 adeo
2776 3611 3040 3681 probavit
3067 3611 3126 3667 in
3160 3616 3469 3688 Evangelio
3509 3618 3702 3674 Domi-

2057 3716 2189 3767 nus,
2224 3703 2288 3753 ut
2317 3697 2533 3753 diceret
2572 3714 2584 3752 :
2633 3697 2837 3751 Caelum
2882 3703 2935 3754 et
2979 3704 3128 3756 terra
3170 3706 3536 3774 praeteribunt
3566 3708 3703 3779 (30),

2053 3805 2179 3844 mea
2229 3795 2406 3842 autem
2476 3786 2639 3841 verba
2694 3802 2803 3840 non
2849 3791 3230 3857 praeteribunt.
3294 3792 3501 3860 (Matth.
3552 3813 3624 3849 xx
3650 3811 3701 3861 v,

2055 3877 2167 3947 35).
2201 3875 2353 3931 Nihil
2380 3875 2557 3947 igitur
2587 3878 2786 3945 agunt,
2843 3875 2945 3946 qui
2997 3882 3234 3948 propter
3282 3880 3407 3933 (εαξιί
3442 3897 3705 3937 asseren-

2057 3967 2193 4021 dam
2226 3964 2693 4037 perpetuitatem,
2728 3962 3000 4034 quintum
3036 3980 3247 4036 corpus
3272 3966 3590 4023 mthereum
3624 3967 3707 4023 in-

2058 4054 2483 4110 troducendum
2518 4056 2828 4125 putarunt;
2864 4069 2995 4107 cum
3039 4070 3200 4125 usque
3245 4052 3481 4110 videant
3528 4056 3708 4111 dissi-

2059 4144 2259 4199 milem
2290 4142 2513 4198 caeteris
2536 4142 2871 4212 adjunctam
2889 4142 3328 4198 membriunius
3354 4145 3706 4216 portionem.

2060 4233 2249 4288 labem
2305 4230 2530 4302 corpori
2580 4230 2769 4303 magis
2827 4231 3030 4286 ail‘erre
3079 4231 3466 4287 consuevisse.
3519 4232 3707 4289 Simul

2059 4321 2203 4376 illud
2247 4321 2497 4386 adverte,
2554 4320 2692 4390 quia
2740 4320 3021 4390 propheta
3074 4321 3255 4375 David
3307 4337 3441 4376 cum
3492 4324 3709 4379 terram

2060 4409 2237 4482 priori
2298 4408 2422 4463 loco
2480 4407 2820 4474 nominavit,
2884 4412 2942 4463 et
3001 4413 3200 4480 postea
3263 4410 3475 4466 cmlum
3535 4413 3709 4479 (Psal.

2060 4515 2133 4566 CI,
2187 4499 2266 4569 6),
2311 4495 2558 4552 credidit
2598 4514 2745 4568 opus
2793 4513 2923 4552 esse
2967 4498 3196 4554 Domini
3246 4497 3708 4573 declarandum;

297 4594 439 4647 dam
488 4593 759 4645 naturam
829 4587 961 4643 novi
1019 4584 1281 4658 corporis
1347 4586 1418 4641 ad
1473 4585 1948 4641 constitutionem
1981 4602 2027 4667 D
2060 4588 2295 4660 quando
2324 4585 2480 4641 enim
2509 4585 2656 4640 dixit
2704 4595 2754 4641 et
2790 4588 2938 4656 facta
2983 4592 3112 4642 sunt
3159 4588 3331 4657 (Psal.
3366 4605 3593 4656 CLXVIII,
3627 4590 3707 4661 5),

294 4682 431 4752 ejus
460 4677 760 4746 inducant,
794 4681 973 4749 atque
1003 4675 1290 4747 afﬁngant
1319 4674 1633 4731 azthereum
1666 4691 1793 4730 esse
1822 4690 1945 4729 cor-

297 4785 436 4842 pus,
470 4766 564 4822 cui
594 4783 780 4837 neque
809 4765 964 4837 ignis
996 4763 1288 4821 admistus
1319 4763 1414 4829 sit,
1466 4778 1654 4836 neque
1701 4780 1818 4829 aer,
1852 4779 1949 4817 ne-

299 4872 419 4928 que
445 4870 618 4924 aqua,
650 4868 836 4925 neque
866 4856 1062 4919 terra;
1098 4851 1254 4924 quod
1303 4849 1644 4923 hujusmodi
1692 4851 1952 4907 elemen-

300 4951 361 5000 ta
410 4958 590 4999 suum
642 4942 956 5013 quemdam
999 4956 1241 4996 cursum
1295 4940 1548 4995 habeant
1577 4944 1751 5011 atque
1782 4957 1952 4995 usum

301 5039 358 5091 et
385 5037 614 5088 motum
668 5035 909 5098 naturae,
962 5034 1027 5085 ut
1078 5030 1341 5103 graviora
1387 5030 1748 5102 demergunt,
1790 5034 1847 5084 et
1894 5030 1953 5085 in

302 5138 560 5196 pronum
594 5121 871 5188 ferantur,
904 5136 1090 5175 vacua
1135 5123 1192 5174 et
1240 5118 1387 5174 levia
1432 5119 1493 5173 in
1541 5118 1842 5190 superiora
1893 5136 1954 5175 se

305 5211 658 5284 subrigant;
707 5213 796 5264 est
832 5208 989 5264 enim
1038 5207 1310 5280 proprius
1362 5207 1573 5278 cuique
1634 5213 1847 5275 motus,
1895 5208 1953 5264 in

303 5301 551 5376 spbazrze
583 5301 780 5354 autem
812 5296 1056 5353 circuitu
1087 5297 1203 5353 ista
1248 5296 1546 5365 confundi,
1598 5300 1655 5351 et
1697 5296 1812 5351 vim
1863 5297 1953 5353 sui

302 5405 520 5447 cursus
550 5387 836 5457 amittere,
870 5385 1145 5458 quoniam
1177 5384 1405 5459 sphaera
1456 5384 1515 5439 in
1549 5384 1747 5440 orbem
1779 5403 1953 5441 suum

374 5515 490 5587 (28)
523 5510 687 5587 Edit.‘
715 5528 779 5587 ac
810 5527 952 5587 mss.
985 5528 1102 5587 non
1132 5510 1301 5587 pauci
1326 5508 1725 5582 potestate.Alii
1758 5513 1953 5565 autem

303 5582 517 5645 novem
551 5582 813 5640 melioris
843 5583 965 5651 aevi,
996 5582 1289 5639 voluntate.

377 5659 495 5729 (29)
528 5655 625 5713 Sic
656 5654 930 5712 undecim
960 5671 1104 5713 mss.
1140 5654 1372 5727 optimae
1402 5654 1550 5708 nota:
1580 5667 1645 5707 ac
1675 5654 1788 5707 vet.
1814 5652 1951 5710 edit.

2057 4675 2206 4732 nihil
2262 4674 2505 4729 interest
2548 4674 2685 4746 quid
2739 4674 2903 4746 prius
2963 4676 3279 4749 exprimas,
3341 4694 3475 4733 cum
3530 4678 3709 4732 simul

2063 4768 2379 4835 utrumque
2410 4763 2485 4817 sit
2510 4762 2727 4818 factum
2757 4780 2768 4829 ;
2804 4762 2983 4820 simul
3016 4783 3085 4821 ne
3116 4765 3235 4822 haec
3267 4765 3473 4821 saltem
3504 4781 3711 4835 praero-

2065 4853 2259 4927 gativa
2289 4851 2428 4907 c0310
2460 4851 2666 4906 divinae
2698 4851 2964 4909 videatur
2988 4854 3319 4925 adiudicata
3345 4851 3708 4920 substantiae,

2063 4946 2130 4997 ut
2160 4941 2557 5014 primogenita:
2589 4944 2865 4996 creaturae
2889 4942 3185 5015 privilegio
3237 4942 3430 5013 potior
3458 4940 3709 4996 aestime-

2062 5035 2177 5086 tur.
2210 5033 2407 5103 Itaque
2437 5029 2566 5085 illos
2598 5030 2720 5085 suis
2771 5030 3174 5103 relinquamus
3213 5028 3706 5099 contentionibus,

2065 5120 2164 5192 qui
2199 5119 2419 5176 mutuis
2444 5119 2947 5191 disputationibus
2980 5136 3041 5175 se
3070 5117 3361 5173 refellunt.
3396 5116 3573 5172 Nobis
3606 5134 3708 5174 au-

2065 5214 2183 5266 tem
2216 5208 2358 5265 satis
2385 5212 2473 5265 est
2506 5209 2577 5264 ad
2610 5207 2880 5276 salutem,
2915 5225 3029 5263 non
3077 5206 3544 5278 disputationum
3571 5224 3709 5262 con-

2064 5298 2368 5369 troversia,
2418 5299 2517 5354 sed
2576 5301 2993 5369 praeceptorum
3064 5295 3315 5364 veritas;
3367 5311 3472 5351 nec
3530 5312 3711 5368 argu-

2066 5387 2439 5443 mentationis
2470 5385 2707 5450 astutia,
2741 5385 2841 5439 sed
2874 5385 3017 5440 fides
3050 5384 3282 5455 mentis,
3308 5384 3710 5443 utserviamus

2066 5513 2232 5569 Rom.
2266 5511 2402 5567 edit.
2437 5514 2491 5581 et
2524 5507 2691 5581 pauci
2718 5524 2865 5581 mss.
2900 5511 3305 5581 cum...gloria,
3338 5515 3445 5568 etc.

2137 5586 2245 5655 (30)
2279 5579 2651 5655 Mss.A_(IOI_b.,
2703 5579 2871 5635 Corb.
2907 5597 3061 5655 unus
3093 5579 3150 5639 et
3178 5582 3325 5641 Vict.
3360 5583 3502 5639 item
3531 5600 3706 5654 unus,

2060 5651 2337 5729 peribunt.
2380 5652 2522 5709 Edit.
2558 5651 2747 5715 Rom.,
2780 5654 3113 5710 transibunt.
