4172 6182
473 313 586 382 147

1935 304 2000 370 S.
2045 303 2420 368 AMBROSII

3759 307 3882 373 H8

463 447 718 512 Creatori
748 446 944 526 potius
973 461 1150 524 quam
1179 452 1474 510 creaturae,
1498 440 1597 518 qui
1625 448 1714 502 est
1743 442 1898 502 Deus
1928 445 2109 501 bene-
2137 435 2197 508 Α
2223 447 2511 506 habemus
2543 445 2824 520 scriptum
2852 465 2865 505 :
2901 446 2975 506 De
3002 444 3100 505 hoc
3141 443 3345 505 mundo
3395 462 3510 504 non
3555 455 3703 515 sunt,
3733 447 3885 504 sicut

460 542 656 600 dictus
675 543 736 599 in
767 543 998 600 saecula.

884 659 1119 717 CAPUT
1157 655 1276 710 νη.
1327 654 1552 726 (Sermo
1584 654 1681 725 ll.)

454 747 774 806 Occurritur
804 752 875 805 iis
906 750 1000 821 qui
1037 747 1278 801 materiae
1319 746 1682 821 :rtg'nilafem
1728 760 1756 798 e
1784 742 2109 821 Scriptura:

520 823 703 878 verbis
748 815 1016 876 conantur
1085 825 1347 871 astruere.
1395 818 1615 870 Terram
1662 831 1722 869 eo
1771 815 2108 869 invisibilem

522 893 654 956 dici,
688 893 827 962 quod
871 892 1028 960 aquis
1075 892 1321 958 cooperta
1350 892 1502 943 esset.
1543 888 1652 942 Cur
1681 903 1742 941 ea
1771 888 1930 957 prius
1957 889 2108 957 facta

519 964 878 1035 signiﬁcetur,
911 977 1075 1032 quam
1097 964 1316 1015 ornata.

523 1081 613 1133 25.
673 1080 832 1132 Terra
888 1081 1073 1131 autem
1128 1083 1247 1131 erat
1306 1077 1605 1131 invisibilis
1652 1080 1704 1130 et
1749 1077 2109 1145 incomposita

456 1167 607 1239 (Gen.
668 1183 707 1228 ι,
763 1165 842 1233 2).
905 1166 1097 1220 Bonus
1145 1165 1351 1220 artifex
1426 1165 1589 1236 prius
1655 1165 2106 1218 fundamentum

456 1254 656 1327 ponit:
711 1259 932 1325 postea,
984 1255 1365 1308 fundamento
1434 1253 1646 1324 posito,
1705 1251 2107 1308 (adiﬁcationis

457 1344 726 1398 membra
779 1343 1112 1413 distinguit,
1162 1347 1219 1398 et
1271 1341 1538 1408 adiungit
1583 1345 1878 1396 ornatum.
1917 1341 2108 1395 Posito

457 1431 639 1504 igitur
673 1432 1050 1486 fundamento
1083 1435 1270 1494 terrae,
1319 1435 1375 1485 et
1427 1430 1772 1485 confirmata
1801 1429 1927 1484 coeli
1969 1431 2109 1484 sub-

459 1519 696 1584 stantia,
730 1521 845 1575 duo
877 1520 1033 1573 enim
1065 1521 1180 1574 ista
1218 1525 1357 1574 sunt
1403 1520 1559 1575 velut
1589 1521 1858 1574 cardines
1889 1535 2108 1582 rerum,

460 1609 790 1665 subtexuit:
825 1610 986 1663 Terra
1035 1618 1220 1664 autem
1264 1614 1382 1664 erat
1413 1609 1711 1663 invisibilis
1743 1616 1793 1663 et
1831 1610 2109 1677 incompo-

456 1700 587 1754 sita.
618 1697 765 1764 Quid
813 1701 919 1763 est,
966 1701 1105 1760 erat,
1157 1698 1272 1752 nisi
1324 1715 1395 1752 ne
1430 1698 1571 1752 forte
1618 1698 1674 1751 in
1721 1697 2018 1752 infinitum
2053 1700 2112 1751 et

2214 544 2269 596 et
2295 556 2389 610 ego
2419 556 2530 596 non
2559 556 2682 595 sum
2709 539 2775 594 de
2801 538 3003 596 mundo
3033 539 3214 611 (Joan.
3249 553 3389 605 xvu,
3416 539 3528 608 14).

2285 634 2376 686 26.
2409 631 2913 694 Quemadmodum
2943 645 3078 700 ergo
3103 627 3425 684 invisibilia
3451 627 3876 695 visibilibus,et

2217 721 2268 775 ei
2301 720 2399 790 qui
2433 721 2699 775 ordinem
2751 737 2817 775 ac
2864 721 3132 774 decorem
3182 719 3420 774 donavit
3449 719 3747 783 omnibus,
3781 718 3874 773 in-

2217 810 2543 880 composita
2595 808 3066 880 copulabantur?
3115 807 3229 862 nisi
3286 809 3433 863 forte
3509 807 3649 877 quia
3709 807 3880 873 dixit,

2219 900 2379 953 Terra
2425 903 2612 953 autem
2670 903 2785 954 erat
2829 899 3148 962 invisibilis,
3221 901 3278 951 et
3333 896 3689 972 invisibilem
3748 913 3882 953 eam

2219 1003 2321 1058 per
2351 987 2742 1042 substantiam
2775 987 3015 1042 credant
3039 1002 3051 1052 ;
3077 990 3134 1040 et
3154 985 3282 1040 ideo
3306 985 3446 1056 quia
3464 986 3636 1056 aquis
3653 991 3880 1056 operta,

2215 1075 2466 1132 visibilis
2499 1075 2793 1146 corporeis
2823 1075 3014 1130 oculis
3063 1091 3194 1130 esse
3244 1091 3358 1129 non
3393 1077 3639 1146 poterat.
3671 1090 3882 1146 quem-

2218 1165 2535 1220 admodum
2588 1163 2867 1236 pleraque
2920 1163 2980 1218 in
3048 1163 3336 1234 profundo
3395 1179 3685 1234 aquarum
3744 1167 3882 1228 sita,

2217 1253 2410 1308 visum
2441 1253 2766 1315 oculorum,
2797 1252 3104 1323 aciemque
3153 1255 3518 1321 praetereant.
3571 1250 3694 1305 Non
3721 1251 3885 1305 enim

2218 1341 2334 1396 Deo
2360 1341 2582 1412 aliquid
2612 1341 3029 1406 invisibiletsed
3081 1345 3348 1396 creatura
3372 1339 3576 1394 mundi
3600 1344 3886 1396 creaturae

2221 1430 2423 1501 utique
2484 1431 2870 1485 aestimatione
2941 1434 3232 1484 censetur.
3317 1427 3639 1484 Invisibilis
3697 1431 3883 1484 etiam

2218 1523 2394 1584 terra,
2427 1519 2567 1590 quia
2596 1520 2856 1574 nondum
2893 1519 2990 1572 lux
3021 1535 3149 1589 quae
3181 1517 3540 1572 illuminaret
3563 1517 3881 1581 mundum,

2220 1609 2480 1662 nondum
2531 1607 2650 1663 sol:
2717 1613 2921 1677 postea
2971 1607 3129 1663 enim
3182 1605 3499 1661 luminaria
3541 1607 3691 1660 facta
3737 1611 3887 1661 sunt

2219 1696 2367 1751 caeli.
2401 1697 2561 1760 Quod
2595 1697 2642 1750 si
2675 1695 2817 1752 solis
2846 1696 3046 1752 radius
3077 1695 3424 1767 plerumque
3477 1696 3656 1750 etiam
3707 1695 3884 1766 aquis

459 1786 586 1842 sine
618 1785 901 1857 principio
957 1786 1270 1842 extendant
1312 1786 1647 1855 opinionem
1695 1802 1887 1848 suam,
1934 1791 1990 1840 et
2019 1785 2106 1839 di-
2142 1807 2190 1872 B
2223 1791 2422 1856 operta
2466 1785 2784 1848 illuminat,
2857 1791 2914 1840 et
2979 1785 3268 1855 profundo
3317 1800 3510 1839 mersa
3567 1783 3888 1855 splendore

460 1879 633 1930 cant:
667 1876 811 1929 Ecce
860 1875 997 1946 quia
1045 1875 1308 1940 materia,
1358 1875 1415 1929 id
1476 1880 1565 1930 est
1615 1874 1762 1945 hyle,
1815 1874 1967 1929 sicut
1991 1873 2115 1944 phi-

460 1961 690 2034 losophi
718 1964 940 2031 dicunt,
973 1963 1149 2018 etiam
1183 1965 1510 2019 secundum
1555 1964 1916 2034 Scripturam
1969 1962 2111 2017 divi-

464 2067 601 2108 nam
637 2069 750 2107 non
801 2052 1009 2107 habuit
1051 2052 1304 2107 initium.
1357 2054 1576 2108 Verum
1626 2052 1733 2107 hoc
1782 2051 2114 2107 dicentibus

467 2141 869 2212 respondebis,
896 2141 1032 2211 quia
1071 2141 1354 2213 scriptum
1405 2147 1529 2197 est:
1569 2144 1702 2197 Erat
1747 2146 1927 2196 autem
1980 2141 2117 2196 Cain

469 2231 754 2301 operarius
808 2233 968 2285 terra
1027 2231 1180 2296 (Gen.
1241 2248 1318 2296 ιν,
1379 2234 1455 2292 2).
1514 2232 1581 2285 Et
1635 2233 1732 2285 14
1789 2231 1859 2285 de
1917 2247 1982 2284 eo
2016 2229 2116 2300 qui

469 2318 642 2376 Juba]
693 2318 889 2374 dictus
937 2324 1042 2386 est,
1095 2320 1270 2375 habet
1317 2320 1650 2391 Scriptura:
1695 2321 1792 2374 Hic
1818 2327 1937 2374 erat
1961 2323 2119 2390 pater

470 2410 569 2479 qui
590 2407 978 2463 demonstravit
1008 2409 1330 2478 psalterium
1375 2417 1426 2463 et
1471 2410 1741 2464 citharam
1789 2408 1945 2476 (Ibid.
2001 2407 2115 2475 2|).

469 2496 558 2562 Et,
590 2499 756 2552 Homo
804 2501 921 2552 erat
963 2499 1023 2552 in
1067 2498 1312 2552 Ausitide
1360 2500 1595 2566 regione,
1650 2499 1740 2552 cui
1785 2514 1978 2552 nomen
2023 2496 2119 2552 Job

473 2585 590 2656 (Job
623 2603 659 2647 ι,
713 2586 788 2656 4).
844 2586 1126 2641 Desinant
1183 2603 1320 2657 ergo
1379 2587 1450 2640 de
1502 2587 1676 2641 verbo
1736 2586 2118 2658 quaestionem

469 2689 721 2737 movere,
753 2690 886 2730 cum
920 2677 1242 2746 praesertim
1292 2675 1640 2745 pramiserit
1695 2675 1940 2746 Moyses,
1982 2674 2122 2745 quia

472 2763 608 2818 fecit
652 2767 802 2817 Deus
852 2767 1090 2819 terram.
1146 2767 1282 2819 Erat
1322 2780 1478 2835 ergo,
1523 2781 1592 2818 ex
1639 2780 1754 2834 quo
1806 2765 1956 2819 facta
2010 2768 2118 2819 est.

465 2851 615 2908 Nam
649 2852 698 2908 si
754 2853 880 2908 sine
912 2853 1200 2924 principio
1243 2869 1369 2906 eam
1413 2851 1610 2906 dicant
1655 2868 1803 2914 esse,
1849 2854 1972 2922 jam
2007 2869 2119 2906 non

469 2940 663 2996 solum
701 2940 910 3004 Deum,
944 2942 1043 2996 sed
1095 2941 1270 2995 etiam
1323 2939 1494 3012 hylen
1537 2941 1663 2996 sine
1694 2940 1980 3012 principio
2033 2941 2124 2994 di-

470 3033 689 3094 centes,
749 3029 1033 3084 deﬁniant
1091 3029 1333 3084 ubinam
1377 3034 1520 3083 erat.
1579 3029 1634 3084 Si
1708 3030 1766 3083 in
1811 3029 1954 3093 loco,
1988 3046 2123 3098 ergo

472 3117 648 3172 etiam
683 3116 847 3172 locus
876 3117 1002 3172 sine
1032 3117 1318 3188 principio
1353 3117 1531 3171 luisse
1577 3117 1881 3183 astruitur,
1919 3117 1974 3170 in
2009 3133 2123 3187 quo

479 3211 605 3262 erat
635 3206 881 3260 materia
909 3223 1125 3270 rerum,
1159 3222 1286 3275 quae
1321 3205 1673 3276 principium
1707 3222 1820 3260 non
1853 3205 2123 3260 habebat.

485 3295 646 3359 Quod
681 3294 732 3349 si
771 3295 984 3349 absurd
999 3311 1094 3349 um
1129 3295 1360 3348 videtur
1407 3294 1476 3347 de
1507 3293 1631 3348 loco
1658 3295 1908 3358 credere,
1941 3293 2129 3349 videte

483 3400 558 3438 ne
612 3384 760 3439 forte
807 3382 1098 3438 volatilem
1152 3388 1365 3437 terram
1441 3383 1760 3438 debeamus
1816 3382 2124 3448 aestimare,

484 3487 611 3541 quae
655 3487 771 3525 non
826 3470 1046 3525 habens
1079 3471 1548 3539 fundamentum,
1599 3470 1820 3525 alarum
1869 3470 2128 3542 remigiis

482 3558 971 3630 suspendebatur.
1006 3559 1168 3615 Unde
1198 3575 1334 3629 ergo
1374 3559 1424 3613 ei
1472 3559 1594 3614 alas
1632 3576 1958 3624 sumemus,
2011 3560 2124 3615 nisi

479 3645 626 3701 forte
673 3646 796 3702 huc
840 3647 1170 3703 derivemus
1228 3648 1546 3720 prophetici
1597 3649 1886 3702 sermonis
1941 3648 2124 3702 inter-

477 3736 905 3806 pretationem:
951 3738 987 3791 A
1041 3739 1236 3807 pennis
1293 3741 1462 3793 terrae
1503 3737 1756 3806 prodigia
1814 3737 2124 3792 audivimus

472 3823 598 3890 (lsa.
631 3841 783 3887 xxnv,
818 3825 956 3896 46)?
1002 3827 1072 3880 Et
1115 3816 1258 3880 illud
1295 3843 1307 3881 :
1371 3828 1457 3882 Vae
1505 3833 1674 3881 terra?
1715 3826 1943 3879 navium
1989 3842 2122 3895 pen-

465 3929 552 3969 ne
579 3914 692 3984 (31)
724 3915 851 3984 (lsa.
893 3931 1054 3971 xvm.
1091 3915 1192 3981 1)?
1240 3914 1352 3968 Sed
1405 3913 1513 3966 hoc
1557 3912 1602 3966 si
1655 3913 2032 3981 accipiamus.
2065 3915 2122 3968 in

465 4017 583 4072 quo
612 4019 742 4057 aere
771 4003 1003 4058 volabat
1036 4006 1189 4056 terra
1209 4002 1236 4055 ‘?
1267 4001 1403 4055 Sine
1433 4017 1563 4055 aere
1591 4001 1748 4054 enim
1781 4000 1973 4056 volare
2006 4019 2120 4056 non

465 4094 711 4162 poterat,
744 4091 844 4145 sed
879 4107 978 4145 aer
994 4091 1186 4144 adhuc
1229 4105 1357 4143 esse
1404 4105 1518 4143 non
1553 4093 1798 4159 poterat,
1834 4091 1972 4159 quia
2004 4107 2117 4146 non

467 4183 592 4233 erat
620 4178 746 4233 sine
777 4194 975 4232 rerum
1008 4177 1255 4232 materia
1283 4176 1706 4232 elementorum
1735 4177 1884 4233 facta
1915 4178 2120 4234 distin-

465 4266 602 4334 ctio,
631 4283 767 4321 cum
798 4267 928 4337 ipsa
957 4265 1150 4320 adhuc
1193 4265 1481 4320 elementa
1531 4266 1682 4320 facta
1731 4283 1845 4320 non
1897 4273 2112 4323 eesent.

462 4353 570 4409 Ubi
601 4371 736 4425 ergo
767 4359 891 4410 erat
922 4355 1167 4409 materia
1222 4354 1332 4409 ista
1393 4354 1617 4408 alarum
1676 4353 1916 4409 sulfulta
1945 4357 2117 4410 remi-

460 4441 619 4514 giis?
649 4444 712 4498 In
733 4459 863 4498 aere
894 4460 1012 4498 non
1043 4448 1184 4507 erat,
1219 4443 1360 4515 quia
1390 4459 1489 4497 aer
1518 4459 1732 4512 corpus
1764 4448 1853 4497 est
1884 4445 2109 4500 mundi:

2222 1873 2466 1930 luminis
2496 1875 2586 1929 sui
2628 1874 2856 1945 prodit;
2908 1874 3040 1945 quis
3094 1872 3321 1928 dubitet
3374 1873 3490 1928 Deo
3535 1889 3621 1936 ea,
3657 1889 3784 1944 quas
3821 1874 3884 1928 in

2224 1964 2514 2034 profundo
2557 1969 2714 2029 sunt,
2783 1962 3100 2018 invisibilia
3146 1978 3275 2018 esse
3329 1979 3445 2018 non
3499 1978 3709 2032 posse;
3760 1963 3886 2018 nisi

2225 2053 2370 2108 forte
2427 2053 2510 2107 sic
2568 2053 2926 2124 accipiamus
2993 2049 3351 2107 invisibilem
3422 2055 3661 2116 terram,
3721 2053 3883 2123 quod

2226 2142 2489 2196 nondum
2518 2143 2693 2197 verbo
2726 2141 2826 2196 Dei
2857 2146 2914 2195 et
2952 2141 3310 2210 protectione
3354 2140 3722 2208 visitabatur,
3751 2158 3885 2212 qua:

2226 2229 2524 2285 hominem
2568 2246 2681 2284 non
2731 2229 3002 2295 habebat,
3076 2234 3314 2300 propter
3359 2245 3535 2299 quem
3593 2229 3887 2286 Dominus

2227 2318 2540 2388 respiceret
2563 2317 2623 2372 in
2650 2324 2889 2386 terram,
2923 2318 3074 2373 sicut
3104 2317 3392 2389 scriptum
3440 2324 3565 2373 est:
3617 2319 3888 2373 Dominus

2228 2409 2464 2477 respexit
2493 2423 2654 2476 super
2683 2408 2826 2476 ﬁlios
2855 2406 3164 2474 hominum,
3197 2414 3257 2461 ut
3299 2406 3507 2462 videret
3534 2408 3584 2461 si
3609 2410 3687 2461 est
3713 2407 3889 2460 intel-

2230 2496 2403 2564 ligens
2426 2497 2558 2566 (32),
2591 2500 2687 2550 aut
2734 2497 3018 2565 requirens
3066 2496 3236 2550 Deum
3285 2496 3454 2566 (Psal.
3505 2511 3626 2557 xm,
3681 2493 3785 2561 2)?
3814 2499 3890 2550 Et

2231 2583 2370 2638 alibi
2427 2585 2548 2639 ait:
2613 2589 2690 2638 De
2743 2585 2874 2638 coelo
2923 2585 3204 2655 jaculatus
3263 2589 3342 2638 est
3379 2583 3696 2654 judicium:
3727 2591 3887 2638 terra

2230 2675 2454 2727 tremuit
2482 2677 2536 2728 et
2555 2675 2760 2743 quievit
2800 2673 2973 2742 (Psal.
3035 2690 3198 2737 Lxxv,
3248 2672 3323 2744 9).
3374 2673 3442 2727 Et
3471 2673 3680 2726 merito
3734 2671 3888 2726 invi-

2231 2760 2443 2826 sibilis,
2476 2761 2615 2832 quia
2641 2762 3049 2832 inoomposita,
3081 2779 3209 2832 qua:
3255 2762 3503 2832 ﬁguram
3535 2767 3593 2815 et
3622 2761 3884 2831 speciem

2233 2855 2644 2922 congruentem
2691 2851 2790 2906 15
2838 2851 3032 2905 adhuc
3077 2845 3542 2921 nonfacceperat
3585 2867 3619 2904 a
3650 2850 3887 2922 proprio

2234 2939 2552 2994 conditore.

2303 3029 2392 3082 27.
2449 3029 2517 3082 Et
2565 3027 2810 3083 fortasse
2857 3029 3092 3095 dicant;
3140 3029 3256 3083 Cur
3297 3027 3452 3082 enim
3506 3027 3684 3094 Deus,
3736 3027 3893 3082 sicut

2239 3116 2387 3171 dixit
2434 3121 2492 3171 et
2531 3118 2682 3172 facta
2725 3123 2883 3180 sunt,
2932 3135 3047 3172 non
3099 3116 3274 3173 simul
3320 3121 3563 3171 ornatus
3596 3132 3890 3187 congruos

2238 3205 2685 3277 asaurgentibus
2699 3206 2933 3260 donavit
2951 3204 3455 3276 elementis,quasi
3472 3222 3587 3260 non
3608 3205 3887 3276 potuerit,

2237 3292 2447 3347 caelum
2497 3292 2844 3364 insignitum
2895 3292 3082 3348 stellis
3124 3294 3320 3348 subito
3368 3299 3434 3348 ut
3481 3297 3742 3348 creatum
3775 3300 3886 3359 est,

2237 3381 2544 3452 refulgere,
2589 3387 2648 3437 et
2695 3383 2936 3438 ﬂoribus
2978 3399 3046 3437 ac
3093 3383 3381 3437 fructibus
3432 3387 3589 3438 terra
3635 3381 3891 3437 vestiri?

2236 3469 2431 3524 Potuit
2457 3469 2680 3541 utique,
2733 3471 2834 3525 sed
2868 3471 2995 3525 ideo
3027 3470 3218 3540 primo
3269 3470 3438 3536 facta,
3486 3474 3690 3540 postea
3729 3487 3887 3526 com-

2237 3559 2428 3628 posita
2457 3558 2848 3625 declarantur,
2883 3576 2954 3614 ne
2999 3575 3132 3614 vere
3175 3559 3435 3614 increata
3484 3566 3541 3614 et
3570 3560 3699 3612 sine
3733 3559 3895 3630 prin-

2237 3647 2387 3715 cipio
2419 3648 2815 3711 crederentur,
2867 3648 2916 3703 si
2969 3647 3193 3719 species
3236 3664 3429 3703 rerum
3465 3647 3626 3702 velut
3653 3647 3900 3719 ingene-

2236 3741 2373 3790 ratze
2426 3736 2498 3790 ab
2551 3733 2740 3802 initio,
2804 3753 2919 3790 non
2978 3742 3184 3808 postea
3267 3737 3477 3791 addita
3537 3737 3899 3792 viderentur.

2236 3823 2641 3895 lncomposita
2671 3829 2824 3880 terra
2857 3823 3089 3895 legitur,
3123 3830 3180 3880 et
3229 3825 3434 3880 iisdem
3465 3842 3498 3879 a
3528 3823 3904 3896 philosophis

2239 3912 2836 3982 aeternitatis,quibus
2857 3914 3358 3985 Deus,privilegiis
3388 3913 3734 3979 honoratur;
3756 3914 3904 3983 quid

2236 4001 2497 4056 dicerent
2543 4001 2592 4055 si
2645 4003 2717 4056 ab
2763 4000 2931 4057 initio
2985 4005 3114 4071 ejus
3147 4003 3908 4075 pulehritudo-vernasset?

2237 4089 2518 4144 Demersa
2568 4090 2738 4160 aquis
2785 4090 3162 4157 describitur,
3215 4090 3372 4145 velut
3419 4091 3652 4145 cuidam
3680 4091 3900 4161 princi-

2236 4178 2468 4248 piorum
2505 4194 2749 4232 suorum
2781 4179 3015 4235 addicta
3049 4180 3450 4251 naul'ragio,et
3471 4180 3663 4234 adhuc
3684 4196 3718 4234 a
3748 4196 3902 4234 non-

2229 4266 2410 4320 nullis
2443 4268 2590 4320 t'ac-ta
2629 4283 2741 4321 non
2775 4269 3067 4335 creditur;
3112 4269 3253 4339 quid
3287 4268 3336 4323 si
3369 4269 3638 4324 decorem
3673 4268 3898 4340 primo-

2225 4353 2498 4424 genitum
2534 4355 2904 4410 vindicaret?
2934 4357 3168 4412 Accedit
3197 4355 3528 4427 illud,quod
3564 4356 3897 4412 imitatores

2225 4459 2332 4497 nos
2363 4444 2453 4498 sui
2486 4443 2639 4498 Deus
2663 4461 2792 4499 esse
2826 4443 3102 4515 voluit,ut
3129 4445 3318 4516 primo
3355 4445 3640 4500 faciamus
3667 4444 3892 4516 aliqua,

460 4545 675 4602 corpus
705 4537 902 4586 autem
935 4547 1062 4586 esse
1085 4549 1273 4586 aerem
1317 4531 1484 4585 docet
1505 4529 1674 4585 lectio
1723 4531 1873 4601 (Sap.
1906 4549 1961 4601 ν,
1995 4533 2106 4599 42),
2139 4537 2186 4601 1)
2221 4537 2419 4601 postea
2449 4538 2862 4599 venustenius;
2897 4551 2968 4588 ne
2999 4535 3141 4589 dum
3175 4534 3353 4589 simul
3384 4539 3710 4605 utrumque
3745 4534 3898 4590 ado-

460 4618 620 4691 quia,
653 4620 870 4674 emissa
921 4619 1136 4690 sagitta
1185 4621 1242 4674 in
1291 4619 1482 4674 locum
1517 4634 1690 4687 quem
1718 4618 2118 4686 jaculatorin-

455 4707 662 4773 tendit,
722 4707 947 4764 incisus
990 4726 1090 4763 aer
1142 4709 1342 4763 statim
1394 4707 1452 4761 in
1500 4705 1761 4777 seipsum
1811 4708 2106 4763 resolutus

454 4799 563 4852 est.
597 4796 705 4852 Ubi
735 4813 872 4869 ergo
903 4803 1028 4852 erat
1059 4797 1208 4868 hyle,
1261 4795 1372 4850 nisi
1423 4796 1566 4849 forte
1597 4794 1826 4848 dicatur
1855 4790 2107 4865 quadarn

454 4885 709 4942 dementi
742 4885 1086 4948 intentione,
1123 4884 1262 4955 quia
1293 4884 1349 4936 in
1383 4884 1497 4938 Deo
1527 4887 1698 4937 erat?
1740 4884 1886 4954 Ergo
1931 4884 2110 4950 Deus,

455 4973 554 5044 qui
586 4978 676 5030 est
734 4974 1046 5028 invisibilis
1095 4978 1320 5027 naturae
1367 4979 1539 5042 atque
1589 4970 1961 5038 inviolabilis,
2010 4974 2110 5042 qui

453 5060 647 5118 lucem
679 5063 905 5118 habitat
953 5060 1442 5123 inaccessibilem,
1493 5059 2109 5129 incomprehensibilis

457 5153 514 5204 et
544 5149 900 5219 purissimus
929 5151 1190 5220 spiritus,
1241 5149 1405 5203 locus
1455 5155 1578 5201 erat
1631 5149 1886 5202 materiae
1946 5167 2113 5203 mun-

456 5236 650 5306 dialis,
683 5243 742 5293 et
772 5245 894 5294 erat
926 5239 984 5294 in
1016 5240 1132 5294 Deo
1191 5237 1398 5292 mundi
1445 5238 1654 5308 portio,
1708 5253 1839 5291 cum
1891 5238 1962 5292 de
2002 5237 2110 5292 hoc

459 5327 680 5382 mundo
717 5343 828 5380 non
882 5327 959 5382 sit
1007 5345 1108 5383 nec
1152 5344 1318 5382 mens
1359 5325 1722 5381 servulorum
1767 5326 1915 5395 ejus,
1960 5326 2113 5381 sicut

527 5449 606 5517 (31
625 5468 638 5512 )
670 5450 893 5504 Gemet.
927 5455 982 5503 et
1011 5452 1193 5517 0mm,
1231 5453 1313 5503 Va:
1343 5455 1503 5506 terra?
1534 5452 1722 5505 avium
1753 5465 1965 5520 penna.

527 5520 639 5588 (32)
675 5521 888 5574 Docem
924 5539 1064 5576 mss.
1103 5531 1157 5579 et
1191 5525 1330 5577 edit.
1366 5531 1516 5583 Am.,
1551 5522 1698 5588 Pet.,
1750 5521 1903 5587 Era.,
1938 5521 2108 5575 omit-

455 5591 588 5647 tunt
618 5592 736 5648 haec
769 5592 968 5664 verba,
995 5603 1058 5651 ul
1081 5597 1308 5652 videret.
1359 5594 1508 5650 Edit.
1561 5593 1753 5664 Βοιῐι.³
1792 5597 1853 5647 ut
1882 5592 2108 5650 diceret.

2232 4621 2436 4686 rimur,
2471 4626 2744 4675 neutrum
2806 4623 3107 4692 possimus
3159 4622 3425 4694 implere.
3476 4622 3642 4678 Fides
3689 4627 3891 4678 autem

2218 4713 2413 4763 nostra
2471 4708 2725 4778 quodam
2786 4709 2970 4778 gradu
3027 4711 3256 4766 crescit.
3322 4711 3458 4766 Ideo
3515 4711 3704 4783 primo
3760 4709 3901 4766 fecit

2221 4796 2397 4862 Deus,
2431 4801 2632 4866 postea
2663 4797 3010 4860 venustavit,
3040 4803 3105 4853 ut
3152 4800 3423 4854 eumdem
3453 4800 3765 4854 credamus
3795 4816 3892 4854 or-

2223 4901 2395 4939 nasse
2423 4885 2523 4954 qui
2557 4885 2797 4950 fecit,'et
2847 4885 3051 4940 fecisse
3095 4888 3194 4958 qui
3227 4887 3494 4944 ornavit:
3530 4904 3602 4943 ue
3634 4887 3889 4943 alterum

2220 4981 2496 5043 putemus
2527 4989 2788 5040 ornasse,
2823 4973 3079 5028 alterum
3113 4976 3420 5041 creavisse;
3475 4975 3573 5031 sed
3607 4977 3888 5031 eumdem

2223 5067 2538 5130 utrumque
2569 5078 2696 5115 esse
2727 5067 3032 5131 operatum
3061 5081 3073 5122 :
3107 5068 3171 5119 ut
3204 5065 3392 5134 primo
3426 5065 3659 5125 faceret,
3685 5069 3890 5134 postea

2222 5155 2614 5220 componeret,
2649 5154 2713 5203 ut
2746 5151 2996 5205 alterum
3030 5153 3214 5208 altero
3245 5153 3358 5222 (33)
3389 5153 3740 5207 crederetur.
3765 5151 3882 5207 Ha-

2221 5238 2324 5292 bes
2347 5237 2403 5290 in
2427 5237 2733 5308 Evangelio
2759 5239 2937 5310 hujus
2953 5241 3034 5296 rei
3049 5238 3881 5296 evidenstestimonium.Nam

2221 5325 2614 5382 suscitaturus
2641 5327 2925 5384 Lazarum
2972 5329 3278 5394 Dominus,
3327 5327 3515 5399 jussit
3571 5331 3636 5383 ut
3687 5327 3883 5392 Judaei

2291 5450 2403 5521 (33)
2436 5450 2574 5505 Mss.
2609 5452 2772 5506 Gem.
2829 5453 2929 5508 sed
2989 5452 3105 5508 alia
3163 5469 3362 5518 manu,
3416 5450 3555 5508 item
3591 5451 3877 5508 Victorin.

2221 5539 2375 5576 unus
2406 5529 2461 5576 et
2492 5524 2847 5580 edit.Gill.ac
2880 5525 3070 5580 Rom..
3101 5539 3170 5579 ne
3211 5526 3451 5579 alterum
3479 5525 3642 5579 alteri
3672 5523 3878 5581 deesse.

2220 5593 2372 5648 Edit.
2405 5596 2535 5650 Am.
2571 5595 2714 5664 Pet.,
2749 5597 2903 5666 Era.,
2933 5612 3004 5653 ne
3031 5597 3271 5653 alterum
3299 5597 3424 5651 sine
3463 5596 3657 5663 altera,
3689 5599 3801 5650 etc.
