4122 6186
252 312 377 382 149

1549 312 2088 381 HEXAEMERON
2133 317 2280 381 LlB.
2327 318 2376 384 Ῑ.

3553 322 3670 389 150

251 445 924 547 {emoverent_13Pidem
956 446 1026 547 {1°
1053 444 1350 547 _33PU1°P°_:
1384 454 1451 507 ut
1498 455 1795 547 #1031911?!
1825 451 1910 509 V'i-
1940 451 1996 519 Α
2023 458 2309 523 Dominus
2355 484 2556 526 eorum
2607 466 2889 528 malitiam
2939 469 3242 542 creaverit;
3277 488 3412 531 cum
3464 472 3670 547 utique

254 540 488 608 dentes,
519 542 727 611 postea
756 539 1171 596 resuscitatum
1216 541 1536 596 crederent.
1571 541 1789 597 Deinde
1819 561 1914 598 vo-

253 630 408 687 cavit
439 630 747 697 Lazarum,
782 633 840 684 et
869 629 1206 695 resurrexit,
1238 634 1295 685 et
1332 628 1527 701 ligatis
1557 631 1829 687 manibus
1860 637 1916 687 et

251 719 506 794 pedibus
536 718 675 773 exiit
704 719 862 774 foras
887 720 1073 787 (Joan.
1111 736 1187 786 x1,
1212 719 1416 790 39-44).
1460 719 1657 776 Nonne
1689 727 1916 792 poterat

253 825 550 865 removere
575 807 856 879 lapidem,
880 806 980 878 qui
1011 812 1240 879 poterat
1261 813 1558 864 mortuum
1587 809 1914 865 suscitare?

251 898 318 953 Et
350 898 451 970 qui
499 896 690 969 potuit
735 896 1011 952 defuncto
1044 897 1220 952 vitam
1257 898 1519 963 reddere,
1555 915 1669 954 non
1724 900 1916 971 potuit

248 1003 440 1042 nexus
496 985 716 1041 solvere
774 984 1190 1041 vinculorum?
1229 987 1333 1043 Cui
1391 987 1602 1043 vinctis
1662 989 1912 1060 pedibus

246 1092 522 1150 gressum
552 1074 734 1143 dedit,
768 1074 906 1130 huic
939 1092 1053 1130 non
1102 1075 1290 1147 potuit
1321 1077 1508 1147 ruptis
1540 1077 1791 1133 vinculis
1823 1078 1912 1133 in-

250 1180 489 1220 cessum
525 1163 804 1220 reddere?
845 1163 956 1220 Sed
989 1164 1194 1236 utique
1225 1165 1582 1221 advertimus
1626 1168 1776 1238 quod
1817 1185 1910 1222 vo-

244 1253 358 1309 luit
400 1253 591 1326 primo
640 1253 1044 1309 demonstrare
1074 1258 1394 1318 mortuum,
1449 1259 1510 1309 ut
1558 1255 1741 1311 oculis
1787 1257 1913 1313 suis

247 1343 563 1399 crederent
588 1359 601 1397 :
629 1341 838 1398 deinde
870 1343 1215 1398 resuscitare
1243 1362 1255 1399 :
1285 1343 1448 1399 tertio
1471 1344 1679 1415 jubere
1714 1351 1774 1401 ut
1803 1345 1914 1417 ipsi

253 1431 498 1488 vincula
527 1431 754 1487 funeris
787 1431 1100 1501 solverent;
1136 1438 1201 1488 ut
1230 1433 1382 1489 inter
1411 1435 1525 1489 ista
1553 1433 1696 1491 ﬁdes
1727 1435 1914 1491 infun-

251 1523 496 1577 derctur
523 1519 883 1591 inﬁdelibus,
915 1524 972 1577 et
1001 1538 1104 1594 per
1140 1523 1358 1595 gradus
1390 1523 1676 1594 quosdam
1709 1525 1912 1580 credu-

244 1608 384 1666 litas
417 1613 787 1666 nasceretur.

872 1699 1103 1755 CAPUT
1145 1699 1290 1756 VIII.

245 1790 471 1844 Terram
521 1790 939 1859 incompositam
968 1791 1172 1858 fuisse;
1223 1795 1340 1845 tum
1388 1792 1518 1861 quia
1562 1793 1620 1846 in
1663 1808 1726 1846 ea
1769 1793 1914 1846 nihil

315 1861 605 1924 distincti,
641 1863 757 1914 tum
798 1863 930 1932 quia
974 1862 1209 1916 tenebris
1247 1869 1380 1916 esset
1420 1863 1617 1917 velata.
1645 1863 1912 1918 Malitiam

314 1948 418 2005 per
445 1931 704 1986 tenebras
727 1931 837 1986 non
869 1932 1283 2003 intelligendam
1312 1933 1553 2005 Spiritus
1583 1943 1799 1988 sanctus
1827 1937 1910 2005 fe-

316 2003 550 2057 rebatur
606 2019 770 2074 super
825 2020 1013 2074 aquas,
1049 2005 1271 2074 aliaque
1321 2004 1650 2060 declarant:
1682 2006 1772 2060 sed
1827 2003 1913 2060 uel

313 2091 566 2130 maxime
595 2074 736 2146 quod
760 2077 981 2130 malitia
1011 2091 1122 2130 non
1151 2077 1264 2131 nisi
1292 2093 1326 2130 a
1356 2077 1510 2132 nobis
1539 2079 1772 2132 oriatur.

310 2183 404 2237 28.
442 2181 602 2236 Fecit
633 2197 770 2252 ergo
810 2181 965 2236 Deus
999 2182 1186 2252 primo
1217 2181 1427 2238 caelum
1473 2188 1530 2238 et
1575 2189 1813 2249 terram,
1849 2201 1918 2238 ea

241 2272 442 2325 tamen
477 2286 598 2324 non
646 2270 819 2340 quasi
863 2276 1147 2341 perpetua
1178 2273 1311 2342 (34).
1348 2272 1448 2327 sed
1499 2272 1667 2344 quasi
1719 2289 1915 2327 corru-

243 2357 473 2431 ptibilis
507 2363 786 2413 creaturae
832 2361 1332 2415 consummationi
1363 2360 1548 2416 voluit
1588 2362 1912 2431 subjacere.

242 2447 411 2503 Unde
453 2446 518 2502 in
571 2447 734 2502 Isaia:
781 2447 930 2502 libro
979 2449 1106 2503 ait:
1145 2451 1329 2504 Tollite
1376 2452 1436 2504 in
1483 2452 1679 2505 caelum
1731 2450 1914 2505 oculos

243 2540 471 2600 vestros,
507 2539 560 2590 et
613 2538 842 2606 aspicite
884 2545 1093 2592 terram
1139 2539 1420 2599 deorsum;
1452 2541 1585 2609 quia
1630 2541 1828 2594 catum
1857 2549 1915 2599 ut

241 2626 433 2694 fumus
463 2623 767 2677 solidatam
795 2627 894 2688 est,
926 2627 1075 2678 terra
1105 2634 1284 2679 autem
1322 2628 1381 2679 ut
1423 2628 1793 2680 vestimentum
1824 2641 1911 2681 ve-

243 2716 473 2769 teruscet
497 2712 629 2782 (lsa.
660 2728 733 2777 Li,
764 2712 840 2782 6).
865 2711 994 2767 Haec
1025 2718 1179 2768 terra
1208 2719 1314 2781 est,
1351 2731 1478 2785 quae
1510 2718 1644 2768 ante
1670 2719 1793 2768 erat
1821 2714 1908 2768 in-

238 2800 594 2872 composita.
625 2800 902 2855 Nondum
933 2801 1088 2856 enim
1120 2809 1286 2858 erant
1317 2805 1416 2859 ιθ
1446 2803 1633 2858 maria
1657 2819 1763 2857 suo
1796 2805 1909 2857 line

238 2890 543 2955 distincta,
577 2893 636 2944 et
677 2889 806 2944 ideo
838 2906 982 2960 vago
1017 2890 1218 2957 ﬂuctu,
1241 2896 1298 2946 et
1345 2891 1632 2963 profundo
1679 2891 1908 2964 gurgite

234 2984 395 3033 terra
425 2978 612 3032 inund
629 2977 856 3032 abatur.
884 2977 1220 3046 Considera,
1244 2980 1381 3051 quia
1412 2979 1585 3035 etiam
1618 2997 1774 3034 nunc
1806 2997 1906 3051 pa-

237 3066 420 3123 lustri
455 3065 677 3137 uligine
701 3071 856 3121 terra
882 3066 1181 3121 inhorrere
1211 3069 1531 3134 consuevit,
1556 3085 1660 3125 nec
1682 3069 1906 3140 patiens

244 3162 338 3210 est
398 3155 678 3219 vomeris,
719 3153 817 3208 ubi
873 3155 1106 3210 infusus
1153 3156 1324 3212 terris
1372 3157 1586 3212 humor
1630 3159 1901 3212 exundat.

239 3245 389 3298 Erat
439 3259 578 3314 ergo
638 3241 1056 3313 incomposita;
1114 3248 1313 3316 utpote
1359 3245 1592 3301 solertis
1640 3245 1904 3316 agricolae

239 3331 480 3386 inarata
509 3329 778 3395 culturis,
807 3332 946 3402 quia
977 3332 1167 3387 adhuc
1198 3333 1396 3388 deerat
1427 3333 1633 3388 cultor.
1659 3336 1793 3389 Erat
1823 3334 1904 3388 in-

239 3420 607 3492 composita;
641 3419 780 3490 quia
810 3420 968 3475 nuda
997 3420 1388 3493 gignentium,
1423 3439 1528 3477 nec
1558 3422 1744 3479 thoris
1775 3423 1904 3478 her-

237 3509 396 3564 bosa
430 3507 712 3578 riparum,
748 3525 851 3562 nec
896 3525 1076 3580 Opaca
1124 3511 1483 3577 nemoribus,
1520 3528 1624 3566 nec
1654 3511 1784 3567 laeta
1817 3528 1907 3566 se-

237 3598 510 3670 getibus,
557 3611 662 3651 nec
719 3596 997 3652 umbrosa
1053 3599 1383 3670 superciliis
1439 3601 1752 3664 montium,
1804 3617 1909 3656 nec

237 3688 439 3742 odora
468 3683 732 3750 ﬂoribus,
764 3702 870 3740 nec
908 3690 1075 3758 grata
1113 3687 1342 3743 vinetis.
1377 3689 1580 3744 Merito
1614 3689 1908 3761 incompo-

235 3775 386 3840 sita,
427 3790 554 3845 quae
585 3775 890 3830 ornatibus
937 3775 1258 3848 indigebat,
1290 3777 1382 3832 cui
1435 3779 1674 3834 deerant
1704 3778 1910 3832 vitium

232 3870 412 3920 serta
443 3863 888 3934 gemmantium.
925 3863 1245 3920 Ostendere
1295 3866 1452 3922 enim
1503 3866 1685 3922 voluit
1735 3867 1910 3928 Deus.

233 3952 391 4024 quia
431 3966 534 4005 nec
565 3951 820 4006 mundus
869 3951 996 4023 ipse
1025 3951 1270 4009 haberet
1309 3955 1581 4026 gratiam,
1615 3955 1728 4009 nisi
1778 3971 1911 4010 eum

229 4041 414 4096 vario
448 4038 604 4093 cultu
635 4046 904 4112 operator
935 4048 1223 4097 ornasset.
1247 4041 1472 4098 Cretum
1503 4043 1699 4114 ipsum
1727 4043 1913 4098 intex-

232 4133 378 4185 tum
419 4127 694 4194 nubibus,
736 4128 1036 4185 horrorem
1069 4129 1275 4198 oculis,
1308 4131 1651 4187 mmstitiam
1700 4131 1914 4186 animis

232 4217 510 4274 excitare
576 4217 892 4273 consuevit.
955 4219 1136 4274 Terra
1196 4219 1487 4276 imbribus
1565 4220 1912 4285 madefacta,

230 4305 498 4364 fastidio
529 4311 636 4361 est.
671 4306 856 4362 Maria
894 4306 1166 4380 procellis
1197 4309 1452 4376 turbata,
1486 4325 1635 4380 quos
1682 4326 1797 4365 non
1827 4309 1916 4363 in-

233 4396 493 4452 cutiunt
521 4396 750 4450 metus?
779 4395 1181 4452 Pulcherrima
1201 4401 1290 4453 est
1315 4414 1510 4453 rerum
1544 4398 1788 4469 species,
1814 4398 1916 4453 sed

231 4485 402 4558 quid
439 4488 590 4538 esset
618 4483 744 4540 sine
775 4483 1036 4540 lumine?
1085 4486 1226 4557 quid
1266 4487 1394 4541 sine
1425 4486 1746 4558 temperie?
1777 4487 1915 4559 quid

2027 574 2140 614 non
2170 561 2597 631 substantialis,
2631 564 2733 619 sed
2764 564 3032 621 accidens
3077 565 3153 622 sit
3199 565 3443 634 malitia,
3479 581 3606 638 quae
3638 584 3672 622 a

2026 653 2246 704 naturae
2280 651 2540 709 bonitate
2570 653 2822 711 deﬂexit.

2092 748 2183 803 29.
2210 749 2406 822 Itaque
2436 751 2495 807 in
2527 753 2943 810 constitutione
2973 757 3175 812 mundi
3210 757 3406 827 opinio
3437 756 3672 813 malitia:

2022 835 2258 893 interim
2291 845 2712 911 sequestretur,
2742 859 2814 898 ne
2843 843 3049 899 divinae
3080 845 3427 916 operationi,
3461 851 3519 900 et
3545 846 3679 916 pul-

2025 925 2325 983 cherrimis
2373 935 2670 999 creaturae,
2703 949 2770 986 ea
2801 949 2925 1004 quae
2973 933 3240 989 deeolora
3286 940 3444 1002 sunt,
3479 936 3673 990 admi-

2025 1032 2184 1071 scere
2209 1018 2530 1083 videamur,
2559 1020 2811 1076 maxime
2833 1039 2965 1076 cum
3001 1027 3284 1093 sequatur
3308 1041 3320 1078 :
3353 1025 3415 1078 Et
3439 1026 3671 1095 spiritus

2025 1106 2121 1160 Dei
2174 1109 2616 1178 super-ferebatur
2669 1126 2832 1177 super
2885 1128 3056 1176 aquas
3087 1112 3288 1182 (Ibid)
3317 1113 3498 1175 Quem
3557 1114 3666 1168 etsi

2024 1193 2204 1264 aliqui
2241 1213 2342 1266 pro
2373 1212 2504 1252 aere
2534 1198 2840 1268 accipiant,
2875 1199 3054 1270 aliqui
3103 1218 3204 1271 pro
3249 1201 3458 1272 spiritu
3491 1218 3666 1271 quem

2023 1283 2319 1354 spiramus
2347 1290 2403 1341 et
2433 1287 2730 1358 carpimus
2757 1306 2911 1344 aurze
2943 1288 3124 1357 hujus
3143 1289 3334 1345 vitalis
3357 1289 3662 1360 spiritum;

2028 1389 2130 1427 nos
2161 1378 2356 1428 tamen
2388 1392 2519 1430 cum
2567 1382 2903 1432 sanctorum
2955 1383 3012 1432 et
3061 1378 3322 1433 fidelium
3380 1380 3672 1434 sententia

2023 1468 2432 1532 congruentes,
2469 1465 2750 1534 Spiritum
2801 1472 3068 1522 sanctum
3120 1468 3463 1538 accipimus.
3495 1473 3560 1522 ut
3608 1467 3667 1522 in

2023 1553 2438 1608 constitutione
2489 1556 2693 1610 mundi
2753 1557 3011 1626 operatio
3067 1556 3367 1611 Trinitatis
3427 1557 3666 1612 eluceat.

2023 1640 2332 1697 Praemisso
2362 1643 2516 1698 enim
2553 1645 2691 1715 quia
2721 1648 2781 1700 in
2822 1648 3098 1716 principio
3145 1648 3273 1716 [ecit
3312 1647 3450 1701 Deus
3478 1647 3671 1701 aetum

2021 1739 2072 1785 et
2099 1733 2308 1786 terram
2339 1732 2490 1802 (Gen.
2515 1751 2552 1796 ι,
2585 1733 2663 1800 4),
2699 1735 2754 1788 id
2809 1740 2915 1794 est.
2940 1736 2996 1789 in
3031 1735 3259 1790 Christo
3308 1735 3443 1790 fecit
3494 1735 3670 1796 Deus,

1943 1824 1992 1890 Β
2022 1818 2107 1874 vel
2139 1820 2320 1876 Filius
2351 1821 2451 1876 Dei
2483 1823 2638 1878 Deus
2670 1823 2822 1884 fecit.
2844 1823 2931 1877 vel
2967 1841 3067 1893 per
3089 1824 3297 1878 Filium
3329 1825 3482 1879 Deus
3504 1823 3668 1887 fecit;

2026 1908 2165 1978 quia
2195 1909 2394 1964 omnia
2441 1927 2543 1980 per
2571 1911 2768 1982 ipsum
2801 1913 2948 1966 facta
2981 1918 3139 1972 sunt.
3171 1917 3226 1968 et
3255 1914 3380 1968 sine
3428 1913 3556 1983 ipso
3588 1913 3671 1966 fa-

2027 2002 2186 2053 ctum
2217 2003 2305 2055 est
2334 1999 2504 2065 nihil,
2553 2006 2855 2070 supererat
2897 2001 3196 2071 plenitudo
3227 2001 3579 2072 operationis
3609 2002 3670 2056 in

2028 2087 2271 2157 Spiritu,
2305 2088 2458 2144 sicut
2495 2090 2900 2159 scriptumuest
2931 2106 2942 2145 :
2987 2092 3144 2146 Verbo
3175 2093 3398 2147 Domini
3424 2092 3547 2146 caeli
3575 2092 3671 2161 ﬁr-

2025 2179 2166 2231 mati
2205 2182 2352 2243 sunt,
2385 2183 2438 2233 et
2467 2180 2679 2249 Spiritu
2725 2181 2836 2234 oris
2881 2180 2999 2249 ejus
3047 2183 3226 2235 omnis
3269 2182 3442 2236 virtus
3485 2197 3673 2236 eorum

2024 2267 2196 2329 (Psat.
2222 2283 2396 2331 xxxn,
2429 2268 2505 2338 6).
2542 2268 2761 2338 Itaque.
2787 2269 3284 2337 quemadmodum
3334 2268 3393 2322 in
3442 2269 3671 2324 Psalmo

2016 2354 2306 2409 'docemur
2324 2356 2719 2426 operationem
2743 2356 2937 2418 Verbi.
2964 2359 3118 2428 quod
3151 2363 3240 2412 est
3267 2358 3513 2413 Verbum
3550 2358 3671 2426 Dei,

2027 2449 2083 2497 et
2112 2444 2386 2499 virtutem
2418 2463 2595 2516 quam
2648 2446 2808 2500 dedit
2849 2446 3100 2516 Spiritus
3131 2451 3400 2512 sanctus;
3451 2447 3533 2502 ita
3579 2446 3673 2502 hic

2028 2531 2432 2602 prOpheticum
2466 2533 2769 2588 resultavit
2805 2534 3129 2595 oraculum.
3154 2535 3293 2606 quia
3319 2536 3473 2590 Deus
3503 2535 3669 2601 dixit,

2025 2625 2084 2675 et
2113 2621 2266 2676 Deus
2295 2622 2448 2677 fecit.
2490 2621 2742 2688 Spiritus
2773 2638 3005 2692 quoque
3052 2623 3151 2677 Dei
3199 2624 3671 2693 superferebatur

2026 2725 2202 2780 super
2232 2727 2434 2779 aquas.
2458 2710 2730 2766 Ornando
2752 2711 2906 2765 enim
2930 2710 3060 2780 polo
3080 2710 3230 2772 emli.
3252 2711 3666 2778 germinaturis

2023 2796 2195 2852 terris
2254 2797 2493 2867 pulchre
2541 2797 2794 2869 Spiritus
2850 2799 3341 2868 superferebatur,
3373 2799 3511 2869 quia
3565 2816 3669 2870 per

2025 2884 2220 2956 ipsum
2257 2886 2550 2942 habebant
2580 2903 2858 2942 novorum
2891 2892 3164 2955 pertuum
3197 2887 3422 2942 semina
3451 2887 3664 2956 germi-

2021 2991 2180 3038 nare,
2219 2977 2544 3031 secundum
2577 2976 2730 3047 quod
2781 2975 2925 3030 dixit
2955 2975 3240 3045 Propheta
3273 2992 3285 3030 :
3320 2978 3415 3031 17
3467 2978 3664 3031 Emitte

2019 3063 2292 3134 Spiritum
2337 3068 2514 3127 tuum,
2547 3069 2599 3120 et
2645 3066 2993 3132 creabantur,
3034 3073 3086 3120 et
3130 3065 3414 3120 renovabis
3464 3067 3666 3135 faciem

2020 3158 2181 3208 terra:
2229 3154 2399 3224 (Psal.
2444 3171 2562 3214 cm.
2595 3154 2707 3223 30).
2759 3155 3014 3225 Denique
3054 3154 3255 3226 Syrus,
3290 3153 3387 3224 qui
3437 3153 3667 3208 vicinus

2023 3241 2255 3297 Hebraeo
2287 3247 2394 3310 est,
2421 3249 2478 3297 et
2521 3258 2789 3298 sermone
2837 3247 3118 3298 consonat
3168 3243 3226 3298 in
3274 3241 3566 3314 plerisque
3613 3247 3670 3297 et

2014 3331 2306 3402 congruit,
2348 3331 2432 3386 sic
2463 3331 2673 3386 habet:
2707 3333 2770 3387 Et
2800 3332 3040 3403 Spiritus
3068 3333 3166 3387 Dei
3210 3332 3430 3401 fovebat
3476 3347 3667 3401 aquas,

2016 3419 2078 3474 id
2109 3424 2218 3484 est,
2248 3420 2598 3486 vivificabat,
2634 3425 2698 3475 ut
2742 3421 2800 3474 in
2841 3438 3020 3476 novas
3069 3424 3300 3492 cogeret
3349 3423 3667 3483 creaturas,

2017 3513 2074 3563 et
2104 3509 2223 3564 fotu
2257 3525 2364 3564 suo
2397 3510 2685 3564 animaret
2708 3511 2778 3564 ad
2803 3509 3002 3565 vitam.
3023 3510 3168 3564 Nam
3192 3509 3366 3564 etiam
3388 3507 3671 3578 Spiritum

2017 3603 2287 3653 sanctum
2324 3597 2574 3665 legimus
2616 3602 2958 3662 creatorem,
3000 3597 3228 3653 dicente
3268 3598 3399 3662 Job,
3433 3597 3672 3668 Spiritus

2017 3687 2240 3741 divinus
2271 3689 2367 3756 qui
2394 3688 2524 3755 fecit
2572 3703 2658 3741 me
2689 3686 2811 3755 (Job
2860 3705 3023 3750 χχιιι,
3048 3688 3122 3752 4).
3146 3688 3275 3742 Sive
3304 3702 3438 3758 ergo
3489 3686 3669 3756 Spiri-

2019 3779 2116 3830 tus
2159 3780 2400 3830 sanctus
2444 3775 2914 3843 superferebatur
2963 3792 3139 3845 super
3183 3791 3391 3846 aquas,
3418 3775 3670 3830 tenebras

2022 3864 2446 3920 contrariarum
2469 3864 2749 3918 virtutum
2772 3879 2949 3934 super
2968 3879 3066 3918 eas
3087 3878 3216 3917 esse
3238 3878 3354 3916 non
3378 3866 3666 3932 poterant,

2023 3951 2119 4007 ubi
2154 3952 2345 4007 locum
2394 3951 2505 4007 sibi
2556 3955 2718 4007 tanta
2769 3950 2957 4022 gratia
3001 3949 3378 4004 vindicabat:
3412 3949 3552 4014 sive,
3606 3953 3671 4004 ut

2023 4041 2264 4112 quidam
2296 4040 2520 4106 volunt,
2552 4056 2743 4094 aerem
2793 4039 3102 4109 accipiant,
3134 4037 3525 4107 respondeant
3555 4054 3671 4108 qua

2024 4129 2247 4184 ratione
2277 4130 2560 4200 Spiritum
2591 4128 2691 4185 Dei
2735 4128 2962 4194 dixerit,
2983 4143 3116 4184 cum
3164 4125 3308 4182 satis
3357 4126 3532 4182 fuerit
3558 4127 3667 4194 spi-

2025 4220 2192 4273 ritum
2225 4234 2586 4290 nuncupare.

2094 4315 2184 4369 30.
2217 4313 2286 4369 Hi
2316 4330 2452 4383 ergo
2481 4312 2683 4368 volunt
2709 4330 2742 4367 a
2771 4313 3017 4368 Domino
3044 4311 3160 4367 Deo
3193 4314 3391 4365 nostro
3423 4313 3674 4381 quatuor

2027 4402 2285 4474 primum
2317 4401 2604 4456 elementa
2633 4405 2925 4472 generata,
2957 4398 3186 4463 coelum,
3217 4403 3455 4465 terram,
3491 4414 3671 4464 mare,

2027 4507 2252 4557 aerem;
2285 4506 2351 4545 eo
2383 4489 2538 4558 quod
2589 4504 2776 4542 causae
2822 4504 3038 4554 rerum,
3068 4488 3220 4558 ignis
3269 4490 3325 4542 et
3371 4503 3488 4554 aer,
3522 4492 3677 4542 terra

231 4574 383 4630 sine
421 4587 707 4642 aquarum
739 4574 1207 4646 congregatione,
1231 4576 1448 4645 quibus
1481 4580 1618 4630 ante
1649 4575 1916 4630 demersa
1943 4566 1991 4632 D
2023 4583 2080 4634 et
2108 4595 2264 4650 aqua
2308 4577 2448 4640 sint,
2480 4594 2548 4632 ex
2579 4577 2794 4647 quibus
2826 4577 3030 4630 mundi
3085 4576 3311 4647 species
3363 4581 3593 4631 constat
3621 4579 3679 4629 et

227 4662 368 4736 poli
407 4659 589 4730 hujus
619 4660 986 4717 habebantur
1013 4663 1292 4718 exordia?
1319 4663 1479 4720 Tolle
1509 4663 1692 4719 solem
1724 4663 1915 4731 terris,

226 4749 392 4807 tolle
431 4748 592 4804 cretis
623 4749 928 4805 stellarum
956 4750 1182 4823 globos,
1207 4751 1408 4807 omnia
1441 4752 1698 4807 tenebris
1728 4753 1921 4806 inhor-

231 4841 531 4896 rescunt.
564 4837 657 4892 Sic
691 4844 860 4893 erant
905 4843 1220 4911 antequam
1268 4839 1467 4895 lumen
1516 4841 1653 4896 huic
1701 4842 1920 4896 mundo

228 4927 552 4985 Dominus
601 4925 953 4982 int'underet.
988 4929 1059 4983 Et
1106 4929 1236 4984 ideo
1285 4929 1589 5001 Scriptura
1630 4929 1711 4984 ait
1745 4947 1756 4984 :
1791 4932 1922 5000 quia

229 5015 502 5073 tenebrae
553 5019 709 5069 erant
753 5032 918 5086 super
964 5017 1224 5086 abyssum
1276 5019 1425 5088 (Gen.
1461 5034 1501 5084 ι,
1533 5019 1608 5088 2).
1644 5019 1920 5073 Tenebrae

229 5108 454 5169 erant,
482 5103 623 5174 quia
653 5105 930 5176 splendor
970 5105 1170 5161 deerat
1217 5105 1387 5162 lucis.
1412 5107 1689 5163 Tenebrae
1735 5111 1921 5172 erant,

233 5195 409 5268 quia
441 5208 541 5247 aer
569 5191 694 5263 ipse
726 5193 1072 5250 tenebrosus
1118 5200 1224 5250 est.
1258 5199 1424 5267 Aqua
1471 5196 1597 5268 ipsa
1631 5197 1740 5252 sub
1772 5201 1925 5252 nube

230 5281 579 5340 tenebrosa
603 5281 862 5352 est,quia
882 5283 1193 5338 tenebrosa
1215 5299 1366 5355 aqua
1389 5285 1446 5337 in
1470 5283 1729 5338 nubibus
1753 5285 1923 5338 aeris.

231 5373 447 5429 Erant
475 5385 616 5441 ergo
649 5370 898 5425 tenebrae
949 5387 1130 5443 super
1169 5372 1412 5444 abyssos
1463 5388 1769 5442 aquarum.
1803 5373 1925 5428 Non

231 5459 424 5518 enim
451 5457 645 5514 malas
674 5457 1124 5532 intelligendum
1154 5460 1408 5516 arbitror
1429 5462 1928 5532 potestates,quod

316 5565 448 5636 (34)
491 5564 580 5621 Ita
628 5581 774 5621 mss.
817 5566 1122 5624 duodecim
1154 5584 1221 5622 ac
1261 5570 1376 5621 vet.
1410 5566 1573 5632 edit.;
1619 5581 1761 5621 mss.
1797 5584 1930 5624 vero

233 5639 636 5708 Sanamem,
661 5637 828 5696 Corb.
853 5655 1030 5710 unus,
1053 5644 1111 5697 et
1141 5639 1310 5696 Rom.
1337 5637 1475 5694 edit.
1501 5646 1812 5711 perpetuas,
1843 5641 1932 5698 sed

2028 4667 2355 4722 forma.Ubi
2379 4666 2557 4737 igitur
2582 4665 2832 4719 tenebrae
2856 4665 3252 4735 nequitiarum
3279 4663 3673 4736 spiritualium

2029 4755 2222 4812 locum
2257 4755 2469 4810 habere
2517 4759 2851 4824 potuerunt,
2884 4770 3018 4809 cum
3051 4760 3314 4825 augustae
3364 4754 3544 4822 hujus
3576 4753 3676 4804 de-

2028 4861 2219 4900 corem
2257 4845 2456 4914 ﬁgurae
2490 4843 2746 4896 mundus
2795 4841 3098 4896 indueret?
3150 4840 3448 4910 Numquid
3497 4836 3672 4891 simul

2031 4931 2316 4986 malitiam
2350 4931 2503 4985 Deus
2535 4929 2786 4984 creavit?
2817 4930 2926 4985 Sed
2976 4946 3044 4984 ea
3083 4946 3149 4984 ex
3181 4928 3348 4983 nobis
3379 4929 3522 4988 orta,
3557 4940 3672 4978 non

2031 5038 2065 5076 a
2095 5026 2349 5076 creatore
2379 5020 2492 5074 Deo
2525 5018 2776 5084 condita,
2812 5035 3044 5074 morum
3085 5017 3312 5072 levitate
3341 5017 3673 5085 generatur,

2033 5127 2148 5165 non
2182 5108 2361 5163 ullam
2394 5113 2668 5163 creaturae
2699 5108 2922 5162 habens
2953 5101 3408 5177 praerogativam,
3443 5117 3547 5156 nec
3573 5119 3676 5156 au-

2035 5199 2361 5254 ctoritatem
2406 5197 2746 5252 substantia:
2779 5194 3083 5258 naturalis,
3118 5192 3218 5247 sed
3269 5189 3676 5246 mutabilitatis

2033 5287 2262 5351 vitium,
2320 5293 2378 5342 et
2425 5301 2677 5340 errorem
2725 5282 3135 5356 prolapsionis.
3185 5278 3479 5336 Eradicari
3529 5279 3679 5335 hanc

2041 5378 2189 5432 Deus
2214 5375 2332 5430 vult.
2353 5375 2422 5429 de
2449 5373 2663 5428 animis
2687 5371 3073 5443 singulorum,
3093 5369 3383 5442 quomodo
3405 5386 3532 5424 eam
3557 5369 3682 5441 ipse

2039 5463 2374 5538 generaret?
2428 5461 2651 5515 Clamat
2709 5458 2988 5531 propheta
3033 5477 3045 5514 :
3093 5461 3325 5515 Desinite
3374 5475 3408 5512 a
3449 5460 3682 5521 malitiis

2039 5573 2195 5644 quasi
2218 5566 2592 5644 corruptibiles
2611 5573 2907 5644 creaturas.
2921 5564 3051 5622 Vat.
3075 5566 3277 5636 Codd.,
3297 5569 3632 5639 perpetuam.
3645 5605 3658 5619 .
3669 5606 3681 5620 .

2039 5641 2449 5716 corruptibilem
2475 5643 2802 5693 creaturam.
