4122 6186
394 304 502 369 ibi

1849 308 1913 367 S.
1962 306 2339 371 AMBROSII

3694 303 3813 366 152

381 441 571 499 vestris
617 440 745 514 (lsa.
788 457 829 508 ι,
878 440 989 512 46).
1040 440 1109 499 Et
1166 439 1454 516 praecipue
1514 443 1755 498 sanctus
1804 438 1985 497 David
2022 456 2034 498 :
2067 442 2122 510 Α
2153 440 2502 514 humilitate,
2527 441 2769 517 diligere
2789 437 3325 499 mansuetudinem.
3350 436 3501 505 Quid
3533 441 3811 496 naturam

383 530 580 587 Desine
608 547 643 586 a
669 531 841 600 malo,
876 536 926 587 cl
954 534 1044 604 fac
1070 533 1267 587 bonum
1295 531 1465 601 (Μαι.
1502 548 1699 596 XXXIII,
1737 532 1853 601 15);
1889 548 2034 603 quo-

388 620 562 675 modo
591 635 730 693 ergo
768 621 819 677 ei
864 620 1097 676 initium
1132 638 1163 675 a
1195 620 1441 675 Domino
1472 620 1726 675 damus?
1758 621 1866 675 Sed
1920 620 2043 675 haec

389 707 587 781 opinio
645 709 843 765 feralis
901 726 1100 765 eorum
1161 709 1261 779 qui
1327 710 1785 781 perturbandam
1847 709 2043 765 Eccle-

392 798 540 854 siam
589 802 957 871 putaverunt.
989 798 1133 852 Hinc
1176 798 1521 866 Marciones,
1555 798 1693 855 hinc
1723 798 2042 857 Valentini.

393 887 532 944 hinc
562 892 759 960 pestes
789 886 898 941 illae
943 886 1395 943 Manichaeorum
1442 888 1671 945 funesta
1704 894 2041 944 sanctorum

397 977 692 1033 mentibus
717 979 1083 1031 tentaverunt
1122 977 1335 1033 inferre
1368 978 1653 1050 contagia.
1677 977 1823 1042 Quid
1875 978 2045 1033 nobis

396 1066 457 1121 in
488 1064 613 1137 ipso
640 1062 862 1119 lumine
891 1063 1019 1119 vitae
1065 1065 1337 1120 tenebras
1386 1067 1591 1122 mortis
1638 1065 2046 1138 inquirimus?

394 1153 694 1225 Scriptura
746 1152 945 1208 divina
999 1153 1250 1209 salutem
1306 1155 1588 1227 suggerit,
1619 1155 1748 1210 vitae
1806 1157 2042 1212 odorem

393 1242 630 1314 fragrat,
665 1244 731 1296 ut
756 1241 1099 1298 suavitatem
1132 1242 1330 1315 legens
1361 1244 1578 1316 capias,
1611 1262 1725 1300 non
1757 1249 1821 1307 ut
1851 1244 2045 1316 praeci-

392 1329 520 1404 pitii
556 1330 872 1387 discrimen
904 1331 1188 1388 incurras.
1226 1332 1584 1405 Simpliciter
1609 1333 1755 1405 lege,
1779 1350 1812 1389 ο
1846 1333 2041 1402 homo,

393 1436 507 1476 non
552 1419 657 1475 tibi
708 1420 835 1492 ipse
883 1420 1105 1476 foveam
1165 1439 1377 1494 pravus
1424 1421 1711 1495 interpres
1759 1423 2041 1479 etfodias:

398 1508 646 1582 simplex
678 1526 871 1566 sermo
902 1514 1009 1578 est,
1035 1514 1163 1582 quia
1192 1514 1319 1583 fecit
1349 1513 1482 1568 Deus
1511 1514 1703 1569 caelum
1732 1518 1784 1568 et
1816 1517 2041 1569 terram.

394 1598 554 1655 Fecit
582 1599 737 1670 quod
768 1615 883 1654 non
928 1603 1072 1669 erat,
1106 1617 1221 1657 non
1255 1602 1410 1672 quod
1438 1606 1576 1657 erat.
1611 1604 1677 1657 Et
1725 1610 1873 1658 terra
1922 1606 2045 1658 erat

394 1687 714 1754 invisibilis,
745 1703 812 1743 ex
864 1704 980 1759 quo
1029 1688 1181 1745 facta
1222 1694 1331 1760 est,
1364 1694 1518 1759 erat;
1569 1694 1623 1745 et
1670 1695 1796 1747 erat
1842 1691 2044 1747 invisi-

2158 551 2422 600 accusas,
2465 550 2496 590 ο
2546 532 2765 589 homo?
2808 532 2993 589 Habet
3039 529 3143 587 illa
3181 529 3341 587 velut
3386 528 3822 603 impedimenta

2159 623 2448 694 quaedam,
2472 626 2833 679 senectutem
2867 626 2924 677 et
2947 620 3371 676 inﬁrmitatem.
3399 619 3509 675 Sed
3541 621 3822 674 senectus

2159 712 2286 783 ipsa
2316 711 2373 766 in
2407 711 2578 767 bonis
2610 711 2874 767 moribus
2918 709 3167 777 dulcior,
3192 709 3250 763 in
3284 708 3548 764 consiliis
3591 706 3826 773 utilior,

2159 801 2229 856 ad
2266 798 2655 855 constantiam
2703 799 3020 855 subeunda
3053 797 3262 853 mortis
3305 796 3584 869 paratior,
3616 796 3691 851 ad
3729 811 3827 851 re-

2157 889 2495 961 primendas
2528 888 2803 943 libidines
2836 888 3059 943 fortior.
3084 886 3402 942 Inﬁrmitas
3422 902 3661 958 quoque
3691 901 3825 941 eor-

2155 977 2335 1050 poris,
2370 977 2658 1033 sobrietas
2703 977 2918 1032 mentis
2962 980 3068 1032 est.
3104 975 3269 1032 Unde
3318 976 3398 1031 ait
3446 973 3768 1047 Apostolus
3807 992 3823 1030 :

2155 1067 2290 1122 Cum
2317 1067 2591 1138 inﬁrmor,
2625 1075 2756 1122 tunc
2797 1070 2988 1139 potens
3016 1082 3142 1121 sum
3172 1065 3244 1136 (ll
3273 1064 3392 1122 Cor.
3418 1081 3519 1130 χιι,
3553 1063 3665 1135 40).
3701 1064 3821 1119 Ita-

2161 1173 2275 1228 que
2307 1172 2423 1211 non
2456 1156 2515 1211 in
2547 1154 2885 1222 virtutibus,
2920 1154 3018 1210 sed
3054 1153 3501 1211 inﬁrmitatibus
3528 1150 3827 1226 gloriaba-

2153 1249 2270 1300 tur.
2305 1245 2672 1317 Responsum
2724 1260 2957 1315 quoque
3000 1243 3264 1298 divinum
3316 1241 3548 1298 refulsit
3576 1240 3821 1297 oraculo

2154 1333 2427 1401 salutari;
2463 1333 2599 1406 quia
2628 1333 2816 1389 virtus
2861 1332 2923 1387 in
2969 1330 3311 1387 inﬁrmitate
3340 1335 3824 1387 consummatur.

2155 1422 2261 1479 Illa
2317 1423 2572 1479 cavenda
2620 1423 2714 1494 (l5
2740 1422 2854 1494 q.l
2912 1438 3039 1492 cap.
3081 1421 3186 1477 Illa
3237 1421 3518 1492 cavenda),
3570 1437 3697 1493 quae
3748 1437 3827 1476 ex

2159 1516 2362 1568 nostra
2409 1510 2706 1567 voluntate
2766 1511 3074 1582 prodeunt,
3106 1508 3319 1565 delicta
3365 1510 3717 1581 juventutis,
3764 1515 3829 1566 et

2163 1599 2594 1656 irrationabiles
2647 1598 2953 1672 passiones
2993 1598 3277 1671 corporis.
3331 1599 3589 1662 Quorum
3635 1597 3829 1671 igitur

2159 1705 2267 1744 nos
2315 1705 2525 1744 sumus
2579 1688 2823 1756 domini,
2856 1687 3066 1744 horum
3118 1686 3409 1760 principia
3455 1686 3827 1744 extrinsecus

396 1774 552 1843 bilis,
585 1774 725 1848 quia
771 1777 1105 1832 exundabat
1153 1794 1326 1850 aqua,
1359 1783 1416 1833 ct
1457 1779 1753 1850 operiebat
1804 1786 1954 1848 eam‘,
1988 1796 2057 1846 eg
2092 1814 2139 1879 B
2169 1795 2286 1834 non
2318 1778 2720 1849 requiramus;
2754 1793 2859 1833 nec
2889 1776 3221 1832 derivemus
3246 1776 3305 1831 in
3329 1776 3495 1845 alios,
3520 1776 3622 1832 sed
3644 1792 3828 1849 agno-

398 1866 566 1919 crant
598 1880 775 1936 super
802 1881 930 1920 eam
962 1866 1213 1921 tenebrae
1246 1868 1584 1939 superfusae,
1620 1869 1760 1941 quia
1787 1870 2047 1925 nondum

397 1954 522 2008 erat
545 1950 745 2008 lumen
778 1951 913 2017 diei,
947 1953 1211 2009 nondum
1255 1953 1397 2010 solis
1438 1955 1659 2023 radius,
1685 1955 1786 2026 qui
1817 1955 1966 2011 solet
1995 1960 2052 2011 et

400 2040 510 2097 sub
542 2039 712 2112 aquis
736 2040 978 2097 latentia
998 2040 1314 2099 declararet
1339 2043 1486 2110 Quid
1513 2060 1647 2115 ergo
1671 2044 1875 2101 dicunt
1897 2045 2049 2117 quod

318 2124 325 2127 μ
397 2129 553 2186 Deus
584 2130 861 2186 creaverit
889 2130 1133 2197 malum,
1155 2148 1291 2187 cum
1324 2149 1391 2188 ex
1421 2132 1730 2189 contrariis
1762 2138 1819 2188 et
1849 2134 2050 2189 adver-

400 2217 483 2275 sis
513 2219 1030 2292 nequaquamsibi
1061 2220 1303 2276 adversa
1332 2221 1725 2293 generantur?
1747 2222 1860 2278 Nec
1893 2222 2050 2277 enim

395 2306 518 2364 vita
546 2311 796 2364 mortem
843 2314 1101 2381 generat,
1136 2325 1239 2365 nec
1288 2310 1385 2365 lux
1415 2310 1706 2366 tenebras.
1736 2311 1861 2366 Non
1893 2310 2049 2366 enim

399 2396 553 2454 sicut
582 2397 1009 2454 mutabilitates
1043 2400 1380 2465 affectuum,
1408 2399 1491 2454 ita
1515 2399 1689 2455 etiam
1724 2399 2051 2471 generatio-

400 2502 541 2541 num
577 2485 1015 2559 progressiones
1051 2491 1211 2543 sunt.
1247 2486 1359 2542 Illae
1392 2504 1459 2542 ex
1491 2488 1799 2544 contrariis
1829 2487 1888 2542 in
1921 2504 2053 2543 eon-

400 2575 581 2631 traria
612 2575 895 2648 propositi
935 2575 1253 2632 deﬂexione
1292 2580 1605 2632 vertuntur
1637 2592 1649 2631 :
1684 2577 1807 2632 ista:
1839 2593 1953 2633 non
1986 2593 2055 2632 ex

398 2664 708 2721 contrariis
739 2663 799 2719 in
831 2664 1073 2720 adversa
1104 2664 1515 2734 deflectuntnr,
1550 2665 1649 2721 sed
1685 2683 1753 2721 ex
1787 2666 2049 2737 ejusdem

399 2752 630 2828 generis
665 2751 753 2809 vel
797 2753 1157 2818 auctoribus,
1188 2753 1273 2809 vel
1307 2754 1503 2810 causis
1532 2759 1756 2822 creatae,
1790 2755 1848 2810 in
1884 2755 2052 2811 simi-

401 2842 712 2900 litudinem
745 2840 836 2898 sui
868 2842 1203 2898 referuntur
1232 2843 1508 2899 auctoris.

470 2932 562 2989 3|.
605 2931 754 2996 Quid
804 2931 986 3005 igitur
1031 2931 1296 2988 dicemus
1343 2933 1503 3005 (35)?
1551 2932 1608 2988 Si
1660 2931 1816 2987 enim
1866 2950 2055 3006 neque

403 3023 531 3079 sine
587 3020 875 3094 principio
932 3026 1041 3089 est,
1076 3021 1245 3093 quasi
1302 3022 1580 3091 incroata,
1618 3038 1808 3094 neque
1857 3040 1890 3077 a
1938 3022 2052 3079 Deo

405 3111 576 3178 facta,
600 3110 757 3166 unde
787 3109 963 3166 habet
983 3112 1191 3166 natura
1220 3109 1545 3165 malitiam?
1568 3110 1714 3165 Nam
1739 3110 1894 3166 mala
1924 3128 2053 3167 esse

2169 1883 2403 1922 scamus
2449 1884 2518 1922 ca
2563 1883 2689 1939 quae
2728 1865 2960 1938 proprie
3010 1868 3210 1921 nostra
3258 1869 3416 1920 sunt.
3451 1864 3611 1933 Quod
3662 1865 3824 1922 enim

2160 1972 2477 2028 possumus
2502 1973 2616 2011 non
2641 1956 2832 2010 facere
2855 1955 2904 2010 si
2938 1953 3240 2022 nolumus,
3265 1953 3447 2025 hujus
3477 1952 3826 2011 electionem

2161 2044 2302 2100 mali
2346 2044 2514 2100 nobis
2547 2044 2741 2117 potius
2775 2043 3087 2111 debemus,
3123 2060 3300 2115 quam
3348 2042 3481 2099 aliis
3509 2042 3824 2100 ascribere.

2162 2133 2294 2189 Ideo
2321 2132 2495 2190 etiam
2528 2133 2587 2188 in
2603 2132 2848 2204 judiciis
2869 2132 3043 2188 istius
3064 2131 3270 2188 mundi
3291 2131 3649 2189 voluntarios
3669 2150 3825 2201 reos,

2161 2240 2277 2289 non
2328 2240 2396 2278 ex
2446 2223 2795 2279 necessitate
2844 2220 3395 2294 compulsos,culpa
3447 2222 3824 2295 constringit,

2162 2329 2332 2385 poma
2390 2312 2758 2367 condemnat.
2816 2311 3016 2382 Neque
3073 2310 3229 2366 enim
3290 2311 3340 2367 si
3401 2327 3505 2383 per
3561 2311 3830 2368 furorem

2162 2400 2376 2472 aliquis
2408 2400 2774 2455 innocentem
2807 2399 3139 2471 peremerit,
3172 2400 3460 2457 obnoxius
3500 2400 3680 2457 morti
3712 2408 3829 2457 est.

2161 2490 2309 2554 Quin
2345 2488 2521 2544 etiam
2559 2488 2748 2561 ipsius
2780 2487 2988 2544 divinae
3036 2488 3182 2561 legis
3231 2488 3468 2545 oraculo
3490 2490 3675 2560 (Deut.
3699 2507 3826 2557 xxx,

2160 2579 2238 2651 5),
2265 2578 2313 2633 si
2350 2579 2481 2650 quis
2506 2594 2609 2650 per
2637 2577 3096 2649 imprudentiam
3128 2577 3394 2634 intulerit
3416 2594 3638 2645 necem,
3664 2578 3826 2634 acci-

2164 2668 2248 2739 pit
2279 2666 2653 2739 impunitatis
2685 2683 2869 2738 spcm,
2904 2666 3112 2740 refugii
3146 2665 3503 2735 facultatem,
3532 2673 3599 2722 ut
3628 2666 3830 2739 possit

2160 2756 2422 2813 evadere.
2458 2755 2576 2810 Hoc
2608 2755 2787 2826 igitur
2816 2755 2888 2811 de
2930 2772 2996 2811 eo
3031 2756 3186 2828 quod
3218 2756 3450 2827 proprie
3482 2756 3703 2811 malum
3732 2756 3826 2811 vi-

2162 2845 2351 2912 detur,
2385 2844 2608 2899 dictum
2652 2843 2748 2899 sit.
2783 2842 2935 2899 Mala
2965 2843 3122 2899 enim
3172 2860 3288 2899 non
3340 2848 3480 2900 sunt
3530 2844 3641 2901 nisi
3694 2861 3828 2917 qum

2163 2934 2405 2989 crimine
2435 2937 2691 2989 mentem
2720 2932 3026 3005 implicant
3067 2937 3123 2989 et
3162 2933 3580 2990 conscientiam
3609 2933 3817 3006 ligant.

2162 3023 2443 3079 Caeterum
2477 3021 2838 3094 pauperiem,
2888 3021 3336 3095 ignobilitatem,
3385 3021 3818 3096 aegritudinem,

2163 3116 2410 3167 mortem
2458 3127 2628 3166 nemo
2678 3110 2914 3183 sapiens
2962 3110 3118 3167 mala
3166 3110 3392 3178 dixerit,
3428 3128 3536 3167 nec
3581 3111 3639 3167 in
3690 3128 3816 3168 ma-

404 3197 465 3254 in
496 3198 605 3254 hoc
648 3198 870 3255 mundo
900 3198 1102 3254 nullus
1148 3198 1383 3270 sapiens
1435 3199 1760 3271 denegavit,
1793 3217 1926 3256 cum
1976 3201 2053 3257 sit
2082 3180 2124 3246 (ἶ
2164 3201 2353 3257 lorum
2412 3206 2568 3256 sorte
2625 3200 3058 3268 numeraverit;
3124 3200 3263 3272 quia
3342 3217 3446 3256 nec
3525 3200 3824 3261 contraria

405 3287 507 3345 18
537 3291 660 3344 tam
690 3288 964 3360 frequens
993 3288 1052 3342 in
1084 3287 1192 3343 hoc
1215 3286 1424 3344 saeculo
1446 3286 1645 3360 lapsus
1676 3289 1745 3343 ad
1780 3294 2047 3345 mortem.

404 3376 516 3434 Sed
547 3393 616 3432 ex
653 3376 727 3433 iis
776 3394 903 3449 quae
945 3377 1072 3448 jam
1104 3376 1382 3442 diximus,
1413 3392 1731 3448 possumus
1781 3377 2052 3455 colligere

402 3465 543 3538 quia
588 3482 704 3522 non
756 3469 843 3522 est
892 3466 1021 3521 viva
1071 3466 1421 3533 substantia,
1467 3466 1568 3522 sed
1612 3466 1826 3522 mentis
1876 3471 2051 3539 atque

402 3554 582 3612 animi
617 3555 970 3628 depravatio,
1006 3572 1038 3610 a
1064 3555 1301 3610 tramite
1330 3554 1563 3610 virtutis
1595 3554 1776 3624 devia,
1812 3573 1937 3628 qua:
1968 3557 2051 3611 in-

400 3643 765 3700 curiosorum
799 3642 1012 3699 animis
1058 3660 1233 3715 quam
1285 3644 1619 3715 frequenter
1647 3644 1892 3717 obrepit.
1924 3644 2047 3702 Non

398 3733 580 3806 igitur
607 3732 679 3789 ab
709 3732 999 3789 extraneis
1048 3738 1136 3789 est
1185 3732 1376 3797 nobis,
1413 3750 1588 3805 quam
1623 3750 1657 3788 a
1686 3735 1855 3790 nobis
1904 3735 2049 3805 ipsis

399 3822 593 3895 majus
622 3821 969 3894 periculum.
992 3823 1157 3878 Intus
1197 3826 1285 3878 est
1327 3822 1719 3889 adversarius,
1747 3822 1909 3879 intus
1941 3841 2047 3878 au-

398 3915 524 3969 ctor
552 3910 787 3980 erroris,
812 3911 995 3979 intus,
1024 3912 1288 3983 inquam,
1307 3911 1543 3967 clausus
1574 3911 1633 3965 in
1667 3911 2048 3985 nobismetip-

397 4001 501 4058 sis.
526 4000 897 4073 Propositum
929 4004 1099 4054 tuum
1124 3999 1443 4072 speculare,
1469 3999 1733 4054 habitum
1759 4004 1868 4054 tuae
1891 4018 2048 4057 men-

396 4089 473 4146 tis
504 4088 1046 4162 explora,excubias
1078 4088 1327 4143 obtende
1357 4088 1664 4144 adversum
1698 4091 1912 4145 mentis
1933 4095 2046 4147 tum

397 4177 806 4252 cogitationes,
839 4182 895 4234 et
925 4176 1105 4234 animi
1145 4177 1515 4250 cupiditates.
1543 4179 1629 4232 Tu
1672 4178 1798 4250 ipse
1847 4179 1949 4235 tibi
1983 4197 2046 4238 es

397 4284 574 4324 causa
594 4266 1010 4340 improbitatis,
1034 4270 1097 4323 tu
1122 4266 1247 4340 ipse
1268 4266 1384 4322 dux
1408 4266 1763 4339 ﬂagitiorum
1784 4271 2045 4341 tuorum,

396 4360 572 4427 atque
597 4355 863 4412 incentor
911 4356 1247 4412 criminum.
1275 4355 1420 4419 Quid
1472 4354 1718 4410 alienam
1770 4362 2041 4414 naturam

395 4443 645 4501 arcessis
671 4445 741 4499 ad
774 4446 1207 4501 excusationem
1238 4451 1473 4499 tuorum
1505 4444 1774 4516 lapsum?
1805 4445 2035 4503 Utinam

2160 3290 2290 3345 istis
2321 3289 2379 3344 in
2412 3289 2581 3345 bonis
2621 3289 2909 3344 habentur
2953 3289 3247 3357 maximis,
3282 3306 3534 3361 quorum
3566 3289 3677 3345 alia
3704 3306 3820 3345 no-

2159 3379 2253 3434 bis
2299 3396 2367 3434 cx
2416 3383 2644 3447 natura,
2679 3376 2793 3433 alia
2841 3395 2909 3434 ex
2959 3378 3373 3434 commoditate
3422 3378 3683 3435 accidere
3729 3378 3819 3435 vi-

2162 3467 2389 3524 dentur.

2230 3559 2319 3612 3‘2.
2351 3557 2476 3612 Non
2512 3556 2694 3612 otiose
2724 3555 2894 3612 nobis
2934 3572 3215 3612 excursus
3264 3555 3373 3612 iste
3402 3555 3715 3628 processit;
3749 3560 3821 3612 ut

2158 3646 2543 3718 probaremus
2583 3646 2856 3701 tenebras
2898 3650 2955 3700 et
3004 3645 3285 3718 abyssum
3339 3644 3685 3718 simpliciter
3715 3662 3819 3702 ac-

2159 3734 2445 3807 cipienda.
2499 3735 2677 3790 Erant
2723 3734 2880 3789 enim
2930 3735 3183 3789 tenebrae
3241 3734 3311 3789 de
3361 3735 3819 3791 obumbratione

2158 3825 2259 3880 19
2307 3823 2462 3891 coeli;
2509 3822 2647 3895 quia
2701 3839 2873 3879 omne
2918 3840 3127 3894 corpus
3177 3823 3448 3879 umbram
3500 3823 3653 3892 facit,
3691 3840 3817 3895 qua

2158 3914 2471 3969 obumbrat
2506 3911 2594 3968 vel
2643 3910 2894 3968 finitima
2940 3911 3028 3967 vel
3080 3912 3376 3980 inferiora,
3411 3917 3468 3968 et
3510 3929 3576 3968 ea
3624 3914 3819 3969 maxi-

2157 4018 2270 4069 me,
2314 4018 2440 4074 quae
2493 4000 2719 4069 Operire
2766 4006 2941 4073 atque
2989 4000 3290 4057 includere
3335 4001 3582 4057 videtur.
3617 4001 3816 4058 Inclu-

2156 4090 2242 4145 dit
2271 4095 2464 4146 autem
2519 4087 2646 4145 cceli
2706 4089 2898 4161 polus,
2933 4089 3072 4161 quia
3102 4089 3312 4145 caelum
3370 4090 3523 4145 sicut
3579 4107 3820 4147 camera

2155 4178 2504 4247 extenditur,
2523 4179 3024 4250 quemadmodum
3050 4196 3230 4250 supra
3251 4178 3813 4237 demonstravimus.

2155 4267 2276 4323 Non
2314 4284 2451 4340 ergo
2511 4267 2854 4340 principalis
2905 4271 3029 4323 erat
3086 4268 3396 4325 tenebrosa
3441 4268 3814 4339 substantia;

2152 4357 2252 4413 sed
2287 4357 2453 4428 quasi
2487 4357 2695 4413 umbra
2746 4362 2946 4412 secuta
2977 4359 3068 4412 est
3107 4356 3315 4412 mundi
3358 4373 3569 4429 corpus
3620 4356 3815 4430 caligo

2154 4447 2545 4501 tenebrarum.
2584 4445 2787 4517 Itaque
2835 4449 3129 4501 momento
3171 4445 3374 4500 divina:
3407 4445 3814 4517 praeceptionis

392 4539 449 4590 te
479 4532 606 4605 ipse
636 4548 748 4587 non
800 4533 1151 4606 impclleres,
1182 4533 1408 4588 utinam
1457 4550 1572 4589 non
1623 4534 2016 4606 praecipitares
2038 4597 2051 4621 ,
2087 4554 2131 4620 D
2163 4535 2423 4590 mundus
2470 4550 2805 4606 assurgens,
2840 4534 2996 4589 intra
3026 4550 3088 4590 se
3116 4532 3356 4589 inclusit
3406 4533 3710 4603 umbram;
3744 4539 3816 4591 ut

393 4622 620 4678 utinam
656 4636 770 4677 non
800 4621 1121 4678 involveres
1165 4626 1267 4677 aut
1309 4621 1519 4677 studiis
1549 4622 2045 4680 immoderatiori-

389 4711 528 4780 bus,
562 4714 665 4767 aut
709 4709 1130 4784 indignatione,
1159 4715 1261 4765 aut
1291 4709 1730 4782 cupiditatibus,
1761 4728 1886 4782 quze
1936 4730 2042 4769 nos

386 4801 633 4857 innexos
662 4797 820 4855 velut
866 4799 1223 4872 quibusdam
1273 4799 1497 4855 retibus
1527 4803 1744 4854 tenent.
1775 4801 1843 4854 Et
1890 4806 2043 4856 certe

385 4891 445 4947 in
477 4889 647 4947 nobis
680 4892 768 4946 est
798 4888 1084 4946 moderari
1110 4887 1324 4954 studia,
1349 4887 1618 4944 cohibere
1650 4888 2039 4958 iracundiam,

388 4996 649 5037 coercere
680 4979 1032 5051 cupiditates
1066 4994 1077 5032 :
1112 4978 1170 5032 in
1214 4978 1381 5033 nobis
1410 4982 1499 5033 est
1530 4977 1705 5032 etiam
1738 4977 2043 5051 indulgere

386 5066 648 5135 luxurim,
673 5068 902 5126 adolere
931 5068 1045 5141 (36)
1093 5066 1386 5133 libidines,
1419 5066 1787 5121 inﬂammare
1818 5066 2045 5124 iracun-

390 5155 674 5223 diam,ch
704 5156 1095 5213 inﬂammanti
1124 5173 1327 5212 aurem
1361 5155 2040 5223 accommodarc,elevari

394 5243 582 5315 magis
614 5246 904 5315 superbia,
934 5246 1153 5303 etl‘undi
1186 5246 1244 5300 in
1276 5243 1769 5314 saavitiam,quam
1802 5246 2039 5316 reprimi

459 5384 570 5459 (3S)
599 5385 752 5459 Edit.
785 5386 994 5459 l’aris.,
1020 5389 1157 5457 Quid
1187 5386 1626 5459 igiturrdelcrius
1648 5388 1673 5438 .9

455 5456 569 5529 (36)
599 5456 748 5529 Edit.
784 5457 975 5529 ltom.,
1012 5456 1245 5514 abolere.
1280 5458 1532 5529 Reliquae
1564 5461 1618 5513 et
1663 5472 1869 5513 omnes
1902 5474 2036 5513 con-

390 5526 757 5602 stantissime
786 5526 988 5602 legunt
1013 5529 1249 5599 adolere,
1284 5531 1341 5585 id
1372 5526 1459 5585 est
1491 5545 1721 5602 augere.

452 5598 566 5671 (37)
596 5598 782 5655 Scena
814 5598 976 5654 locus
1001 5604 1089 5655 est
1112 5598 1291 5657 ramis
1319 5598 1601 5657 arborum
1616 5605 1829 5670 tectus,
1855 5600 2033 5658 Maro.

2162 4623 2209 4679 si
2241 4623 2374 4695 quis
2404 4623 2463 4677 in
2497 4623 2684 4695 campi
2717 4623 2927 4691 medio,
2964 4640 3138 4694 quem
3171 4622 3256 4679 sol
3286 4622 3648 4678 meridianus
3677 4622 3815 4679 illu-

2153 4711 2358 4779 minat,
2386 4711 2578 4767 locum
2627 4712 2879 4784 aliquem
2915 4717 3152 4784 repente
3183 4711 3468 4784 obsepiat,
3501 4716 3559 4767 et
3606 4712 3814 4768 densis

2155 4817 2452 4856 ramorum
2502 4799 2809 4855 frondibus
2846 4804 3024 4872 tegat,
3058 4817 3251 4856 nonne
3280 4816 3397 4872 quo
3442 4799 3814 4872 splendidior

2154 4889 2295 4945 foris
2325 4889 2549 4961 species
2577 4888 2685 4945 loci
2736 4890 2864 4960 ejus
2912 4889 3202 4963 etl‘ulgeat,
3235 4888 3342 4944 hec
3388 4889 3650 4946 horrenti
3702 4890 3812 4946 de-

2155 4995 2331 5050 super
2361 4994 2533 5032 scena
2560 4977 3069 5049 (37)gurgustium
3100 4979 3229 5049 ejus
3282 4977 3444 5033 intus
3491 4977 3812 5035 obscurius

2153 5067 2261 5122 ﬁt?
2308 5069 2422 5121 Aut
2477 5067 2633 5122 unde
2687 5070 2944 5134 antrum,
2995 5065 3264 5123 clausum
3302 5065 3577 5139 undique
3623 5066 3815 5139 hujus

2152 5155 2309 5211 modi
2340 5154 2532 5210 locum
2582 5161 2882 5223 vocarunt,
2914 5155 3028 5211 nisi
3063 5156 3218 5228 quod
3269 5159 3393 5212 atro
3439 5155 3815 5214 inhorrescat

2152 5246 2266 5300 situ
2300 5249 2475 5316 atque
2506 5245 2791 5301 effusione
2832 5245 3248 5302 tenebrarum?
3280 5246 3405 5302 Istas
3456 5262 3593 5320 ergo
3639 5249 3811 5303 tene-

2152 5386 2402 5442 1.1A'In.
2442 5404 2455 5442 :

3009 5498 3123 5544 tum
3153 5491 3320 5557 sylvis
3350 5506 3510 5545 scena
3539 5497 3778 5547 coruscis

2146 5557 2401 5620 Desuper,
2433 5555 2783 5621 horrentique
2812 5560 2988 5609 atrum
3018 5555 3212 5608 nemus
3237 5556 3482 5608 imminet
3510 5557 3721 5609 umbra.
