4122 6186
286 378 394 439 153

1570 360 2113 425 llEXAEMERON
2158 359 2303 419 LlB.
2352 358 2396 418 1.

3581 355 3688 414 liii

279 511 395 568 brae
423 525 603 582 super
645 522 932 582 aquarum
974 507 1217 581 abyssos
1257 508 1442 561 erant.
1474 500 1596 560 Non
1643 501 1920 574 abyssum
1953 495 2007 561 Α
2037 491 2482 566 explicari.0uid
2519 489 2806 547 miramur
2834 489 2882 547 si
2908 493 3058 548 Deus
3088 489 3318 548 locutus
3349 495 3437 547 est
3466 488 3687 556 lucem,

281 600 722 658 multitudinem
755 604 812 654 et
842 597 1196 671 profundum
1249 613 1536 668 aquarum
1597 594 1732 656 dici,
1760 591 1928 647 lectio

280 690 571 762 Evangelii
605 690 774 744 docet
806 690 958 759 (Luc.
1009 705 1131 754 vuI,
1165 687 1276 757 3i),
1326 686 1425 740 ubi
1475 685 1758 755 rogabant
1805 682 1926 736 Sal-

277 786 533 836 vatorem
567 779 879 845 daamonia,
911 795 982 833 ne
1005 778 1240 848 juberet
1269 775 1383 832 illis
1435 780 1499 830 ut
1546 775 1603 829 in
1651 775 1928 845 abyssum

281 870 448 925 irent.
498 870 608 924 Sed
665 868 763 939 qui
822 868 1068 922 docebat
1113 866 1442 922 voluntates
1507 863 1929 920 daemoniorum

283 976 400 1015 non
433 975 556 1013 esse
575 958 894 1024 faciendas,
931 956 1204 1028 praecepit
1240 955 1356 1011 illis
1403 959 1470 1011 ut
1518 955 1670 1009 irent
1707 953 1766 1008 in
1799 970 1930 1024 por-

286 1067 407 1106 cos.
442 1047 600 1104 Porci
633 1053 828 1102 autem
862 1063 924 1102 se
957 1047 1014 1101 in
1048 1051 1322 1118 stagnum
1356 1062 1642 1118 aquarum
1671 1043 1930 1115 praecipi-

281 1142 500 1203 tarunt,
597 1140 664 1192 ut
755 1137 910 1208 quod
997 1135 1346 1190 recusabant
1421 1133 1746 1201 daemonia,
1817 1149 1930 1188 non

280 1228 615 1292 evaderent,
658 1226 758 1282 sed
825 1225 1000 1297 digno
1068 1224 1384 1296 praecipitio
1434 1225 1930 1295 demergerentur.

275 1318 419 1372 Erat
483 1332 619 1388 ergo
686 1314 810 1368 haec
877 1314 1082 1369 mundi
1159 1313 1550 1385 incomposita
1616 1311 1840 1384 species
1879 1315 1935 1364 et

277 1405 494 1462 forma.

927 1509 1157 1565 CAPUT
1198 1509 1284 1564 IX.

272 1603 523 1659 Creatur
551 1602 692 1656 lux:
724 1600 909 1656 eadem
940 1618 972 1654 a
1006 1599 1240 1655 tenebris
1286 1599 1618 1654 discernitur
1648 1603 1808 1666 atque
1837 1613 1934 1666 ap-

340 1674 656 1746 probatur:
688 1676 738 1729 et
767 1689 873 1744 qua
902 1688 1065 1727 causa
1112 1672 1212 1726 tua:
1257 1671 1394 1739 dies,
1426 1687 1489 1724 ac
1529 1669 1767 1725 tenebrw
1805 1684 1934 1733 nom,

345 1745 670 1817 appellatae.

2040 589 2095 638 et
2125 583 2396 655 caliganti
2431 583 2649 637 mundo
2676 581 2873 638 lumen
2918 582 3174 650 emicuit,
3205 583 3438 654 quando
3472 581 3519 638 si
3553 581 3686 652 quis

2040 674 2192 727 inter
2220 690 2403 744 aquas
2437 689 2684 738 mersus,
2720 671 2912 727 oleum
2978 690 3075 728 ore
3131 672 3409 741 emiserit,
3445 671 3690 727 clariora

2042 761 2214 816 faciat
2245 779 2312 816 ea
2342 778 2469 832 quas
2502 761 2773 832 profundi
2824 762 3170 832 tegebantur
3219 761 3461 816 occultis
3483 763 3510 816 ‘I
3537 761 3690 816 Dixit

2040 851 2194 906 Deus
2221 869 2233 916 ;
2271 867 2382 904 non
2418 855 2480 904 ut
2511 867 2612 921 per
2644 850 2798 905 vocis
2831 867 3050 923 organa
3081 850 3321 922 quidam
3355 868 3536 906 sonus
3569 868 3688 906 ser-

2042 941 2234 996 monis
2263 941 2460 1004 exiret,
2496 957 2599 995 nec
2635 944 2699 994 ut
2729 939 2939 1011 linguai
2974 945 3170 994 motus
3210 941 3443 996 caeleste
3471 940 3688 996 forma-

2043 1036 2130 1086 rot
2159 1030 2684 1102 alloquium,atque
2707 1046 2898 1084 aerem
2923 1029 3100 1084 istum
3121 1030 3360 1100 quidam
3382 1031 3691 1086 verborum

2043 1120 2324 1193 strepitus
2352 1121 2682 1175 verberaret
2710 1137 2722 1174 :
2757 1120 2857 1174 sed
2892 1123 2956 1173 ut
2999 1119 3315 1174 voluntatis
3348 1137 3465 1176 sua:
3498 1121 3694 1194 cogni-

2044 1212 2261 1266 tionem
2296 1209 2408 1278 (39)
2443 1209 2711 1280 proderet
2742 1207 3095 1279 operationis
3127 1209 3354 1263 effectu.

2114 1301 2202 1354 3t.
2237 1302 2303 1353 Et
2331 1299 2595 1354 discrevit
2627 1301 2770 1352 inter
2817 1300 2990 1352 lucem
3045 1307 3096 1352 et
3152 1302 3400 1353 tenebras
3421 1315 3440 1359 .·
3472 1303 3524 1354 et
3561 1301 3695 1355 vidit

2045 1391 2183 1444 Deus
2215 1390 2388 1443 lucem
2419 1390 2549 1459 quia
2581 1389 2721 1441 bona
2745 1391 2820 1442 est
2851 1386 3002 1456 (Gen.
3037 1405 3075 1453 ι,
3109 1388 3182 1454 li).
3214 1388 3367 1443 Dixit
3395 1393 3694 1459 etsonum

2044 1477 2200 1533 vocis
2233 1476 2429 1532 nullus
2472 1477 2728 1532 audivit:
2760 1477 3050 1543 discrevit,
3083 1481 3140 1531 et
3189 1478 3538 1548 operationis
3565 1496 3694 1535 mo-

2045 1567 2252 1622 limina
2284 1584 2455 1622 nemo
2488 1566 2906 1638 deprehendit:
2941 1567 3104 1632 vidit,
3138 1573 3187 1620 et
3236 1568 3535 1623 oculorum
3568 1570 3695 1640 ejus

2046 1657 2428 1711 intentionem
2463 1655 2662 1710 nullus
2694 1655 2939 1726 aspexit.
2973 1659 3046 1710 Et
3097 1657 3278 1728 vidit”
3308 1657 3520 1729 inquit,
3555 1660 3696 1714 Deus

2049 1748 2227 1802 lucem
2256 1749 2386 1818 quia
2419 1747 2554 1801 bona
2605 1750 2704 1799 est.
2767 1746 2882 1800 Nec
2941 1746 3094 1816 quod
3153 1745 3480 1817 ignorabat,
3512 1747 3694 1815 vidit;

341 1852 440 1907 33.
477 1855 545 1907 Et
575 1851 838 1922 Spiritus,
886 1849 1099 1922 inquit,
1151 1851 1252 1906 Dei
1286 1850 1729 1920 superferebatur
1776 1863 1932 1918 super

2050 1853 2153 1891 nec
2188 1837 2243 1891 id
2277 1837 2430 1907 quod
2465 1836 2763 1890 nesciebat
2793 1840 2944 1902 ante,
2979 1839 3080 1890 aut
3119 1853 3236 1891 non
3267 1837 3510 1902 viderat,
3539 1854 3697 1893 com-

267 1958 470 2013 aquas,
506 1944 556 1995 et
604 1939 749 1994 dixit
792 1940 960 1994 Deus:
985 1942 1113 1995 Fiat
1160 1939 1261 1994 lux
1310 1939 1462 2008 (Gen.
1505 1954 1544 2002 I,
1602 1938 1654 2002 2,
1707 1939 1778 2008 3).
1820 1937 1935 1991 Me-

268 2031 389 2086 rito
425 2029 772 2102 praemissus
824 2033 913 2084 est
962 2028 1216 2100 Spiritus
1262 2027 1382 2097 Dei,
1416 2027 1515 2082 ubi
1569 2026 1764 2082 divina
1793 2025 1939 2081 inci-

268 2135 417 2192 pere
446 2117 702 2174 habebat
757 2117 1038 2188 operatio.
1072 2119 1212 2185 Fiat,
1247 2117 1462 2188 inquit,
1495 2118 1613 2171 lux.
1649 2116 1811 2171 Unde
1832 2132 1941 2170 vox

269 2209 378 2264 Dei
416 2207 475 2262 in
537 2206 838 2278 Scriptura
894 2205 1088 2261 divina
1145 2205 1347 2261 debuit
1404 2205 1701 2271 inchoare,
1736 2203 1848 2258 nisi
1908 2221 1942 2258 a

271 2295 561 2352 lumine?
600 2295 757 2350 unde
809 2295 1013 2350 mundi
1065 2302 1324 2359 ornatus,
1359 2294 1471 2348 nisi
1523 2311 1556 2348 a
1605 2293 1733 2348 luce
1783 2310 1938 2348 exor-

266 2386 439 2441 dium
475 2387 754 2440 sumerei‘
783 2385 1018 2439 Frustra
1049 2383 1203 2439 enim
1251 2387 1426 2450 esset,
1459 2383 1506 2438 si
1561 2400 1675 2438 non
1719 2382 1938 2438 videre-

263 2481 388 2529 tur.
423 2474 562 2529 Erat
593 2474 828 2545 quidem
860 2475 1009 2528 Deus
1040 2473 1166 2544 ipse
1208 2472 1266 2527 in
1299 2472 1545 2540 lumine,
1580 2471 1717 2543 quia
1747 2471 1939 2526 lucem

265 2562 512 2619 habitat
542 2561 1032 2626 inaccessibilem,
1066 2567 1124 2617 et
1155 2566 1277 2617 crat
1306 2561 1504 2616 lumen
1535 2577 1759 2630 verum,
1784 2561 1939 2631 quod

265 2652 581 2708 illuminat
619 2668 850 2708 omnem
912 2652 1211 2706 hominem
1278 2651 1602 2706 venientem
1667 2651 1723 2705 in
1783 2649 1940 2704 hunc

271 2742 616 2798 mundum:
650 2742 747 2796 sed
783 2758 910 2796 eam
943 2739 1129 2795 lucem
1183 2741 1304 2795 fieri
1361 2740 1564 2805 voluit,
1597 2756 1724 2810 qua:
1755 2739 1941 2794 oculis

266 2830 694 2902 corporalibus
781 2829 1390 2901 comprehenderetur.
1450 2829 1556 2892 Qui
1627 2829 1940 2885 aedificium

267 2919 529 2992 aliquod
561 2919 805 2991 dignum
839 2917 1173 2973 habitacula
1231 2917 1674 2989 patrisfamilias
1719 2924 1942 2974 struere

265 3010 605 3074 desiderat,
639 3014 954 3080 antequam
1007 3008 1389 3063 fundamenta
1434 3012 1630 3078 ponat,
1667 3008 1819 3063 unde
1852 3007 1939 3062 lu-

259 3115 408 3156 cem
440 3098 492 3152 ei
526 3098 798 3153 infundat
835 3095 1116 3169 explorat,
1150 3101 1206 3152 et
1254 3113 1322 3151 ea
1370 3095 1563 3167 prima
1610 3101 1698 3153 est
1728 3097 1937 3168 gratia,

262 3204 420 3261 quae
449 3186 500 3241 si
536 3186 704 3254 desit,
737 3191 861 3241 tota
891 3185 1104 3240 domus
1151 3185 1395 3240 deformi
1456 3185 1653 3241 horret
1689 3187 1933 3242 incultu.

259 3277 406 3332 Lux
439 3279 532 3331 est
560 3292 684 3346 qua:
716 3274 976 3346 reliquos
1006 3274 1218 3329 domus
1268 3275 1642 3330 commendat
1671 3281 1933 3334 ornatus.

259 3367 428 3431 Fiat,
461 3363 669 3435 inquit,
714 3365 832 3419 lux.
869 3363 1043 3418 Plena
1088 3380 1196 3418 vox
1232 3362 1474 3420 luminis
1525 3382 1639 3420 non
1685 3365 1942 3437 disposi-

259 3451 464 3510 tionis
521 3458 864 3526 apparatum
925 3453 1239 3525 signiﬁcat,
1299 3454 1399 3508 sed
1455 3453 1811 3526 operationis
1860 3473 1941 3511 re-

258 3542 558 3616 splendet
584 3542 810 3598 effectu.
841 3546 1072 3598 Naturze
1102 3541 1292 3614 opifex
1334 3541 1524 3598 lucem
1570 3542 1800 3601 locutus
1829 3549 1936 3612 est,

259 3639 324 3688 et
362 3631 610 3686 creavit.
646 3631 846 3688 Sermo
877 3631 977 3687 Dei
1000 3631 1271 3686 voluntas
1301 3636 1565 3704 est,opus
1596 3633 1696 3688 Dei
1728 3638 1941 3690 natura

255 3726 358 3778 est
395 3738 413 3775 :
447 3719 636 3774 lucem
687 3721 920 3787 creavit,
982 3719 1252 3775 tenebras
1311 3719 1683 3777 illuminavit.
1704 3722 1768 3776 Et
1795 3723 1938 3778 dixit

253 3816 454 3875 Deus,
484 3810 611 3863 Fiat
669 3811 784 3876 lux,
817 3817 869 3864 et
913 3812 1062 3880 facta
1110 3815 1190 3863 est
1247 3811 1367 3864 tux.
1401 3809 1523 3864 Non
1582 3809 1712 3866 ideo
1771 3812 1935 3879 dixit,

255 3905 330 3955 ut
371 3898 1014 3971 sequereturopcratio,
1042 3899 1137 3953 sed
1165 3897 1321 3952 dicto
1344 3897 1593 3954 absolvit
1616 3899 1934 3972 negotium.

254 3987 450 4046 Unde
483 3985 721 4058 pulchre
757 3986 1096 4042 Davidicum
1128 3985 1269 4041 illud
1302 4005 1313 4042 :
1351 3989 1526 4053 Dixit,
1558 3997 1607 4043 et
1635 3991 1782 4058 facta
1811 3998 1941 4046 sunt

254 4077 456 4151 (Psat.
493 4093 712 4143 CXLVIII,
739 4077 817 4146 5),
851 4076 991 4148 quia
1049 4075 1270 4130 dictum
1331 4077 1432 4132 20
1489 4075 1750 4148 implevit
1795 4077 1934 4132 effe-

255 4173 434 4223 ctus.
460 4167 674 4220 Auctor
694 4181 830 4236 ergo
859 4163 1010 4220 lucis
1028 4165 1182 4220 Deus
1207 4182 1220 4220 :
1246 4164 1410 4220 locus
1441 4170 1636 4220 autem
1667 4169 1723 4220 et
1752 4181 1931 4221 causa

253 4254 653 4313 tenebrarum
673 4254 930 4308 mundus
944 4258 1050 4308 est.
1081 4254 1191 4309 Sed
1208 4255 1395 4309 bonus
1420 4254 1717 4308 auctorita
1738 4254 1927 4310 lucem

253 4343 428 4400 dixit
448 4343 654 4410 (38),ut
683 4343 971 4398 mundum
991 4342 1184 4414 ipsum
1200 4343 1394 4398 infuso
1408 4343 1658 4414 aperiret
1680 4342 1929 4412 lumine,

252 4440 457 4505 atque
487 4431 614 4501 ejus
663 4432 916 4503 speciem
947 4436 1300 4487 venustaret.
1337 4432 1720 4504 Respleuduit
1750 4432 1933 4504 igitur

255 4520 480 4579 subito
543 4537 655 4587 aer,
689 4525 746 4576 et
796 4526 1152 4592 expaverunt
1196 4521 1444 4576 tenebrae
1495 4520 1626 4576 novi
1685 4521 1928 4578 luminis

2052 1926 2349 1997 probavit:
2385 1926 2484 1980 sed
2518 1926 2801 1980 bonorum
2852 1942 3094 1997 operum
3143 1927 3444 1997 proprium
3493 1931 3602 1997 est,
3637 1932 3702 1983 ut

2051 2021 2285 2071 externo
2336 2016 2811 2071 commendatore
2859 2032 2972 2069 non
3032 2021 3258 2088 egeant,
3295 2015 3699 2089 scdfgratiam

2050 2123 2241 2174 suam,
2276 2121 2408 2160 cum
2439 2105 2730 2170 videntur,
2764 2105 2891 2177 ipsa
2923 2109 3227 2160 testentur.
3255 2105 3393 2160 Pius
3421 2110 3509 2161 est
3542 2107 3696 2178 quod

2050 2196 2331 2266 probatur
2363 2199 2620 2266 aspectu,
2657 2211 2835 2266 quam
2891 2195 3043 2266 quod
3087 2212 3354 2251 sermone
3404 2195 3695 2252 laudatur.

2050 2286 2168 2340 Suo
2198 2285 2353 2340 enim
2389 2285 2572 2340 utitur
2600 2285 2957 2350 testimonio,
2993 2302 3107 2340 non
3158 2284 3346 2340 alieno
3397 2287 3695 2358 suffragio.

2051 2375 2210 2438 Quod
2245 2375 2291 2429 si
2326 2375 2478 2447 apud
2514 2391 2618 2428 nos
2650 2373 3698 2449 oculisjudiciumemittitur,quibus

2053 2463 2227 2518 simul
2261 2468 2317 2518 et
2345 2463 2535 2535 gratia
2563 2464 2971 2526 venustatis,et
3003 2481 3196 2518 rerum
3232 2481 3510 2521 mensura
3538 2483 3695 2523 com-

2052 2553 2452 2623 prehenditur:
2477 2555 2694 2623 quanto
2718 2552 2905 2623 magis
2924 2553 3074 2607 Deus
3097 2554 3295 2608 omnia
3317 2571 3442 2625 quae
3469 2557 3697 2627 probat,

2051 2643 2226 2709 videt,
2259 2646 2315 2696 et
2347 2658 2474 2711 qua:
2522 2641 2696 2708 videt,
2727 2642 2952 2712 probat,
2985 2643 3309 2697 secundum
3361 2646 3514 2714 quod
3562 2647 3700 2700 scri-

2049 2736 2216 2804 ptum
2239 2731 2492 2802 cst,quia
2525 2731 2680 2785 Oculi
2707 2732 2928 2786 Domini
2954 2747 3120 2802 super
3139 2733 3693 2803 justos(Psal.xxxm.

2052 2821 2187 2890 l6)?
2220 2821 2390 2876 Lucis
2425 2825 2636 2875 natura
2668 2819 3005 2892 hujusmodi
3055 2826 3162 2888 est,
3197 2828 3261 2878 ut
3309 2840 3425 2878 non
3477 2823 3537 2878 in
3588 2842 3697 2879 nu-

2052 2929 2233 2977 mero,
2270 2928 2385 2966 non
2420 2911 2475 2964 in
2510 2927 2807 2978 mensuea,
2843 2927 2957 2965 non
2990 2911 3049 2966 in
3081 2912 3425 2982 pondere,ut
3456 2913 3695 2977 alia,sed

2051 3001 2243 3057 omnis
2271 3001 2398 3071 ejus
2429 2999 2488 3055 in
2539 3003 2776 3072 aspectu
2827 3001 3014 3072 gratia
3070 3001 3164 3056 sit.
3201 3002 3452 3074 Propriis
3500 3003 3699 3076 itaque

2051 3091 2422 3147 sermonibus
2454 3093 2726 3145 naturam
2759 3089 2906 3145 lucis
2957 3091 3258 3162 expressit,
3290 3109 3416 3164 quae
3449 3094 3695 3150 videndo

2051 3181 2395 3254 complacet,
2429 3179 2707 3252 quoniam
2738 3180 2867 3252 ipsa
2898 3179 3128 3235 videndi
3175 3181 3432 3237 officium
3467 3184 3695 3239 submi-

2052 3271 2280 3327 nistrat.
2315 3271 2430 3326 Nec
2473 3269 2766 3325 immerito
2816 3273 3046 3324 tantum
3097 3271 3207 3326 sibi
3259 3272 3694 3343 praedicatorem

2050 3361 2240 3432 potuit
2271 3359 2550 3424 invenire,
2584 3377 2616 3414 a
2648 3375 2762 3430 quo
2786 3360 2920 3429 jure
2968 3360 3160 3431 prima
3205 3359 3514 3430 laudatur;
3548 3379 3694 3434 quo-

2051 3451 2208 3506 niam
2243 3451 2372 3521 ipsa
2395 3450 2549 3514 fecit,
2583 3453 2646 3503 ut
2693 3449 2869 3504 etiam
2927 3453 3152 3517 caetera,
3186 3451 3388 3505 mundi
3431 3453 3697 3509 membra

2049 3540 2228 3612 digna
2271 3539 2391 3594 sint
2447 3538 2739 3594 laudibus.
2774 3539 2933 3593 Vidit
2988 3556 3124 3612 ergo
3184 3540 3338 3595 Deus
3394 3540 3605 3606 lucem,
3641 3548 3698 3598 et

2048 3629 2210 3686 vultu
2243 3646 2349 3684 suo
2377 3627 2752 3692 illuminavit,
2784 3632 2840 3682 et
2884 3628 3034 3683 vidit
3080 3630 3218 3700 quia
3247 3631 3396 3685 bona
3427 3636 3535 3687 est.
3570 3633 3694 3688 Non

2049 3736 2118 3774 ex
2161 3724 2324 3792 parte
2377 3717 2497 3786 Dei,
2532 3717 2630 3772 sed
2687 3717 2954 3787 generale
3003 3718 3297 3788 judicium
3351 3725 3458 3776 est.
3495 3723 3695 3793 Itaque

2050 3826 2163 3864 non
2196 3809 2255 3863 in
2288 3807 2594 3879 splendore
2642 3807 3071 3873 tantummodo,
3106 3808 3203 3862 sed
3252 3807 3310 3862 in
3341 3811 3499 3864 omni
3533 3811 3696 3865 utili-

2047 3901 2164 3952 tate
2196 3896 2384 3970 gratia
2413 3895 2560 3950 lucis
2594 3895 3065 3966 probatur.Unde
3087 3901 3142 3951 et
3164 3896 3434 3952 discretio
3460 3900 3522 3953 ﬁt
3546 3901 3696 3954 inter

2047 3985 2236 4041 lucem
2269 3990 2325 4041 et
2353 3985 2660 4052 tenebras;
2696 3989 2760 4039 ut
2808 3988 3076 4056 separata
3131 3984 3278 4040 lucis
3338 3990 3548 4042 natura
3584 3989 3692 4059 (-10)

2046 4081 2220 4146 atque
2251 4074 2650 4138 tenebrarum,
2683 4073 2828 4129 nihil
2858 4074 3123 4130 videatur
3181 4075 3334 4130 intra
3389 4093 3452 4132 se
3480 4076 3694 4133 habere

2045 4166 2376 4220 confusum.

2113 4255 2201 4308 35.
2235 4256 2298 4308 Et
2331 4254 2535 4309 vocavit
2557 4255 2691 4308 Deus
2716 4254 2893 4307 lucem
2921 4252 3087 4319 diem,
3121 4257 3173 4308 et
3210 4257 3456 4310 tenebras
3486 4260 3694 4313 noctem

2043 4343 2247 4398 vocavit
2277 4341 2430 4414 (Gen.
2468 4359 2505 4409 I,
2537 4343 2591 4412 5)
2618 4359 2630 4407 ;
2659 4347 2721 4397 ut
2742 4346 2799 4397 et
2828 4341 3065 4398 nomine
3093 4341 3220 4413 ipso
3243 4343 3392 4400 diem
3435 4350 3691 4402 noctem-

2042 4447 2154 4502 que
2212 4431 2617 4502 distingueret.
2651 4431 3025 4485 Advertimus
3083 4431 3280 4503 itaque
3329 4435 3485 4505 quod
3542 4435 3692 4492 lucis

2041 4525 2206 4576 ortus
2250 4524 2563 4592 antequam
2622 4519 2708 4574 sol
2762 4519 2936 4586 diem,
2972 4520 3238 4576 videatur
3297 4524 3556 4594 aperire;
3591 4527 3681 4582 2|

253 4608 870 4681 claritateRepressit
899 4626 1017 4677 eas,
1051 4613 1107 4664 et
1138 4609 1306 4681 quasi
1337 4609 1396 4663 in
1428 4610 1670 4682 abyssos
1699 4610 1926 4666 demer-
1961 4618 2006 4682 D
2039 4608 2327 4681 principia
2357 4608 2513 4664 enim
2545 4609 2681 4674 diei,
2719 4608 2905 4664 noctis
2936 4609 3155 4665 exitum
3196 4610 3504 4679 claudunt,
3537 4615 3695 4670 ﬁnis-

254 4702 344 4757 sit
385 4701 628 4769 repente
648 4715 751 4770 per
772 4699 1044 4754 universa
1062 4699 1265 4753 mundi
1288 4698 1478 4771 fulgor
1493 4698 1642 4755 lucis
1668 4700 1924 4756 infusus.

250 4787 531 4847 Pulchre
586 4787 783 4860 itaque
841 4793 896 4844 et
951 4787 1184 4860 proprie
1237 4787 1417 4842 dixit:
1455 4790 1617 4843 Facta
1675 4797 1753 4845 est
1809 4790 1924 4846 lux.

253 4880 442 4936 Sicut
473 4876 631 4931 enim
655 4877 766 4932 cito
792 4876 888 4932 lux
911 4875 1142 4945 caelum,
1160 4880 1364 4944 terras,
1402 4876 1587 4932 maria
1613 4875 1928 4946 illuminat,

252 4974 314 5025 et
353 4969 663 5021 momento
712 4968 993 5038 temporis
1052 4965 1176 5020 sine
1234 4965 1354 5020 ulla
1410 4965 1929 5032 comprehensione

249 5054 819 5126 retectissurgentis
860 5053 974 5109 diei
1006 5052 1314 5125 splendore
1338 5053 1696 5126 regionibus,
1729 5059 1927 5110 nostro

253 5163 321 5202 se
359 5143 790 5199 circumfundit
811 5144 1070 5215 aspectui
1091 5161 1103 5211 ;
1126 5143 1206 5197 ita
1228 5148 1391 5198 ortus
1422 5143 1549 5214 ejus
1584 5143 1697 5197 cito
1728 5143 1930 5199 debuit

331 5320 633 5395 (38)_Mss.
680 5325 834 5378 Cceu.
895 5322 1170 5395 et_Gem.
1224 5338 1325 5394 per
1377 5321 1780 5395 corr.,i_dixit.
1831 5322 1925 5377 Sic

249 5392 449 5452 etiam
483 5392 636 5447 intra
665 5410 780 5448 non
812 5393 1013 5449 semel.
1047 5393 1156 5448 Alii
1189 5392 1384 5448 tamen
1417 5397 1474 5447 et
1501 5393 1664 5456 edit.,
1706 5394 1922 5448 dilexit.

335 5465 458 5538 (39)
491 5463 586 5519 Sic
617 5464 755 5538 edit.
806 5469 916 5520 vet.
959 5470 1016 5520 et
1068 5482 1217 5538 mss.
1273 5465 1468 5538 plures
1509 5463 1919 5538 potioresque.

250 5535 555 5604 Quatuor,
616 5537 1034 5606 cogitationem;
1066 5537 1233 5592 Rom.
1268 5535 1428 5603 edit.,
1488 5535 1920 5605 dispositionem.

252 5609 381 5690 Sed
400 5605 780 5690 cognitionem
834 5609 1201 5690 retinendam
1246 5607 1518 5690 equidem
1563 5605 1834 5673 arbitror,
1869 5614 1924 5690 et

254 5681 364 5736 hic
397 5679 556 5736 idem
583 5695 712 5738 esse
742 5697 807 5737 ac
839 5679 1189 5738 sententiam
1221 5683 1275 5736 et
1297 5678 1610 5750 judicium,
1648 5680 1922 5751 quemad-

2039 4714 2151 4769 que
2183 4698 2460 4770 temporis
2492 4703 2547 4754 et
2573 4702 2763 4753 status
2795 4698 2964 4754 limes
2996 4699 3149 4754 nocti
3190 4704 3245 4754 et
3285 4701 3398 4756 diei
3428 4701 3693 4757 videatur

2041 4803 2168 4842 esse
2197 4786 2591 4859 praescriptus.
2647 4787 2812 4841 Diem
2871 4786 2956 4842 sol
3017 4786 3316 4854 clariﬁcat,
3377 4789 3474 4844 lux
3533 4789 3684 4844 facit.

2043 4877 2397 4946 Frequenter
2429 4874 2637 4930 cmlum
2672 4875 2926 4930 nubibus
2956 4875 3190 4940 texitur,
3225 4882 3290 4932 ut
3317 4877 3404 4932 sol
3437 4881 3685 4947 tegatur,

2042 4981 2148 5019 nec
2179 4963 2334 5019 ullus
2374 4965 2576 5020 radius
2606 4966 2734 5036 ejus
2786 4970 3103 5036 appareat;
3137 4964 3236 5020 lux
3285 4969 3480 5020 tamen
3533 4965 3684 5022 diem

2039 5053 2422 5120 demonstrat,
2457 5055 2726 5109 tenebras
2757 5055 3080 5110 abscondit.

2039 5322 2280 5376 modum
2313 5321 2779 5393 cognitorjudex
2811 5324 2980 5393 est,et
3009 5321 3682 5393 cognoscere,judicare.

2038 5393 2257 5472 Ibidem
2308 5391 2451 5472 mss“.
2511 5391 2760 5472 aliquot,
2775 5463 2784 5472 ο
2796 5391 3054 5472 proderet
3087 5391 3411 5448 ’vnlunlatis'
3438 5396 3682 5472 effectus,

2035 5465 2324 5536 aliquot...
2371 5461 2638 5538 eﬂectum‘.
2695 5461 2810 5516 Alii
2869 5478 3081 5536 magno
3131 5482 3374 5521 numero
3430 5461 3497 5522 et
3543 5467 3682 5522 edit.

2035 5552 2307 5608 omnes...
2340 5539 2559 5608 σηπίας

2105 5609 2216 5678 (40)
2250 5605 2415 5663 Dion.
2449 5611 2505 5662 et
2535 5605 2692 5661 Colb.
2727 5621 2902 5673 unus,
2954 5617 3013 5663 ut
3065 5612 3322 5681 separata
3371 5625 3556 5665 rerum
3588 5627 3684 5664 nae-

2035 5688 2182 5736 tura.
