4122 6186
399 279 516 348 155

1055 415 1285 475 CAPUT
1322 411 1388 471 Χ.

396 535 551 593 Diem
582 535 729 607 nocti
758 538 949 607 contra
977 550 1141 607 quam
1168 529 1451 607 nonnullis
1480 528 1750 595 videatur,
1778 528 2046 607 hic‘ante-

464 607 616 679 poni.
654 605 764 660 Cur
793 605 909 662 dies
930 602 1073 661 unus
1099 605 1282 679 potius
1309 602 1543 659 dicatur
1582 619 1748 672 quam
1792 603 2041 673 primus;

468 674 533 734 ac
560 679 832 734 matutino
860 679 969 749 ﬁne
998 674 1374 733 concludatur.

467 868 554 924 36.
589 869 654 924 Et
683 869 887 938 factum
920 867 998 920 est
1030 877 1266 934 vespere,
1296 870 1347 918 et
1377 864 1583 933 factum
1623 865 1703 917 est
1744 876 1904 916 mane
1932 861 2046 916 dies

396 974 542 1014 unus
569 955 720 1026 (Gen.
754 973 792 1022 ι,
823 954 901 1023 5).
934 955 1212 1018 Quazrunt
1242 950 1448 1022 aliqui,
1480 967 1586 1006 cur
1633 950 1797 1022 prius
1842 967 2043 1022 vespe-

398 1064 552 1111 rum,
584 1048 784 1118 postea
814 1058 986 1098 mane
1017 1041 1324 1112 Scriptura
1356 1039 1864 1105 memoraverit,ne
1899 1039 2045 1094 forte

395 1138 620 1190 noctem
655 1131 996 1204 priusquam
1025 1129 1179 1184 diem
1229 1129 1564 1201 signiﬁcare
1613 1129 1898 1184 videatur.
1930 1128 2044 1184 Nec

394 1224 700 1279 advertunt
731 1220 920 1291 primo
953 1220 1108 1290 quod
1163 1218 1507 1290 praemiserit
1548 1217 1726 1283 diem,
1759 1217 2038 1273 dicendo:

390 1312 455 1367 Et
483 1310 690 1366 vocavit
718 1310 859 1365 Deus
893 1309 1071 1364 lucem
1113 1307 1277 1375 diem,
1309 1311 1359 1362 et
1399 1309 1654 1362 tenebras
1693 1309 1901 1362 vocavit
1951 1323 2044 1362 no-

389 1409 526 1455 ctem
558 1398 780 1471 (Ibid.):
817 1397 1026 1452 deinde
1058 1397 1212 1468 quod
1256 1411 1461 1467 vesper
1509 1395 1646 1451 ﬁnis
1693 1395 1807 1451 diei
1863 1396 1954 1463 sit,
1989 1402 2046 1451 et

336 1478 338 1481 ’
391 1505 561 1545 mane
593 1489 729 1543 finis
765 1485 1127 1557 noctis.Ergo
1159 1489 1223 1540 ut
1251 1485 1696 1556 prasrogativam
1737 1490 1796 1540 et
1827 1484 2044 1557 prima-

390 1582 487 1634 tus
522 1575 848 1632 nativitatis
880 1574 992 1630 diei
1027 1575 1208 1640 daret,
1241 1572 1403 1644 prius
1443 1573 1619 1629 ﬁnem
1671 1573 1784 1628 diei
1819 1572 2043 1645 signiﬁ-

391 1664 561 1731 cavit,
594 1667 906 1736 postquam
938 1665 1210 1718 secutura
1241 1678 1352 1716 nox
1399 1667 1571 1725 esset,
1605 1661 1814 1716 deinde
1845 1665 2046 1733 postea

391 1755 568 1810 finem
604 1753 790 1808 noctis
822 1750 1203 1821 adjunxit.Eo
1236 1766 1421 1851 usque
1453 1753 1647 1805 autem
1682 1754 1909 1805 noctem
1929 1748 2043 1804 diei
2076 1787 2122 1851 Β

390 1841 690 1914 Scriptura
719 1841 1005 1896 anteferre
1040 1857 1154 1895 non
1189 1838 1394 1912 potuit,
1431 1845 1496 1895 ut
1543 1843 1600 1895 et
1628 1838 1742 1894 diei
1772 1843 1829 1894 et
1857 1838 2045 1895 noctis

389 1935 677 2002 tempora,
728 1929 838 1984 diei
893 1927 1281 2001 appellatione
1342 1926 1713 1993 concluserit,
1763 1931 2042 1998 tanquam

391 2017 733 2092 principalis
803 2017 1146 2074 auctoritate
1206 2016 1463 2074 nominis
1521 2016 1918 2073 vindicaverit.
1978 2017 2048 2072 Et

391 2109 543 2166 hanc
603 2107 919 2181 Scriptura
972 2123 1100 2164 esse
1159 2106 1666 2173 consuetudinem,
1719 2111 1784 2161 ut
1838 2105 2047 2177 potiori

393 2196 842 2271 appellationem
877 2197 1136 2269 deputet,
1171 2196 1580 2268 frequentibus
1609 2193 1890 2265 exemplis
1922 2211 2048 2266 pro-

393 2287 629 2343 bamus.
663 2285 966 2358 Siquidem
1000 2289 1056 2340 et
1101 2285 1280 2341 Jacob
1335 2285 1514 2340 dixit:
1559 2286 1683 2340 Dies
1729 2286 1850 2339 vitae
1891 2299 2044 2352 meas,

388 2375 588 2449 pusilli
617 2381 666 2431 et
688 2375 828 2429 mali
857 2373 1009 2446 (Gen.
1062 2389 1237 2440 XLVII,
1270 2373 1346 2443 9).
1409 2374 1476 2429 Et
1535 2372 1784 2429 iterum:
1850 2373 2047 2429 Omnes

393 2464 506 2521 dies
536 2465 661 2520 vitae
703 2478 844 2521 mea
902 2463 1058 2534 (Ibid.
1116 2465 1224 2534 ‘28).
1274 2463 1340 2518 Et
1394 2461 1572 2518 David
1631 2461 1871 2535 posuit?
1921 2462 2048 2516 Dies

399 2569 672 2610 annorum
715 2561 1026 2608 nostrorum
1065 2553 1233 2624 (Psal.
1287 2568 1507 2617 LXXXIX,
1557 2551 1678 2621 10);
1731 2567 1846 2606 non
1903 2548 2048 2604 dixit

395 2647 450 2698 et
482 2647 701 2698 noctes.
728 2640 890 2697 Unde
923 2641 1280 2696 advertimus
1311 2657 1380 2696 ea
1418 2657 1545 2711 quae
1579 2656 1733 2695 nunc
1764 2639 1822 2694 in
1853 2637 2046 2710 specie

393 2730 652 2788 historica
679 2729 1138 2796 traduntur,vim
1165 2729 1442 2785 statuisse
1462 2727 1608 2799 legis
1630 2727 1689 2782 in
1722 2731 2043 2799 posterum.

393 2819 731 2893 Principum
786 2835 922 2889 ergo
982 2817 1121 2884 diei,
1181 2835 1289 2873 vox
1343 2816 1444 2873 Dei
1492 2820 1616 2872 est:
1671 2817 1768 2886 ﬁat
1826 2815 2050 2882 lux;et

391 2910 541 2980 facta
570 2912 648 2962 est
680 2908 798 2961 lux.
835 2905 994 2961 Finis
1041 2905 1154 2961 diei
1213 2921 1418 2976 vesper
1472 2911 1577 2959 est.
1609 2903 1742 2959 Jam
1793 2918 2048 2974 sequens

395 2995 519 3050 dies
550 3011 617 3050 ex
649 2994 836 3050 noctis
869 2994 982 3048 fine
1033 2993 1311 3048 succedit.
1346 2991 1644 3048 Sententia
1695 2994 1890 3047 autem
1948 2989 2048 3046 Dei

395 3083 652 3152 evidens,
696 3081 834 3156 quia
882 3082 1034 3137 diem
1087 3081 1274 3153 primo
1322 3080 1547 3137 vocavit
1601 3079 1813 3148 lucem,
1853 3083 1910 3135 et
1956 3096 2045 3135 se-

395 3171 588 3228 cundo
621 3170 840 3228 vocavit
872 3171 1143 3226 tenebras
1174 3173 1422 3226 noctem.

465 3261 553 3315 37.
589 3259 864 3316 Praeclare
887 3259 1061 3317 etiam
1084 3275 1265 3314 unum
1281 3275 1396 3314 non
1420 3258 1678 3330 primum
1702 3257 1855 3314 diem
1872 3257 2038 3326 dixit;

393 3365 529 3407 nam
558 3353 832 3407 secuturo
873 3349 1151 3416 secundo,
1184 3352 1240 3403 et
1297 3347 1465 3404 tertio
1506 3348 1622 3413 die,
1655 3351 1712 3403 et
1767 3347 2043 3418 deinceps

393 3436 637 3510 reliquis
695 3436 953 3510 primum
1005 3435 1195 3507 potuit
1225 3434 1414 3491 dicere
1440 3453 1453 3492 :
1483 3441 1540 3491 et
1569 3434 1678 3490 hoc
1707 3435 1931 3491 ordinis
1958 3435 2042 3490 vi-

394 3525 662 3592 debatur,
696 3526 796 3582 sed
834 3525 1019 3598 legem
1051 3525 1275 3592 statuit,
1311 3531 1375 3580 ut
1405 3524 1611 3598 viginti
1666 3525 1766 3583 22
1794 3529 2044 3597 quatuor

397 3613 550 3671 bore
582 3614 804 3670 diurna
836 3618 1009 3687 atque
1042 3619 1338 3670 nocturnae
1370 3612 1485 3669 diei
1533 3618 1764 3670 tantum
1809 3613 2044 3670 nomine

397 3702 843 3771 deﬁniantur,ut
874 3703 923 3758 si
956 3703 1208 3759 diceret:
1241 3701 1462 3776 Viginti
1495 3706 1744 3774 quatuor
1765 3701 2042 3758 horarum

398 3809 675 3850 mensura
706 3793 880 3849 unius
910 3791 1023 3848 dici
1049 3797 1279 3865 tempus
1296 3797 1403 3848 est.
1424 3791 1586 3848 Sicut
1618 3791 1774 3847 enim
1789 3791 2044 3847 virorum

467 3962 581 4035 (4t)
616 3962 756 4018 Mss.
791 3960 1018 4033 aliquot
1047 3977 1112 4017 ac
1142 3959 1716 4029 Rom.edit.,secunda
1737 3959 2042 4030 prioribus.

1863 278 1929 342 S.
1973 276 2349 342 AMBROSII

2073 412 2128 480 Α
2156 412 2452 488 generatio
2483 417 2940 488 computatur,et
2968 413 3319 490 intelligitur
3347 414 3527 473 etiam
3557 414 3808 474 femina-

3687 280 3805 346 156

2157 521 2309 572 rum,
2343 503 2483 576 quia
2512 508 2829 561 nectuntur
2875 505 3134 562 secunda
3189 504 3517 578 potioribus
3547 505 3658 578 (1d)
3684 523 3698 576 ;
3726 506 3810 563 ita

2156 593 2329 650 etiam
2363 594 2489 650 dies
2521 599 2926 663 numerantur,
2961 599 3018 651 et
3049 599 3250 651 noctes
3297 595 3670 651 aestimantur
3702 595 3810 651 ad-

2147 683 2389 755 juncta).
2424 682 2588 740 Sicut
2616 683 2799 756 igitur
2823 684 3106 740 circuitus
3157 701 3333 764 unus,
3365 683 3449 740 ita
3475 684 3601 740 dies
3633 702 3813 741 unus.

2153 773 2300 828 Nam
2321 771 2579 844 plerique
2591 773 2766 828 etiam
2789 773 3219 829 hebdomadam
3245 790 3422 828 unam
3448 789 3630 828 unum
3651 773 3811 828 diem

2153 861 2396 930 dicunt;
2429 863 2586 935 quod
2619 862 2679 918 in
2709 879 2773 919 se
2820 862 2991 934 quasi
3048 862 3107 918 in
3165 878 3352 917 unum
3383 863 3582 918 redeat
3626 862 3811 928 diem,

2153 954 2210 1007 et
2237 951 2406 1023 quasi
2438 951 2658 1024 septies
2689 951 2750 1008 in
2774 968 2838 1008 se
2862 956 3141 1008 recurrat.
3167 951 3269 1007 Est
3289 956 3486 1007 autem
3520 951 3812 1008 circuitus

2154 1038 2342 1112 ﬁgura
2371 1039 2493 1096 haec
2523 1058 2557 1096 a
2584 1057 2647 1097 se
2677 1041 2954 1112 incipere,
2985 1045 3044 1096 et
3083 1041 3142 1095 in
3175 1056 3240 1096 se
3299 1040 3528 1096 reverti.
3565 1040 3729 1097 Unde
3751 1045 3813 1096 et

2155 1127 2437 1184 saeculum
2473 1145 2657 1184 unum
2689 1129 2984 1185 interdum
3015 1129 3320 1202 Scriptura
3349 1128 3664 1184 dicit.Nam
3697 1129 3810 1185 etsi

2153 1216 2284 1273 aliis
2315 1216 2458 1273 locis
2488 1216 2702 1274 secula
2747 1217 3020 1291 appellat,
3043 1218 3274 1274 videtur
3323 1217 3515 1291 magis
3560 1217 3808 1273 diversi-

2149 1309 2300 1362 tates
2331 1311 2593 1364 statuum
2628 1306 2996 1379 publicorum
3029 1306 3116 1364 vel
3170 1307 3540 1379 negotiorum
3573 1306 3811 1380 signifi-

2154 1411 2304 1462 care,
2337 1413 2516 1467 quam
2546 1396 2893 1452 saeculorum
2937 1397 3342 1452 successiones
3392 1395 3624 1468 aliquas
3663 1396 3810 1451 defi-

2155 1483 2316 1540 nire:
2353 1485 2494 1552 Quia
2521 1485 2636 1540 dies
2673 1486 2895 1542 Domini
2923 1501 3158 1554 magnus
3207 1493 3260 1541 et
3314 1485 3615 1556 praeclarus
3672 1485 3814 1554 (laet

2152 1572 2357 1643 11,41).
2391 1573 2460 1629 Et
2517 1573 2691 1629 alibi:
2729 1574 2925 1646 (liquid
2980 1576 3132 1630 vobis
3189 1589 3440 1645 querere
3495 1574 3641 1629 diem
3703 1574 3812 1629 Do-

2152 1662 2296 1716 mini
2324 1662 2464 1732 (Am.
2497 1679 2552 1732 v,
2582 1663 2670 1735 18)
2695 1662 2722 1716 ?
2751 1663 2821 1719 Et
2851 1661 2946 1718 hic
2977 1662 3224 1718 tenebrae
3282 1667 3340 1716 et
3383 1678 3500 1718 non
3541 1661 3658 1717 lux.
3689 1662 3812 1718 Ma-

2153 1750 2432 1806 nifestum
2463 1756 2552 1808 est
2580 1751 2736 1808 enim
2767 1751 2923 1824 quod
2956 1751 3106 1807 male
3137 1750 3391 1806 consciis
3441 1755 3497 1806 et
3543 1751 3808 1824 indignis

2158 1839 2284 1896 dies
2313 1838 2409 1896 ille
2440 1840 2785 1897 tenebrosus
2813 1840 2911 1905 sit,
2944 1857 3059 1912 quo
3091 1839 3340 1912 fulgebit
3368 1839 3721 1909 innocentia,
3751 1845 3813 1896 et

2157 1943 2324 1984 mens
2346 1928 2518 1985 noxia
2538 1930 2917 1986 cruciabitur.
2950 1929 3232 1985 Caeterum
3285 1929 3440 2000 quod
3473 1927 3600 1984 sine
3631 1929 3812 1984 inter-

2155 2016 2445 2088 polatione
2477 2019 2764 2084 noctium,
2796 2022 2854 2074 et
2883 2017 3252 2075 successione
3273 2017 3648 2073 tenebrarum
3677 2018 3810 2074 dies

2155 2109 2473 2178 perpetuus
2499 2105 2617 2172 ille,
2650 2106 3140 2164 remunerationis
3189 2112 3413 2162 aeterna:
3445 2106 3678 2164 futurus
3708 2107 3810 2173 sit,

2155 2193 2460 2266 Scriptura
2485 2212 2592 2251 nos
2622 2195 2790 2252 docet
2817 2197 2944 2268 (Isa.
2979 2214 3066 2266 ιχ,
3103 2195 3211 2268 19).

2226 2283 2314 2337 38.
2354 2282 2596 2339 Pulchre
2625 2289 2818 2340 autem
2849 2285 3034 2341 vicem
3067 2289 3378 2356 utramque
3410 2300 3592 2340 unum
3625 2283 3811 2339 dictu-

2156 2388 2258 2426 rus
2287 2371 2464 2438 diem,
2496 2372 2782 2428 matutino
2813 2389 2946 2429 cum
2967 2374 3082 2429 ﬁne
3101 2371 3407 2439 conclusit,
3431 2378 3497 2428 ut
3524 2376 3581 2428 et
3609 2389 3643 2427 a
3669 2371 3804 2428 luce

2154 2459 2430 2517 inchoare
2461 2461 2615 2517 diem
2647 2463 2898 2530 doceret,
2929 2467 2986 2518 et
3016 2463 3073 2517 in
3123 2462 3312 2518 lucem
3358 2461 3644 2517 desinere.
3676 2461 3806 2517 Non

2155 2548 2310 2605 enim
2343 2554 2432 2606 est
2462 2549 2756 2622 integrum
2801 2551 2914 2608 diei
2947 2556 3202 2624 tempus,
3233 2551 3347 2607 nisi
3378 2557 3434 2606 et
3463 2549 3646 2606 noctis
3675 2550 3806 2604 fue-

2156 2638 2233 2695 rit
2262 2638 2578 2711 expletum.
2613 2640 2774 2696 Unde
2831 2644 2889 2696 et
2940 2658 3050 2696 nos
3107 2656 3339 2712 semper
3387 2637 3551 2710 quasi
3611 2637 3670 2691 in
3702 2636 3805 2693 die

2180 2732 2399 2784 'oneste
2430 2728 2826 2796 ambulemus,
2857 2733 2913 2785 et
2943 2728 3290 2802 abjiciamus
3335 2744 3506 2800 opera
3535 2725 3806 2782 tenebra-

2157 2815 2554 2874 rum.Noctem
2576 2818 2733 2874 enim
2766 2819 2838 2874 ad
2869 2817 3125 2890 quietem
3157 2817 3417 2889 corporis
3447 2817 3645 2872 datam
3676 2831 3809 2872 esse

2157 2906 2590 2978 cognoscimus,
2619 2923 2734 2963 non
2765 2907 2836 2964 ad
2886 2907 3149 2963 muneris
3196 2905 3445 2977 alicujus
3484 2903 3572 2960 vel
3612 2904 3808 2975 operis

2160 2994 2538 3060 iunctionem,
2570 3012 2696 3069 quae
2727 3013 2934 3052 somno
2965 3002 3023 3052 et
3041 2995 3331 3053 oblivione
3360 2993 3806 3050 transcurritur.

2158 3083 2283 3140 Non
2315 3083 2394 3140 sit
2449 3085 2619 3141 nobis
2677 3085 3048 3152 comessatio,
3105 3085 3380 3151 ebrietas,
3432 3081 3645 3148 cubile,
3690 3082 3805 3137 im-

2072 3157 2114 3223 C
2152 3171 2456 3245 pudicitia.
2487 3172 2614 3229 Non
2644 3174 2947 3230 dicamus:
2979 3175 3249 3230 Tenebrae
3295 3178 3353 3229 et
3383 3171 3635 3246 parietes
3665 3187 3805 3242 ope-

2153 3261 2313 3318 riunt
2341 3278 2468 3328 nos,
2500 3266 2556 3318 et
2604 3262 2737 3335 quis
2785 3264 2894 3319 scit
2922 3263 2972 3319 si
3004 3262 3222 3319 videbit
3269 3259 3656 3318 Altissimus?
3686 3260 3804 3316 Sed

2151 3349 2309 3406 sitin
2367 3349 2537 3406 nobis
2596 3368 2762 3408 amor
2816 3352 2986 3420 lucis,
3028 3357 3086 3408 et
3140 3368 3281 3408 cura
3330 3348 3675 3416 honestatis,
3709 3353 3801 3413 ut,

2151 3443 2434 3511 tanquam
2466 3439 2525 3494 in
2557 3439 2650 3496 die
2693 3440 3085 3509 ambulantes,
3119 3457 3296 3513 opera
3356 3444 3557 3495 nostra
3601 3453 3803 3493 coram

2151 3527 2266 3584 Deo
2299 3525 2492 3585 lucere
2522 3529 2852 3601 cupiamus,
2887 3529 2981 3586 cui
3029 3535 3121 3587 est
3167 3529 3373 3596 honor,
3411 3527 3563 3594 laus,
3593 3525 3804 3598 gloria,

2151 3619 2434 3688 potestas,
2466 3633 2601 3673 cum
2631 3617 2875 3675 Domino
2908 3624 3106 3676 nostro
3135 3618 3275 3675 Jesu
3309 3616 3561 3682 Christo,
3576 3620 3631 3671 et
3661 3630 3804 3670 cum

2152 3704 2369 3776 Spiritu
2402 3710 2604 3762 sancto
2631 3724 2666 3762 a
2693 3707 2948 3775 saeculis,
2988 3711 3045 3764 et
3073 3723 3228 3764 nunc
3258 3713 3315 3763 et
3371 3709 3623 3777 semper,
3655 3709 3714 3759 et
3741 3703 3808 3758 in

2154 3791 2352 3849 omnia
2382 3792 2594 3850 saecula
2623 3793 2991 3852 saeculorum.
3034 3800 3242 3850 Amen.

1586 4301 1910 4390 LIBER
1970 4300 2607 4390 SECUNDUS.

1473 4508 1590 4568 DE
1651 4506 1966 4568 OPEltE
2025 4506 2440 4571 SECUNDI
2502 4507 2738 4570 DlEI.

862 4800 1097 4857 CAPUT
1129 4801 1170 4856 Ι.
1213 4800 1437 4870 (Sermo
1464 4799 1580 4866 III).

399 4893 664 4967 Operibus
691 4893 864 4967 primi
887 4891 1273 4967 dieigstrictim
1303 4890 1600 4967 recensitis,
1621 4890 1942 4967 rejectisque
1973 4891 2046 4967 iis

469 4967 565 5037 qui
592 4959 794 5037 mundo
825 4963 1114 5037 materiam
1140 4970 1407 5037 aeternam
1455 4959 1814 5037 efﬁngebant,
1847 4963 2048 5016 transit

469 5033 540 5091 ad
585 5036 883 5091 secundum
939 5034 1201 5089 etiamet
1257 5033 1316 5087 in
1375 5047 1564 5086 rerum
1615 5034 1896 5087 creatione
1939 5048 2048 5088 non

471 5115 691 5234 Saturi
708 5108 1141 5234 possibilitatem,
1193 5102 1283 5161 sed
1318 5104 1623 5175 potentiam
1663 5103 1762 5158 Dei
1802 5105 2048 5175 spedan-

507 5195 599 5233 am
694 5196 753 5234 ce
783 5219 795 5233 .

507 5195 599 5233 am
627 5195 795 5234 uocet.

479 5269 526 5320 1.
550 5265 713 5322 Diem
747 5266 1025 5338 primum,
1055 5264 1144 5322 vel
1176 5263 1372 5337 potius
1404 5277 1608 5329 unum,
1628 5266 1861 5319 maneat
1891 5262 2049 5319 enim

402 5351 454 5410 ei
485 5353 807 5426 prepbetici
849 5354 1227 5427 praerogativa
1269 5350 1577 5418 sermonis,
1611 5355 1676 5406 ut
1722 5351 2046 5423 potuimus,

476 5495 588 5566 (42)
621 5494 784 5568 Rom.
819 5495 980 5564 edit.,
1013 5513 1284 5568 aquarum
1309 5495 1711 5551 exundantiam
1738 5496 2046 5568 coercitam.

404 5569 453 5621 Δ
484 5565 707 5623 eaateris
741 5583 882 5622 mss.
934 5575 991 5625 et
1043 5565 1182 5625 edit.
1241 5570 1407 5624 abest
1461 5583 1570 5624 vox
1624 5567 1933 5636 coercitam,
1993 5571 2052 5623 et

2072 4802 2120 4866 Β
2154 4805 2555 4870 absolvimus;
2591 4804 2651 4859 in
2685 4821 2801 4877 quo
2827 4803 3127 4860 conditum
3161 4801 3622 4869 ccelum,terram
3653 4815 3822 4854 crea-

2157 4901 2307 4963 tam,
2359 4911 2481 4968 aqu
2520 4911 2654 4949 rum
2713 4892 3134 4950 exundantiam
3193 4891 3333 4962 (42),
3391 4889 3826 4945 circumfusum

2159 5001 2377 5052 aerem,
2440 4983 2853 5040 discretionem
2927 4981 3139 5038 factam
3217 4979 3368 5036 lucis
3425 4983 3600 5051 atque
3657 4982 3822 5032 tene-

2157 5073 2556 5145 brarum,'_Dei
2585 5070 3031 5145 omnipotentis,
3057 5075 3113 5127 et
3142 5068 3375 5127 Domini
3405 5067 3545 5124 Jesu
3577 5065 3822 5133 Christi,

2158 5165 2416 5237 Spiritus
2475 5178 2712 5235 quoque
2771 5160 2958 5216 sancti
3019 5159 3376 5232 operatione,
3409 5154 3820 5229 cognovimus.

2159 5255 2302 5321 Quis
2332 5268 2470 5325 ergo
2501 5268 2618 5308 non
2651 5250 2926 5323 miretur,
2945 5248 3342 5306 dissimilibus
3390 5243 3671 5302 membris
3701 5241 3825 5298 dis-

2159 5359 2361 5416 parem
2407 5340 2698 5398 mundum
2757 5339 2847 5411 in}
2877 5354 3088 5411 corpus
3147 5352 3335 5393 unum
3395 5345 3724 5405 assurgere,
3761 5333 3826 5385 et

2161 5487 2401 5563 quidem
2459 5489 2653 5555 recte;
2688 5483 2952 5542 nondum
3009 5481 3166 5540 enim
3221 5481 3589 5553 congregatae
3647 5477 3828 5530 erant

2281 5577 2349 5616 ω.
