4122 6186
303 341 416 406 {37

1492 316 1498 323 ’
1576 328 2117 397 HEXAEMERON
2160 329 2313 393 LIB.
2356 328 2437 394 Π.

3597 328 3715 393 158

298 472 604 544 insolubili
652 472 979 531 concordia
1015 468 1436 545 charitatisque
1463 466 1593 539 lege
1621 469 1680 525 in
1712 467 1957 526 societa-
1991 464 2049 533 Α
2074 480 2239 521 suam
2274 465 2521 537 Moyses,
2552 466 2620 521 ut
2675 462 3030 522 divideretur
3070 480 3232 522 mare
3277 463 3568 531 Rubrum,
3611 462 3714 521 sed

296 569 415 622 tem
440 568 502 621 et
529 562 948 621 connexionem
978 560 1073 620 sui
1121 566 1243 619 tam
1292 560 1574 617 distantia
1617 559 1942 621 convenire,

258 678 268 687 ν
298 659 362 711 ut
390 671 523 726 quin
553 653 808 710 discreta
864 656 1076 709 natura
1130 660 1290 717 sunt,
1324 651 1384 707 in
1431 650 1673 707 unitatis
1701 653 1758 705 et
1785 648 1946 721 pacis

295 742 602 800 vinculum
630 741 790 798 velut
816 740 1120 797 individua
1147 741 1544 811 compactione
1594 742 1902 795 nectentur
1919 736 1950 791 ?

298 837 417 890 Aut
443 833 582 904 quis
607 832 730 887 haec
785 831 1014 891 videns.
1075 830 1523 899 possibilitatem
1582 828 1828 885 rationis
1856 827 1945 882 in-

299 926 474 980 ﬁrmo
516 920 752 992 ingenio
799 920 1098 976 rimetur?
1158 922 1293 985 Quae
1336 919 1535 974 omnia
1587 918 1677 973 vis
1731 917 1947 980 divina,

301 1007 916 1084 incomprehensibilis
937 1009 1216 1066 humanis
1231 1008 1548 1071 mentibus,
1563 1012 1620 1062 et
1637 1004 1951 1062 ineffabilia

306 1101 678 1159 sermonibus
757 1098 977 1165 matris,
1042 1098 1362 1155 voluntatis
1417 1114 1535 1153 suae
1608 1096 1954 1152 auctoritate

300 1207 408 1246 con
416 1190 639 1246 nexuit.

365 1281 425 1335 2.
459 1281 563 1337 28
592 1278 749 1337 Fecit
774 1278 887 1350 igit
964 1280 1146 1335 lDeus
1178 1278 1390 1335 cmlum
1429 1281 1487 1333 et
1530 1280 1772 1345 terram,
1802 1281 1861 1333 et
1889 1294 1958 1332 ea

295 1368 473 1441 quasi
506 1370 712 1424 auctor
758 1380 874 1425 ‘ssc
930 1367 1221 1441 precepit,
1277 1383 1394 1423 non
1422 1372 1707 1440 tanquam
1754 1367 1955 1439 ﬁgura;

292 1457 591 1522 inventor,
650 1458 752 1513 sed
813 1461 1098 1530 tanquam
1175 1459 1445 1528 operator
1502 1461 1747 1512 naturae.
1806 1456 1955 1511 Nam

294 1548 605 1619 quomodo
644 1546 756 1602 sibi
805 1546 1156 1602 conveniunt
1203 1546 1532 1617 operatoria
1571 1544 1956 1616 impossibilia

291 1636 397 1692 Dei
427 1636 621 1691 virtus
648 1639 699 1691 e’
741 1634 1034 1708 passibilis
1090 1633 1346 1691 materiai
1404 1639 1638 1701 natura,
1670 1638 1954 1706 tanquam

290 1724 486 1781 altera
505 1726 581 1780 ab
606 1724 810 1787 altera,
834 1740 950 1796 quo
979 1723 1360 1796 indiguerint,
1393 1724 1778 1779 mutuantes?
1807 1724 1955 1780 Nam

291 1813 345 1871 si
378 1815 648 1869 incl-cata
680 1813 943 1877 materia,
974 1812 1207 1868 videtur
1233 1828 1370 1885 ergo
1401 1812 1517 1869 Deo
1557 1813 1819 1867 creandas
1849 1829 1955 1883 po-
1985 1835 2036 1901 Β

286 1908 487 1960 testas
545 1901 800 1958 materiae
856 1902 1132 1967 defuisse,
1165 1905 1222 1956 et
1249 1901 1320 1957 ah
1348 1918 1417 1957 ea
1446 1901 1765 1974 operationi
1825 1902 1955 1957 sub-

285 1992 563 2065 jacentia
592 1995 878 2047 mutuata.
912 1991 971 2046 Si
1004 2007 1137 2045 vero
1167 1989 1579 2061 incomposita.
1612 1989 1827 2045 mirum
1861 1991 1958 2045 ad-

291 2081 552 2138 modum
605 2085 947 2136 coaeternam
1007 2080 1123 2135 Deo
1180 2080 1484 2135 materiam
1538 2080 1803 2135 decorem
1845 2077 1956 2133 sibi

292 2189 421 2227 non
451 2170 718 2243 potuisse
738 2169 1022 2233 conferre,
1048 2185 1175 2242 quae
1197 2168 1591 2225 substantiam
1612 2184 1726 2223 non
1751 2185 1784 2223 a
1804 2184 1960 2223 crea-

296 2266 436 2316 tore
465 2258 778 2330 acceperit,
813 2259 913 2314 sed
956 2258 1083 2314 sine
1134 2262 1398 2331 tempore
1425 2258 1557 2331 ipsa
1613 2257 1956 2329 possederit.

296 2349 454 2405 Plus
484 2365 626 2421 ergo
656 2348 878 2403 invenit
907 2351 1176 2417 operator
1202 2346 1488 2412 omnium,
1513 2364 1690 2423 quam
1714 2344 1962 2403 contulit

292 2438 535 2496 Invenit
566 2437 895 2493 materiam.
926 2437 988 2491 in
1021 2453 1137 2505 qua
1168 2440 1363 2508 posset
1403 2436 1627 2508 operari
1657 2434 1954 2491 :contulit.

294 2532 508 2584 autem
542 2527 814 2597 ﬁguram.
849 2542 977 2594 quae
1007 2526 1273 2580 decorem
1304 2524 1556 2579 inventis
1583 2524 1758 2581 rebus
1787 2523 1960 2578 atter-

294 2621 417 2673 ret.
476 2615 645 2672 Unda
690 2615 1069 2685 excipiendus
1127 2631 1162 2669 a
1216 2613 1441 2669 caeteris
1496 2616 1778 2685 tanquam
1836 2612 1962 2666 dies

294 2721 488 2771 unus,
525 2720 645 2759 no.1
674 2703 1061 2759 conferendus
1089 2718 1221 2756 cum
1272 2700 1496 2757 caeteris
1526 2704 1807 2772 tanquam
1837 2699 1963 2754 dies

295 2794 546 2867 primus
574 2796 682 2859 est,
705 2809 821 2863 quo
839 2791 1221 2847 fundamenta
1248 2807 1442 2846 rerum
1467 2789 1731 2845 omnium
1751 2786 1962 2859 posita,

293 2888 360 2938 et
392 2898 590 2937 causa
621 2897 750 2937 esse
805 2884 1121 2950 coeperunt,
1180 2879 1397 2949 quibus
1435 2877 1643 2934 mundi
1672 2878 1854 2949 hujus
1884 2881 1966 2932 at-

295 2987 429 3044 que
457 2971 745 3026 universa:
797 2968 1051 3025 visibilis
1097 2973 1375 3025 creaturas
1431 2967 1579 3023 fulta
1635 2966 1968 3023 substantia

293 3065 425 3116 est.
449 3061 641 3125 Quare
660 3060 733 3114 ad
769 3058 1009 3113 secundi
1049 3056 1163 3113 diei
1201 3057 1551 3113 admiranda
1570 3073 1745 3129 opera
1774 3073 1967 3113 sermo

292 3148 490 3206 nobis
522 3148 780 3218 prodeat,
813 3164 1066 3219 quorum
1128 3146 1447 3202 eminentia
1491 3163 1608 3201 non
1640 3146 1964 3201 secundum

292 3239 604 3293 tractatus
621 3236 802 3291 nostri
826 3235 1306 3307 possibilitatem:
1339 3235 1440 3291 sed
1475 3234 1798 3291 secundum
1832 3234 1973 3289 scri-

297 3324 510 3399 ptoris
558 3325 884 3387 veritatem,
947 3326 1018 3380 ad
1077 3324 1312 3380 laudem
1353 3324 1658 3380 referenda
1683 3327 1773 3379 est
1800 3325 1971 3380 Crea—

296 3413 488 3471 toris.

387 3505 449 3560 3.
481 3502 600 3558 Vos
646 3502 828 3576 igitur
883 3519 1080 3576 quaeso
1136 3506 1204 3558 ut
1256 3501 1602 3558 naturaliter
1659 3500 1967 3566 aestimare,

301 3609 455 3663 quae
483 3591 735 3648 dicimus
765 3591 1166 3663 probabiliter,
1185 3608 1252 3646 ac
1284 3589 1537 3663 simplici
1567 3596 1762 3646 mente
1793 3595 1851 3646 et
1880 3608 1969 3645 se-

296 3679 463 3736 dulo
493 3679 726 3749 ingenio
775 3696 1023 3750 pensare
1079 3678 1424 3752 dignemini,
1484 3696 1601 3734 non
1642 3679 1969 3734 secundum

293 3768 701 3843 philosophia
757 3770 1125 3833 traditiones,
1165 3773 1223 3825 et
1274 3769 1508 3824 inanem
1568 3768 1968 3824 seductionem

288 3857 585 3915 suasoria
605 3857 944 3913 verisimilia
972 3858 1086 3930 (43)
1117 3856 1487 3929 colligentes;
1511 3857 1610 3912 sed
1645 3857 1964 3913 secundum

295 3945 587 4018 regulam
634 3946 912 4011 veritatis,
945 3963 1078 4017 quae
1134 3945 1388 4002 oraculis
1440 3944 1620 3999 divini
1680 3945 1969 4001 sermonis

284 4034 679 4104 exprimitur.
711 4040 768 4090 et
794 4032 1291 4106 contemplatione
1320 4038 1498 4089 tanta:
1538 4034 1870 4104 majestatis
1900 4034 1967 4089 ﬁ-

286 4122 537 4180 delium
570 4123 899 4195 pectoribus
926 4123 1278 4188 infunditur,
1312 4124 1452 4193 quia
1498 4121 1783 4193 scriptum
1836 4126 1963 4178 est:

289 4210 595 4280 Confirma
618 4227 706 4267 me
760 4215 824 4267 in
874 4213 1052 4268 verbis
1082 4214 1211 4267 tuis.
1273 4213 1649 4268 Narraverunt
1702 4211 1846 4267 mihi
1875 4212 1963 4266 in-

278 4300 455 4372 justi
498 4302 932 4366 exercitationes,
984 4300 1077 4356 sed
1101 4317 1214 4356 non
1240 4301 1383 4355 sicut
1410 4300 1503 4355 lea:
1529 4302 1643 4365 tua,
1703 4300 1962 4355 Domine:

291 4389 506 4445 omnia
553 4396 824 4460 praecepta
877 4397 975 4444 tua
1026 4391 1232 4445 veritas
1286 4388 1461 4454 (Psal.
1516 4403 1712 4454 cxvm,
1743 4388 1837 4451 28,
1894 4389 1965 4444 85

289 4482 357 4535 et
390 4476 509 4547 86).
557 4476 681 4532 Non
718 4494 855 4551 ergo
887 4479 1213 4533 secundum
1246 4477 1671 4533 elementorum
1695 4479 1958 4542 naturas,

2055 554 2268 611 divinae
2318 555 2564 627 imperio
2603 556 2909 628 potestatis
2966 556 3398 630 obtemperans.
3462 555 3627 612 Unde
3657 558 3714 610 et

2054 643 2180 717 ipse
2211 645 2321 701 ait:
2381 648 2619 703 Dextera
2670 663 2871 703 manus
2924 651 3042 712 tua,
3099 648 3343 715 Domine,
3403 647 3715 719 glori/irata

2056 736 2139 788 est
2167 736 2224 788 in
2257 738 2458 791 virtute
2477 753 2495 790 :
2524 735 2749 792 dextera
2777 753 2974 793 manus
3001 740 3121 803 tua,
3162 738 3408 803 Domine,
3435 730 3711 807 confregit

2058 825 2313 881 inimicos
2369 824 2559 897 (Exod.
2593 842 2686 892 xv,
2727 826 2806 897 6).
2862 825 2965 881 Illo
3011 825 3211 899 igitur,
3265 830 3470 883 sancta
3525 826 3711 899 plebs,

2058 913 2219 969 eleva
2250 918 2505 969 mentem
2556 918 2741 981 tuam,
2774 919 2832 969 et
2877 919 3065 971 totum
3118 915 3381 971 animum
3429 919 3599 971 tuum
3647 933 3714 973 eo

2061 1003 2278 1058 confer.
2312 1002 2437 1059 Non
2473 1002 2557 1057 sic
2590 1004 2740 1059 Deus
2769 1003 2943 1071 videt,
2970 1005 3468 1075 quemadmodum
3502 1005 3713 1069 homo;

2063 1092 2216 1148 Deus
2246 1092 2305 1147 in
2337 1092 2529 1155 corde,
2561 1092 2736 1147 homo
2775 1092 2833 1147 in
2875 1092 3037 1149 facie.
3072 1097 3188 1149 Nec
3220 1092 3303 1149 sic
3332 1093 3512 1162 igitur
3539 1094 3715 1150 homo

2062 1181 2239 1242 videt,
2263 1182 2762 1251 quemadmodum
2786 1182 2963 1237 Deus.
2985 1183 3173 1238 Audis
3202 1183 3340 1256 quia
3361 1182 3515 1238 Deus
3546 1184 3714 1249 vidit,

2065 1275 2124 1327 et
2150 1270 2429 1327 laudavit.
2456 1271 2586 1327 Noli
2635 1271 2817 1342 igitur
2861 1270 2983 1326 tuis
3012 1271 3198 1327 oculis
3245 1271 3536 1327 aestimem
3586 1288 3716 1343 quae

2065 1362 2217 1417 facta
2277 1364 2436 1423 sunt.
2515 1359 3011 1433 opinionibusque
3075 1360 3373 1431 colligere:
3431 1362 3531 1417 sed
3588 1377 3716 1434 quae

2064 1451 2219 1508 Deus
2237 1449 2381 1505 vidit
2402 1453 2457 1505 et
2486 1450 2772 1523 probavit,
2804 1467 2873 1505 ea
2890 1454 2953 1505 tu
2975 1452 3345 1506 retractanda
3375 1467 3488 1505 non
3522 1455 3714 1523 putes.

2662 1558 2765 1613 24
2795 1557 3025 1614 CAPUT
3052 1557 3121 1612 II.

2063 1648 2520 1711 Firmamentum,
2550 1654 2612 1701 ut
2649 1663 2819 1718 aquas
2864 1647 2931 1702 ab
2963 1651 3123 1718 aquis
3170 1646 3529 1718 disterminat,
3560 1663 3713 1702 crea-

2137 1727 2244 1774 tur.
2308 1718 2443 1774 ϐαεἰί
2501 1717 2804 1788 probantur
2858 1717 3047 1785 plures
3119 1735 3252 1788 esse,
3311 1734 3375 1773 ac
3417 1717 3719 1774 cwlestium

2135 1791 2357 1845 orbium
2384 1794 2671 1845 concentus
2701 1791 2999 1861 refellitur.

2135 1896 2187 1950 ὅ.
2222 1897 2292 1951 Et
2323 1896 2469 1951 dixit
2498 1896 2682 1953 Deus:
2714 1895 2821 1968 ﬁat
2851 1898 3260 1967 ﬁrmamentum
3292 1898 3439 1952 inter
3481 1894 3723 1951 mediam

2067 2002 2289 2057 aquam,
2319 1990 2374 2041 et
2406 1987 2477 2041 sit
2524 1986 2836 2041 discernens
2883 1987 3031 2041 inter
3085 2003 3289 2057 aquam
3319 1989 3371 2041 et
3399 2001 3642 2058 aquam:
3672 1992 3723 2041 et

2064 2078 2273 2147 factum
2305 2082 2385 2130 est
2439 2076 2521 2129 sie
2558 2074 2708 2144 (Gen.
2738 2092 2778 2139 ι,
2811 2077 2865 2141 6,
2897 2075 2975 2146 7).
3026 2074 3174 2130 Audi
3225 2075 3403 2129 verba
3446 2073 3573 2142 Dei,
3616 2074 3719 2129 Fin

2067 2163 2228 2219 dicit.
2259 2163 2529 2220 Jubentis
2582 2167 2690 2227 est,
2730 2181 2846 2219 non
2906 2163 3273 2219 aestimantis.
3329 2164 3586 2233 Imperat
3614 2179 3717 2216 na-

2067 2256 2231 2314 turae.
2266 2269 2378 2308 non
2415 2252 2791 2325 possibilitati
2836 2253 3222 2324 obtemperat.
3255 2270 3369 2308 non
3411 2267 3721 2308 mensuras

2068 2342 2307 2413 colligit,
2343 2359 2458 2397 non
2490 2343 2721 2414 pondus
2749 2341 3062 2398 examinat.
3085 2342 3370 2398 Voluntas
3400 2342 3527 2411 ejus
3558 2357 3722 2396 men-

2070 2448 2209 2486 sura
2238 2448 2431 2486 rerum
2465 2436 2572 2486 est.
2606 2432 2810 2487 Sermo
2840 2432 2970 2503 ejus
3017 2431 3153 2486 finis
3195 2436 3286 2486 est
3316 2430 3544 2502 operis:
3580 2432 3723 2495 Fiat,

2071 2518 2280 2590 inquit,
2312 2521 2724 2590 ﬁrmamentum
2752 2523 2896 2575 inter
2922 2521 3159 2576 mediam
3193 2537 3416 2590 aquam.
3464 2519 3727 2575 Firmum

2069 2612 2157 2663 est
2187 2624 2361 2662 omne
2391 2608 2543 2673 quod
2575 2608 2780 2663 statuit
2808 2608 2985 2664 Deus.
3017 2609 3087 2662 Et
3124 2608 3270 2663 satis
3300 2608 3543 2680 pulchre
3571 2624 3724 2678 prte-

2070 2695 2266 2752 misit:
2300 2699 2421 2751 Fiat
2447 2698 2875 2768 ﬁrmamentum,
2926 2700 3243 2767 antequam
3291 2694 3606 2764 subjiceret
3634 2697 3724 2749 in-

2071 2793 2154 2842 ter
2181 2785 2422 2841 mediam
2477 2802 2710 2857 aquam,-
2768 2790 2836 2841 ut
2861 2789 2924 2840 tu
2983 2784 3150 2857 prius
3202 2784 3468 2840 crederes
3526 2783 3724 2838 firma-

2074 2879 2337 2930 mentum
2371 2892 2440 2929 ex
2470 2878 2754 2947 praecepto
2801 2874 2903 2931 Dei
2939 2875 3176 2942 factum,
3211 2890 3387 2943 quam
3420 2874 3492 2929 de
3542 2888 3723 2944 aqua-

2075 2981 2206 3020 rum
2263 2964 2487 3035 proflua
2520 2963 2804 3036 qualitate
2833 2963 3152 3019 dubitares.
3188 2964 3247 3019 Si
3308 2966 3580 3017 naturam
3611 2960 3727 3018 ele-

2076 3055 2410 3106 mentorum
2454 3051 2808 3114 consideres,
2861 3051 3155 3123 quomodo
3196 3051 3350 3106 inter
3377 3067 3561 3121 aquas
3591 3048 3729 3105 soli-

2081 3141 2284 3195 datum
2344 3145 2433 3195 est
2489 3140 2980 3195 firmamentum?
3036 3139 3152 3195 illa:
3207 3139 3528 3212 proﬂuunt,
3585 3137 3728 3193 illud

2083 3229 2537 3300 constringitur:
2588 3227 2700 3283 illas
2731 3232 2993 3294 currunt,
3025 3227 3137 3283 hoc
3167 3231 3384 3283 manet.
3418 3228 3482 3282 Et
3511 3229 3601 3295 sit,
3635 3227 3729 3281 in-

2080 3318 2230 3389 quit,
2261 3317 2573 3374 discernens
2602 3320 2749 3373 inter
2776 3334 2995 3388 aquam.
3028 3318 3137 3372 Sed
3172 3334 3325 3389 aqua
3354 3315 3726 3381 confundere,

2079 3424 2196 3463 non
2231 3407 2564 3462 discernere
2620 3405 2788 3462 solet.
2850 3407 3149 3472 Quomodo
3201 3406 3372 3475 jubet
3427 3404 3581 3477 quod
3621 3403 3731 3460 scit

2079 3497 2404 3551 secundum
2431 3495 2856 3551 elementorum
2889 3496 3172 3551 rationem
3191 3511 3319 3551 esse
3347 3491 3732 3549 contrarium?

2080 3585 2189 3640 Sed
2223 3601 2356 3640 cum
2389 3600 2583 3640 sermo
2613 3584 2743 3652 ejus
2768 3587 2934 3639 ortus
2954 3587 3175 3639 naturae
3207 3584 3303 3645 sit,
3329 3583 3462 3654 jure
3483 3584 3734 3653 usurpat

2079 3673 2217 3730 dare
2244 3673 2436 3744 legem
2467 3676 2709 3736 naturae,
2743 3672 2842 3744 qui
2874 3672 3159 3743 originem
3191 3673 3369 3729 dedit.

2147 3765 2201 3818 5.
2228 3763 2338 3818 Sed
2362 3762 2526 3834 prius
2546 3760 2987 3817 consideremus
3011 3762 3149 3834 quid
3175 3761 3252 3817 sit
3269 3761 3731 3826 firmamentum,

2077 3857 2280 3909 utrum
2311 3852 2509 3923 ipsum
2542 3849 2622 3905 sit
2653 3849 2806 3922 quod
2838 3848 2898 3903 in
2949 3848 3352 3921 superioribus
3382 3850 3592 3904 coelum
3625 3865 3728 3919 ap-

2077 3940 2336 4013 pellavit,
2368 3957 2441 3996 an
2475 3938 2655 4005 aliud,
2687 3941 2745 3994 et
2769 3937 2888 3992 sint
2908 3937 3023 3993 duo
3054 3937 3205 4004 coeli,
3232 3954 3304 3992 an
3338 3937 3557 4008 plures.
3584 3936 3732 3991 Nam

2075 4034 2217 4086 sunt
2248 4030 2348 4100 qui
2406 4044 2593 4085 unum
2642 4026 2854 4083 coelum
2901 4043 3030 4082 esse
3075 4026 3292 4093 dicant,
3325 4041 3432 4081 nec
3489 4024 3733 4081 alterius

2076 4118 2199 4176 caeli
2235 4117 2507 4182 faciendi,
2550 4132 2685 4172 cum
2733 4118 2888 4171 esset
2933 4132 3053 4171 una
3080 4114 3234 4188 hyle,
3283 4118 3350 4171 ut
3399 4114 3511 4186 ipsi
3544 4113 3731 4180 aiunt,

2073 4208 2337 4281 potuisse
2365 4211 2675 4279 suppetere
2694 4205 3120 4274 substantiam;
3148 4204 3427 4277 quoniam
3449 4220 3583 4258 cum
3605 4219 3729 4258 om-

2071 4298 2167 4354 nis
2198 4295 2483 4369 superiori
2517 4295 2660 4351 cmlo
2690 4297 2845 4350 esset
2873 4310 3146 4365 expensa,
3195 4292 3343 4349 nihil
3374 4291 3587 4366 reliqui
3620 4291 3736 4348 fuit

2074 4386 2231 4460 quod
2262 4386 2335 4442 ad
2383 4383 2823 4440 aediﬁcationem
2873 4382 3115 4437 secundi
3146 4382 3266 4437 σεθιὶ
3293 4381 3522 4437 tertiive
3555 4380 3734 4453 proﬁ-

2071 4478 2247 4532 ceret.
2292 4473 2406 4530 Alii
2457 4488 2590 4527 vero
2622 4472 2967 4527 innumeros
3012 4471 3188 4527 cmlos
3218 4474 3275 4526 et
3312 4470 3571 4526 mundos
3601 4486 3734 4526 esse

288 4564 415 4622 sed
445 4566 771 4621 mundum
803 4566 1125 4633 Christum,
1186 4565 1286 4638 qui
1341 4564 1541 4621 omnia
1598 4581 1726 4636 quae
1780 4563 1964 4620 voluit
1992 4570 2040 4634 Β
2070 4567 2363 4628 asserunt,
2387 4578 2536 4633 quos
2555 4560 2801 4615 irrident
2816 4559 2931 4615 sui.
2950 4559 3076 4615 Non
3099 4560 3252 4616 enim
3279 4560 3590 4616 nobiscum
3611 4557 3736 4614 illis

288 4653 467 4717 fecit,
495 4653 804 4710 abundans
831 4654 1199 4727 plenitudine
1236 4652 1563 4710 divinitatis
1593 4670 1734 4715 suae,
1767 4653 1957 4710 consi-

283 4744 583 4798 deremus
611 4758 736 4813 qua:
767 4744 920 4798 facta
948 4747 1106 4807 sunt,
1139 4748 1197 4799 et
1238 4747 1459 4798 naturas
1506 4740 1957 4813 possibilitatem

281 4830 753 4902 interrogemus.
779 4831 978 4903 Neque
1006 4831 1164 4887 enim
1194 4847 1327 4886 cum
1358 4829 1421 4885 in
1444 4828 1755 4901 Evangelia
1775 4828 1959 4902 lepro-

281 4936 405 4976 sos
433 4923 685 4985 curaret,
732 4919 897 4975 caecis
926 4920 1121 4975 visum
1167 4919 1523 4986 refunderet,
1571 4917 1824 4989 populus
1853 4917 1955 4990 qui

280 5008 510 5065 aderat
554 5011 615 5062 et
660 5008 963 5079 spectabat
1010 5008 1132 5078 illa,
1166 5007 1467 5064 medicinas
1497 5007 1763 5062 ordinem
1795 5022 1953 5062 reco-

281 5093 561 5169 gnavitr
600 5096 726 5162 sed,
784 5099 1134 5167 potestatem
1198 5095 1425 5152 Domini
1483 5094 1751 5166 miratus,
1784 5093 1950 5163 dedit,

280 5189 366 5240 ut
399 5183 690 5255 scriptum
719 5189 828 5253 est,
856 5185 962 5240 Deo
990 5185 1209 5241 laudem
1233 5184 1383 5257 (Luc.
1413 5201 1576 5251 xvm,
1607 5184 1720 5255 43).
1752 5184 1952 5255 Neque

281 5272 632 5329 secundum
654 5288 929 5328 numeros
948 5272 1347 5346 [Egyptiorum
1369 5280 1421 5327 et
1452 5288 1774 5328 concursus
1804 5270 1954 5327 side-

281 5376 458 5429 rum,
516 5374 825 5416 mensuras
904 5359 1325 5417 elementorum
1377 5358 1638 5415 extendit
1706 5375 1947 5414 manum

367 5501 488 5573 (43)
513 5499 755 5582 ξιξ-νει..
800 5501 946 5582 edit.
993 5505 1064 5582 et_
1091 5516 1384 5582 mss._non
1416 5497 1609 5582 pauci,
1631 5499 1949 5582 inquibus

279 5569 476 5645 Big,
509 5569 671 5645 qub.
706 5575 764 5627 et
800 5573 987 5641 Diom,
1050 5573 1269 5629 habent
1320 5569 1569 5645 verique_
1590 5569 1835 5645 similia;
1856 5575 1951 5645 _At

277 5640 427 5703 Va—t.
489 5643 622 5699 cod.
672 5660 873 5701 vocem
927 5640 1258 5703 verisimilia
1312 5640 1461 5699 non'
1484 5640 1736 5698 exhibet.
1795 5642 1946 5703 Edit.

282 5721 492 5776 autem
524 5715 693 5772 Rom.
724 5719 783 5773 et
810 5720 929 5775 tres
971 5734 1115 5775 mss.
1167 5716 1387 5773 habent
1438 5714 1703 5771 suasorie.
1750 5713 1858 5771 Th.
1892 5721 1949 5773 et

2073 4653 2281 4719 major,
2317 4666 2497 4722 quam
2527 4665 2663 4704 cum
2689 4648 2814 4704 suis
2844 4664 3041 4722 pugna
3071 4652 3180 4711 est,
3214 4650 3316 4720 qui
3349 4647 3731 4722 geometricis

2071 4739 2337 4797 numeris
2358 4742 2417 4794 et
2438 4736 2892 4793 necessitatibus
2913 4739 3278 4793 contendunt
3307 4737 3554 4810 probare
3571 4732 3728 4805 quod

2070 4829 2229 4886 aliud
2258 4826 2469 4884 coelum
2500 4842 2629 4882 esse
2664 4842 2779 4881 non
2801 4827 3010 4897 possit,
3046 4843 3150 4883 nec
3180 4826 3298 4899 pati
3331 4829 3603 4881 naturam
3632 4820 3721 4875 uti

2071 4917 2396 4974 ecundum
2429 4919 2533 4971 aut
2560 4913 2798 4969 tertium
2829 4913 2927 4980 sit,
2959 4930 3067 4970 nec
3095 4913 3415 4987 operatoris
3442 4911 3719 4966 virtutem

2065 5007 2363 5070 idoneam,
2396 5008 2462 5059 ut
2491 5001 2712 5059 multos
2727 5001 2903 5058 ccelos
2924 5003 3152 5059 faceret.
3181 5003 3250 5056 Et
3270 5000 3404 5071 quis
3427 5014 3543 5054 non
3562 4996 3724 5053 hanc

2064 5111 2271 5153 eorum
2304 5093 2590 5149 artiﬁcem
2635 5090 2970 5147 facundiam
3016 5089 3277 5155 irrideat,
3329 5086 3431 5160 qui
3486 5101 3619 5143 cum
3652 5102 3723 5142 ex

2067 5202 2185 5241 una
2216 5188 2390 5255 atque
2420 5182 2625 5236 eadem
2658 5196 2838 5236 causa
2878 5178 3051 5250 plura
3094 5177 3358 5246 ejusdem
3393 5174 3625 5250 generis
3654 5174 3729 5230 ab

2064 5272 2409 5330 hominibus
2438 5271 2563 5325 fieri
2596 5286 2768 5341 posse
2824 5283 2936 5321 non
2998 5267 3280 5326 abnuant.
3331 5266 3402 5319 de
3452 5265 3727 5319 Creatorc

2062 5362 2330 5421 omnium
2380 5358 2672 5425 dubitent,
2714 5360 2919 5410 utrum
2950 5354 3150 5428 plures
3180 5353 3357 5410 caelos
3401 5354 3589 5410 facere
3620 5360 3728 5426 ρο-

2051 5505 2214 5577 Reg.,
2247 5501 2478 5577 suasuri
2493 5482 3007 5577 verisimiliasBen.
3029 5500 3090 5577 et
3104 5497 3273 5554 Corb.
3301 5496 3451 5570 prim
3462 5511 3497 5577 ει
3518 5507 3722 5577 manu:

2046 5564 2372 5633 sudium...
2434 5570 2587 5635 Car.,
2646 5568 2931 5635 suasoria,
2990 5572 3126 5638 etc.,
3184 5564 3321 5627 nou'
3362 5564 3538 5625 male.
3573 5564 3721 5623 Nam

2050 5641 2430 5715 subintelligi
2447 5641 2639 5715 potest
2665 5638 3003 5713 disciplinae.
