4158 6168
452 275 568 337 159

1906 276 1973 338 8.
2017 276 2397 345 AMBROSII

3746 294 3867 359 160

446 414 641 483 tuerit,
673 415 743 471 de
766 432 881 490 quo
931 414 1216 490 scriptum
1247 415 1365 471 est:
1416 413 1679 469 Dominus
1727 423 1910 470 autem
1938 414 2096 473 caelos
2121 412 2181 481 Α
2209 416 2654 493 relinquamus:
2679 439 2786 482 nos
2808 421 3203 486 inhareamus
3232 423 3672 502 Scripturarum
3702 427 3871 488 cmis-

443 507 577 578 [ecit
606 507 778 577 (Psal.
813 524 942 575 xcv,
971 508 1049 577 5).
1083 507 1152 562 Et
1183 504 1353 560 alibi:
1393 504 1587 560 Omnia
1626 518 1967 577 quaecunque
2007 521 2097 561 vo-

446 596 551 651 luit
576 598 706 667 fecit
740 598 911 668 (Psal.
943 614 1095 663 LXII],
1125 594 1201 666 3).
1231 593 1566 665 Quidenim
1598 593 1837 649 difﬁcile
1876 593 1947 660 ei,
2000 595 2094 650 cui

2211 508 2390 566 stium
2424 512 2782 586 magisterio.

2845 632 3077 690 CAPUT
3117 634 3214 690 III.

440 685 586 797 Ϊῗῖἷίῗ
618 686 984 797 Γῗῗῗδθέδξῖ
999 681 2095 797 Titii.3551i”{lilii{iniiiif‘l‘iilf
2202 719 2640 797 Firmamentum
2670 737 2782 797 ηρη
2824 721 2968 779 idem
2996 739 3109 779 esse
3136 740 3202 779 ac
3227 724 3453 781 celum:
3483 739 3646 797 veras
3687 742 3864 797 aqua:

441 776 610 846 ratio,
644 794 776 831 cum
810 778 878 832 de
912 777 1024 830 Deo
1056 774 1381 843 disputant,
1408 772 1498 828 cui
1523 788 1653 827 vere
1681 772 1922 827 dicitur:
1949 773 2096 838 Quia

439 866 805 939 impossibile
836 865 939 920 tibi
972 861 1115 917 nihil
1151 866 1259 916 est.

510 961 564 1015 6.
599 958 798 1028 Itaque
829 971 934 1009 nos
954 964 1087 1017 jnon
1151 951 1342 1007 solum
1396 953 1744 1017 secundum,
1778 952 1878 1009 sed
1912 952 2089 1008 etiam

436 1048 670 1104 tertium
708 1045 914 1101 coelum
946 1059 1074 1098 esse
1132 1058 1344 1114 negare
1388 1059 1501 1098 non
1557 1059 1895 1115 possumus,
1955 1059 2087 1099 cum

2273 807 2435 868 super
2456 795 2571 863 ipso
2597 793 2834 850 residere
2857 810 3147 867 perperam
3176 800 3390 866 negari,
3442 796 3605 868 idque
3648 793 3865 853 ostendi

2274 862 2582 940 Scriptura,
2611 862 2895 940 exemplis,
2927 862 2991 922 ac
3018 862 3321 939 multiplici
3350 862 3594 924 ratione:
3629 868 3725 924 ubi
3762 872 3863 940 qui

2270 934 2508 989 calidam
2562 936 2667 992 soli
2718 934 2978 993 naturam
3006 934 3198 995 inesse
3221 941 3436 1007 nolunt,
3470 934 3856 997 revincuntur.

2269 1050 2323 1106 8.
2356 1051 2729 1124 Propositum
2762 1053 2944 1128 igitur
2973 1054 3141 1111 nobis
3173 1058 3281 1123 est,
3317 1055 3457 1128 quia
3486 1056 3634 1111 dixit
3663 1057 3853 1113 Deus:

437 1134 744 1209 Apostolus
775 1138 1007 1206 raptum
1042 1150 1104 1189 se
1136 1132 1205 1188 ad
1230 1132 1467 1187 tertium
1493 1131 1703 1188 coelum
1735 1133 2087 1204 scriptorum
2199 1139 2317 1195 Fiat
2342 1142 2757 1211 ﬁrmamentum
2785 1144 2929 1199 inter
2955 1143 3198 1200 medium
3237 1160 3416 1215 aquae,
3459 1149 3509 1201 et
3534 1147 3605 1201 sit
3642 1145 3856 1202 disc-er-

435 1242 677 1281 suorum
734 1222 1143 1278 testiﬁcatione
1204 1222 1513 1277 conﬁrmet
1566 1223 1635 1289 (Il
1686 1222 1832 1285 σον..
1866 1239 1967 1288 xu,
2004 1221 2080 1292 2).

431 1313 611 1370 David
643 1312 816 1369 etiam
847 1310 1324 1375 coalospoelornm
1362 1310 1418 1365 in
1454 1310 1550 1366 illo
1581 1310 1947 1367 laudantium
1984 1314 2086 1368 Do-

320 1442 325 1445 -
431 1403 660 1459 minum
718 1401 1021 1458 constituit
1079 1400 1254 1455 choro
1305 1401 1476 1468 (Psal.
1511 1417 1738 1467 cxnvm,
1773 1403 1845 1474 4).
1898 1403 2081 1465 Quem
2192 1404 2345 1473 fecit,
2379 1407 2449 1462 de
2480 1423 2596 1478 quo
2629 1407 2913 1481 scriptum
2962 1413 3083 1465 est:
3115 1411 3179 1465 In
3216 1411 3495 1481 principio
3525 1412 3658 1481 fecit
3707 1411 3854 1466 Deus

2194 1243 2331 1283 nens
2360 1230 2505 1285 inter
2522 1246 2725 1302 aquam
2755 1235 2807 1286 et
2831 1247 3033 1302 aquam
3051 1231 3206 1301 (Gen.
3231 1250 3272 1300 1,
3293 1234 3370 1304 6).
3395 1233 3465 1288 Et
3488 1232 3627 1288 hinc
3646 1237 3855 1288 tracta-

2194 1319 2292 1371 tur
2311 1320 2511 1373 utrum
2530 1318 2638 1375 hoc
2660 1319 3100 1377 ﬁrmamentum
3122 1320 3374 1394 appellet
3395 1322 3552 1393 quod
3575 1326 3711 1377 ante
3720 1322 3848 1392 jam

428 1494 729 1549 imitantes
759 1490 1091 1564 philosophi
1125 1490 1384 1562 quinque
1424 1489 1727 1545 stellarum
1769 1495 1824 1546 et
1855 1490 1994 1546 solis
2026 1496 2084 1547 et
2190 1495 2381 1550 caelum
2413 1500 2461 1551 et
2492 1504 2697 1552 terram
2728 1497 2931 1570 (Ibid).
2964 1498 3080 1554 Nec
3109 1497 3259 1553 fallit
3289 1499 3445 1570 quod
3495 1497 3680 1571 aliqui
3712 1503 3850 1554 ante

428 1581 601 1647 lunae,
635 1580 943 1654 globorum
976 1595 1301 1635 consonum
1337 1582 1560 1635 motum
1609 1578 2076 1648 introduxerunt,

429 1688 681 1745 quorum
714 1671 956 1726 orbibus
1002 1669 1087 1725 vel
1121 1668 1314 1741 potius
1345 1667 1535 1740 globis
1568 1685 1828 1725 connexa
1857 1686 2077 1725 memo-

2189 1600 2296 1640 nos
2327 1585 2410 1640 ita
2440 1586 2787 1658 acceperint,
2820 1603 2886 1643 eo
2920 1588 3074 1660 quod
3092 1584 3289 1659 'supra
3317 1591 3576 1644 creatum
3612 1591 3850 1645 auctore

2188 1674 2303 1731 Deo
2335 1679 2393 1731 et
2415 1676 2717 1732 conditum
2748 1676 2960 1734 coelum
3013 1678 3318 1750 Scriptura
3348 1677 3719 1750 expresserit,
3748 1677 3847 1733 hic

425 1766 558 1817 rant
579 1761 677 1818 25
712 1760 928 1827 omnia,
964 1776 1110 1831 quos
1140 1758 1251 1813 sibi
1283 1758 1525 1814 innexos
1556 1762 1614 1813 et
1641 1757 1798 1813 velut
1824 1758 2077 1815 insertos
2105 1791 2154 1857 B
2187 1763 2607 1836 expositionem
2664 1765 2857 1838 operis
2910 1766 3339 1839 creationisque
3397 1765 3733 1833 diﬁ'uderit;
3782 1770 3850 1822 ut

423 1850 640 1908 versari
673 1854 825 1905 retro
852 1854 910 1905 et
939 1849 1228 1904 contrario
1260 1847 1482 1902 ceteris
1530 1852 1696 1903 motu
1727 1848 1863 1903 ferri
1916 1849 2072 1904 arbi-

423 1944 675 2009 trantur,
727 1956 911 2011 eoque
957 1937 1219 2010 impulsu
1266 1941 1323 1992 ot
1352 1941 1513 1992 motu
1547 1936 1807 2008 ipsorum
1840 1938 2073 1994 orbium

422 2030 650 2086 dulcem
686 2029 999 2100 quemdam
1034 2031 1089 2082 et
1120 2027 1359 2098 plenum
1387 2026 1694 2081 suavitatis
1725 2030 1898 2099 atque
1930 2028 2073 2083 artis

421 2124 477 2175 et
502 2118 822 2192 gratissimi
859 2116 1277 2173 modulaminis
1307 2132 1516 2172 sonum
1573 2116 1757 2183 reddi,
1790 2115 2070 2187 quoniam

420 2208 643 2265 scissus
673 2224 773 2263 aer
803 2210 922 2262 tam
950 2205 1156 2261 artiﬁci
1197 2210 1379 2275 motu,
1431 2209 1487 2259 et
1515 2208 1686 2260 acuta
1714 2221 1845 2259 cum
1880 2205 2068 2278 gravi-

418 2298 531 2354 bus
562 2299 947 2369 temperante,
996 2296 1078 2350 ita
1118 2294 1308 2350 varios
1340 2293 1704 2365 aequabiliter
1752 2298 2069 2350 concentus

418 2386 652 2455 efﬁciat,
688 2390 752 2441 ut
782 2402 1013 2441 omnem
1040 2382 1518 2456 supergrediatur
1546 2383 1755 2439 musici
1789 2383 2068 2440 carminis

419 2476 785 2533 suavitatem.
1386 2542 1391 2547 ο

374 2626 375 2631 η
487 2569 541 2622 7.
575 2567 764 2638 Hujus
794 2564 876 2621 rei
924 2565 1097 2620 ﬁdem
1134 2562 1181 2618 si
1231 2562 1495 2634 requiras
1540 2566 1716 2634 atque
1765 2566 2065 2635 exspectes

417 2674 591 2713 sensu
644 2655 813 2712 nobis
862 2658 917 2711 et
966 2654 1167 2715 auditu
1219 2652 1476 2724 probari,
1508 2652 1799 2707 haesitant.
1834 2652 1981 2707 Nam
2013 2653 2063 2707 si

415 2763 552 2803 vera
580 2746 790 2809 forent,
819 2744 1110 2815 quomodo
1142 2746 1303 2797 tanto
1350 2745 1513 2796 motu
1565 2741 1795 2796 orbium
1827 2757 2062 2797 concre-

414 2841 612 2908 pante,
644 2851 778 2890 cum
822 2831 921 2887 ille
955 2830 1205 2888 cmlestis
1255 2830 1433 2897 orbis,
1482 2829 1574 2883 cui
1618 2830 1824 2884 afﬁxas
1869 2830 2065 2886 ferunt

414 2923 716 2980 stellarum
750 2938 979 2987 cursus,
1013 2917 1709 2991 quisineintermissione
1731 2917 2060 2986 volvuntur,

412 3010 849 3070 concitatiorem
892 3009 1105 3064 habeat
1151 3006 1588 3063 conversionem
1619 3011 1793 3079 atque
1823 3012 2059 3063 acutum

413 3117 623 3158 sonum
657 3099 882 3166 excitet,
908 3098 1000 3153 bic
1021 3100 1217 3153 autem
1240 3095 1464 3152 lunaris
1481 3096 1916 3169 gravissimum,
1942 3114 2057 3154 non

412 3190 715 3247 audiretur
745 3206 780 3245 a
826 3187 1016 3255 nobis,
1069 3203 1201 3241 cum
1234 3185 1449 3241 leviora
1479 3185 1682 3241 audire
1713 3184 2009 3242 soleamus
2029 3186 2057 3243 ?

412 3281 613 3337 Fidem
646 3294 782 3351 ergo
808 3278 937 3349 ejus
970 3275 1386 3348 disputationis
1412 3274 1461 3331 si
1492 3275 1829 3331 testimonio
1860 3280 2059 3332 nostro

410 3374 470 3427 et
500 3369 738 3427 auditus
769 3382 1012 3423 munere
1040 3365 1345 3439 exigamus
1377 3364 1631 3436 probari,
1666 3365 1927 3421 referunt
1956 3366 2056 3421 ob-

414 3456 719 3515 surduisse
749 3473 919 3513 aures
950 3459 1203 3522 nostras,
1234 3458 1291 3510 et
1335 3454 1692 3510 hebetiorem
1723 3454 1894 3510 nobis
1924 3470 2057 3511 sen-

412 3565 546 3604 sum
578 3546 853 3603 audiendi
913 3545 1152 3616 factum,
1207 3548 1442 3617 propter
1497 3542 1659 3599 illam
1691 3561 1725 3599 a
1772 3543 2058 3617 principio

412 3641 625 3693 nostra;
669 3634 1059 3708 generationis
1091 3634 1352 3706 concepti
1405 3632 1633 3689 sonitus
1682 3634 2059 3689 consuetudi-

412 3742 568 3782 nem.
603 3726 671 3780 Et
699 3722 1031 3791 exemplum
1063 3723 1334 3789 afferunt,
1368 3739 1433 3779 eo
1465 3723 1625 3794 quod
1655 3721 1823 3778 Nilus
1854 3722 2058 3779 ﬂuvio-

413 3831 544 3872 rum
566 3814 879 3882 maximus,
913 3829 980 3869 eo
1009 3811 1276 3868 videlicet
1305 3811 1428 3867 loco
1461 3811 1561 3866 ubi
1584 3828 1645 3867 se
1665 3827 1734 3865 ex
1753 3810 2060 3867 altissimis

411 3902 710 3960 montibus
740 3902 799 3956 in
851 3900 1140 3972 catadupa
1179 3900 1290 3972 (44)
1322 3898 1423 3954 illa
1452 3898 1798 3969 praecipitat,
1830 3898 2057 3971 magni-

408 3992 611 4049 tudine
660 3990 906 4065 fragoris
961 3990 1052 4045 sui
1106 4004 1279 4044 aures
1316 3985 1647 4043 accolarum
1676 3986 1961 4055 obstruat,
1995 3991 2090 4043 ut

410 4081 685 4138 audiendi
735 4095 977 4135 munere
1023 4093 1218 4133 carere
1267 4076 1558 4132 dicantur.
1610 4075 1721 4130 Sed
1769 4074 1936 4132 facile
1965 4076 2059 4133 bis

409 4172 538 4244 ipsa
559 4170 872 4242 respondet
899 4167 1135 4222 veritas.
1168 4166 1315 4221 Nam
1348 4165 1448 4237 qui
1481 4164 1739 4220 tonitrua
1781 4165 2059 4222 audimus

409 4261 657 4316 nubium
680 4258 983 4314 collisione
1012 4259 1309 4328 generata,
1336 4258 1633 4310 tantorum
1664 4254 1897 4311 orbium
1927 4272 2060 4312 con-

408 4348 729 4414 versiones,
787 4346 887 4418 qui
945 4344 1151 4415 majori
1211 4343 1414 4415 utique
1472 4343 1628 4399 sicut
1701 4348 1863 4399 motu
1920 4344 2058 4400 ferri

409 4437 794 4502 aestimantur,
828 4435 910 4490 ita
952 4432 1414 4489 vehementiores
1464 4433 1693 4489 sonitus
1722 4434 2056 4503 excitarent,

2186 1852 2268 1909 ibi
2299 1854 2468 1926 quasi
2499 1870 2737 1911 summa
2783 1855 2977 1927 operis
3008 1855 3260 1911 breviter
3288 1854 3712 1925 comprehensa
3742 1854 3842 1923 sit,

2183 1941 2278 1997 hic
2328 1943 2683 2015 operationis
2715 1943 2969 2017 qualitas
3000 1962 3103 2017 per
3153 1944 3315 2018 ipsas
3364 1944 3843 2001 concurrentium

2183 2047 2379 2087 rerum
2414 2032 2643 2107 digesta
2673 2033 2751 2089 sit
2780 2034 3026 2107 species.
3059 2034 3170 2090 Sed
3201 2037 3395 2090 movet
3414 2050 3542 2100 nos,
3567 2033 3707 2105 quia
3737 2034 3840 2090 20

2182 2122 2239 2174 et
2270 2136 2484 2177 nomen
2516 2121 2673 2177 aliud
2708 2122 3093 2195 signiﬁcatur,
3137 2126 3194 2178 et
3224 2122 3448 2194 species
3492 2121 3750 2190 solidior,
3784 2126 3844 2178 et

2182 2225 2361 2265 causa
2384 2210 2758 2280 discernitur,
2789 2215 2847 2266 et
2875 2227 3127 2284 persona
3174 2211 3565 2283 cooperatoris
3624 2210 3838 2282 adjun-

2179 2297 2358 2369 gitur.
2393 2298 2487 2355 Sic
2517 2300 2674 2354 enim
2706 2299 2992 2373 scriptum
3016 2303 3131 2356 est:
3156 2301 3221 2355 Et
3238 2299 3494 2356 discrevit
3518 2304 3667 2356 Deus
3688 2302 3840 2355 inter

2176 2386 2423 2444 medium
2450 2403 2611 2460 aqua?
2664 2403 2789 2461 quae
2846 2394 2963 2444 erat
3018 2391 3116 2444 sub
3175 2389 3539 2459 ﬁrmamento,
3581 2396 3630 2444 el
3685 2390 3837 2445 inter

2176 2476 2420 2532 medium
2448 2493 2606 2549 aqum
2635 2492 2759 2549 quae
2786 2482 2903 2534 erat
2931 2494 3095 2551 super
3116 2479 3521 2549 ﬁrmamentum
3550 2477 3754 2550 (Ibid).

2248 2566 2303 2621 9.
2340 2567 2409 2622 Et
2438 2566 2627 2639 primo
2654 2565 2859 2623 volunt
2887 2566 2945 2622 id
2983 2568 3283 2623 destruere
3334 2568 3489 2639 quod
3538 2566 3830 2639 frequenti

2176 2653 2615 2727 Scripturarum
2633 2655 2878 2712 lectione
2890 2655 3159 2712 inclitum
3174 2657 3393 2713 nostris
3405 2660 3460 2712 et
3475 2656 3830 2727 impressum

2174 2746 2266 2798 est
2295 2744 2613 2812 mentibus,
2647 2744 2785 2816 quia
2807 2761 2972 2817 aqua:
2990 2762 3168 2818 super
3187 2745 3363 2801 cmlos
3394 2761 3521 2802 esse
3550 2761 3663 2799 non
3689 2761 3831 2817 pos-

2174 2830 2313 2899 sint,
2369 2831 2630 2889 dicentes
2678 2834 2998 2889 rotundum
3043 2850 3172 2890 esse
3221 2835 3423 2890 orbem
3476 2832 3641 2889 illum
3674 2833 3828 2903 coeli,

2172 2924 2345 2994 cujus
2376 2922 2436 2977 in
2468 2921 2659 2979 medio
2688 2927 2844 2979 terra
2873 2924 2969 2992 sit,
3004 2928 3061 2981 et
3088 2922 3147 2979 in
3181 2922 3280 2979 illo
3314 2923 3562 2979 circuitu
3611 2940 3826 2995 aquam

2170 3014 2327 3066 stare
2348 3026 2462 3066 non
2484 3027 2679 3083 posse,
2703 3012 2860 3083 quod
2883 3027 3121 3068 necesse
3143 3016 3232 3068 est
3250 3012 3474 3068 deﬂuat
3493 3016 3549 3068 et
3573 3011 3827 3080 labatur,

2171 3114 2307 3155 cum
2330 3100 2402 3155 de
2423 3082 2826 3172 superioribus
2848 3101 2920 3157 ad
2941 3101 3217 3157 inferiora
3238 3101 3525 3158 decursus
3545 3105 3656 3156 est.
3680 3102 3829 3167 Quo-

2172 3190 2345 3245 modo
2375 3188 2531 3245 enim
2563 3206 2718 3261 aqua
2739 3206 2918 3263 super
2947 3190 3167 3257 orbem,
3200 3195 3266 3246 ut
3294 3190 3482 3259 aiunt,
3535 3194 3688 3247 stare
3718 3207 3824 3263 po-

2168 3282 2304 3346 test,
2338 3293 2471 3334 cum
2505 3278 2665 3335 orbis
2690 3278 2816 3351 ipso
2842 3278 3105 3336 volvatur
3122 3278 3149 3334 ?
3171 3279 3301 3335 Haec
3321 3285 3413 3336 est
3439 3279 3542 3335 illa
3568 3278 3827 3336 versutia

2170 3365 2502 3422 dialecticae.
2536 3371 2619 3421 Da
2676 3367 2822 3422 mihi
2855 3369 3012 3424 unde
3036 3366 3144 3423 tibi
3193 3367 3601 3440 respondeam.
3656 3367 3823 3434 Quod

2169 3454 2220 3510 si
2251 3472 2366 3512 non
2398 3455 2589 3524 detur,
2623 3454 2852 3512 nullum
2882 3456 3125 3512 verbum
3164 3456 3432 3512 refertur.
3467 3456 3678 3512 Petunt
3705 3455 3821 3511 sibi

2170 3544 2407 3601 concedi
2439 3561 2604 3601 axem
2637 3544 2765 3601 coeli
2796 3544 3058 3622 torqueri
3104 3549 3264 3602 motu
3318 3545 3567 3613 concito,
3617 3544 3823 3601 orbem

2170 3637 2366 3690 autem
2397 3638 2563 3690 terrea
2593 3650 2721 3690 esse
2752 3633 3156 3703 immobilem;
3203 3638 3270 3689 ut
3317 3638 3584 3690 astruant
3634 3650 3824 3706 aquas

2170 3738 2347 3796 super
2377 3722 2553 3779 cozlos
2582 3739 2712 3781 esse
2741 3739 2857 3780 non
2889 3740 3081 3796 posse,
3132 3722 3289 3796 quod
3339 3739 3543 3779 omnes
3571 3737 3672 3778 eas
3695 3720 3823 3777 vol-

2169 3813 2353 3869 vendo
2383 3828 2447 3868 se
2492 3811 2617 3868 axis
2660 3811 3011 3868 effunderet:
3047 3812 3216 3884 quasi
3245 3828 3378 3869 vero
3410 3816 3476 3867 ut
3503 3811 3825 3868 concedam

2168 3899 2287 3980 illis
2311 3901 2467 3974 quod
2499 3899 2823 3973 postulant,
2858 3904 2915 3958 et
2944 3902 3270 3958 secundum
3292 3916 3494 3958 eorum
3516 3900 3824 3973 opiniones

2168 3989 2287 4047 illis
2319 3990 2726 4066 respondeam,
2759 4006 2973 4064 negare
3014 3990 3246 4064 possint
3275 3990 3334 4046 in
3366 3989 3467 4045 illa
3513 3988 3825 4046 altitudine

2170 4083 2227 4135 et
2256 4079 2543 4153 profundo
2583 4083 2642 4135 et
2688 4078 3116 4152 longitudinem
3149 4096 3279 4137 esse
3326 4082 3383 4135 et
3419 4078 3822 4146 latitudinem,

2169 4184 2348 4240 quam
2380 4184 2551 4224 nemo
2581 4170 2777 4240 potest
2805 4168 3320 4241 comprehendere,
3354 4167 3468 4224 nisi
3497 4168 3550 4223 is
3575 4166 3679 4239 qui
3710 4167 3821 4222 im-

2169 4256 2365 4329 pietur
2390 4256 2451 4313 in
2500 4272 2733 4313 omnem
2782 4255 3209 4329 plenitudinem
3262 4258 3382 4326 Dei,
3415 4261 3481 4313 ut
3506 4255 3824 4329 Apostolus

2169 4345 2252 4402 ait
2281 4345 2497 4418 (Ephes.
2530 4362 2615 4415 III,
2651 4347 2738 4414 18,
2774 4345 2885 4418 19).
2920 4346 3060 4413 Quis
3083 4344 3241 4403 enim
3271 4350 3465 4419 potest
3493 4345 3660 4401 facile
3689 4361 3822 4402 esse

2168 4434 2351 4490 divini
2382 4434 2575 4507 operis
2615 4434 2934 4491 aestimator
2952 4435 2981 4493 ?
3026 4436 3129 4493 Est
3157 4451 3294 4509 ergo
3323 4434 3572 4492 latitudo
3601 4434 3663 4488 in
3692 4434 3825 4506 ipsa

380 4543 526 4583 -non
586 4525 926 4580 audiremus
947 4523 975 4577 ?
1027 4524 1270 4578 Addunt
1325 4526 1622 4595 praeterea,
1670 4523 1800 4579 ideo
1849 4540 2060 4580 sonum
2090 4530 2141 4596 υ
2171 4523 2298 4580 οωΙί
2330 4522 2657 4580 altitudine.
2692 4524 2843 4580 Sunt
2869 4524 3068 4594 etiam,
3102 4528 3169 4581 ut
3187 4526 3260 4581 de
3278 4524 3373 4581 his
3404 4524 3669 4580 dicamus
3692 4539 3822 4595 quas

410 4616 569 4672 hunc
614 4630 732 4669 non
786 4611 1086 4685 pervenire
1116 4612 1189 4667 ad
1223 4616 1428 4683 terras,
1462 4629 1535 4668 ne
1588 4613 1743 4685 capti
1792 4612 2061 4669 homines

410 4722 515 4779 per
544 4702 892 4761 suavitatem
939 4702 1066 4774 ejus
1112 4706 1287 4774 atque
1335 4700 1728 4769 dulcedinem,
1761 4719 1938 4775 quam
1969 4720 2058 4759 ce-

410 4794 687 4852 lerrimus
718 4792 816 4848 ille
837 4790 1114 4847 oculorum
1138 4791 1324 4847 effecit
1341 4794 1558 4859 motus,
1585 4791 1656 4847 ab
1678 4792 2059 4849 orientalibus

410 4884 676 4958 partibus
708 4899 894 4955 usque
920 4881 979 4936 in
1011 4898 1304 4948 occasum,
1337 4881 1574 4954 propria
1611 4882 1843 4953 negotia
1883 4888 2060 4954 atque

412 4992 588 5048 opera
615 4971 1109 5045 derelinquerent,
1143 4974 1197 5027 et
1224 4970 1424 5026 omnia
1453 4969 1547 5025 hic
1579 4970 1765 5027 otiosa
1795 4988 2059 5029 remane-

413 5068 561 5133 rent,
595 5064 851 5136 quodam
899 5060 1171 5117 humana
1222 5060 1295 5115 ad
1345 5058 1613 5116 caelestes
1643 5076 1817 5117 sonos
1847 5060 2061 5118 mentis

413 5169 674 5209 excessu.
708 5152 819 5208 Sed
852 5167 920 5207 ea
948 5167 1077 5222 quae
1108 5153 1250 5206 sunt
1292 5147 1484 5205 aliena
1514 5165 1549 5204 a
1594 5149 1789 5205 studio
1839 5154 2061 5218 nostro,

413 5242 471 5294 et
516 5255 551 5295 a
605 5236 811 5294 divinae
870 5235 1137 5293 lectionis
1193 5234 1362 5305 serie,
1422 5234 1495 5291 iis
1544 5236 1645 5309 qui
1701 5237 1843 5293 foris
1899 5241 2058 5308 sunt,

484 5524 596 5595 (44)
629 5522 770 5579 Mss.
803 5523 1001 5596 plures
1032 5540 1098 5579 ac
1137 5523 1521 5650 probatiores,
1552 5522 1827 5595 catadyta,
1861 5540 1896 5579 a
1924 5524 2055 5596 qui-

484 5612 523 5650 IS
554 5594 654 5650 alii
686 5593 819 5650 licet
847 5596 1104 5650 corrupti
1178 5595 1291 5650 aud
1324 5594 1493 5650 [once
1533 5594 1830 5650 recedunt.
1886 5596 2055 5650 Corb.

412 5593 523 5677 bus
554 5593 821 5677 aliidicet
847 5596 1104 5677 corrupti
1137 5593 1493 5677 baudnlon‘ge
1533 5593 1858 5677 recedunt._
1886 5593 2055 5677 Cprb.

410 5672 597 5738 vetus,
655 5667 817 5725 Gem.
876 5684 943 5725 ac
972 5669 1129 5724 Coen.
1187 5665 1587 5739 explicationis
1647 5682 1783 5739 ergo
1843 5667 2063 5727 habent

2171 4612 2320 4671 scire
2350 4629 2686 4685 possumus,
2734 4611 3015 4686 pleraque
3062 4614 3307 4671 aediﬁcia
3354 4613 3497 4671 foris
3546 4612 3821 4681 rotunda,

2169 4702 2331 4759 intus
2362 4703 2669 4774 quadrata,
2720 4704 2777 4757 et
2821 4702 2962 4759 foris
3005 4702 3310 4775 quadrata,
3356 4701 3519 4757 intus
3545 4701 3821 4769 rotunda,

2174 4792 2391 4864 quibus
2417 4791 2722 4864 superiora
2751 4795 2891 4847 sunt
2919 4790 3116 4864 plana,
3150 4791 3210 4847 in
3260 4791 3478 4864 quibus
3508 4807 3664 4863 aqua
3704 4789 3824 4846 ha:-

2170 4897 2295 4938 rere
2326 4879 2528 4938 soleat.
2560 4881 2693 4945 Quae
2722 4884 2919 4937 tamen
2949 4880 3080 4937 ideo
3111 4881 3384 4947 dicimus,
3416 4884 3482 4937 ut
3517 4880 3826 4936 advertant

2171 4970 2477 5042 Opiniones
2508 4987 2647 5027 suas
2670 4969 3048 5043 opinionibus
3068 4969 3578 5028 verisimilioribus
3604 4968 3822 5026 revinci

2172 5076 2364 5133 posse,
2396 5063 2454 5116 et
2481 5059 2753 5117 desinant
2785 5063 3016 5119 tantum
3041 5078 3192 5135 opus
3221 5060 3343 5129 Dei,
3375 5061 3647 5117 humanm
3677 5076 3823 5132 ope-

2171 5148 2415 5206 rationis
2471 5153 2529 5206 et
2581 5152 2791 5206 nostra
2850 5150 3258 5221 possibilitatis
3328 5148 3826 5222 contemplatione

2172 5238 2385 5294 metiri.

2170 5523 2356 5581 abdita
2396 5524 2682 5607 proﬁupii.
2714 5523 2839 5607 _Alii
2870 5527 3091 5607 vero_et
3119 5523 3258 5607 edit.
3296 5521 3503 5607 legunt
3529 5520 3822 5607 caydupa,

2169 5594 2471 5724 guarsu’nt
2498 5594 2613 5652 Nili
2640 5599 2965 5668 cataractis,
2997 5596 3067 5653 de
3086 5594 3306 5668 quibus
3337 5594 3456 5653 Cic.
3489 5596 3549 5650 in
3579 5594 3824 5652 Somnio

2209 5684 2481 5741 cipionis.
