4158 6168
260 326 378 388 161
1590 316 2132 379 ΗΕΧΑΕΜΕΗΟΝ
2182 321 2327 380 ΗΠ.
2364 320 2443 379 ΙΙ.
3610 322 3724 381 16⁸2

335 457 429 514 40.
462 454 585 511 Nos
617 454 826 508 autem
859 450 1312 523 Scripturarum
1346 445 1559 503 seriem
1592 452 1768 521 atque
1798 450 1957 521 ordi-
1988 452 2044 518 Α
2074 450 2187 519 (49)
2220 452 2568 525 (Philipp.1v.
2606 453 2736 523 13)?
2767 453 2976 509 Dicant
3020 455 3189 517 certe~
3223 451 3724 524 quemadmodum

257 563 398 606 nem
428 541 770 617 sequimur,
790 544 851 597 et
878 556 1035 612 opus
1067 536 1565 611 contemplatione
1595 538 1957 596 aestimamus
2068 556 2167 595 aer
2197 545 2440 612 cogatur
2466 542 2524 597 in
2554 544 2792 608 nubem,
2818 547 3017 598 utrum
3050 541 3247 615 pluvia
3268 540 3527 598 nubibus
3556 556 3728 614 gene-

261 633 551 704 auctoris,
584 635 644 688 et
674 630 823 704 quid
856 629 1091 685 dictum
1124 628 1205 685 sit
1233 625 1581 699 quaerimus,
1610 630 1666 683 et
1704 627 1837 699 quis
1868 628 1956 683 di-
2068 632 2249 695 retur,
2291 647 2366 685 an
2414 630 2549 687 sinu
2601 631 2846 686 nubium
2899 630 3229 704 colligatur.
3270 631 3548 687 Videmus
3598 628 3726 702 ple-

257 727 432 793 xerit,
466 728 527 780 et
556 721 655 778 cui
683 719 906 777 dixerit
938 735 952 775 :
987 720 1133 787 Fiat,
1182 716 1397 789 inquit,
1442 715 1851 786 ﬁrmamentum
1898 718 1959 772 in
2066 735 2318 790 rumque
2361 720 2514 776 exire
2561 721 2747 776 nubes
2794 721 2865 775 de
2912 720 3233 776 montibus.
3267 722 3468 785 Quaero
3519 723 3719 776 utrum

254 817 444 874 medio
473 829 656 886 aquas,
689 817 743 867 et
772 811 852 867 sit
880 809 1204 865 discernens
1232 809 1379 863 inter
1402 822 1592 876 aquas.
1625 805 1815 862 Audio
1859 807 1955 862 lir-
2067 808 2138 863 de
2179 807 2353 863 terris
2381 811 2661 866 ascendat
2709 827 2881 880 aqua,
2916 826 2989 864 an
3039 826 3107 865 ea
3158 826 3286 881 qua:
3336 826 3514 881 super
3548 807 3726 865 ccelos

262 908 642 963 mamentum
697 898 832 955 fieri
878 915 985 971 per
1035 900 1398 970 praeceptum
1446 911 1563 967 quo
1603 894 1961 951 divideretur
2067 900 2178 964 est,
2228 896 2389 970 largo
2440 899 2628 954 imbre
2676 899 3010 954 descendat.
3065 898 3125 954 Si
3178 898 3463 965 ascendit,
3515 897 3722 970 utique

259 1012 445 1069 aqua,
476 995 534 1048 et
563 990 636 1046 ab
670 988 959 1045 inferiore
1011 986 1282 1059 superior
1321 984 1776 1041 discerneretur.
1810 985 1959 1050 Quid
2068 990 2270 1042 contra
2300 990 2573 1043 naturam
2602 992 2712 1051 est,
2750 992 2811 1041 ut
2840 988 3116 1042 ascendat
3145 989 3205 1042 in
3248 988 3551 1059 superiora
3599 1004 3727 1059 quae

260 1086 383 1141 hoc
410 1077 840 1137 manifestius?
871 1075 983 1141 Qui
1006 1074 1193 1147 jussit
1223 1073 1481 1130 discerni
1516 1090 1732 1146 aquam
1771 1073 1958 1129 inter-

250 1176 414 1246 jecto
436 1175 496 1227 et
518 1167 722 1225 medio
756 1162 1422 1236 firmamento,providit
1453 1163 1957 1235 quemadmodum

256 1261 458 1319 divisa
511 1262 699 1330 atque
758 1256 1022 1312 discreta
1073 1269 1310 1309 manere
1358 1252 1571 1325 possit.
1603 1252 1807 1309 Sermo
1852 1252 1956 1309 Dei

254 1352 456 1407 virtus
487 1351 724 1404 natura
764 1348 877 1411 est,
911 1348 968 1400 et
1016 1341 1424 1398 diuturnitatis
1480 1340 1813 1398 substantia
1843 1341 1957 1413 (45)

258 1438 670 1514 quoadusque
719 1432 866 1489 velit
918 1448 1048 1488 eam
1098 1446 1337 1487 manere
1385 1430 1490 1502 qui
1535 1430 1763 1496 statuit,
1804 1429 1959 1486 sicut

258 1528 564 1601 scriptum
596 1527 692 1580 est
729 1539 743 1578 :
779 1521 986 1577 Statuit
1031 1536 1098 1576 ea
1137 1521 1198 1575 in
1246 1521 1523 1577 saeculum
1562 1520 1777 1586 sweuli,
1820 1536 1957 1592 pra:-

255 1620 483 1690 eeptum
523 1614 725 1686 posuit
773 1614 828 1667 et
873 1625 983 1665 non
1028 1609 1341 1681 praeteribit
1371 1609 1546 1681 (Psal.
1597 1625 1830 1677 CXLVIII,
1874 1610 1951 1680 6).

256 1708 330 1763 Et
361 1709 429 1762 ut
459 1703 627 1761 scias
680 1700 827 1773 quia
869 1699 942 1754 de
987 1697 1122 1753 istis
1163 1697 1333 1769 aquis
1364 1697 1477 1755 hoc
1508 1698 1672 1766 dixit,
1707 1714 1858 1769 quas
1889 1701 1955 1753 tu

260 1809 449 1867 neges
479 1805 668 1865 posse
698 1788 764 1843 in
794 1786 1199 1859 superioribus
1229 1785 1359 1841 cceli
1400 1802 1552 1853 esse,
1586 1786 1726 1842 audi
1774 1802 1954 1858 supe-

258 1884 422 1940 riora
465 1900 480 1938 :
515 1878 775 1935 Laudate
814 1893 961 1944 eum,
1010 1875 1137 1931 cceli
1177 1876 1462 1944 cartorum,
1508 1879 1560 1932 et
1606 1891 1783 1947 aquae,
1833 1891 1959 1949 quae

259 1988 433 2046 super
475 1970 647 2026 caelos
695 1970 847 2033 sunt,
894 1964 1120 2020 laudent
1171 1980 1371 2020 nomen
1416 1966 1643 2021 Domini
1688 1965 1847 2037 (Ibid.
1899 1967 1953 2033 4,

262 2065 346 2134 5).
386 2060 601 2116 Nonne
654 2055 833 2129 quasi
886 2052 1222 2110 adversanti
1269 2052 1375 2109 tibi
1427 2053 1574 2110 dixit
1624 2071 1639 2110 :
1692 2055 1962 2124 Quoniam

270 2153 395 2224 ipse
439 2148 612 2218 dixit,
668 2154 723 2201 et
772 2146 925 2215 facta
963 2149 1112 2211 sunt,
1162 2144 1276 2214 ipse
1318 2143 1628 2213 mandavit,
1680 2146 1732 2199 et
1780 2153 1966 2200 creata

278 2243 410 2295 sunt
437 2256 456 2294 :
485 2236 683 2294 statuit
709 2250 776 2291 ea
807 2234 869 2288 in
896 2232 1167 2289 saeculum
1206 2231 1436 2294 seculi;
1479 2241 1821 2305 praeceptum
1864 2249 1964 2305 ρο.

286 2330 431 2398 suit,
463 2334 511 2383 et
538 2342 651 2382 non
680 2322 998 2396 praeteribit
1046 2318 1206 2392 (Ibid.
1255 2322 1310 2389 5,
1354 2321 1432 2392 6).
1480 2326 1690 2379 Annon
1735 2322 1968 2379 videtur

290 2416 411 2472 tibi
462 2416 658 2470 auctor
703 2411 977 2478 idoneus,
1014 2406 1115 2480 qui
1165 2405 1355 2479 legem
1406 2425 1515 2465 suo
1565 2410 1726 2482 operi
1759 2411 1966 2467 daret?

290 2504 460 2561 Deus
487 2506 573 2558 est
601 2500 701 2574 qui
732 2498 899 2565 dicit,
934 2494 1289 2553 venerabilis
1324 2501 1554 2567 natura,
1585 2498 1968 2556 inaestimabi-

287 2592 369 2649 lis
398 2589 836 2664 magnitudine,
870 2586 1201 2642 immensus
1244 2584 1307 2640 ln
1358 2588 1968 2657 remunerationibus,

290 2675 920 2753 incomprehensibilis
951 2676 1047 2732 27
1085 2674 1146 2729 in
1188 2674 1485 2746 operibus,
1541 2677 1713 2749 cujus
1763 2676 1965 2734 altitu‘

290 2771 495 2828 dinem
527 2767 832 2841 sapientiae
864 2764 1000 2837 quis
1025 2761 1378 2837 investigare
1408 2764 1639 2821 facilis?
1672 2766 1786 2823 Iste
1827 2766 1971 2823 dicit

292 2859 467 2926 Filio,
494 2858 555 2914 id
606 2860 719 2925 est,
750 2855 893 2912 dicit
938 2852 1183 2910 brachio
1231 2868 1363 2918 suo,
1396 2852 1538 2910 dicit
1566 2854 1769 2911 virtuti
1819 2873 1967 2924 suae,

293 2948 445 3005 dicit
475 2945 777 3019 sapientia:
801 2960 944 3012 suae,
977 2940 1122 2998 dicit
1156 2940 1402 3012 justitiae
1437 2959 1582 2999 suae.
1616 2944 1683 3000 Et
1713 2944 1851 3001 facit
1879 2944 1971 3000 Fi-

292 3037 419 3094 lius
471 3034 644 3109 quasi
701 3037 933 3106 potens,
988 3030 1132 3086 facit
1189 3029 1358 3101 quasi
1412 3031 1603 3088 virtus
1657 3033 1781 3101 Dei,
1835 3033 1975 3091 facit

301 3124 481 3199 quasi
538 3122 830 3195 sapientia
886 3119 1011 3188 Dei,
1075 3118 1215 3174 facit
1263 3119 1433 3191 quasi
1485 3121 1719 3192 justitia
1749 3122 1966 3179 divina.
2080 3124 2236 3197 ignis
2262 3128 2320 3180 et
2348 3124 2546 3191 fervet,
2578 3122 2755 3178 etiam
2804 3141 2959 3196 aqua
3002 3126 3318 3182 exundavit
3349 3127 3408 3181 in
3441 3127 3633 3193 terris,
3672 3144 3746 3183 ne

305 3214 459 3271 Cum
488 3212 612 3268 haec
642 3209 834 3277 audis,
867 3208 1009 3282 quid
1043 3206 1300 3273 miraris,
1344 3207 1395 3263 si
1424 3223 1607 3281 supra
1633 3210 1978 3268 ﬁrmamen-
2008 3204 2050 3271 C
2090 3229 2191 3270 eas
2220 3211 2515 3285 surgentis
2564 3211 2704 3267 solis
2750 3217 2809 3268 et
2857 3213 3159 3269 stellarum
3191 3214 3537 3271 micantium
3570 3217 3746 3273 ardor

308 3307 443 3359 tum
473 3299 606 3357 caeli
632 3299 821 3373 potuit
850 3300 1030 3354 tantae
1063 3296 1395 3368 majestatis
1443 3299 1780 3371 operatione
1819 3301 1979 3358 unda
2088 3306 2375 3369 exureret,
2408 3305 2465 3357 et
2494 3304 2695 3357 tenera
2739 3317 2935 3358 rerum
2984 3303 3220 3361 exordia
3258 3304 3534 3362 insolitus
3564 3321 3744 3377 vapor

313 3388 649 3464 suspendi?
2088 3389 2561 3456 laederet.Quanti
2593 3390 2804 3460 fontes,
2838 3391 3021 3463 ﬂuvii,
3054 3392 3217 3449 lacus
3240 3393 3487 3468 irrigant
3515 3398 3737 3463 terras;

399 3481 487 3536 11.
521 3479 602 3535 De
634 3476 765 3533 aliis
822 3476 945 3532 haec
1005 3475 1236 3548 collige,
1283 3474 1353 3530 de
1403 3475 1472 3532 iis
1530 3494 1658 3549 quae
1706 3478 1981 3535 viderunt
2091 3481 2191 3537 28
2222 3481 2362 3552 quia
2388 3497 2487 3536 eas
2518 3480 2788 3536 internus
2818 3480 3059 3552 quidam
3088 3482 3241 3555 ignis
3264 3485 3546 3556 vaporat?
3578 3485 3740 3542 Unde

2068 1075 2302 1148 gravior
2349 1081 2458 1143 est,
2492 1082 2549 1132 et
2597 1081 2862 1149 portetur
2909 1092 3059 1143 aere,
3100 1092 3233 1132 cum
3291 1092 3389 1131 aer
3446 1075 3722 1132 subtilior

2066 1164 2164 1221 sit.
2198 1164 2397 1236 Autqsi
2428 1165 2643 1222 conciti
2675 1165 2834 1220 orbis
2869 1164 3043 1220 totius
3075 1170 3233 1221 motu
3276 1164 3501 1237 rapitur
3547 1181 3724 1236 aqua,

2067 1254 2222 1309 sicut
2263 1253 2382 1310 imo
2437 1256 2576 1310 orbe
2623 1254 2870 1326 rapitur,
2906 1254 2985 1307 ita
3014 1270 3244 1310 summo
3276 1254 3412 1309 orbe
3444 1253 3730 1309 diﬂ‘undi-

2066 1346 2182 1398 tur.
2212 1346 2269 1397 Si
2321 1343 2509 1411 fundi,
2546 1347 2610 1398 ut
2659 1342 2886 1411 volunt,
2916 1359 3028 1397 non
3080 1342 3314 1409 desinit,
3358 1342 3562 1415 utique
3613 1359 3730 1398 non

2066 1431 2281 1488 desinit
2313 1434 2437 1504 rapi
2472 1450 2485 1488 :
2520 1433 2661 1505 quia
2691 1430 2739 1488 si
2774 1431 2897 1487 axis
2928 1430 3057 1486 cccli
3087 1448 3318 1504 semper
3347 1435 3636 1501 movetur,
3670 1436 3729 1489 et

2066 1537 2222 1592 aqua
2273 1538 2505 1593 semper
2554 1519 2829 1577 hauritur
2878 1520 3009 1593 (50).
3044 1520 3103 1575 Si
3153 1520 3502 1577 descendit:
3535 1526 3735 1578 manet

2065 1626 2202 1682 ergo
2226 1609 2451 1682 jugiter
2481 1628 2664 1682 supra
2694 1609 2870 1665 ccelos
2902 1626 3030 1681 quae
3061 1608 3237 1665 habet
3285 1609 3440 1665 unde
3486 1610 3730 1667 descen-

2065 1699 2186 1755 dat.
2221 1698 2443 1754 Deinde
2475 1700 2618 1771 quid
2650 1699 2847 1755 obstat
2889 1698 2937 1754 si
2983 1698 3370 1754 confiteantur
3409 1698 3549 1771 quia
3578 1716 3736 1772 aqua

2065 1803 2247 1859 supra
2277 1786 2455 1843 caelos
2485 1804 2779 1859 suspensa
2809 1786 2932 1843 sit?
2969 1787 3116 1842 Nam
3150 1803 3264 1860 quo
3314 1786 3490 1843 verbo
3534 1787 3738 1845 dicunt

2070 1880 2290 1933 terram
2342 1876 2403 1932 in
2456 1877 2648 1933 medio
2697 1893 2827 1932 esse
2875 1892 3248 1949 suspensam,
3283 1880 3341 1932 et
3368 1875 3732 1933 immobilem

2075 1981 2336 2032 manere,
2368 1982 2505 2021 cum
2555 1966 2762 2037 utique
2811 1965 3042 2038 gravior
3091 1966 3169 2021 sit
3216 1982 3394 2038 quam
3445 1982 3631 2038 aqua;
3672 1983 3741 2023 ea

2074 2055 2297 2112 ratione
2330 2058 2580 2127 possunt
2611 2054 2806 2111 dicere
2839 2072 2954 2110 non
2987 2054 3335 2127 praecipitari
3383 2072 3602 2128 aquam
3647 2072 3741 2112 or-

2074 2144 2169 2200 bis
2219 2144 2382 2200 illius
2431 2143 2687 2201 caelestis
2737 2145 3119 2200 conversione
3166 2161 3293 2217 quae
3342 2162 3521 2219 super
3567 2145 3743 2202 caelos

2075 2236 2183 2289 est.
2219 2233 2383 2290 Sicut
2415 2232 2570 2289 enim
2601 2237 2762 2289 terra
2812 2233 2971 2289 inani
3022 2235 3423 2307 suspenditur,
3455 2234 3546 2291 vel
3591 2252 3742 2307 pon-

2080 2322 2219 2379 dere
2248 2322 2461 2378 librato
2493 2322 2757 2394 undique
2789 2322 3116 2379 immobilis
3146 2328 3507 2396 perseverat;
3560 2325 3643 2380 ita
3690 2328 3749 2379 et

2078 2428 2232 2484 aqua
2262 2415 2368 2467 aut
2391 2410 2761 2484 gravioribus
2796 2417 2900 2468 aut
2930 2413 3111 2484 aquis
3144 2429 3279 2468 cum
3313 2418 3468 2469 terra
3522 2412 3748 2486 ponde-

2077 2500 2241 2557 ribus
2272 2500 2663 2556 examinatur.
2699 2500 2954 2573 Ideoque
2994 2518 3108 2557 non
3156 2502 3321 2558 facile
3361 2500 3746 2575 'superfundi-

2078 2594 2175 2645 tur
2204 2607 2366 2645 mare
2396 2589 2589 2654 terris,
2622 2588 2738 2643 nisi
2771 2606 2907 2646 cum
2929 2592 3174 2662 jubetur
3202 2590 3376 2647 exire.

2152 2682 2242 2735 12.
2294 2677 2516 2734 Deinde
2567 2693 2703 2732 cum
2758 2678 2873 2750 ipsi
2923 2679 3119 2735 dicant
3162 2678 3314 2735 volvi
3358 2680 3561 2735 orbem
3610 2676 3751 2734 coeli

2079 2767 2267 2824 stellis
2296 2766 2641 2823 ardentibus
2674 2767 3080 2841 refulgentem,
3132 2784 3326 2825 nonne
3370 2768 3569 2825 divina
3597 2768 3753 2823 Pro-
3785 2828 3806 2839 -

2079 2857 2341 2913 videntia
2389 2854 2721 2912 necessario
2749 2858 3047 2929 prospexit
3075 2861 3162 2925 ut,
3192 2858 3347 2913 intra
3375 2858 3576 2914 orbem
3609 2853 3749 2913 caeli

2079 2950 2138 3002 et
2169 2963 2349 3018 supra
2380 2945 2603 3009 orbem,
2626 2945 2982 3003 redundaret
3013 2963 3320 3019 aqua,quse
3342 2946 3445 3003 illa
3469 2945 3750 3003 ferventis

2081 3034 2206 3091 axis
2236 3034 2511 3091 incendia
2539 3035 2927 3105 temperaret?
2959 3035 3270 3108 Propterea
3299 3038 3438 3108 quia
3486 3037 3749 3093 exundat

325 3568 481 3626 oculi
512 3564 1147 3639 hominum,quomodo
1178 3563 1251 3620 ad
1279 3564 1618 3621 Judmorum
1640 3567 1978 3624 transitum.

324 3659 378 3714 si
408 3656 699 3713 rationem
729 3654 964 3728 quaeris,
1017 3670 1081 3710 se
1128 3653 1290 3709 unda
1337 3652 1621 3711 diviserit.
1655 3656 1782 3713 Non
1832 3655 1982 3713 solet

322 3746 437 3803 hoc
468 3761 597 3803 esse
644 3748 884 3813 naturae,
919 3748 985 3799 ut
1031 3759 1187 3815 aqua
1233 3758 1298 3798 se
1343 3742 1640 3800 discernat
1680 3745 1753 3801 ab
1805 3761 1977 3817 aqua,

323 3841 380 3891 et
409 3834 472 3889 in
502 3834 790 3907 profundo
836 3830 1256 3888 interfusiones
1307 3847 1596 3903 aquarum
1652 3839 1811 3889 terrae
1857 3848 1978 3890 me-

325 3925 422 3980 dio
454 3924 569 3996 (46)
599 3927 962 3995 separentur.
1016 3920 1366 3978 Gelaverunt
1419 3922 1576 3978 enim
1631 3922 1865 3990 ﬂuctus,
1924 3927 1982 3979 et

322 4013 681 4070 ﬁrmamenti
739 4012 930 4084 specie
1001 4027 1241 4067 cursum
1314 4027 1491 4066 suum
1556 4010 1794 4068 insolito
1864 4013 1980 4069 fine

322 4100 862 4159 frenarunt.Nonne
893 4100 1087 4172 potuit
1116 4099 1293 4156 etiam
1342 4099 1510 4156 aliter
1539 4100 1846 4157 Hebraeum
1878 4117 1980 4174 po-

321 4191 535 4264 pulum
591 4190 860 4247 liberare.
888 4189 1001 4245 Sed
1050 4188 1155 4245 tibi
1203 4187 1387 4244 voluit
1428 4189 1754 4258 ostendere,
1804 4193 1866 4245 ut
1911 4206 1979 4246 eo

322 4269 659 4344 spectaculo
698 4270 874 4326 etiam
922 4269 1026 4324 illa
1072 4286 1200 4341 quae
1246 4284 1363 4325 non
1410 4268 1632 4337 vidisti,
1659 4270 1979 4326 aestimares

321 4376 453 4417 esse
481 4359 791 4416 credenda.
824 4358 1100 4416 Jordanis
1152 4374 1390 4430 quoquc
1437 4358 1647 4415 reﬂexo
1694 4375 1884 4429 amne,
1917 4359 1978 4415 in

317 4465 498 4506 suum
529 4449 750 4505 fontem
782 4448 1109 4504 revertitur.
1143 4446 1372 4503 Haerere
1405 4463 1640 4519 aquam,
1670 4464 1806 4505 cum
1837 4448 1981 4505 labi-

320 4544 419 4595 tur
464 4537 853 4605 inusitatum;
887 4553 1124 4593 rursum
1176 4535 1365 4593 redire
1405 4536 1517 4609 (47)
1564 4537 1627 4592 in
1676 4536 1978 4609 superiora
2005 4578 2052 4644 D

352 4628 363 4638 ο
517 4626 582 4644 1|,
685 4642 819 4644 μίγη
865 4625 913 4644 1n
973 4624 1329 4644 -,.,_-__£I_!I_
1384 4624 1628 4644 ‘L-I__L_-,
1684 4626 1790 4644 ﬁ-)
1845 4643 1848 4644 ,
1917 4618 1969 4644 δι

318 4628 447 4684 sine
481 4626 598 4682 ullo
644 4625 921 4700 repagulo
969 4624 1336 4698 impossibile
1384 4624 1648 4682 habetur.
1684 4626 1793 4681 Sed
1832 4618 1973 4699 quid

315 4714 689 4789 impossibile
716 4714 768 4771 ei
800 4714 901 4788 qui
931 4713 1092 4771 dedit
1116 4729 1290 4786 posse
1321 4713 1574 4770 inﬁrmis
1607 4717 1672 4769 ut
1700 4714 1975 4773 infirmus

314 4806 477 4862 dicat
507 4804 622 4876 (48)
659 4822 672 4859 :
706 4804 905 4861 Omnia
939 4820 1163 4877 possum
1208 4805 1269 4859 in
1313 4819 1373 4859 eo
1422 4804 1519 4876 qui
1569 4819 1655 4860 me
1701 4805 1975 4875 confortat

381 4922 502 4993 (45)
533 4920 676 4976 Mss.
710 4919 879 4993 Corb.
911 4924 1051 4993 vet.,
1081 4920 1420 4976 diuturnitas
1454 4919 1810 4993 substantiae.
1863 4921 1974 4977 Re-

310 4991 465 5064 liqui
498 5009 647 5064 mss.
679 4995 737 5047 et
764 4992 926 5060 edit.,
959 4992 1346 5064 diuturnitatis
1375 4991 1703 5064 substantia.

382 5063 501 5135 (46)
534 5063 678 5118 Tres
708 5080 878 5137 mss.,
909 5080 1181 5137 aquarum
1208 5063 1422 5129 medio;
1450 5064 1587 5119 edit.
1623 5063 1972 5135 Rom.aqua-

310 5134 442 5191 rum
472 5134 596 5189 sine
622 5134 816 5191 medio.

378 5206 499 5277 (£7)
535 5205 682 5277 Edit.
715 5206 905 5271 Rom.,
937 5207 1142 5262 haerere
1188 5222 1390 5277 aquam
1417 5222 1543 5262 cum
1573 5206 1798 5277 labitur,
1848 5222 1972 5261 sur-

308 5276 557 5348 sumque
579 5276 782 5342 redire;
809 5278 949 5334 edit.
982 5278 1124 5345 Pet.,
1146 5276 1300 5344 Era...
1323 5277 1480 5345 Gill.,
1504 5278 1717 5349 haerere
1747 5294 1970 5349 aquam,

309 5357 360 5406 et
395 5351 479 5405 ita
506 5364 727 5404 sursum
754 5349 971 5412 redire;
998 5366 1141 5407 mss.
1175 5365 1309 5406 vero
1343 5353 1411 5405 ut
1440 5365 1548 5405 nos
1587 5348 1647 5403 in
1676 5348 1857 5417 textu,
1892 5349 1976 5405 ni-

307 5422 357 5477 si
392 5418 571 5494 quod,
591 5421 841 5491 potiores
869 5421 1061 5494 prima
1090 5438 1270 5477 manu
1298 5420 1521 5477 habent
1559 5421 1845 5491 usitatum,
1877 5437 1972 5477 se-

310 5492 521 5550 cunda
550 5492 896 5549 inusitatum.

381 5565 503 5636 (48)
535 5566 624 5621 Ita
653 5580 793 5621 mss.
825 5563 995 5621 Corb.
1029 5566 1168 5631 vet.,
1201 5563 1365 5636 Ben.,
1399 5561 1520 5636 Th._
1537 5565 1594 5636 et
1640 5560 1810 5636 Cara.
1855 5561 1971 5621 Alii

311 5639 370 5694 et
390 5632 556 5696 'edit.
589 5651 792 5695 omnes
822 5637 1083 5713 (excepta
1110 5634 1295 5697 Paris.
1329 5652 1424 5697 an.
1461 5634 1620 5710 1614,
1642 5632 1702 5693 in
1735 5649 1855 5713 qua
1883 5636 1970 5697 in-

2088 3569 2247 3624 enim
2297 3572 2397 3623 aut
2449 3568 2685 3623 arbores
2724 3569 3145 3640 germinarent,
3179 3577 3282 3627 aut
3314 3573 3612 3630 frumenta
3652 3571 3742 3629 vel

2091 3664 2219 3714 sata
2244 3660 2709 3730 prorumperent,
2760 3656 2846 3711 vel
2889 3661 3016 3712 orta
3067 3665 3486 3730 coquerentur;
3522 3662 3637 3717 nisi
3677 3677 3744 3718 ea

2088 3737 2330 3794 interior
2355 3753 2586 3809 quoque
2617 3737 2770 3809 ignis
2805 3735 3129 3793 animaret?
3159 3739 3268 3803 Qui
3294 3740 3472 3795 etiam
3495 3743 3566 3797 de
3587 3742 3743 3798 saxis

2089 3826 2423 3899 frequenter
2447 3825 2758 3894 excutitur,
2790 3828 2848 3880 et
2901 3825 2971 3880 de
3022 3825 3150 3898 ipso
3180 3843 3353 3898 saepe,
3385 3829 3529 3884 dum
3567 3830 3741 3885 caedi-

2088 3918 2204 3985 tur,
2237 3914 2397 3987 ligno
2428 3913 2637 3970 exsilit.
2673 3915 2819 3986 Ergo
2851 3913 3003 3970 sicut
3033 3916 3361 3971 necessaria
3392 3915 3546 3988 ignis
3582 3934 3742 3973 crea-

2087 4008 2242 4072 tura,
2276 4008 2341 4060 ut
2370 4004 2637 4059 ordinata
2666 4007 2724 4059 et
2752 4003 3040 4075 disposita
3084 4008 3443 4077 permaneat,
3491 4005 3745 4078 ccelique

2088 4091 2401 4149 clementia
2453 4096 2739 4165 temperet
2787 4110 3073 4165 aquarum
3126 4094 3412 4166 rigorem;
3445 4092 3528 4149 ita
3566 4093 3742 4151 etiam

2088 4199 2376 4255 aquarum
2410 4182 2798 4239 redundantia
2844 4199 2959 4238 non
3009 4183 3329 4255 superﬂua,
3363 4199 3436 4238 ne
3483 4182 3737 4241 alterum

2089 4267 2269 4325 altero
2318 4274 2780 4338 consumeretur,
2815 4269 2953 4342 quia
2981 4270 3096 4325 nisi
3126 4270 3475 4327 conveniens
3522 4271 3741 4329 utrius-

2088 4374 2202 4430 que
2233 4374 2511 4414 mensura
2552 4357 2649 4423 sit,
2682 4357 2833 4413 sicut
2889 4357 3044 4431 ignis
3091 4375 3304 4431 aquam
3349 4359 3623 4433 exsiccat,
3658 4360 3740 4418 ita

2086 4451 2143 4502 et
2173 4464 2326 4519 aqua
2355 4446 2667 4519 restinguit
2696 4447 2913 4519 ignem.
2947 4447 3196 4520 Ideoque
3228 4449 3482 4519 pondere
3505 4454 3562 4505 et
3582 4466 3745 4506 men-

2088 4553 2228 4593 sura
2257 4534 2611 4592 examinavit
2640 4536 2946 4604 universa;
2982 4540 3288 4593 numerata
3316 4537 3475 4594 enim
3508 4543 3650 4595 sunt
3688 4538 3742 4595 ei

2084 4630 2142 4681 et
2171 4624 2472 4681 stillicidia
2493 4624 2842 4697 pluviarum,
2878 4625 3031 4681 sicut
3060 4626 3121 4681 in
3153 4626 3301 4682 libro
3330 4627 3442 4684 Job
3486 4627 3742 4701 legimus

2084 4714 2426 4785 (Job.xxvm,
2447 4713 2538 4784 26)
2595 4713 2799 4769 Sciens
2829 4714 2917 4770 vel
2952 4730 3149 4770 rerum
3183 4715 3411 4771 facilem
3445 4717 3740 4772 defectum

2083 4803 2225 4870 fore,
2257 4800 2346 4858 vel
2376 4801 2729 4859 solutionem
2762 4802 3182 4873 universitatis,
3214 4805 3262 4860 si
3296 4804 3543 4860 alterum
3566 4817 3738 4858 exsu-

2082 4921 2283 4991 ﬁrmis)
2315 4918 2667 4993 legunt,rq_ui
2708 4918 2856 4993 dedit
2900 4937 3060 4993 posse
3109 4921 3306 4991 quibus
3347 4919 3560 4993 uoluit?
3587 4917 3743 4973 Dedit

2077 4989 2234 5064 posse
2266 4989 2706 5064 infirmitatibus.
2742 4991 2879 5064 Quae
2901 4989 3132 5046 ’ultima'
3154 5007 3260 5064 vox
3307 4990 3361 5064 _s_i
3388 4989 3742 5064 retineatur,

2083 5060 2200 5119 non
2233 5062 2560 5117 mutabitur
2590 5078 2826 5118 sensus.
2861 5063 3057 5118 Potest
3084 5061 3240 5116 enim
3289 5060 3402 5114 dici
3445 5062 3743 5131 inﬁrmitas

2082 5152 2186 5207 pro
2220 5133 2465 5207 inﬁrmo,
2498 5138 2564 5189 ut
2614 5149 2718 5205 per
2744 5133 3182 5207 rimetonymiam
3206 5132 3424 5187 senium
3453 5149 3557 5205 pro
3593 5148 3741 5203 sene,

2084 5206 2445 5278 sacrilegium
2468 5221 2572 5278 pro
2603 5206 2888 5278 sacrilego.

2160 5275 2488 5349 (49)(1οώῖ
2516 5280 2574 5331 et
2600 5276 2769 5349 Garn.
2802 5278 2865 5349 In
2890 5277 2993 5330 Deo
3023 5275 3120 5343 qui
3137 5289 3235 5349 _me
3260 5278 3547 5349 con/ortat.

2164 5344 2279 5422 (50)
2310 5348 2408 5404 Sic
2438 5365 2584 5422 mss.
2619 5347 2958 5422 duodecim;
2990 5351 3049 5400 at
3086 5344 3235 5416 Big.,
3285 5344 3435 5422 Vict.
3489 5363 3643 5402 unus
3690 5351 3749 5404 et

2086 5419 2276 5489 cemg,
2304 5422 2447 5475 sicut
2478 5419 2752 5493 axiscwli
2778 5433 2991 5487 semper
3016 5426 3280 5487 movetur,
3316 5419 3395 5474 ita
3426 5435 3571 5493 aqua
3605 5435 3749 5476 sem-

2076 5511 2185 5569 per
2214 5494 2500 5569 hauritur,
2534 5488 2674 5547 edit.
2726 5504 2927 5569 vero._..
2978 5504 3188 5569 semper
3226 5488 3492 5561 movetur,
3524 5499 3577 5548 et
3603 5506 3750 5565 aqua

2083 5562 2346 5634 movetur,
2376 5567 2427 5622 et
2460 5577 2609 5637 aqua
2632 5575 2848 5637 semper
2876 5562 3155 5619 hauritur.
