4158 6168
409 349 522 408 163

1860 342 1924 402 8.
1976 341 2355 404 AMBROSII

3697 345 3817 408 164

407 482 708 554 pcraretur
732 476 803 533 ab
831 475 1036 544 altero,
1066 474 1149 530 ita
1179 472 1486 544 utriusque
1529 472 1876 544 temperavit
1922 473 2042 530 dis-
2074 476 2133 541 Α
2163 474 2372 530 rutilus
2422 475 2480 529 in
2536 473 2789 547 speciem
2843 473 3013 547 ignis.
3043 474 3112 530 Et
3143 475 3272 531 ideo
3299 473 3466 530 aiunt
3506 475 3666 548 quod
3711 493 3818 533 nec

405 565 618 641 pendia
649 582 662 620 :
699 568 764 622 ut
819 581 1008 637 neque
1068 563 1200 636 plus
1251 560 1406 634 ignis
1451 565 1816 632 excoqueret,
1865 578 2054 634 neque

404 656 748 712 exuberaret
789 670 944 726 aqua
976 671 988 708 :
1031 653 1133 708 sed
1181 649 1514 705 imminutio
1541 649 1706 705 ﬂeret
1745 650 2052 723 utriusque

405 745 727 814 moderata,
759 760 886 815 qua
916 747 973 796 et
997 738 1358 810 superﬂuum
1391 737 1740 805 detraheret,
1765 744 1822 792 et
1851 756 2050 795 neces-

405 832 626 889 sarium
682 832 1015 888 reservaret.
1071 827 1271 898 Itaque
1327 842 1462 881 cum
1521 831 1683 881 tanta
1743 827 1814 883 de
1879 828 2052 885 terris

403 926 714 993 erumpant
745 919 1132 974 maximorum
1185 915 1407 971 ﬂuenta
1445 915 1734 978 amnium,
1767 915 1936 972 Nilus
1964 917 2050 973 ef-

404 1011 534 1067 fuso
563 1011 870 1080 Egyptum
902 1008 1184 1076 stagnans
1219 1003 1481 1072 ﬂumine,
1517 1004 1820 1060 Danubius
1853 1006 1925 1060 de
1955 1023 2051 1062 oc-

403 1097 792 1154 cidentatibus
824 1092 1111 1165 partibus,
1145 1092 1536 1148 Barbarorum
1559 1097 1734 1164 atque
1765 1094 2054 1150 Romano-

403 1203 534 1242 rum
570 1185 932 1238 intersecans
979 1180 1246 1253 populos,
1280 1182 1463 1237 donec
1512 1182 1692 1238 Ponto
1739 1182 1865 1254 ipse
1912 1200 2050 1239 con-

402 1275 592 1340 datur,
626 1271 864 1327 Rhenus
922 1269 994 1326 de
1037 1270 1182 1343 jugo
1237 1269 1476 1342 Alpium
1529 1287 1713 1342 usque
1743 1271 1803 1326 in
1839 1271 2049 1328 Oceani

400 1361 691 1434 profunda
719 1375 928 1414 cursus
959 1375 1098 1414 suos
1126 1357 1408 1431 dirigens,
1440 1358 1686 1414 Romani
1719 1375 2049 1416 memoran-

401 1451 511 1505 dus
529 1449 808 1504 adversus
832 1448 982 1502 feras
1003 1451 1208 1518 gentes
1231 1463 1436 1502 murus
1461 1446 1910 1518 imperii,Padus
1933 1465 2052 1504 ma-

399 1537 732 1593 ritimorum
787 1541 1220 1591 commeatuum
1272 1535 1489 1591 Italicis
1553 1536 1838 1592 subsidiis
1894 1538 2050 1594 ﬁdus

399 1627 679 1693 invector,
713 1624 1031 1680 Rhodanus
1075 1624 1278 1695 rapido
1327 1625 1591 1680 concitus
1635 1641 1808 1680 cursu
1859 1625 2048 1698 Thyr-

404 1715 565 1770 rheni
596 1713 848 1786 aquoris
878 1713 1022 1768 freta
1051 1713 1346 1784 scindens,
1377 1712 1436 1768 in
1471 1729 1586 1784 quo
1619 1731 1735 1769 non
1759 1715 2048 1771 mediocre

399 1804 584 1859 fertur
613 1802 1013 1874 navigantium
1041 1799 1392 1872 periculum,
1424 1800 1566 1855 dum
1597 1800 1748 1856 inter
1775 1818 1838 1857 se
1867 1802 2048 1859 maris
2078 1844 2126 1908 B

404 1893 433 1908 .-
521 1896 530 1908 .
679 1894 691 1908 .
1568 1888 1811 1908 ,.____,,,
1862 1889 1913 1908 ,γ
1968 1907 2011 1908 η

399 1893 612 1947 ﬂuctus
643 1894 700 1946 et
729 1889 924 1945 amnis
971 1890 1189 1944 ﬂuenta
1216 1890 1535 1955 decertant,
1566 1888 1824 1960 itemque
1853 1889 1924 1944 de
1958 1907 2047 1946 se-

399 1977 774 2052 ptentrionali
815 1981 977 2050 parte
1028 1976 1232 2031 Phasis
1264 1976 1378 2047 (51)
1411 1975 1718 2033 Caucaseis
1751 1979 2051 2035 montibus

398 2068 566 2124 fusus
592 2083 725 2123 cum
757 2065 1024 2138 pluribus
1071 2065 1202 2120 aliis
1243 2065 1302 2118 in
1334 2064 1626 2120 Euxinum
1675 2083 1737 2122 se
1786 2067 2048 2140 pracipi-

397 2162 528 2212 tans
561 2173 742 2224 mare,
773 2154 1065 2227 prolixum
1097 2158 1185 2210 est
1216 2153 1587 2225 singulorum
1617 2155 1893 2228 prosequi
1933 2155 2048 2211 ﬂu-

397 2246 623 2301 viorum
652 2243 891 2300 nomina
911 2242 1012 2314 qui
1034 2241 1118 2298 vel
1140 2241 1197 2296 in
1223 2247 1491 2298 nostrum
1513 2259 1671 2299 mare
1692 2243 2046 2312 derivantur,

395 2335 484 2390 vel
516 2333 932 2390 exinaniuntur
961 2332 1222 2398 Oceano;
1257 2347 1390 2386 cum
1423 2335 1585 2386 tanta
1614 2331 1794 2404 igitur
1815 2332 2048 2388 ubertas

398 2439 685 2496 aquarum
736 2422 834 2488 sit,
869 2426 1064 2476 tamen
1114 2419 1462 2492 plerumque
1509 2426 1664 2476 terra
1711 2421 2046 2477 meridiana

395 2511 579 2584 plaga
612 2515 870 2566 torretur
917 2509 1250 2575 ardoribus,
1281 2514 1456 2580 atque
1514 2513 1661 2564 astu
1716 2507 1908 2564 soluta
1963 2509 2046 2564 fa-

393 2600 551 2656 tiscit
579 2599 640 2654 in
673 2597 994 2670 pulverem,
1029 2597 1346 2652 miserandi
1379 2595 1644 2669 agricola
1675 2595 1872 2652 labore
1909 2615 2045 2653 con-

393 2693 665 2760 sumpto;
701 2691 764 2741 ut
793 2687 1128 2758 frequenter
1179 2685 1252 2740 ad
1307 2689 1534 2757 potum,
1569 2685 1802 2740 siccatis
1833 2686 2044 2757 puteis,

392 2777 554 2832 arido
583 2775 814 2849 gurgite
843 2773 1181 2829 subsidium
1214 2772 1390 2828 vitale
1419 2773 1673 2828 deficiat.
1698 2773 1767 2828 Et
1787 2774 1897 2828 erit
1916 2774 2046 2845 qui-

392 2866 525 2922 dem
559 2863 793 2936 quando
824 2862 982 2917 dicat
1028 2862 1238 2933 abysso
1290 2879 1302 2916 :
1353 2862 1568 2916 Deserta
1610 2864 1739 2929 eris,
1773 2871 1824 2917 et
1861 2878 2048 2918 omnes

391 2955 585 3024 ﬂuvios
635 2952 845 3007 εἰσδαὸο
902 2951 1034 3016 (Isu.
1097 2967 1245 3020 κων,
1291 2951 1404 3019 27),
1467 2950 1619 3004 sicut
1678 2966 1780 3022 per
1835 2951 2046 3006 Isaiam

396 3046 658 3097 futurum
692 3038 1081 3094 annuntiavit.
1110 3039 1220 3093 Sed
1256 3037 1433 3094 etiam
1453 3041 1767 3109 antequam
1800 3037 1900 3094 ille
1921 3040 2046 3095 dies

393 3130 684 3200 adveniat,
714 3127 906 3184 divino
937 3125 1301 3198 praestitutus
1349 3126 1590 3182 arbitrio
1619 3127 1754 3198 (52),
1787 3143 1902 3182 non
1936 3128 2046 3182 mi-

395 3221 622 3275 nimum
656 3219 808 3273 inter
836 3233 898 3272 se
927 3216 1056 3288 ipsa
1084 3216 1509 3271 elementorum
1534 3220 1744 3271 natura
1763 3218 2041 3272 decernit.
2075 3211 2118 3277 C
2159 3207 2384 3288 οφιαηι,
2415 3222 2612 3288 nomen
2651 3222 2971 3288 {mmmam};
3019 3209 3254 3288 speciale
3295 3222 3438 3288 vera,

392 3310 601 3365 Crebro
631 3308 827 3378 itaque
859 3309 959 3360 aut
987 3303 1476 3359 inundationibus
1510 3305 1770 3360 mundus
1792 3305 1886 3360 hic
1907 3322 2047 3376 qua-

391 3399 554 3465 titur,
589 3401 689 3452 aut
718 3394 901 3450 nimio
927 3397 1070 3448 astu
1103 3397 1161 3448 et
1193 3392 1467 3447 ariditate
1497 3397 1758 3448 vexatur.

464 3487 552 3544 t3.
586 3484 713 3542 Noli
773 3483 952 3554 igitur
1010 3481 1415 3536 incredibilem
1475 3481 1701 3553 opinari
1759 3498 2046 3554 aquarum

394 3573 858 3637 multitudinem,
893 3571 991 3626 sed
1029 3570 1251 3642 respice
1282 3569 1354 3624 ad
1384 3568 1501 3627 vim
1525 3569 1756 3636 caloris,
1781 3576 1835 3626 et
1868 3572 2048 3627 incre-

393 3664 571 3720 dulus
603 3679 718 3718 non
751 3660 886 3717 eris.
923 3658 1173 3715 Multum
1206 3662 1296 3714 est
1347 3658 1502 3730 quod
1537 3658 1689 3732 ignis
1728 3661 2042 3716 absorbet:

399 3753 554 3825 quod
602 3751 689 3807 vel
737 3767 806 3806 ex
854 3747 952 3804 illo
998 3748 1169 3803 nobis
1227 3747 1399 3803 debet
1455 3762 1583 3802 esse
1643 3747 2042 3817 manifestum,

389 3859 521 3896 cum
568 3839 776 3896 medici
824 3854 962 3893 vasa
1010 3837 1281 3910 quadam
1325 3839 1579 3907 angusta
1627 3851 1748 3901 ore,
1781 3834 2047 3907 planiora

390 3931 657 4002 desuper,
692 3928 852 3984 intus
885 3942 1157 3990 concava,
1189 3924 1299 3980 levi
1330 3923 1580 3979 lucerna
1628 3929 1906 3996 concepto
1954 3925 2044 3981 lu-

390 4019 546 4075 mine
602 4019 857 4090 afﬂgunt
908 4013 1136 4085 corpori
1204 4011 1706 4084 quemadmodum
1738 4012 1838 4068 πθ
1888 4014 2047 4070 calor

388 4109 486 4164 ille
517 4123 752 4163 omnem
804 4106 862 4159 in
914 4119 977 4158 se
1033 4103 1223 4174 rapiat
1274 4099 1626 4156 humorem?
1677 4101 1819 4164 Quis
1865 4101 2047 4175 igitur

391 4197 617 4252 dubitet
646 4194 802 4268 quod
833 4191 1054 4265 ignitus
1087 4191 1286 4258 ather,
1317 4193 1374 4245 et
1423 4205 1636 4262 magno
1683 4190 1909 4247 fervens
1945 4209 2043 4248 va-

392 4303 530 4357 pore
560 4285 954 4340 inﬂammaret
1005 4286 1181 4352 atque
1227 4279 1491 4334 exureret
1528 4279 1744 4347 omnia,
1776 4279 1888 4336 nisi
1919 4280 2044 4354 lege

392 4374 645 4445 quadam
661 4374 752 4428 sui
776 4370 1150 4427 cohiberetur
1170 4367 1519 4434 auctoris,ut
1538 4385 1644 4425 nec
1666 4369 2043 4438 ﬂumina,nec

393 4462 688 4527 locus,nec
716 4460 846 4532 ipsa
878 4457 1064 4512 maria
1091 4457 1207 4511 vim
1236 4457 1365 4528 ejus
1398 4462 1636 4529 possent
1655 4459 2044 4531 restinguere?

391 4551 461 4642 Et
489 4549 618 4605 ideo
649 4549 905 4642 desuper
934 4563 1097 4642 aqua
1115 4547 1337 4642 impetu
1369 4546 1626 4642 quodam
1658 4547 2040 4642 descendens,
2072 4577 2120 4642 D

393 4641 451 4694 in
484 4643 679 4694 tantos
709 4636 1056 4709 plerumque
1085 4635 1304 4689 imbres
1335 4635 1652 4706 rumpitur,
1685 4641 1749 4692 ut
1797 4636 2043 4693 ﬂumina

391 4735 450 4784 et
480 4727 642 4784 lacus
673 4728 909 4798 repente
943 4722 1298 4795 repleantur,
1333 4722 1462 4795 ipsa
1491 4723 1678 4780 maria
1723 4727 2038 4782 exundant.

393 4817 557 4873 Unde
586 4816 923 4887 frequenter
945 4815 1002 4868 et
1025 4811 1208 4868 solem
1257 4811 1522 4868 videmus
1546 4813 1846 4870 madidum
1869 4819 2044 4886 atque

396 4911 712 4962 rorantem.
747 4904 811 4959 In
845 4918 958 4974 quo
985 4901 1223 4956 evidens
1266 4901 1366 4955 dat
1413 4901 1717 4968 indicium,
1750 4903 1906 4975 quod
1937 4903 2042 4958 ali-

395 4999 658 5050 mentum
691 4993 801 5050 sibi
835 5007 1122 5062 aquarum
1155 4991 1227 5046 ad
1259 4991 1600 5062 temperiem
1647 4991 1740 5047 sui
1772 5009 2042 5066 sumpse-

396 5087 492 5138 rit.

467 5171 554 5227 M.
584 5172 839 5226 Tantum
872 5174 1068 5226 autem
1100 5168 1255 5224 inest
1284 5167 1402 5223 illis
1434 5167 1848 5241 impugnanda
1896 5171 2042 5226 veri-

400 5261 534 5314 tatis
564 5259 850 5322 studium,
877 5263 942 5314 ut
985 5258 1171 5315 solem
1219 5257 1418 5330 ipsum
1467 5263 1680 5330 negent
1709 5258 1907 5314 calida
1940 5277 2044 5315 na-

399 5354 541 5402 tura
572 5365 733 5416 esse;
765 5363 832 5403 eo
865 5347 1022 5418 quod
1055 5347 1227 5403 albus
1257 5352 1353 5414 sit,
1387 5362 1502 5402 non
1535 5345 1920 5415 rubicundus,
1943 5355 2046 5404 aut

469 5492 580 5563 (51)
614 5491 752 5564 Mss.
785 5488 914 5564 Vat.
967 5491 1117 5564 duo,
1159 5491 1392 5557 Tanais;
1442 5489 1588 5564 Big.,
1635 5491 1836 5560 Eusis;
1892 5491 2042 5551 Vict.

397 5561 574 5640 unus,
607 5563 793 5640 (3am,
825 5561 966 5640 gen,
995 5561 1610 5640 Corb.-u_nus,Euxi3...
1643 5571 2042 5640 mes.septem,

391 5635 721 5713 pmoipitat,
755 5629 993 5707 reliqui,
1022 5650 1089 5693 ac
1119 5633 1259 5691 edit.
1295 5650 1519 5706 omnes,
1546 5629 1921 5712 pracipitans.

2163 564 2386 636 ignitus
2417 568 2628 620 natura
2657 563 2753 631 sit,
2786 567 2844 619 et
2871 563 2920 618 si
2955 563 3097 635 quid
3129 563 3308 620 habet
3355 563 3588 632 caloris,
3625 565 3822 620 ferunt

2160 670 2229 708 ex
2279 653 2459 708 nimio
2509 656 2670 708 motu
2719 652 3116 708 conversionis
3167 652 3450 708 accidere.
3483 652 3646 717 Quod
3688 655 3820 710 ideo

2160 743 2472 798 dicendum
2506 746 2808 813 putant,ut
2831 741 2978 796 nihil
3008 741 3279 796 videatur
3307 741 3576 797 humoris
3606 758 3821 798 consu-

2161 847 2320 887 mere
2353 847 2365 884 :
2400 830 2542 902 quia
2569 829 2820 884 calorem
2861 845 2976 900 quo
3026 828 3241 884 humor
3269 828 3354 884 vel
3387 829 3696 898 minuitur,
3727 829 3820 886 vel

2159 919 2508 991 plerumque
2537 917 2898 982 exhauritur,
2929 933 3046 972 non
3100 917 3278 972 habet
3318 917 3668 974 naturalem.
3703 919 3820 975 Sed

2160 1007 2308 1066 nihil
2342 1011 2544 1079 agunt,
2573 1023 2706 1061 cum
2729 1005 2844 1060 ista
2874 1011 3261 1076 componunt;
3300 1006 3441 1077 quia
3472 1005 3618 1060 nihil
3647 1007 3823 1062 inter-

2159 1103 2270 1162 est,
2303 1102 2500 1151 utrum
2533 1112 2602 1150 ex
2632 1099 2841 1150 natura
2880 1093 3135 1150 calorem
3177 1095 3310 1166 quis
3358 1094 3593 1162 habeat,
3623 1111 3698 1150 an
3748 1111 3821 1150 ex

2160 1185 2452 1258 passione,
2488 1188 2589 1240 aut
2618 1183 2815 1255 aliqua
2862 1199 2932 1239 ex
2973 1199 3186 1250 causa;
3236 1182 3376 1254 quia
3418 1183 3574 1254 ignis
3621 1183 3819 1239 omnis

2159 1278 2542 1344 consumptor
2570 1271 2836 1328 humoris
2875 1277 2984 1337 est,
3016 1271 3106 1326 vel
3141 1271 3487 1342 hujusmodi
3536 1272 3817 1339 materia,

2159 1381 2337 1436 quam
2396 1362 2638 1417 ﬂamma
2694 1359 2993 1416 consuevit
3049 1376 3306 1415 exurere.
3367 1359 3514 1414 Nam
3572 1359 3693 1415 sive
3747 1375 3821 1416 ex

2158 1451 2336 1524 lignis
2383 1450 2845 1522 haudquaquam
2889 1447 3342 1514 semiustulatis,
3383 1448 3487 1504 sed
3546 1447 3699 1503 inter
3746 1464 3813 1505 se

2159 1539 2400 1606 collisis,
2459 1538 2616 1609 ignis
2675 1552 2960 1592 excussus
3016 1535 3343 1608 excipiatur
3399 1534 3576 1606 foliis,
3635 1536 3814 1592 etiam

2157 1630 2398 1685 ﬂamma
2425 1627 2634 1692 adolet,
2666 1643 2732 1681 ac
2763 1625 2813 1681 si
2842 1626 2914 1680 de
2944 1625 3077 1698 igne
3107 1626 3392 1681 accendas
3422 1625 3608 1681 facem
3643 1641 3656 1681 :
3692 1625 3817 1681 sive

2158 1720 2228 1774 de
2259 1719 2510 1773 ﬂamma
2541 1715 2763 1771 lumine
2788 1713 2988 1770 lumen
3018 1715 3324 1782 accendas,
3357 1715 3562 1770 eadem
3589 1715 3823 1786 species

2157 1813 2215 1863 et
2245 1811 2454 1862 natura
2501 1809 2591 1860 est
2642 1803 2903 1870 luminis,
2952 1819 3016 1858 ac
3066 1803 3117 1859 si
3166 1802 3310 1858 illud
3365 1819 3480 1858 non
3527 1802 3825 1858 naturalis

2162 1897 2316 1969 ignis
2354 1893 2690 1958 adoleverit,
2722 1893 2824 1947 sed
2883 1891 3153 1947 accidens
3201 1907 3380 1947 causa
3434 1892 3820 1962 generaverit.

2157 1984 2260 2041 Vel
2289 1984 2430 2039 hinc
2461 1981 2668 2038 saltem
2700 1980 3171 2052 contemplentur
3216 1978 3357 2034 solis
3387 1978 3669 2044 calorem,
3701 1996 3822 2052 quo

2159 2074 2390 2129 diversa
2417 2072 2469 2128 ei
2496 2077 2647 2126 Deus
2676 2069 2986 2126 constituit
3023 2084 3232 2124 cursus
3280 2067 3374 2124 sui
3422 2067 3552 2124 loca
3577 2072 3635 2124 et
3664 2073 3823 2125 tem-

2159 2179 2335 2234 pora;
2383 2177 2476 2227 ne,
2526 2159 2576 2216 si
2624 2175 2854 2230 semper
2900 2157 2960 2212 in
3005 2156 3212 2213 iisdem
3270 2161 3600 2213 moraretur
3644 2157 3814 2227 locis,

2159 2248 2502 2322 quotidiano
2537 2263 2606 2304 ea
2646 2262 2858 2318 vapore
2905 2250 3191 2301 exureret.
3247 2245 3405 2302 Mare
3455 2245 3651 2318 ipsum
3683 2246 3816 2304 ideo

2159 2341 2356 2395 ferunt
2382 2337 2497 2409 ipsi
2527 2335 2746 2393 salsam
2795 2341 2970 2407 atque
3019 2351 3282 2390 amaram
3328 2351 3543 2406 aquam
3575 2335 3813 2404 habere,

2159 2429 2317 2501 quod
2346 2443 2415 2483 ea
2445 2443 2572 2498 qua
2614 2424 2806 2480 ﬂuviis
2858 2424 2918 2479 in
2963 2424 3108 2479 freta
3154 2423 3380 2491 inﬂuat,
3410 2423 3599 2481 calore
3629 2425 3816 2480 absu-

2159 2522 2374 2584 matur,
2407 2519 2757 2585 tantumque
2794 2528 3006 2584 vapore
3052 2513 3260 2568 diurno
3301 2513 3590 2579 consumi,
3621 2529 3818 2584 quan-

2157 2611 2286 2662 tum
2315 2603 2573 2677 quotidie
2602 2619 2672 2659 ex
2699 2601 2946 2658 diversis
2977 2601 3286 2657 ﬂuviorum
3335 2601 3603 2657 cursibus
3645 2601 3808 2657 inve-

2158 2694 2356 2750 hatur.
2399 2693 2560 2759 Quod
2605 2708 2674 2747 ex
2723 2689 2865 2746 solis
2913 2691 3168 2762 quadam
3217 2689 3630 2761 dijudicatione
3680 2690 3811 2746 ﬁeri

2159 2783 2521 2854 perhibetur,
2553 2780 2654 2851 qui
2687 2779 2838 2851 quod
2873 2795 3088 2851 purum
3119 2795 3186 2834 ac
3215 2778 3338 2835 leve
3367 2783 3476 2847 est,
3491 2778 3601 2834 sibi
3631 2778 3806 2852 rapit,

2158 2871 2313 2943 quod
2347 2887 2518 2943 grave
2550 2874 2726 2940 atque
2755 2873 3073 2934 terrenum,
3107 2868 3386 2939 relinquit
3414 2886 3427 2923 :
3459 2885 3528 2924 ex
3559 2879 3674 2941 quo
3722 2885 3812 2923 re-

2158 2964 2358 3016 manet
2385 2959 2607 3014 salsum
2653 2957 2799 3012 illud
2839 2963 3016 3029 atque
3065 2957 3317 3026 aridum,
3351 2959 3513 3030 quod
3545 2958 3670 3013 sine
3698 2973 3812 3012 usu

2158 3066 2224 3105 ac
2254 3047 2538 3105 suavitate
2566 3046 2805 3120 potandi
2841 3046 2934 3102 sit.

2795 3135 3035 3192 CAPUT
3075 3136 3167 3192 IV.

3489 3208 3806 3278 ﬁrmamen-

2229 3282 2348 3333 tum
2393 3295 2432 3351 :7
2459 3286 2510 3333 et
2556 3277 2699 3334 unde
2743 3295 2851 3351 vox
2895 3277 3126 3351 utraque
3171 3277 3645 3349 desumptaﬂinc
3683 3280 3812 3334 caeli

2227 3350 2564 3420 acceptiones
2595 3350 2920 3417 nonnullae,-
2951 3355 3003 3406 et
3028 3350 3098 3406 ad
3126 3361 3452 3415 extremum,
3493 3367 3615 3406 cum
3644 3351 3806 3406 certo-

2227 3438 2352 3495 rum
2383 3437 2448 3476 ac
2473 3422 2834 3492 ﬁrmamenti,
2858 3426 2978 3477 tum
2997 3421 3509 3495 aquarummoralis
3534 3423 3802 3493 interpre-

2227 3493 2377 3548 tatio.

2228 3582 2315 3636 15.
2347 3581 2455 3636 Sed
2492 3584 2849 3636 revertamur
2893 3581 2966 3636 ad
3009 3581 3394 3654 propositum.
3451 3582 3573 3636 Fiat
3622 3580 3813 3636 ﬁrma-

2153 3672 2399 3724 mentum
2431 3671 2574 3725 inter
2600 3670 2842 3726 medium
2887 3686 3068 3741 aquae.
3099 3671 3225 3726 Non
3275 3673 3522 3736 moveat,
3555 3669 3655 3725 ιθ
3685 3668 3803 3724 sic-

2156 3757 2241 3812 uti
2265 3758 2389 3828 jam
2422 3757 2561 3826 dixi,
2595 3758 2733 3830 quia
2780 3776 2960 3830 supra
3006 3758 3217 3816 calum
3258 3759 3362 3826 ait,
3393 3757 3486 3813 hic
3534 3757 3676 3812 dicit
3704 3757 3805 3826 ﬁr-

2154 3855 2526 3915 mamentum;
2577 3847 2856 3918 quoniam
2901 3853 2958 3904 et
2998 3848 3173 3904 David
3224 3847 3366 3902 dicit
3415 3862 3428 3900 ε
3483 3845 3616 3902 Caeli
3640 3861 3802 3900 enar-

2153 3939 2281 3991 rant
2309 3937 2543 4006 gloriam
2587 3937 2702 4003 Dei,
2733 3941 2785 3993 et
2830 3954 2993 4009 opera
3034 3953 3300 3992 manuum
3343 3937 3457 4008 ejus
3504 3935 3808 3990 annuntiat

2154 4025 2562 4093 ﬁrmamentum
2590 4025 2759 4086 (Psal.
2784 4042 2943 4094 xvm,
2974 4027 3053 4098 2),
3097 4026 3206 4081 hoc
3252 4029 3360 4093 est,
3393 4023 3601 4080 mundi
3655 4039 3810 4094 opus

2155 4129 2288 4166 cum
2332 4112 2585 4176 videtur,
2639 4131 2813 4170 suum
2863 4114 3066 4171 laudat
3112 4119 3429 4170 auctorem.
3490 4110 3810 4168 Invisibilis

2153 4200 2308 4255 enim
2341 4203 2618 4272 maiestas
2648 4203 2776 4273 ejus
2807 4219 2910 4276 per
2938 4221 3006 4260 ea
3039 4221 3164 4276 qua
3207 4203 3502 4267 videntur,
3534 4199 3810 4272 agnosci-

2152 4295 2268 4346 tur.
2318 4291 2389 4346 Et
2435 4291 2665 4348 videtur
2712 4293 2856 4348 mihi
2906 4309 3114 4348 nomen
3165 4290 3445 4347 calorum
3492 4303 3812 4354 commune

2151 4395 2299 4447 esse,
2331 4380 2468 4451 quia
2517 4379 2804 4450 plurimos
2857 4381 3034 4436 caios
3090 4380 3394 4452 Scriptura
3431 4376 3809 4440 testificatur,

2150 4483 2363 4522 nomen
2397 4473 2591 4524 autem
2637 4485 2766 4524 esse
2811 4469 3078 4542 speciale,
3113 4469 3576 4524 ﬁrmamentum.
3609 4464 3810 4536 Siqui-

2151 4557 2285 4611 dem
2315 4560 2373 4610 et
2403 4555 2498 4612 hic
2529 4557 2609 4612 ita
2634 4557 2884 4615 habetur
2911 4576 2924 4614 :
2952 4559 3020 4614 Et
3055 4559 3268 4613 vocavit
3299 4557 3440 4612 Deus
3487 4555 3808 4624 ﬁrmamen-

2152 4649 2272 4699 tum
2309 4647 2504 4700 caetum
2536 4645 2684 4718 (Gen.
2717 4664 2757 4713 ι,
2790 4647 2870 4717 8),
2920 4651 2987 4702 ut
3026 4647 3294 4701 videatur
3339 4659 3520 4716 supra
3562 4657 3810 4714 genera-

2150 4733 2284 4789 liter
2313 4734 2550 4798 dixisse,
2584 4735 2643 4791 in
2674 4735 2961 4807 principio
2983 4734 3192 4791 calum
3227 4735 3542 4798 factum,ut
3570 4745 3810 4786 omnem

2153 4821 2375 4878 caelesti
2433 4827 2707 4879 creatura
2760 4822 3040 4879 fabricam
3082 4821 3598 4895 comprehenderet
3643 4836 3656 4875 :
3707 4818 3808 4873 hic

2154 4913 2348 4965 autem
2381 4909 2691 4982 specialem
2738 4911 3094 4967 ﬁrmamenti
3140 4911 3320 4982 huius
3365 4907 3670 4966 exterioris
3713 4922 3812 4961 so-

2153 4996 2440 5053 liditatem
2485 5000 2640 5070 quod
2695 4999 2910 5054 dicitur
2954 4999 3080 5055 cali
3133 5001 3603 5062 ﬁrmamentum,
3657 4995 3814 5050 sicut

2152 5085 2405 5158 legimus
2452 5086 2510 5142 in
2560 5087 2777 5159 hymno
2830 5088 3169 5160 prophetico
3224 5107 3238 5144 ε
3291 5086 3620 5143 Benedictus
3649 5099 3703 5138 es
3747 5084 3812 5138 in

2153 5175 2495 5246 ﬁrmamento
2541 5177 2666 5232 caeli
2705 5176 2866 5248 (Dan.
2915 5193 2994 5245 ιιι,
3025 5179 3136 5250 56).
3170 5177 3318 5233 Nam
3367 5174 3602 5241 calum,
3648 5171 3808 5243 quod

2151 5271 2352 5336 οὐρανὸς
2382 5264 2574 5321 Grace
2603 5265 2840 5333 dicitur,
2876 5266 3100 5336 Latine,
3132 5267 3274 5338 quia
3325 5265 3617 5336 impressa
3667 5259 3808 5316 stel-

2153 5351 2344 5408 larum
2375 5352 2602 5410 lumina
2630 5353 2790 5411 velut
2831 5355 3002 5426 signa
3049 5355 3281 5422 habeat,
3315 5358 3600 5423 tanquam
3633 5347 3812 5404 cala-

2155 5495 2490 5630 ανὲἓῗὶεέθδ·
2523 5497 2660 5557 “ait
2697 5513 2762 5556 ⁸ο
2809 5514 2954 5558 ωδε·
3003 5496 3247 5570 αιίειυοιι
3279 5495 3476 5554 Divina
3516 5492 3816 5568 mrem
