4158 6168
275 352 400 413 165
1596 357 2142 420 HEXAEMERON
2185 361 2331 423 LIB.
2379 365 2456 425 Il.

276 494 421 544 tum
445 482 826 558 appellatur:
871 484 1033 542 sicut
1063 491 1376 561 argentum
1410 489 1562 559 quod
1599 489 1782 561 signis
1814 490 1952 545 emi-
1983 503 2038 565 Α
2148 494 2224 556 ίῖ,
2261 497 2374 556 Nvt

284 575 572 634 nantibus
606 573 890 648 refulget,
925 574 1203 634 caelatum
1231 577 1508 647 dicimus,
1542 585 1748 652 οὐρανὸς
1785 584 1981 635 autem

279 672 750 772 faelroa‘bpaaaai
809 664 1036 772 dicitur
1108 667 1244 768 (553),
1336 667 1497 772 quod
1569 668 1855 725 videatur.
1885 711 1897 724 .
1932 711 1944 725 ι
1969 710 1982 725 ο
2095 679 2361 772 ratariae.
2396 680 2464 736 Et
2494 664 2622 738 ideo
2650 682 2888 742 laudare
2946 664 3137 760 callos,
3189 693 3278 749 vel
3313 664 3584 756 enarrare
3612 664 3736 772 gic-

290 755 488 828 Igitur
514 758 711 822 terrae,
747 771 883 827 quae
942 756 1256 813 obscurior
1299 761 1412 824 est,
1447 763 1650 830 οὐρανὸς
1680 775 1984 831 nuncupa-
2095 763 2240 821 riam
2302 769 2420 836 Dei,
2481 773 2830 828 annuntiare
2893 755 3328 840 ﬁrmamentum
3374 805 3387 842 :
3456 755 3573 844 sed)
3612 755 3735 845 non

291 842 872 945 tur.,“quia“lucidus
894 849 1010 945 est,
1057 850 1340 945 tanquam
1365 845 1636 945 visibilis.
1658 846 1820 904 Unde
1842 852 1983 945 puto
2093 856 2261 926 quasi
2296 858 2641 930 spiritualia,
2673 863 2771 916 sed
2804 864 2972 934 quasi
3006 884 3180 938 opera
3213 876 3415 930 mundi
3440 842 3736 945 eﬁnarrant,

3620 383 3742 443 166

2428 502 2681 570 praeterit
2739 504 2974 562 retuliss
3046 511 3276 585 aliquos
3346 518 3520 576 cceles
3594 523 3736 578 calo

2096 605 2227 644 rum
2258 591 2331 684 ad
2354 589 2746 665 intelligibiles
2767 596 3029 667 virtutes,
3057 601 3491 664 ﬁrmamentum
3513 610 3586 666 ad
3609 628 3740 684 0pc-

293 936 358 988 et
389 931 541 987 illud
572 933 799 988 dictum
831 950 844 988 :
906 935 1166 991 Volatilia
1208 937 1334 991 caeli
1380 935 1494 1007 (54)
1551 952 1763 1010 semper
1798 937 1986 993 vident

295 1024 506 1094 faciem
533 1024 724 1078 Patris
773 1025 911 1091 mei,
935 1026 1036 1097 qui
1056 1026 1115 1079 in
1137 1025 1279 1080 catis
1300 1028 1381 1081 est
1407 1024 1620 1097 (Matth.
1661 1042 1825 1097 xvm,
1869 1026 1979 1098 -l8).

288 1111 405 1166 Et:
433 1110 689 1166 volatilia
746 1113 902 1168 circa
959 1113 1376 1183 ﬁrmamentum
1423 1115 1552 1168 caeli
1591 1114 1743 1185 (Gen.
1779 1131 1815 1182 ι,
1847 1115 1977 1186 20);

284 1214 357 1255 eo
387 1199 550 1272 quod
584 1205 940 1273 potestates,
980 1218 1110 1273 quae
1143 1206 1281 1258 sunt
1334 1201 1396 1257 in
1452 1201 1550 1258 illo
1581 1203 1795 1260 visibili
1827 1203 1975 1273 loco,

281 1293 562 1360 spectent
593 1288 722 1344 hac
757 1289 982 1358 omnia,
1016 1294 1075 1346 et
1105 1290 1368 1361 subjecta
1399 1290 1525 1348 suis
1557 1291 1813 1349 habeant
1838 1309 1975 1350 con-

281 1377 622 1449 spectibus.

368 1467 458 1521 16.
493 1465 776 1538 Denique
826 1465 1097 1523 clausum
1124 1468 1334 1524 caelum
1368 1469 1594 1526 dictum
1629 1475 1720 1527 est
1749 1475 1974 1545 tempo-

286 1555 460 1610 ribus
493 1553 639 1610 Elia:
675 1553 920 1627 quando
977 1556 1037 1611 in
1091 1556 1286 1612 Achab
1343 1561 1403 1613 et
1453 1558 1685 1615 Jezabel
1729 1561 1974 1632 perﬁdia

281 1645 606 1718 regnabat,
633 1660 775 1699 cum
799 1644 1061 1717 prpulus
1091 1645 1268 1718 regali
1300 1647 1608 1721 sacrilegio
1633 1649 1969 1718 deserviret,

2091 946 2589 1040 quemadmodum
2649 967 2829 1022 supra
2859 953 3133 1011 diximus.
3171 961 3280 1016 Alii
3312 981 3544 1037 quoque
3573 968 3733 1040 puri—

2091 1032 2385 1091 ﬁcatorias
2416 1037 2680 1130 .virtutes
2737 1041 3095 1113 interpretati
3157 1055 3298 1106 sunt
3328 1032 3738 1130 aquam-quae

2089 1137 2270 1194 super
2327 1123 2502 1182 caelos
2556 1131 2716 1182 sunt.
2771 1131 3104 1202 Accipimus
3165 1137 3285 1195 ha'c
3319 1123 3486 1211 quasi
3518 1147 3589 1200 ad
3620 1123 3738 1203 tra-

2087 1215 2279 1268 ctatus
2311 1215 2616 1272 decorem:
2680 1218 2848 1273 nobis
2910 1224 3101 1278 tamen
3137 1245 3250 1282 non
3294 1229 3550 1288 alienum
3581 1235 3737 1292 vide-

2089 1300 2183 1393 tur
2234 1306 2408 1372 atque
2457 1304 2806 1371 absurdum,
2863 1307 2910 1362 si
2963 1328 3145 1381 aquas
3177 1333 3340 1372 veras
3387 1325 3620 1393 propter
3669 1323 3738 1379 il-

2083 1385 2199 1442 lam
2235 1405 2495 1460 causam,
2529 1411 2708 1465 quam
2745 1395 3022 1466 diximus,
3055 1385 3472 1478 intelligamus.
3494 1385 3651 1468 .Nam
3682 1419 3741 1470 et

2084 1493 2180 1532 ros
2212 1481 2268 1572 et
2297 1479 2428 1572 gelu
2465 1487 2520 1537 et
2551 1483 2738 1572 frigus
2770 1489 2826 1540 et
2856 1491 3056 1556 aestus,
3099 1495 3428 1551 secundum
3458 1497 3741 1572 hymnum

2082 1566 2488 1636 propheticum
2549 1571 2908 1629 benedicunt
2969 1576 3308 1651 Dominum,
3364 1566 3660 1647 benedicit
3687 1600 3744 1650 et

2079 1656 2235 1709 terra
2266 1657 2426 1727 (Dan.
2461 1677 2542 1730 ιη,
2597 1662 2670 1716 64
2726 1671 2776 1717 et
2828 1665 2963 1736 seq.)
3001 1683 3015 1720 :
3077 1671 3133 1723 et
3164 1669 3263 1726 illa
3316 1691 3433 1730 non
3466 1677 3538 1732 ad
3569 1678 3741 1738 intel-

281 1751 355 1790 eo
388 1733 551 1806 quod
613 1749 794 1789 nemo
854 1733 926 1788 ad
985 1732 1195 1790 caelum
1245 1736 1448 1793 oculos
1479 1737 1762 1810 erigebat,
1795 1755 1968 1794 nemo
2074 1741 2331 1814 ligibiles
2391 1752 2635 1804 naturas
2696 1732 3029 1823 referimus,
3092 1758 3192 1813 sed
3261 1761 3332 1816 ad
3417 1732 3739 1828 veritatem.

283 1825 423 1895 ejus
455 1825 772 1878 auctorem
831 1824 1238 1891 venerabatur,
1292 1826 1394 1880 sed
1444 1825 1606 1899 ligna
1653 1831 1710 1882 et
1739 1827 1964 1899 lapides

284 1911 652 1967 adorabunt.
687 1910 855 1966 Unde
884 1909 992 1966 hoc
1025 1910 1358 1985 colligimus
1378 1913 1407 1968 ‘t
1439 1915 1584 1981 Quia
1613 1919 1670 1971 et
1701 1915 1759 1971 in
1795 1915 1972 1973 male-

288 1999 667 2056 dictionibus
721 1999 926 2072 populi
995 1999 1170 2055 Israel
1219 2000 1365 2057 dixit
1413 2003 1570 2060 Deus
1618 2021 1631 2059 :
1701 2005 1819 2061 Erit
1869 2006 1977 2062 tibi

289 2089 497 2144 calum
521 2105 698 2160 super
745 2095 910 2159 caput
957 2095 1114 2144 tuum
1158 2105 1391 2164 meum,
1441 2096 1495 2148 et
1545 2101 1688 2150 terra
1728 2102 1824 2149 tua
1868 2096 1976 2165 fer-

305 2194 405 2233 rea
463 2179 658 2250 (Deut,
708 2193 914 2242 xxvnr,
970 2175 1087 2248 23),
1149 2179 1384 2250 quando
1429 2183 1682 2254 pretium
1716 2183 1974 2256 perﬁdiae

293 2265 475 2322 luens
504 2265 767 2338 populus
797 2265 1162 2332 Judeorum,
1214 2265 1560 2341 intemperie
1611 2271 1738 2326 caeli
1769 2275 1828 2328 et
1856 2275 1974 2328 ter-

301 2371 383 2409 ra:
435 2353 861 2410 infecunditate
909 2353 1237 2424 multatur;
1289 2356 1361 2413 de
1413 2358 1551 2415 coelo
1590 2360 1749 2416 enim
1794 2377 1975 2418 causa

303 2441 652 2499 fertilitatis.
685 2442 952 2515 Denique
980 2447 1041 2498 et
1067 2443 1292 2516 Moyses
1323 2445 1761 2505 benedictiones
1797 2449 1973 2505 tribui

303 2530 534 2603 Joseph
592 2548 626 2585 a
677 2531 902 2586 ﬁnibus
959 2528 1090 2586 caeli
1149 2535 1209 2587 et
1253 2549 1384 2589 rore
1453 2534 1650 2608 abyssi
1720 2535 1973 2592 fontium

302 2621 608 2692 deorsum,
641 2624 700 2676 et
751 2619 1082 2676 secundum
1127 2619 1332 2677 horam
1361 2638 1395 2678 a
1443 2623 1585 2680 solis
1617 2641 1816 2694 cursu,
1851 2631 1910 2681 et
1939 2641 1973 2680 a

300 2709 792 2766 convenientibus
846 2708 1152 2765 mensibus
1204 2709 1336 2782 (55),
1393 2716 1450 2767 et
1499 2713 1770 2771 avertice
1803 2730 1969 2769 mon-

299 2799 452 2854 tium
485 2802 544 2854 et
590 2797 832 2854 collium
864 2803 1219 2854 aeternorum
1272 2799 1455 2868 dedit,
1487 2819 1553 2858 eo
1586 2803 1740 2875 quod
1775 2803 1971 2859 mode-

303 2887 535 2942 ratione
613 2885 834 2942 ceelesti
912 2891 1205 2942 terrarum
1265 2887 1589 2946 fecunditas
1649 2891 1966 2948 nutriatur.

304 2977 584 3032 Ferreum
615 2991 754 3048 ergo
813 2975 1048 3044 ccelum,
1104 2977 1261 3047 quod
1311 2977 1540 3035 nullum
1582 2982 1830 3036 exsudat
1859 2980 1967 3035 hu-

305 3080 559 3134 morem,
590 3064 828 3137 quando
859 3063 1042 3119 nullis
1068 3063 1836 3142 nubibusimberrumpitur
1855 3069 1968 3141 (56)

309 3154 412 3209 Est
441 3153 620 3208 etiam
665 3153 919 3209 ferreum
951 3152 1164 3208 emtum
1207 3153 1612 3212 subobscurus
1643 3175 1762 3226 aer,
1805 3174 1966 3230 pres-

2085 1831 2355 1890 Laudant
2386 1835 2562 1893 etiam
2621 1839 2907 1898 dracones
2941 1843 3261 1904 Dominum
3307 1851 3479 1923 (Psal.
3513 1871 3739 1935 cxnvm,

2082 1921 2140 1994 7)
2175 1940 2188 1989 ;
2225 1924 2364 1995 quia
2424 1931 2634 1983 natura
2693 1946 2896 1987 eorum
2959 1939 3017 1988 et
3047 1937 3268 2007 species
3317 1921 3460 1998 cum
3489 1921 3740 2022 videtur:

2084 2028 2200 2067 non
2235 2013 2527 2072 mininum
2562 2016 2650 2074 vel
2704 2020 2931 2078 decoris
2982 2025 3251 2098 offundit,
3303 2031 3390 2087 vel
3420 2031 3434 2055 "
3499 2051 3621 2095 esse
3652 2013 3743 2096 ra;

2083 2100 2262 2157 tionis
2286 2105 2560 2162 ostendit.

2741 2225 2972 2284 CAPUT
3012 2231 3080 2286 V.

2087 2307 2277 2390 Quam.
2330 2314 2838 2394 per/ectanpatris
2883 2335 2955 2394 ac
3003 2321 3135 2377 Filii
3179 2326 3242 2378 in
3302 2331 3555 2394 operibus
3625 2337 3744 2390 suis

2154 2383 2488 2473 q‘onjurtctio'.
2556 2383 2763 2473 Videre.
2782 2388 2842 2440 in
2870 2389 2976 2444 Deo
3026 2396 3176 2473 idem
3207 2383 3385 2473 atque
3415 2383 3742 2473 lippi-obit};

2153 2450 2564 2592 laudare
2586 2457 2843 2526 partibus
2890 2463 3129 2518 nondum
3162 2450 3576 2531 absolutisVD‘eov
3588 2450 3743 2548 '5};

2159 2638 2342 2731 18;»l3t
2374 2639 2512 2694 vidit
2563 2642 2706 2697 Deus
2764 2647 2897 2717 quia
2957 2650 3155 2707 bonum
3214 2654 3364 2725 (Gen.
3400 2676 3439 2726 ι,
3492 2663 3594 2731 ιο).
3630 2663 3746 2718 Fa-

2085 2727 2403 2824 cit-Filius
2458 2731 2798 2824 quoduvult
2859 2735 3062 2794 Pater:
3125 2741 3326 2801 laudat
3356 2727 3744 2824 Pater,rquod

2083 2817 2223 2872 facit
2251 2816 2453 2874 Filius.
2506 2817 2661 2874 Nihil
2713 2821 2774 2876 in
2821 2824 2920 2880 illo
2971 2834 3192 2885 naturae
3236 2816 3541 2907 degeneris
3571 2816 3746 2895 inve-

2084 2907 2268 2975 nitur,
2303 2907 2473 2978 cujus
2505 2924 2652 2979 opus
2685 2927 2718 2965 a
2747 2918 2992 2982 paterna
3022 2935 3134 2973 non
3166 2921 3478 2995 degenerat
3526 2929 3742 2985 volun-

2083 2999 2222 3050 tate.
2255 2995 2417 3050 Vidit
2464 2996 2685 3068 utique,
2723 3017 2837 3056 non
2895 3004 3079 3062 oculis
3110 3013 3511 3081 corporalibus
3543 3018 3738 3074 inten-

2081 3082 2169 3139 dit
2204 3101 2216 3138 :
2246 3083 2355 3176 sed
2400 3083 2680 3176 deﬁnivit
2739 3088 3090 3160 plenitudini
3146 3101 3345 3170 gratiae
3402 3109 3732 3176 convenire,

2083 3176 2149 3226 ut
2178 3172 2324 3228 mihi
2358 3173 2791 3244 ejusjudicium
2816 3193 3262 3254 cognosceretur
3289 3207 3302 3244 :
3329 3209 3435 3247 nos
3465 3199 3619 3252 enim
3646 3172 3737 3253 so;

306 3259 411 3298 5‘15
462 3248 644 3314 atque
693 3243 1014 3298 DBbUIOSUS
1067 3241 1257 3298 θοῙοΓθ
1316 3243 1665 3356 ferrugineo:
1729 3247 1967 3318 quando
1999 3244 2041 3310 (ἶ
2084 3259 2275 3316 lemus
2306 3241 2598 3318 etiamide
2651 3263 2743 3332 iis,
2801 3241 2930 3339 qu;
2961 3271 3156 3329 divina
3210 3285 3370 3347 sunt,
3405 3241 3726 3356 disputare.

309 3332 498 3356 -ﬁ...__-
560 3332 790 3356 P_!_-_:..
852 3331 1165 3356 ..ι..2..,..ἷι.--
1196 3335 1343 3356 ιιι---
1414 3336 1550 3356 ιη..-
1583 3352 1642 3356 ---
1681 3337 1756 3356 ηιξ
1797 3351 1966 3356 ____.-_.
2079 3349 2140 3356 _.
2265 3349 2276 3356 .
2302 3351 2316 3356 _
2417 3350 2428 3356 -
2637 3351 2647 3356 -
2719 3355 2728 3356 κ

309 3332 501 3405 rigore
559 3332 792 3403 frigoris
851 3331 1165 3404 stringitur
1196 3335 1369 3399 terra,
1414 3336 1553 3388 tunc
1583 3335 1760 3392 veluti
1791 3351 1969 3407 super

308 3426 484 3493 caput
516 3425 786 3476 nostrum
846 3421 1061 3476 humor
1119 3436 1445 3492 suspensus
1496 3423 1745 3494 videtur,
1780 3429 1836 3481 et
1865 3442 1968 3496 per

306 3514 611 3564 momenta
642 3508 976 3565 imminere.
1029 3508 1386 3580 Plerumque
1413 3509 1589 3566 etiam
1621 3513 1967 3586 glacialibus

306 3603 622 3654 ventorum
651 3598 889 3653 ﬂatibus
919 3597 1179 3670 rigentes
1241 3615 1406 3670 aqua:
1438 3602 1879 3658 consolidantur
1908 3603 1966 3658 in

313 3688 532 3753 nivem,
583 3692 642 3741 et
697 3691 868 3758 rupto
927 3703 1059 3742 aere
1119 3688 1222 3742 nix
1253 3687 1536 3745 funditur.
1579 3690 1777 3762 Neque
1808 3692 1965 3747 enim

312 3777 756 3832 ﬁrmamentum
806 3775 914 3830 hoc
965 3779 1156 3847 potest
1202 3775 1328 3830 sine
1374 3775 1571 3849 aliquo
1615 3779 1810 3851 rumpi
1851 3782 1966 3836 fra-

315 3881 457 3938 gore
505 3865 640 3936 (57).
672 3864 803 3920 Ideo
831 3869 889 3920 et
919 3864 1360 3920 ﬁrmamentum
1415 3866 1509 3921 81
1547 3867 1777 3936 dicitur,
1811 3869 1966 3940 quod

315 3971 437 4009 non
469 3953 548 4008 sit
577 3951 919 4018 invalidum,
952 3969 1058 4009 nec
1111 3953 1449 4010 remissum.
1499 3955 1662 4013 Unde
1693 3961 1750 4012 et
1779 3957 1851 4013 de
1881 3963 1968 4014 to-

314 4042 618 4108 nitrubus,
653 4059 778 4114 quae
809 4046 1087 4114 concepto
1109 4041 1266 4097 intra
1295 4041 1490 4099 sinum
1514 4045 1760 4102 nubium
1793 4047 1966 4118 spiri-

313 4137 379 4188 tu
413 4147 552 4186 cum
586 4147 649 4186 se
677 4131 1050 4188 vehementer
1078 4137 1398 4204 erupturas
1428 4133 1648 4190 eliserit
1672 4135 1806 4206 (58),
1840 4153 1964 4192 ma-

313 4238 433 4294 gno
480 4225 832 4293 concrepant
883 4221 1101 4290 sonitu,
1154 4221 1236 4277 ait
1303 4221 1647 4294 Scriptura:
1712 4225 1966 4281 Firmans

313 4311 564 4365 tonitrua
610 4309 789 4381 (Amos
846 4328 923 4377 ιν,
985 4311 1094 4383 13).
1142 4311 1190 4366 Α
1246 4309 1521 4368 ﬁrmitate
1571 4329 1708 4385 ergo
1769 4315 1963 4370 ﬁrma-

309 4404 582 4455 mentum
611 4405 699 4454 est
729 4405 1158 4472 nuncupatum,
1187 4400 1275 4456 vel
1311 4402 1466 4472 quod
1524 4401 1723 4457 divina
1752 4404 1965 4460 virtute

312 4489 620 4544 ﬁrmatum
651 4489 748 4558 sit,
807 4490 964 4545 sicut
1017 4489 1322 4562 Scriptura
1364 4507 1472 4546 nos
1503 4489 1691 4546 docet:
1722 4491 1960 4548 dicens:

2079 3349 2148 3447 Illt
2179 3349 2318 3447 quid
2352 3350 2650 3447 mirum‘si
2677 3355 2770 3447 -de
2800 3374 2972 3429 opere
3004 3367 3315 3422 retractare
3347 3349 3591 3442 possint,
3627 3375 3729 3447 qui

2080 3437 2150 3493 de
2183 3438 2369 3510 ipsius
2402 3441 2724 3510 operatoris
2775 3449 3146 3517 generatione
3204 3437 3426 3514 faciunt
3457 3437 3726 3533 quaestio-

2081 3543 2184 3581 nes
2207 3526 2234 3580 ?
2267 3527 2466 3598 Ipsum
2498 3528 2557 3583 in
2579 3529 2872 3600 judicium
2903 3545 3130 3607 vocant,
3158 3542 3353 3613 ipsum
3379 3526 3724 3622 inaequalem

2079 3621 2254 3687 atque
2284 3617 2632 3687 degenerem
2665 3635 2924 3678 asserere
2954 3635 3256 3684 conantur.
3292 3633 3424 3690 Ideo
3451 3617 3630 3712 legis:
3663 3643 3729 3698 Et

2080 3702 2226 3758 dixit
2258 3708 2422 3773 Deus,
2454 3709 2505 3759 et
2533 3706 2662 3774 fecit
2693 3708 2845 3764 Deus.
2872 3711 3102 3785 Eodem”
3120 3717 3288 3773 Pater
3309 3727 3365 3776 et
3386 3702 3570 3782 Filius
3603 3747 3724 3786 ma-

2073 3792 2306 3890 iestatis
2359 3792 2724 3890 honorantur
2781 3801 3037 3857 nomine.
3099 3809 3166 3860 Et
3221 3809 3357 3864 vidit
3415 3814 3552 3871 Deus
3595 3821 3727 3890 quia

2081 3882 2298 3938 bonum.
2357 3883 2516 3939 Dixit
2571 3889 2855 3957 tanquam
2909 3892 3107 3948 omnia
3163 3911 3292 3965 quae
3351 3899 3519 3956 Pater
3556 3882 3727 3962 vellet

2078 3970 2305 4038 scienti,
2340 3975 2397 4027 et
2426 3972 2567 4026 vidit
2596 3976 2894 4045 tamquam
2928 3979 3126 4034 omnia
3159 3997 3286 4051 quae
3311 3983 3492 4042 Filius
3511 3989 3727 4048 faceret

2078 4059 2326 4115 scientia
2352 4064 2576 4128 tenens,
2609 4066 2667 4117 et
2694 4063 2954 4119 efﬁciens
2985 4069 3318 4138 operatione
3339 4079 3612 4134 consorti.

2151 4149 2237 4239 19.
2278 4149 2425 4204 Vidit
2456 4152 2583 4220 quia
2616 4151 2834 4208 bonum.
2868 4153 2993 4210 Non
3026 4157 3228 4230 utique
3267 4165 3537 4234 cognovit
3566 4170 3723 4239 quod

2077 4237 2392 4328 nesciebat,
2422 4240 2530 4328 sed
2583 4241 2848 4312 probavit
2891 4246 3047 4315 quod
3081 4247 3363 4319 placebat.
3399 4253 3523 4310 Non
3554 4237 3724 4328 quasi

2075 4326 2437 4399 incognitum
2479 4327 2700 4399 placuit
2737 4347 2922 4402 opus;
2957 4335 3094 4405 quia
3123 4353 3227 4391 nec
3259 4341 3425 4410 quasi
3460 4326 3723 4419 incogni-

2074 4422 2172 4472 tus
2204 4416 2371 4471 Pater
2401 4417 2499 4487 qui
2535 4417 2890 4506 complacuit
2945 4421 3002 4476 in
3055 4424 3218 4491 Filio,
3253 4428 3407 4484 sicut
3436 4416 3722 4506 scriptum

2073 4509 2164 4561 est
2187 4506 2333 4574 illic
2357 4514 2435 4560 est
2466 4505 2641 4560 Filius
2692 4524 2846 4562 meus
2900 4509 3149 4580 dilectus,
3196 4517 3253 4569 in
3298 4519 3398 4573 32
3429 4537 3534 4591 quo
3562 4505 3726 4582 imi/ii

309 4578 554 4680 Laudate
621 4593 746 4633 eum
793 4580 853 4634 in
916 4578 1264 4648 ﬁrmamento
1328 4581 1548 4636 virtutis
1585 4581 1722 4653 ejus
1787 4582 1961 4654 (Ριςαῑ.
1993 4609 2042 4676 D
2073 4595 2378 4666 comiilacui
2401 4594 2608 4666 (Matth.
2642 4612 2728 4664 In,
2761 4598 2870 4670 17).
2903 4599 3024 4654 Scit
3053 4578 3250 4659 autem
3275 4578 3722 4680 semp‘er,Filius

316 4683 408 4736 cn,
444 4669 518 4738 1).

384 4811 499 4882 (53)
554 4810 722 4888 Edit.
770 4811 897 4888 Era.
950 4814 1007 4868 et
1064 4816 1418 4888 sequentes;
1451 4821 1548 4888 ἀπὸ
1593 4824 1681 4872 τοῦ
1715 4822 1835 4888 ὁρᾷν
1863 4824 1965 4872 ἅνω

307 4884 508 4954 (Rom.
571 4883 734 4938 addit
786 4883 1163 4956 υειρδρᾶσθαιί
1207 4885 1347 4956 quod
1405 4887 1660 4942 videatur
1709 4883 1802 4955 τῆιό
1841 4896 1964 4956 ὅλην

305 4966 434 5031 ὁρῆν
490 4965 676 5031 ἄνωθεγ
728 4966 840 5027 τὴν.
871 4955 1011 5031 MSS.
1044 4963 1140 5012 ἀπὸ
1187 4955 1274 5031 ττὸῦ
1297 4966 1505 5031 -ὸρᾷπαι
1542 4959 1764 5031 dicitur,
1825 4955 1964 5031 quod

307 5026 585 5084 videatur.
619 5026 757 5086 Mss.
790 5026 1050 5098 quinque
1081 5026 1515 5102 probatissimi.
1543 5071 1555 5085 .
1589 5030 1729 5102 quod
1757 5026 1961 5085 diuidi-

304 5105 422 5155 tur.
455 5102 532 5154 At
561 5115 688 5171 quae
719 5104 1048 5171 sequuntur
1104 5099 1301 5154 Graeca
1355 5101 1551 5167 verba,
1597 5099 1693 5155 vita
1721 5104 1962 5157 confuse

306 5169 678 5238 scribuntur,
710 5177 777 5226 ut
806 5169 840 5242 a
869 5169 1104 5242 nemine
1133 5187 1334 5226 eorum
1357 5187 1506 5242 quos
1529 5171 1957 5242 consuluimus,

303 5242 422 5314 legi
460 5243 774 5314 potuerint.
805 5241 1242 5314 Subodoramur
1298 5241 1496 5314 tamen
1527 5259 1631 5314 per
1660 5243 1781 5298 haec
1810 5260 1957 5300 non-

302 5311 564 5386 nihil'de
593 5314 874 5370 divisione
904 5311 1032 5367 caeli
1063 5329 1098 5368 a
1154 5312 1369 5369 circulo
1401 5311 1698 5370 horizonte
1727 5315 1958 5386 signata

305 5384 583 5440 indicari.

377 5457 496 5529 (54)
529 5455 701 5522 Edit.,
736 5453 1027 5512 nonnulla
1051 5454 1229 5529 Paris.
1256 5456 1508 5511 volatilia
1537 5456 1742 5526 caeli,et
1772 5462 1957 5525 υοιαη-

298 5531 385 5584 tia
415 5528 585 5598 super
637 5536 856 5593 terram,
913 5542 1066 5582 secus
1104 5528 1518 5600 ﬁrmamentum
1565 5529 1708 5584 caeli.
1745 5530 1950 5598 LXX...

301 5609 398 5676 3:27
442 5608 534 5666 τῆς
577 5611 730 5676 ,γῆςᾷ
769 5624 861 5676 καις
943 5610 998 5656 τὸ
1041 5608 1334 5676 ’στερέωμα
1400 5609 1489 5657 τοῦ
1525 5610 1788 5676 ’.οὐρανοὶ
1851 5610 1953 5671 Hic

299 5675 510 5744 autem
535 5670 859 5744 signiﬁcari
889 5670 1127 5744 angelos
1159 5670 1312 5728 clare
1339 5670 1668 5729 ostenditur
1704 5693 1774 5734 ex
1814 5670 1950 5742 Am.

299 5740 731 5803 brosiol.ids
788 5740 1102 5834 Interp'elL,
1162 5760 1213 5804 c.
1243 5745 1299 5816 9,
1359 5745 1575 5803 Eadem
1607 5740 1951 5828 metaphofa

2071 4683 2432 4738 voluntatem
2463 4683 2674 4751 Patris,
2724 4691 2783 4741 et
2809 4686 2979 4744 Pater
3027 4690 3179 4760 Filii,
3211 4698 3268 4749 et
3294 4698 3459 4753 audit
3487 4704 3719 4757 Patrem

2074 4843 2248 4908 usum
2279 4825 2535 4911 reperias
2555 4827 2930 4911 beatum‘Job
2961 4849 3178 4904 XXVIIII,
3210 4840 3246 4891 2
3270 4838 3528 4905 ;‘videsis
3559 4838 3716 4911 glos-

2073 4915 2200 4953 sam
2233 4897 2425 4952 inte’rl.
2460 4898 2530 4952 ad
2564 4899 2744 4954 istum
2779 4901 2994 4958 locum.

2142 4971 2255 5040 (55)
2288 4970 2373 5023 Ita
2402 4969 2599 5040 plures
2630 4987 2697 5043 ac
2750 4975 3001 5043 potiores
3055 4992 3198 5030 mss.
3226 4993 3239 5043 ;
3282 4987 3340 5033 at
3367 4981 3714 5038 recentiores

2071 5041 2524 5126 aliquotﬂatque
2577 5041 2806 5111 edit.,_a
2859 5046 3057 5126 ﬂuidus
3111 5041 3250 5126 etuti,
3283 5055 3521 5126 _rore,‘et
3551 5053 3712 5126 abys-

2067 5111 2438 5196 sis'lfoutium
2481 5111 2733 5196 deorsum
2778 5111 3119 5196 cernentibus
3135 5135 3158 5196 _:
3191 5117 3384 5191 Vulg.,
3427 5111 3713 5196 ῥίς-έροῶτέ

2067 5184 2192 5260 (teli
2239 5191 2469 5260 et_rore_
2532 5186 2724 5260 atque
2763 5187 2957 5260 abysso
3019 5184 3380 5260 suqiaeentEf
3426 5184 3585 5260 LXX,
3615 5203 3713 5255 ἀπὸ

2066 5253 2192 5320 δρῶν
2261 5251 2490 5318 οὐρανοῦ,
2563 5251 2646 5301 uixi
2699 5251 2896 5317 δρόσὸυ,
2953 5258 3035 5304 καὶ

2064 5326 2297 5374 κάτωθεν.

2280 5400 2454 5482 £10m.
2514 5397 2675 5466 edit,
2716 5398 2909 5482 nullus
2951 5401 3191 5458 nubibus
3230 5407 3404 5482 imber
3451 5413 3708 5482 erumpit.

2133 5474 2248 5546 (57)
2280 5473 2416 5527 Post
2447 5485 2614 5546 voces
2644 5472 2831 5540 rumpi
2875 5474 3150 5546 frangore,
3199 5478 3438 5535 additur
3481 5483 3538 5535 in
3569 5472 3708 5539 edit.

2061 5540 2160 5622 aut
2181 5540 2480 5622 penetrari.
2540 5540 2641 5622 Et_
2671 5557 2834 5595 num.
2876 5540 2983 5608 ⁷17,
3007 5540 3146 5618 post
3198 5549 3436 5622 gloriam
3467 5553 3580 5622 Dei,
3609 5555 3712 5610 ad-

2062 5613 2223 5698 ditur
2251 5617 2310 5698 in
2341 5613 2561 5669 eisdem
2594 5614 2645 5667 et
2684 5627 2847 5686 opera
2887 5613 3156 5673 manuum
3198 5613 3338 5694 Ejus.
3385 5613 3712 5698 Utrumque

2061 5692 2224 5746 deest
2255 5689 2312 5742 in
2342 5702 2484 5742 mss.

2131 5761 2240 5838 (58)
2273 5760 2490 5816 Omnes
2520 5754 2689 5831 edit.,
2721 5762 2984 5837 eruptura
3010 5762 3274 5824 eliserint.

3124 5260 3184 5305 πὸ
3247 5262 3480 5315 ἀϐύσσων
3538 5271 3712 5332 πηγῶν
