4158 6168
448 309 562 368 167

1907 296 1975 357 S.
2020 297 2399 357 AMBRUSH

3739 292 3859 353 168

444 440 626 497 Filius
656 454 907 511 semper,
966 440 1024 493 et
1080 436 1247 492 Pater
1291 431 1503 489 Filium
1532 443 1637 501 per
1667 428 1950 485 unitatem
1985 446 2086 484 na-
2121 430 2174 497 Α
2204 445 2448 501 corpora
2503 427 2823 484 excudunt.
2854 428 2924 481 de
2957 440 3267 494 marmore,
3330 425 3418 481 vel
3461 441 3571 481 tere
3599 425 3855 498 ﬁngunt,

443 532 609 596 turea,
640 525 959 583 voluntatis
989 528 1166 596 atque
1197 517 1558 577 substantiae.
1614 514 1874 587 Denique
1913 519 2087 571 testa-

440 620 541 672 tur
558 616 669 671 hoc
691 615 751 670 in
775 612 1085 686 Evangelio
1116 625 1222 666 suo
1254 607 1457 673 Filius,
1485 604 1685 661 dicens
1718 605 1789 673 ad
1813 604 2043 659 Patrem
2074 621 2086 659 :

441 704 689 761 Sciebam
731 705 863 777 quia
906 716 1116 771 semper
1163 712 1250 751 me
1294 696 1454 750 audis
1484 696 1660 766 (Joan.
1694 709 1772 758 x1,
1806 693 1916 764 42).
1952 693 2098 748 Ima-

440 809 515 867 go
546 799 636 851 est
692 794 848 849 enim
907 785 1219 845 invisibilis
1276 784 1380 839 Dei
1426 782 1631 838 Filius.
1665 781 1875 837 Omnia
1905 782 2093 837 Patris

440 883 612 955 quasi
632 883 825 953 imago
870 873 1158 948 exprimit,
1185 872 1383 929 omnia
1429 873 1559 943 ejus
1607 870 1775 942 quasi
1822 870 2097 942 splendor

440 971 639 1045 gloria:
670 968 983 1029 illuminat,
1019 967 1195 1035 atque
1247 960 1416 1017 nobis
1449 960 1805 1016 manifestat.
1838 959 2009 1015 Videt
2038 964 2094 1015 et

440 1059 620 1115 Filius
663 1055 852 1111 Patris
906 1070 1074 1126 opus,
1132 1052 1285 1106 sicut
1336 1056 1394 1105 et
1423 1050 1593 1105 Pater
1628 1048 1799 1116 Filii;
1833 1048 1987 1104 sicut
2036 1053 2094 1105 et

439 1148 565 1220 ipse
608 1144 893 1201 Dominus
926 1140 1275 1197 declaravit:
1309 1141 1424 1195 Non
1467 1142 1645 1211 potest
1693 1138 1868 1193 Filius
1909 1140 2092 1210 facere

437 1251 552 1291 ase
604 1233 903 1305 quidquam
950 1232 1063 1285 nisi
1108 1229 1249 1302 quod
1296 1228 1493 1283 viderit
1536 1229 1827 1299 facientem
1873 1229 2092 1283 Patrem

438 1325 614 1395 (Joan.
671 1339 726 1390 v,
786 1321 897 1392 19).
953 1319 1127 1374 Videt
1186 1334 1322 1390 ergo
1392 1317 1699 1373 facientem
1751 1316 2001 1383 Patrem,
2034 1321 2093 1371 et

433 1412 593 1468 videt
621 1428 727 1484 per
755 1413 1044 1466 secretum
1093 1406 1408 1462 invisibilis
1441 1410 1684 1475 naturae,
1732 1409 1788 1461 et
1819 1405 1982 1461 audit
2011 1404 2089 1461 si-

438 1500 674 1557 militer.
724 1499 984 1570 Denique
1014 1496 1131 1552 ait:
1170 1495 1321 1551 Sicut
1365 1495 1551 1563 audio,
1602 1494 1812 1567 judico,
1846 1497 1897 1550 et
1933 1492 2089 1565 judi-

436 1591 586 1645 cium
630 1604 812 1644 meum
854 1602 1047 1641 verum
1094 1593 1218 1651 est;
1283 1585 1415 1656 quia
1462 1600 1574 1639 non
1621 1600 1743 1637 sum
1781 1583 1948 1651 solus,
1998 1581 2091 1638 sed

436 1694 554 1747 ego,
593 1685 645 1734 et
674 1678 770 1748 qui
792 1677 947 1731 misit
981 1691 1071 1730 me
1097 1676 1264 1729 Pater
1294 1674 1471 1744 (Joan.
1506 1688 1629 1740 νιιι,
1667 1672 1774 1742 16).

506 1768 595 1821 20.
630 1766 748 1820 Hoc
779 1763 1091 1836 mysticum
1124 1767 1235 1828 est,
1267 1760 1415 1816 illud
1456 1760 1694 1817 morale.
1726 1759 1887 1816 Vidit
1918 1758 2086 1829 mihi,

327 1900 337 1909 .
435 1854 704 1928 probavit
735 1852 900 1907 mihi.
935 1852 1098 1918 Quod
1155 1850 1309 1907 Deus
1358 1849 1642 1922 probavit,
1675 1852 1739 1904 tu
1771 1848 2089 1920 reprehen-

437 1943 607 1999 sibile
638 1959 711 1998 ne
741 1941 994 2008 dixeris;
1030 1940 1310 2013 quoniam
1353 1937 1495 2010 quod
1523 1940 1660 1994 Deus
1686 1937 1995 2006 mandavit,
2028 1945 2089 1993 tu

435 2048 721 2089 commune
745 2048 817 2087 ne
845 2031 1053 2086 dixeris
1084 2029 1218 2100 (Act.
1250 2045 1308 2094 x,
1343 2028 1454 2098 15),
1497 2027 1787 2098 scriptum
1821 2026 1927 2081 tibi
1959 2042 2088 2082 esse

437 2121 794 2188 meministi;
827 2136 963 2192 ergo
995 2120 1215 2174 bonum
1246 2117 1346 2173 Dei
1377 2133 1549 2172 nemo
1571 2116 2083 2188 blasphemet(59).

435 2211 495 2267 Si
527 2212 964 2266 firmamentum
996 2209 1241 2272 bonum,
1268 2210 1486 2278 quanto
1517 2204 1706 2278 magis
1737 2204 1927 2261 bonus
1959 2205 2086 2275 ejus

436 2303 698 2367 creator;
732 2298 966 2355 etiamsi
998 2296 1196 2352 Ariani
1259 2295 1469 2366 nolint,
1527 2294 1876 2351 Eunomiani
1907 2294 2085 2351 recla-

436 2392 618 2456 ment,
651 2385 863 2443 radicis
896 2385 1201 2458 degeneris
1231 2385 1458 2439 fructus
1499 2382 1769 2440 deterior.

503 2478 593 2533 21.
635 2476 793 2541 Vidit,
855 2475 1049 2547 inquit
1104 2475 1245 2529 Deus
1306 2474 1437 2544 quia
1497 2473 1713 2528 bonum.
1762 2472 1961 2529 Solent
1991 2489 2083 2529 ar-

433 2567 620 2623 tifices
649 2563 886 2638 singula
916 2563 1080 2636 prius
1108 2564 1317 2631 facere,
1372 2565 1429 2617 et
1457 2565 1659 2633 postea
1701 2560 1881 2617 habili
1923 2578 2082 2617 eom-

434 2654 713 2710 missione
760 2656 1135 2709 connectere:
1190 2656 1255 2707 ut
1284 2649 1384 2724 qui
1415 2649 1615 2705 vultus
1645 2649 1955 2705 hominum
1986 2648 2079 2705 vel

502 2820 613 2890 (59)
644 2818 834 2875 Codex
859 2818 985 2890 Big.
1017 2823 1076 2874 et
1108 2818 1295 2884 Gem.,
1357 2818 1555 2873 bonum
1609 2833 1808 2890 nomen
1861 2818 1955 2890 Dei
1994 2834 2085 2873 ne-

433 2888 520 2946 mo
578 2888 958 2961 blasphemet.“
989 2890 1103 2944 Alii
1154 2894 1423 2961 quatuor.
1454 2933 1466 2945 .
1495 2930 1547 2944 ..
1602 2904 1673 2944 ne
1728 2888 2081 2959 blasphemes.

2206 516 2297 573 vel
2330 517 2476 573 ceris
2518 517 2872 589 exprimunt,
2933 533 3048 570 non
3107 519 3301 571 tamen
3344 514 3549 571 sciunt
3578 516 3856 587 quemad-

2208 606 2450 662 modum
2480 605 2591 662 sibi
2623 605 2851 677 possiut
2881 605 3143 660 membra
3173 603 3407 677 singula
3437 603 3762 673 convenire,
3797 608 3859 662 et

2207 695 2347 768 quid
2378 694 2579 768 gratiae
2627 694 2828 750 atterat
2878 693 3076 748 futura
3131 694 3447 760 connexio;
3482 697 3540 749 et
3592 692 3720 748 ideo
3752 698 3857 750 aut

2206 784 2447 841 laudare
2477 801 2592 840 non
2625 784 2861 850 audent,
2917 786 3020 838 aut
3068 799 3172 854 pro
3204 787 3369 854 parte
3400 781 3663 838 laudant.
3700 787 3854 838 Deus

2203 891 2336 929 vero
2370 878 2650 946 tanquam
2703 873 3024 929 mstimator
3072 870 3493 939 universitatis,
3525 870 3856 943 praevidens

2204 980 2331 1035 quae
2363 964 2561 1018 futura
2588 966 2745 1028 sunt,
2806 960 2975 1034 quasi
3033 961 3287 1032 perfecta
3308 960 3435 1031 jam
3468 958 3692 1027 laudat,
3724 977 3853 1033 quae

2204 1052 2395 1108 adhuc
2426 1051 2485 1107 in
2517 1050 2689 1124 primi
2722 1050 2914 1123 operis
2972 1049 3206 1105 exordio
3254 1053 3413 1117 sunt,
3449 1049 3626 1104 finem
3658 1048 3855 1122 cperis

2203 1140 2531 1215 cognitione
2581 1140 2959 1213 praeveniens.
2987 1139 3101 1195 Nec
3131 1138 3371 1205 mirum,
3404 1138 3453 1193 si
3485 1138 3641 1210 apud
3673 1155 3852 1210 quem

2202 1248 2399 1287 rerum
2459 1230 2755 1303 perfectio,
2817 1246 2933 1284 non
2992 1228 3052 1283 in
3097 1227 3605 1283 consummatione
3634 1227 3849 1300 operis,

2201 1321 2303 1376 sed
2329 1319 2388 1374 in
2435 1336 2553 1375 suae
2610 1316 3118 1390 preadestinatione
3147 1320 3235 1372 est
3276 1316 3614 1382 voluntatis,
3649 1315 3853 1372 laudat

2201 1408 2455 1482 singula,
2489 1408 2660 1480 quasi
2704 1405 3105 1463 convenientia
3136 1405 3348 1461 futuris
3376 1422 3388 1461 :
3422 1404 3629 1461 laudat
3657 1404 3851 1478 pleni-

2199 1497 2465 1553 tudinem
2496 1494 2864 1568 singulorum
2921 1497 3223 1549 venustate
3284 1494 3689 1567 compositam.
3744 1493 3853 1550 Illa

2199 1590 2289 1643 est
2314 1585 2469 1642 enim
2500 1601 2634 1641 vera
2664 1582 3058 1656 pulchritudo,
3093 1587 3149 1639 et
3178 1581 3236 1637 in
3268 1582 3523 1655 singulis
3567 1582 3851 1639 membris

2198 1693 2327 1733 esse
2359 1675 2513 1747 quod
2544 1674 2763 1741 deceat,
2798 1676 2854 1729 et
2884 1672 2944 1727 in
2972 1676 3129 1741 toto;
3161 1677 3227 1727 ut
3256 1673 3316 1728 in
3350 1670 3610 1745 singulis
3638 1671 3853 1744 gratia,

2196 1765 2255 1819 in
2283 1763 2558 1821 omnibus
2588 1763 2785 1818 formae
2807 1761 3204 1818 convenientis
3225 1760 3529 1834 plenitudo
3554 1760 3847 1817 laudetur.

2267 1856 2357 1908 22.
2391 1853 2501 1909 Sed
2552 1852 2679 1923 jam
2736 1850 2912 1907 etiam
2971 1851 3268 1907 secundus
3327 1850 3499 1906 nobis
3542 1848 3852 1905 claudatur

2194 1943 2342 2010 dies,
2377 1959 2449 1997 ne
2480 1942 2622 1996 dum
2681 1957 2829 2013 opus
2886 1940 3209 1995 astruimus
3268 1938 3646 2004 ﬁrmamenti,
3678 1937 3847 1993 inﬁr-

2196 2032 2410 2087 miores
2441 2048 2561 2101 eos,
2594 2030 2695 2102 qui
2727 2029 2999 2096 audiunt,
3051 2028 3281 2084 dicendi
3310 2026 3637 2101 prolixitate
3665 2026 3848 2083 facia-

2197 2137 2369 2191 mus;
2430 2121 2571 2175 dum
2628 2118 2689 2174 in
2745 2121 2974 2174 noctem
3029 2134 3220 2173 sermo
3292 2116 3654 2190 producitur,
3712 2132 3846 2188 quis

2194 2209 2386 2265 adhuc
2418 2225 2623 2264 carens
2650 2206 2802 2263 lunae
2833 2205 3254 2279 stellarumque
3284 2205 3529 2277 lumine,
3578 2205 3847 2261 nondum

2195 2299 2352 2355 enim
2403 2297 2720 2354 luminaria
2773 2300 2968 2353 creata
2997 2300 3138 2353 sunt
3193 2295 3320 2352 cmli
3351 2296 3485 2368 (60),
3519 2294 3846 2351 obscurita-

2193 2394 2312 2444 tem
2369 2387 2557 2460 possit
2614 2388 2819 2443 atferre
2876 2386 3332 2442 remeantibus:
3392 2383 3574 2439 simul
3618 2387 3682 2440 ut
3709 2384 3847 2440 cibo

2194 2481 2452 2550 potuque
2483 2480 2763 2533 curentur
2791 2492 3054 2548 corpora,
3087 2492 3180 2542 ne,
3204 2473 3419 2530 animis
3440 2472 3844 2546 epulantibus,

2195 2565 2482 2639 fragilitas
2512 2565 2706 2622 carnis
2736 2565 2807 2621 de
2839 2569 3122 2621 nocturno
3165 2579 3397 2637 quoque
3441 2562 3665 2634 jejunio
3695 2576 3845 2616 con-

2196 2659 2495 2727 queratur.

2263 2815 2373 2883 (60)
2408 2814 2548 2871 Mss.
2582 2818 2852 2885 quatuor,
2915 2828 3037 2886 qua:
3064 2814 3188 2869 caeli
3217 2812 3598 2869 obscuritatem
3621 2810 3843 2883 possint

2191 2890 2413 2958 auferre
2441 2887 2827 2943 remeantibus.

1666 3268 2007 3355 LIBER
2067 3265 2598 3355 TERTIUS.

1543 3474 1659 3535 DE
1720 3474 2033 3536 OPERE
2094 3472 2422 3534 TERTII
2486 3472 2709 3533 DIE].

1923 3682 2346 3693 ———

819 3866 922 3922 88
953 3863 1187 3920 CAPUT
1227 3865 1267 3920 Ι.
1310 3864 1534 3937 (Sermo
1568 3863 1688 3932 IV.)

433 3956 566 4011 Cum
590 3968 752 4028 aqua?
792 3953 980 4010 divino
1013 3953 1298 4028 robediant
1332 3954 1583 4024 imperio,
1631 3952 1876 4008 homines
1906 3950 2081 4028 eidem

499 4043 610 4082 non
630 4024 839 4097 'parere
884 4027 1240 4096 ﬂagitiosum.
1274 4026 1332 4079 In
1365 4040 1636 4094 aquarum
1664 4024 2081 4097 congregatione

497 4095 748 4153 Ecclesia:
789 4095 1030 4167 ﬁguram
1085 4097 1343 4167 exprimi.
1376 4099 1558 4165 Quam
1591 4095 1930 4167 praeclarum
1964 4110 2081 4167 spe-

498 4166 1063 4224 ctaculum'exhibeat
1112 4166 1301 4223 eadem
1346 4166 1647 4233 Ecclesiai;
1712 4174 1763 4223 et
1820 4166 2080 4238 quomodo

496 4255 659 4311 super
684 4242 923 4310 ﬂumina
966 4239 1198 4311 fundata
1221 4240 1312 4293 sit.

497 4328 549 4381 1.
584 4328 717 4384 Dies
743 4327 953 4384 tertius
980 4327 1152 4383 nobis
1182 4326 1357 4383 hodie
1386 4325 1448 4381 in
1482 4342 1748 4382 sermone
1781 4330 2076 4391 nascatur,

427 4414 528 4485 qui
588 4420 752 4472 ortus
808 4421 897 4472 est
952 4416 1011 4471 in
1067 4415 1335 4471 lectione.
1398 4414 1717 4471 Praeclarus
1777 4414 1924 4483 dies,
1976 4414 2076 4486 qui

426 4508 643 4559 terram
675 4521 710 4559 a
740 4504 1044 4577 naufragio
1073 4503 1361 4574 liberavit,
1397 4504 1623 4560 dicente
1654 4504 1809 4575 Deo:
1847 4504 2077 4575 Congre-

427 4595 583 4659 gctur
609 4609 753 4664 aqua
804 4609 930 4665 quae
987 4603 1065 4649 est
1092 4595 1190 4649 sub
1247 4595 1379 4649 σίριο
1423 4595 1484 4649 in
1521 4594 1932 4666 congregatione
1962 4610 2076 4648 una

427 4680 578 4751 (Gen.
616 4683 667 4749 1,
699 4681 773 4753 9).
834 4682 915 4737 De
972 4698 1089 4754 quo
1146 4682 1546 4755 praefationem
1605 4682 1819 4738 adoriri
1859 4681 2071 4754 placet.

424 4774 799 4840 Congregetur
826 4787 971 4842 aqua
1028 4771 1249 4826 dictum
1308 4776 1416 4836 est,
1448 4775 1505 4827 et
1560 4775 1908 4842 congregata
1944 4776 2071 4840 est;

426 4864 483 4913 et
511 4861 850 4932 frequenter
880 4860 1114 4929 dicitur,
1146 4862 1546 4933 Congregetur
1574 4859 1848 4933 populus,
1880 4863 1937 4916 et
1958 4877 2072 4916 non

425 4952 831 5020 congregatur.
866 4948 990 5005 Non
1024 4947 1336 5005 mediocris
1367 4948 1556 5020 pudor
1583 4952 1672 5004 est
1701 4948 1946 5020 imperio
1968 4948 2070 5005 Dei

424 5033 791 5092 insensibilia
821 5036 1111 5093 elementa
1140 5053 1360 5109 parere,
1394 5040 1451 5091 et
1491 5035 1758 5091 homines
1792 5052 1903 5092 non
1934 5036 2069 5093 obe-

424 5122 566 5193 dire,
599 5125 815 5198 quibus
874 5143 1085 5183 sensus
1117 5126 1189 5180 ab
1221 5125 1348 5197 ipso
1401 5124 1660 5180 tributus
1691 5127 1781 5181 est
1809 5130 2064 5182 auctore.

423 5211 489 5266 Et
518 5213 766 5271 fortasse
796 5214 890 5271 hic
918 5215 1104 5287 pudor
1133 5214 1350 5280 fecerit,
1385 5217 1451 5268 ut
1480 5212 1653 5268 hodie
1685 5212 1883 5286 plures
1931 5230 2071 5271 con-

421 5300 736 5370 veniretis;
772 5319 840 5357 ne
872 5320 989 5376 quo
1020 5305 1113 5359 die
1170 5305 1522 5375 congregata
1546 5309 1815 5372 est'aqua
1844 5302 1904 5357 iu
1936 5319 2070 5359 con-

420 5388 819 5459 gregationem
878 5408 1079 5459 unam,
1140 5408 1207 5448 eo
1266 5392 1359 5447 die
1408 5388 1661 5465 populus
1692 5406 2068 5463 nequaquam

421 5482 813 5550 congregatus
845 5478 903 5533 in
935 5479 1240 5539 ecclesiam
1267 5480 1497 5537 Domini
1536 5479 1851 5537 videretur.

487 5565 541 5624 2.
574 5564 689 5627 Nec
718 5567 835 5627 hoc
890 5567 1083 5631 solum
1141 5568 1470 5634 obedientis
1527 5586 1692 5651 aquae
1732 5568 2064 5649 exemplum

2109 3863 2151 3928 C
2192 3860 2509 3928 habemus;
2544 3877 2682 3918 nam
2714 3865 2772 3916 et
2802 3859 2939 3916 alibi
2969 3860 3254 3933 scriptum
3299 3863 3425 3916 est:
3493 3859 3749 3917 Viderunt
3793 3866 3849 3919 te

2187 3966 2369 4021 aquae,
2417 3954 2580 4019 Deus,
2640 3948 2898 4005 viderunt
2925 3952 2977 4007 te
3032 3965 3212 4022 aqua,
3254 3952 3304 4005 et
3330 3951 3634 4005 timuerunt
3661 3950 3840 4021 (Psal.

2191 4056 2375 4109 Lxxv1,
2410 4039 2517 4111 17).
2552 4040 2751 4120 Neque
2786 4039 2943 4095 enim
2973 4038 3289 4095 verisimile
3344 4054 3461 4094 non
3505 4038 3739 4094 videtur
3766 4038 3842 4096 de

2188 4128 2358 4199 aquis
2387 4127 2631 4197 dictum,
2664 4129 2897 4200 quando
2928 4128 3065 4184 alibi
3098 4144 3327 4201 quoque
3364 4127 3519 4184 idem
3550 4127 3844 4200 propheta

2188 4217 2270 4273 ait
2303 4233 2315 4272 :
2349 4217 2494 4273 Mare
2513 4217 2651 4273 vidit
2672 4225 2723 4273 et
2742 4219 2889 4289 fugit
2904 4234 2928 4281 ;
2947 4218 3212 4274 Jordanis
3222 4232 3511 4273 conversus
3530 4220 3611 4273 est
3631 4220 3844 4273 retror-

2186 4322 2307 4361 sum
2329 4307 2500 4378 (Psat.
2526 4323 2681 4374 cxxn,
2705 4307 2781 4378 3).
2802 4306 2919 4362 Hoc
2940 4306 3097 4362 enim
3118 4323 3248 4362 vere
3268 4306 3491 4362 factum
3514 4304 3646 4378 quis
3663 4303 3838 4378 igno-

2185 4399 2295 4460 rat,
2330 4395 2485 4466 quod
2517 4395 2586 4450 ad
2619 4395 2993 4450 Hebraeorum
3034 4394 3351 4451 transitum
3404 4410 3562 4450 mare
3594 4395 3836 4468 fugerit,

2186 4484 2421 4555 quando
2453 4500 2515 4539 se
2548 4483 2706 4539 unda
2762 4484 2990 4552 divisit;
3024 4483 3292 4540 transivit
3348 4482 3602 4556 populus
3632 4482 3839 4556 pulve-

2185 4571 2413 4629 rulento
2438 4572 2699 4646 vestigio,
2736 4573 2959 4645 perisse
2989 4588 3149 4628 mare
3173 4573 3439 4640 credens,
3466 4572 3691 4645 fugisse
3723 4571 3837 4628 ﬂu-

2183 4662 2361 4718 ctus?
2392 4662 2653 4734 Denique
2683 4661 2930 4717 credidit
2947 4661 3055 4718 hoc
3084 4662 3408 4735 lEgyptius,
3440 4665 3498 4717 et
3527 4661 3839 4734 ingressus

2182 4754 2311 4806 est:
2346 4752 2447 4809 sed
2478 4750 2562 4806 illi
2620 4750 2792 4807 rediit
2822 4751 2999 4817 unda,
3033 4766 3158 4821 qua:
3199 4750 3444 4823 fugerat.
3494 4749 3665 4805 Novit
3696 4766 3839 4823 ergo

2182 4857 2337 4912 aqua
2364 4843 2422 4895 et
2450 4839 2809 4912 congregari,
2872 4843 2931 4895 et
2962 4838 3189 4907 timere,
3249 4844 3306 4894 et
3345 4840 3559 4912 fugere,
3593 4840 3839 4910 quando

2180 4929 2335 4985 Deus
2365 4928 2809 5002 praecipitﬂane
2842 4927 3103 4984 imitetur
3133 4944 3349 5000 aquam
3378 4931 3436 4984 et
3469 4944 3649 4984 unam
3691 4944 3837 4984 con-

2179 5018 2578 5091 gregationem
2610 5017 2864 5084 Domini,
2898 5034 3077 5074 unam
3109 5016 3429 5073 Ecclesium
3467 5015 3834 5076 noverimus.

2248 5125 2302 5181 3.
2334 5125 2698 5197 Congregata
2752 5127 2841 5181 est
2894 5123 2987 5180 hic
3044 5124 3341 5197 quondam
3384 5139 3538 5196 aqua
3567 5140 3637 5179 ex
3667 5124 3839 5180 omni

2173 5214 2340 5283 valle,
2395 5231 2465 5270 ex
2521 5214 2681 5269 omni
2740 5213 2972 5286 palude,
3019 5230 3089 5270 ex
3118 5213 3279 5270 omni
3335 5211 3488 5269 lacu.
3524 5211 3709 5268 Vallis
3739 5218 3838 5270 est

2182 5302 2441 5372 haeresis,
2474 5300 2642 5357 vallis
2676 5307 2765 5358 est
2794 5302 3131 5375 gentilitas;
3179 5302 3318 5374 quia
3347 5302 3501 5358 Deus
3533 5301 3836 5360 montium

2182 5396 2291 5462 est,
2346 5408 2461 5448 non
2509 5390 2768 5448 vallium.
2829 5391 3092 5464 Denique
3140 5391 3200 5446 in
3230 5389 3489 5447 Ecclesia
3516 5389 3837 5449 exsultatio

2176 5484 2286 5553 est,
2316 5480 2375 5538 in
2407 5479 2629 5537 haeraasi
2660 5484 2719 5539 et
2747 5479 3077 5555 gentilitate
3109 5480 3281 5536 ﬂetus
3312 5483 3369 5537 et
3400 5496 3631 5537 maeror.
3670 5478 3846 5539 Unde

2177 5569 2259 5631 ait
2301 5586 2316 5632 :
2375 5572 2654 5649 Disposuit
2727 5572 2789 5632 in
2836 5569 3084 5632 convalle
3136 5568 3299 5645 ﬂetus
3362 5569 3532 5647 (Psal.
3592 5585 3847 5639 unum,
