4158 6168
506 296 618 357 171

1965 297 2031 358 S.
2074 296 2456 360 AMBROSII

3799 305 3908 365 1⁸12

505 447 652 499 ram,
726 432 826 488 sed
884 431 1207 487 secun‘dum
1265 427 1735 500 superfusionem
1816 430 2144 500 aquarum?
2174 432 2221 497 Α
2258 429 2534 496 derivata,
2594 433 2879 502 quantum
2954 432 3335 501 descenderit,
3415 436 3647 490 tantum
3707 451 3909 495 rursus

505 524 767 594 Denique
797 521 1021 577 addidit
1078 519 1306 576 sublato
1335 516 1622 572 velamine
1660 517 2002 589 apparuisse
2034 518 2146 572 ari-

505 613 662 680 dam,
698 628 825 683 quaa
856 616 991 687 ante
1013 628 1128 666 non
1152 607 1472 663 videbatur.

575 704 877 757 8.1terum
930 714 1159 772 quoque
1189 696 1540 767 quaestiones
1597 694 1742 751 alias
1772 698 1977 751 serunt
2031 693 2147 764 (67)

505 791 801 847 dicentes:
859 788 919 843 Si
978 789 1035 840 in
1097 784 1645 855 congregationibus
1700 783 1944 839 diversis
1996 800 2150 854 aqua

506 884 650 950 erat,
680 877 969 951 quomodo
1000 874 1049 928 si
1082 871 1193 926 illa:
1224 872 1701 943 congregationes
1740 872 1800 926 in
1832 872 2149 942 superiori-

506 970 618 1024 bus
648 970 831 1030 erant,
864 980 977 1017 non
1010 962 1304 1017 deﬂuebat
1332 978 1485 1032 aqua
1515 961 1575 1015 in
1605 978 1738 1016 eum
1799 960 2013 1025 locum,
2075 962 2147 1015 ad

506 1072 678 1127 quem
693 1049 1916 1125 postDominiimperiumderivataest(08)?
1930 1050 2150 1105 Natura

506 1143 658 1198 enim
690 1156 974 1211 aquarum
1007 1143 1212 1209 sponte
1246 1138 1305 1191 in
1332 1138 1606 1193 inferiora
1643 1137 1984 1209 prolabitur.
2046 1140 2147 1193 Sin

502 1246 635 1285 vero
694 1229 753 1282 in
803 1227 1177 1283 inferioribus
1246 1230 1413 1281 erant
1471 1225 1581 1280 illae
1649 1226 2148 1299 congregationes,

504 1318 795 1389 quomodo
827 1321 1028 1371 contra
1058 1320 1329 1370 naturam
1362 1330 1532 1369 suam
1564 1332 1718 1385 aqua
1747 1316 1819 1370 ad
1852 1315 2152 1386 superiora

503 1406 888 1463 conscendit?
921 1405 1118 1475 Itaque
1157 1407 1260 1457 aut
1290 1403 1583 1458 naturalis
1615 1420 1825 1458 cursus
1882 1404 1992 1475 (69)
2041 1404 2150 1458 im-

500 1496 661 1568 perio
691 1512 807 1549 non
838 1493 1019 1564 equit,
1050 1495 1151 1547 aut
1180 1496 1380 1570 contra
1408 1497 1679 1547 naturam
1708 1492 1950 1563 imperis
1978 1493 2153 1564 proli-

502 1602 629 1640 cere
657 1600 772 1639 non
824 1585 1029 1654 potuit.
1065 1582 1167 1635 Cui
1200 1580 1506 1651 quaestioni
1548 1580 1714 1636 facile
1767 1582 2152 1653 respondebo,

502 1676 549 1730 si
583 1672 728 1729 mihi
751 1673 861 1744 ipsi
895 1674 1027 1726 ante
1077 1669 1464 1740 respondeant
1502 1674 1636 1724 ante
1668 1674 2019 1741 praeceptum
2043 1670 2152 1725 D0-

501 1760 645 1816 mini
669 1760 818 1815 hanc
836 1774 1124 1829 aquarum
1161 1756 1341 1811 fuisse
1360 1762 1628 1811 naturam
1660 1762 1723 1811 ut
1753 1756 2065 1826 laberetur,
2092 1760 2155 1811 ut

499 1850 725 1905 ﬂueret.
757 1847 882 1903 Non
914 1847 1071 1901 enim
1130 1863 1198 1900 ex
1256 1863 1367 1900 usu
1420 1845 1527 1900 hoc
1582 1846 1755 1901 habet
1813 1851 2149 1900 cazterorum

496 1938 940 2001 elementorum,
996 1935 1097 1990 sed
1130 1933 1380 2005 speciale
1426 1940 1480 1988 et
1527 1933 1855 2005 proprium:
1918 1951 2033 1989 non
2084 1952 2150 1989 ex

497 2026 753 2098 quodam
786 2025 1009 2090 ordine,
1042 2024 1145 2077 sed
1178 2022 1366 2094 magis
1414 2039 1483 2076 ex
1529 2026 1825 2077 voluntate
1854 2026 1910 2077 et
1952 2039 2151 2093 opera-

495 2118 654 2172 tione
686 2114 802 2183 Dei,
836 2112 1077 2169 summi.
1113 2112 1260 2175 Quid
1285 2112 1535 2181 jusserit
1567 2111 1723 2167 Deus
1745 2111 2013 2165 audiunt.
2047 2112 2149 2165 36

493 2205 619 2261 Vox
649 2209 844 2260 autem
876 2202 998 2269 Dei,
1049 2201 1307 2256 efficiens
1365 2204 1583 2254 natura}
1641 2205 1729 2255 est
1786 2201 1919 2271 (70).
2006 2199 2146 2254 Eam

493 2310 695 2350 vocem
743 2292 983 2348 effectus
1039 2289 1393 2362 operationis
1451 2288 1731 2359 implevit.
1791 2289 1975 2359 Coepit
2030 2288 2147 2342 labi

494 2399 673 2454 aqua,
694 2385 752 2437 et
782 2381 841 2435 in
875 2395 1055 2435 unam
1084 2378 1375 2433 conﬂuere
1423 2376 1957 2449 congregationem,
2020 2394 2147 2447 qua:

495 2476 628 2526 ante
658 2474 782 2526 erat
812 2469 1024 2523 diffusa
1056 2485 1158 2538 per
1189 2471 1392 2531 terras,
1424 2469 1481 2520 et
1507 2465 1778 2536 plurimis
1820 2469 2147 2537 receptacu-

494 2560 567 2615 lis
599 2558 937 2615 inhaarebat.
973 2557 1224 2610 Cursum
1256 2555 1383 2625 ejus
1438 2559 1571 2609 ante
1603 2571 1717 2609 non
1750 2553 1884 2626 legi,
1920 2558 2146 2610 motum

490 2650 619 2720 ejus
649 2653 784 2703 ante
815 2663 929 2701 non
965 2644 1161 2710 didici,
1198 2660 1299 2698 nec
1330 2642 1535 2698 oculus
1595 2660 1761 2698 meus
1822 2644 1981 2712 vidit,
2044 2660 2147 2698 nec

491 2738 650 2793 auris
682 2735 923 2792 audivit.
958 2735 1161 2789 Stabat
1192 2749 1345 2803 aqua
1375 2731 1618 2786 diversis
1649 2730 1813 2798 locis,
1843 2731 1915 2785 ad
1947 2748 2144 2786 vocem

489 2827 591 2883 Dei
651 2829 809 2880 mota
865 2828 972 2878 est.
1032 2823 1234 2876 Nonne
1290 2820 1520 2874 videtur
1574 2819 1716 2890 quia
1765 2823 2035 2874 naturam
2092 2820 2144 2875 ei

489 2913 830 2984 huiusmodi
860 2928 968 2967 vox
1000 2910 1095 2965 Dei
1127 2910 1306 2963 fecit?
1335 2908 1545 2963 Secuta
1575 2912 1662 2961 est
1694 2913 1958 2963 creatura
2004 2926 2144 2980 pras-

491 3006 749 3073 ceptum,
780 3004 837 3054 et
866 3015 1041 3053 usum
1071 2995 1207 3051 fecit
1237 3012 1304 3050 ex
1341 2995 1488 3067 lege.
1523 2995 1726 3049 Primae
1786 2996 1942 3051 enim
2003 3013 2145 3051 con-

490 3087 811 3145 stitutionis
878 3086 967 3141 lex
1020 3086 1269 3140 formam
1326 3083 1385 3137 in
1443 3088 1743 3155 posterum
1808 3083 2141 3157 dereliquit.

2260 518 2539 573 ascendat
2568 518 2594 572 ?
2627 519 2829 589 Itaque
2859 520 2907 575 si
2934 520 3022 575 vel
3055 520 3277 592 impetu
3297 538 3405 576 suo
3436 521 3639 590 fertur,
3660 522 3747 578 vel
3776 525 3910 580 arti-

2261 608 2386 662 ﬁcis
2417 607 2651 680 ingenio
2679 613 2883 663 contra
2914 611 3186 664 naturam
3220 626 3389 665 suam
3421 610 3658 666 ducitur
3694 616 3753 667 et
3794 614 3909 669 ele-

2254 703 2444 762 vatur,
2476 695 2772 751 miramini
2804 697 2854 750 si
2887 696 3068 751 divini
3100 697 3434 768 operatione
3473 700 3745 771 praecepti
3793 701 3902 756 ali-

2259 784 2398 854 quid
2426 785 2497 838 ad
2532 801 2705 839 usum
2750 790 2969 840 natura:
3000 786 3129 857 ejus
3158 785 3428 852 accessit,
3461 788 3616 858 quod
3676 788 3737 843 in
3795 806 3904 845 usu

2257 878 2391 927 ante
2422 890 2537 928 non
2571 873 2787 930 fuerit?
2815 874 3023 929 Dicant
3054 890 3210 928 nunc
3248 873 3395 928 mihi
3452 877 3745 945 quomodo
3778 882 3909 932 tan;

2259 978 2432 1031 quam
2464 960 2523 1015 in
2554 967 2744 1017 utrem
2788 962 3225 1034 congregaverit
3254 978 3439 1033 aquas
3499 964 3682 1019 maris
3739 966 3907 1035 (Psal.

2257 1065 2430 1111 χχχιι,
2464 1049 2546 1117 7),
2604 1056 2669 1104 ut
2725 1049 3012 1121 scriptum
3061 1056 3152 1104 est
3202 1052 3495 1120 quomodo
3553 1052 3817 1109 eduxerit
3841 1055 3910 1110 de

2260 1144 2423 1209 petra
2451 1154 2664 1209 aquam
2687 1140 2859 1207 (Psat.
2895 1155 3104 1206 Lxxvn,
3139 1138 3226 1209 46)
3250 1138 3276 1192 ?
3308 1139 3415 1202 Qui
3447 1142 3638 1212 potuit
3658 1142 3731 1198 de
3750 1146 3911 1215 petra

2259 1226 2504 1280 educere
2534 1242 2747 1297 aquam
2799 1243 2911 1297 que
2943 1243 3059 1281 non
3098 1231 3242 1291 erat,
3277 1242 3392 1281 non
3452 1228 3641 1299 potuit
3696 1247 3908 1302 aquam

2260 1314 2505 1369 educere
2537 1331 2663 1386 quae
2693 1316 2871 1370 erat?
2912 1317 3188 1371 Percussit
3238 1326 3474 1388 petram,
3526 1323 3576 1373 et
3630 1319 3912 1387 ﬂuxerunt

2263 1418 2441 1472 aqua},
2503 1402 2716 1458 clamat
2766 1404 2969 1471 David,
3036 1412 3089 1460 et
3160 1411 3421 1461 torrentes
3507 1406 3913 1464 inundaverant

2263 1492 2433 1561 (Psal.
2496 1508 2700 1546 Lxxvu.
2760 1494 2874 1561 20).
2936 1492 3005 1546 Et
3063 1491 3237 1548 alibi:
3294 1496 3468 1566 Super
3518 1504 3724 1553 montes
3802 1501 3909 1553 sta-

2264 1581 2394 1632 bunt
2423 1594 2584 1649 aqua)
2613 1580 2785 1648 (Psal.
2820 1594 2939 1645 cm,
2968 1582 3043 1645 6).
3078 1580 3268 1637 Habes
3301 1581 3359 1637 in
3392 1582 3698 1657 Evangelio
3755 1587 3908 1663 quod

2265 1684 2397 1721 cum
2430 1668 2622 1739 gravis
2682 1672 2837 1723 esset
2887 1668 3139 1739 procella
3170 1710 3184 1736 ,
3230 1675 3287 1725 et
3345 1687 3597 1742 magnus
3646 1672 3705 1727 in
3764 1674 3909 1730 mari

2266 1761 2481 1821 motus,
2516 1757 2594 1811 ita
2650 1762 2715 1810 ut
2745 1758 3105 1828 trepidarent
3136 1758 3384 1830 apostoli
3415 1761 3705 1833 naufragii
3762 1764 3911 1834 peri-

2260 1844 2480 1909 culum,
2515 1847 2907 1900 excitaverunt
2940 1846 3325 1903 dormientem
3375 1848 3437 1904 in
3483 1849 3663 1921 puppi
3717 1850 3912 1907 Domi-

2261 1950 2398 1987 num
2432 1934 2658 1999 Jesum,
2693 1938 2750 1989 et
2780 1950 3027 2006 surgens
3058 1935 3367 2007 imperavit
3408 1943 3579 1994 vento
3627 1944 3684 1994 et
3739 1940 3909 2008 mari,

2259 2022 2460 2076 sedata
2490 2029 2578 2077 est
2626 2028 2964 2094 tempestas,
3000 2026 3195 2080 refusa
3246 2025 3645 2097 tranquillitas
3702 2027 3908 2099 (Matth.

2257 2126 2378 2175 vm,
2406 2112 2609 2182 24-26).
2641 2110 2747 2176 Qui
2781 2112 2972 2183 potuit
3002 2112 3248 2185 imperio
3279 2131 3440 2170 mare
3473 2120 3662 2170 totum
3685 2117 3907 2187 sedare,

2258 2217 2371 2255 non
2405 2203 2592 2272 potuit
2622 2218 2805 2273 aquas
2832 2202 3074 2273 imperio
3105 2219 3333 2259 movere
3348 2206 3375 2259 ‘?
3407 2206 3582 2275 Atqui
3610 2206 3670 2261 in
3692 2205 3909 2264 diluvio

2257 2290 2342 2344 sic
2401 2289 2756 2361 accepimus,
2794 2291 2948 2363 quod
2982 2293 3283 2363 eruperint
3314 2293 3509 2364 abyssi
3537 2295 3724 2351 fontes
3754 2295 3908 2366 (Gen.

2255 2394 2354 2443 vn,
2394 2380 2498 2447 11),
2532 2384 2587 2433 et
2618 2379 2771 2449 quod
2797 2378 3090 2435 induxerit
3135 2384 3336 2451 postea
3382 2381 3677 2452 spiritum,
3709 2387 3766 2439 et
3797 2385 3909 2440 sic-

2255 2466 2472 2520 caverit
2508 2483 2720 2538 aquam
2775 2466 2926 2536 (Gen.
2988 2483 3111 2535 vm,
3147 2469 3237 2539 l):
3274 2469 3323 2523 si
3381 2468 3590 2525 nolunt
3645 2471 3911 2528 obedisse

2258 2560 2549 2619 naturam,
2588 2573 2878 2627 usumque
2910 2556 3181 2612 elementi
3207 2557 3451 2629 imperio
3483 2558 3582 2614 Dei
3614 2575 3740 2614 esse
3771 2576 3909 2616 con-

2255 2660 2487 2699 versum
2519 2662 2531 2712 ;
2564 2648 2649 2699 vel
2686 2648 2791 2699 boc
2825 2646 3145 2700 concedant
3171 2646 3429 2717 potuisse
3454 2647 3718 2703 immisso
3734 2655 3910 2705 vento

2254 2748 2437 2802 aquas
2477 2749 2730 2800 currere,
2765 2734 2921 2804 quod
2975 2733 3237 2805 quotidie
3292 2734 3555 2790 videmus
3612 2736 3672 2791 in
3729 2738 3907 2806 mari,

2256 2826 2319 2874 ut
2358 2821 2494 2874 inde
2524 2838 2688 2891 aquae
2748 2826 3005 2889 currant,
3067 2822 3220 2876 unde
3277 2822 3499 2877 ﬂaverit
3554 2827 3788 2879 ventus.
3848 2825 3908 2881 Si

2253 2915 2513 2979 tempore
2544 2909 2727 2980 Moysi
2756 2909 3005 2964 excitato
3035 2912 3247 2965 Austro
3278 2909 3469 2966 valido
3500 2912 3788 2967 siccatum
3817 2919 3909 2969 est

2255 3012 2436 3063 mare,
2470 2996 2674 3052 eodem
2707 2998 2880 3052 modo
2915 2996 3123 3053 siccari
3155 3015 3270 3053 non
3303 2999 3493 3070 potuit
3533 3001 3906 3073 congregatio

2254 3100 2566 3155 aquarum,
2601 3090 2658 3140 et
2706 3086 2800 3141 31
2865 3085 2926 3139 in
2986 3102 3146 3141 mare
3194 3086 3484 3157 proﬂuere
3541 3105 3714 3160 aqua,
3773 3106 3905 3161 quae

491 3178 747 3250 Denique
777 3175 957 3232 semel
988 3174 1142 3230 diem
1174 3173 1309 3229 fecit
1339 3177 1396 3227 ct
1427 3177 1655 3228 noctem
1689 3190 1701 3227 :
1731 3189 1800 3227 ex
1822 3171 1920 3228 illo
1945 3179 2142 3228 manet
2172 3167 2212 3233 C
2252 3179 2450 3243 postea
2471 3172 2656 3228 divisa
2676 3180 2766 3229 est
2788 3191 2821 3228 a
2851 3174 3138 3246 profundo
3159 3175 3269 3245 (73)
3301 3176 3490 3246 (Exod.
3524 3177 3753 3248 x1v.2l).
3789 3178 3905 3234 Sed

491 3267 802 3339 utriusque
831 3264 1110 3319 diuturna
1138 3261 1516 3330 successio,et
1530 3261 1815 3316 diuturna‘
1830 3263 2137 3333 reparatio-

487 3357 667 3412 Jussa
695 3358 785 3411 est
810 3352 987 3408 etiam
1013 3367 1165 3422 aqua
1195 3366 1423 3405 currere
1462 3349 1521 3403 in
1580 3351 2092 3422 congregationem
2124 3368 2136 3405 :

489 3462 559 3500 ex
586 3443 685 3499 illo
716 3441 918 3505 currit,
952 3441 1139 3495 fontes
1188 3438 1467 3493 labuntur
1523 3438 1581 3493 in
1616 3439 1839 3507 ﬂuvios,
1873 3439 1933 3493 in
1993 3440 2141 3494 freta

490 3535 737 3588 currunt
765 3529 1031 3597 ﬂumina,
1064 3527 1231 3584 lacus
1261 3527 1597 3583 derivautur
1655 3528 1715 3582 in
1759 3527 1965 3595 maria,
2012 3529 2140 3600 ipsa

431 3665 434 3667 Α
487 3637 548 3679 se
580 3637 733 3692 aqua
779 3618 1070 3692 praecedit,
1130 3620 1317 3689 urget,
1376 3622 1434 3672 et
1484 3616 1765 3689 sequitur.
1826 3616 1989 3672 Unus
2048 3621 2137 3672 est

488 3711 720 3777 ductus,
750 3724 933 3763 unum
966 3724 1192 3779 corpus.
1231 3706 1295 3760 Et
1328 3722 1461 3760 cum
1486 3704 1563 3761 sit
1593 3704 1841 3760 altitudo
1874 3705 2132 3773 diversa;

485 3799 802 3856 indiscreta
839 3802 1035 3853 tamen
1079 3797 1237 3853 dorsi
1294 3797 1423 3867 ejus
1478 3793 1802 3866 mqualitas.
1866 3795 2024 3850 Unde
2080 3800 2136 3849 et

486 3903 685 3958 zequor
711 3882 1070 3957 appellatum
1100 3882 1368 3943 arbitror,
1402 3882 1558 3952 quod
1610 3880 1949 3952 superﬁcies
2006 3883 2132 3953 ejus

484 3974 726 4048 aequalis
756 3974 832 4030 sit
862 3975 995 4044 (71).

551 4103 607 4157 9.
641 4098 938 4172 Respondi
967 4096 1292 4153 secundum
1342 4094 1577 4150 illorum
1606 4095 2009 4167 propositum;
2046 4096 2131 4151 illi

482 4207 640 4247 nunc
697 4185 1086 4260 respondeant
1140 4183 1306 4250 mihi,
1368 4184 1419 4239 si
1495 4200 1797 4255 nunquam
1879 4185 2132 4241 viderint

480 4280 671 4335 fontes
728 4293 793 4332 ex
854 4273 1229 4329 inferioribus
1286 4272 1589 4340 scaturire,
1650 4273 1720 4327 de
1796 4274 2126 4346 pavimento

481 4382 696 4439 aquam
726 4379 988 4434 surgere.
1017 4361 1157 4426 Quis
1189 4378 1317 4417 eam
1348 4361 1548 4434 cogit?
1578 4361 1740 4417 Unde
1761 4362 2128 4433 prorumpit?

480 4451 983 4518 Quemadmodum
1027 4468 1143 4506 non
1176 4449 1422 4505 deﬁcit?
1479 4451 1779 4515 Quomodo
1824 4449 1891 4504 ﬁt
1918 4454 1981 4505 ut
2008 4450 2129 4504 ima

480 4541 588 4599 soli
620 4558 722 4597 ora
752 4542 871 4612 (72)
901 4540 1117 4594 undam
1148 4538 1431 4594 vomant?
1468 4538 1598 4593 Haec
1654 4539 1977 4594 secundum
2032 4555 2128 4594 oc-
2157 4533 2204 4596 D

481 4632 647 4687 culta:
678 4633 898 4685 secreta
928 4632 1169 4683 naturae.
1203 4627 1485 4706 Caeterum
1515 4627 1647 4698 quis
1686 4627 1916 4699 ignorat
1972 4628 2128 4698 quod

480 4720 682 4793 rapido
711 4719 1057 4791 plerumque
1111 4718 1329 4789 impetu
1372 4716 1448 4771 .in
1479 4715 1599 4770 ima
1628 4716 2009 4783 descendens,
2070 4716 2127 4769 in

477 4809 780 4883 superiora
808 4824 869 4863 se
900 4806 1183 4879 subrigat,
1217 4809 1389 4877 atque
1418 4805 1479 4859 in
1511 4803 1890 4875 supercilium
1914 4803 2131 4860 montis

477 4899 741 4966 attollat;
774 4895 1121 4969 plerumque
1152 4894 1327 4950 etiam
1358 4892 1661 4949 canalibus
1694 4909 1867 4947 manu
1888 4892 2129 4948 artiﬁcis

546 5050 663 5121 (67)
693 5050 927 5104 Amerb.
961 5053 1017 5102 et
1047 5049 1206 5103 Eras.
1242 5064 1374 5102 cum
1410 5053 1553 5100 mss.
1613 5044 1932 5111 nonnullis,
1976 5061 2125 5117 qua?-

475 5126 679 5197 stiones
694 5123 854 5197 alias
874 5121 1129 5191 afferunt.
1404 5188 1438 5197 η

548 5195 661 5263 (68)
694 5192 842 5245 Edit.
870 5188 1071 5246 omnes
1104 5197 1159 5245 et
1192 5206 1332 5245 mss.
1367 5188 1608 5258 aliquot,
1641 5188 1709 5242 ad
1742 5204 1899 5259 quem
1941 5194 2128 5259 postea

474 5264 701 5319 Domini
724 5265 953 5333 imperio
983 5263 1233 5317 derivata
1264 5270 1356 5316 est.

547 5335 659 5406 (69)
688 5329 908 5406 Omnes
939 5334 1076 5389 edit.
1113 5338 1169 5388 et
1200 5333 1441 5405 quidam
1474 5348 1641 5400 mss.,
1684 5338 1782 5385 aut
1831 5329 2127 5385 secundum

474 5405 755 5461 naturales
783 5421 992 5461 cursus.

545 5478 657 5551 (770)
693 5478 811 5533 Vet.
844 5477 982 5551 edit.
1019 5492 1243 5545 omnes,
1305 5493 1377 5551 ac
1425 5473 1606 5551 Paris.
1642 5471 1933 5551 nonnulla;
1990 5487 2123 5551 eum

473 5542 706 5606 duobus
738 5552 840 5603 aut
869 5548 1057 5604 tribus
1088 5542 1256 5612 mss.,
1287 5547 1530 5619 efﬁcimzs
1586 5546 1942 5619 naturanest.
2004 5542 2124 5598 Mss

472 5620 696 5697 aliquot
727 5620 975 5697 optimae
988 5614 1391 5697 notis,_efﬁgies
1416 5627 1642 5697 naturae
1663 5623 1757 5697 est.
1779 5614 1879 5671 His
1906 5618 2123 5697 tamem

471 5689 865 5770 anteponendi
902 5689 1002 5748 alii
1034 5693 1091 5747 et
1125 5689 1332 5764 aliquae
1364 5689 1505 5748 edit.
1541 5689 1793 5749 Sanctus
1842 5689 1998 5745 enim
2027 5701 2121 5747 ex-

2250 3261 2483 3317 discant
2529 3267 2803 3317 naturam
2887 3279 3059 3335 posse
3113 3264 3390 3331 converti,
3448 3267 3683 3336 quando
3741 3270 3909 3338 petra

2250 3366 2434 3421 aquas
2466 3350 2652 3419 ﬂuxit,
2685 3356 2743 3406 et
2780 3350 2999 3407 ferrum
3057 3368 3221 3422 aquae
3256 3344 3689 3424 "supernatavit,
3745 3356 3905 3426 quod

2247 3438 2452 3511 utique
2499 3439 2743 3495 Elisasus
2773 3440 2991 3496 orando
3040 3440 3228 3496 facere
3260 3441 3494 3508 meruit,
3556 3459 3671 3498 non
3714 3443 3904 3516 impe-

2247 3528 2428 3583 rando
2482 3527 2577 3595 (1V
2630 3530 2750 3596 Reg.
2788 3546 2863 3596 VI,
2922 3530 2998 3600 6).
3056 3528 3116 3584 Si
3173 3528 3353 3601 igitur
3394 3529 3635 3586 Elisaeus
3679 3531 3902 3588 ferrum

2242 3614 2454 3671 levavit
2481 3621 2681 3672 contra
2704 3623 2994 3671 naturam.
3017 3617 3284 3674 Christus
3325 3635 3509 3690 aquas
3536 3636 3763 3676 movere
3780 3638 3902 3677 non

2245 3706 2431 3775 potuit
2459 3706 2486 3759 ‘?
2543 3706 2653 3760 Sed
2689 3706 2887 3771 movit,
2915 3705 3016 3778 qui
3038 3707 3229 3777 potuit
3253 3707 3481 3762 dicere:
3514 3708 3741 3774 Lazare,
3770 3712 3905 3765 veni

2240 3797 2391 3861 [oras
2422 3794 2595 3864 (Joan.
2632 3810 2710 3861 xu,
2738 3795 2848 3865 43),
2900 3798 2957 3848 et
2987 3800 3286 3849 mortuum
3343 3795 3683 3863 suscitavit;
3742 3796 3902 3853 Deus

2243 3882 2400 3936 enim
2433 3882 2586 3953 quod
2611 3882 2802 3953 jubet,
2829 3882 2982 3937 facit.
3007 3886 3211 3954 Itaque
3234 3882 3355 3955 pari
3379 3883 3644 3955 exemplo
3669 3884 3899 3941 dictum

2242 3969 2469 4041 accipe:
2516 3969 2879 4041 Congregetur
2932 3987 3096 4041 aqua,
3155 3979 3208 4027 et
3269 3980 3596 4042 congregata
3641 3981 3737 4028 est.
3797 3974 3901 4028 Di-

2240 4059 2423 4113 cendo
2457 4063 2653 4114 autem
2684 4068 3055 4131 congregetur,
3094 4076 3211 4115 non
3244 4059 3437 4115 solum
3469 4061 3649 4117 movit
3663 4077 3794 4118 eam
3827 4063 3905 4120 de

2239 4146 2400 4203 loco:
2436 4148 2537 4203 sed
2569 4148 2747 4203 etiam
2779 4149 2985 4203 statuit
3012 4148 3071 4203 in
3104 4147 3251 4214 loco,
3286 4152 3351 4204 ut
3408 4165 3525 4204 non
3576 4151 3902 4222 praeterﬂu-

2238 4241 2378 4300 eret,
2412 4236 2514 4291 sed
2540 4240 2825 4291 maneret.

2309 4325 2393 4380 10.
2429 4324 2547 4380 Hoc
2575 4323 2773 4396 itaque
2804 4325 3044 4395 majoris
3101 4324 3371 4382 miraculi
3429 4331 3538 4396 est,
3599 4330 3901 4399 quomodo

2236 4428 2440 4469 omnes
2487 4414 2965 4486 congregationes
3022 4413 3083 4469 in
3141 4430 3322 4470 unam
3380 4416 3901 4489 congregationem

2235 4500 2602 4568 defluxerint,
2644 4506 2701 4556 et
2732 4518 2851 4557 una
2879 4502 3252 4575 congregatio
3283 4520 3397 4559 non
3429 4504 3748 4577 adimpleta
3790 4506 3897 4562 sit.

2238 4589 2363 4644 Nan
2395 4596 2451 4645 et
2491 4590 2784 4662 scriptura
2842 4589 2951 4645 hoc
3002 4589 3154 4645 inter
3211 4590 3507 4648 mirabilia
3564 4594 3902 4666 constituit,

2240 4677 2515 4733 dicendo:
2581 4680 2775 4734 Omnes
2833 4682 3099 4734 torrentes
3143 4688 3273 4735 eunt
3328 4683 3389 4735 in
3436 4698 3607 4748 mare,
3657 4687 3710 4737 et
3738 4698 3901 4739 mare

2238 4784 2347 4823 non
2379 4767 2935 4839 adimpletur(Eccte.
2970 4784 3011 4837 ι,
3067 4767 3146 4837 7).
3208 4767 3535 4840 Utrumque
3591 4769 3777 4843 igitur
3823 4786 3901 4827 ex

2237 4860 2522 4929 praecepto
2552 4856 2675 4923 Dei,
2703 4860 2769 4911 ut
2828 4855 2972 4911 ﬂuat
3030 4871 3204 4927 aqua,
3264 4862 3321 4914 et
3373 4875 3489 4913 non
3542 4858 3895 4931 superﬂuat.

2237 5062 2508 5118 pressum
2541 5043 2749 5118 voluit
2803 5042 2948 5098 illud
2998 5042 3220 5118 Basilii,
3265 5054 3448 5118 φύσεώς
3495 5053 3595 5102 ἐστι
3638 5054 3897 5114 ποιητική.

2238 5115 2695 5240 ἓῶῚίλὲΠΠάἃῐη
2728 5130 2896 5183 mss.,
2928 5116 3071 5187 quod
3114 5117 3174 5171 in
3203 5115 3489 5188 superﬁcie
3533 5119 3648 5189 ejus
3703 5132 3898 5189 mqua-

2261 5204 2278 5240 z
2305 5204 2366 5240 as
2395 5204 2440 5240 sz
2475 5228 2486 5239 .

2261 5188 2366 5242 itus
2395 5188 2486 5241 sit.

2305 5259 2421 5325 (72)
2454 5258 2592 5311 Mss.
2626 5255 2869 5329 aliquot,
2915 5262 2977 5311 ut
3032 5259 3145 5312 ima
3196 5276 3259 5313 ac
3313 5258 3593 5314 solidiore.
3654 5258 3765 5329 Alii
3822 5275 3899 5315 ac

2236 5329 2373 5382 edit.
2409 5344 2648 5384 omnes:
2684 5333 2743 5382 ut
2770 5330 2883 5383 ima
2910 5329 3190 5384 solidiore.
3234 5330 3425 5395 Corb.,
3486 5330 3680 5398 Carn.,
3742 5328 3894 5387 Ben.

2236 5403 2291 5453 et
2323 5398 2456 5463 Th.,
2490 5402 2549 5453 ut
2580 5401 2693 5454 ima
2720 5400 2826 5455 soli
2853 5415 2968 5455 ora.
3004 5402 3220 5467 Germ.,
3250 5409 3309 5456 ut
3333 5401 3448 5455 ima
3473 5402 3599 5457 soli.

2306 5471 2419 5544 (73)
2452 5470 2604 5544 Edit.
2646 5486 2792 5544 cum‘
2813 5472 3015 5544 paucis
3073 5486 3241 5538 mss.,
3293 5470 3472 5544 divisa
3509 5477 3586 5544 est
3614 5473 3698 5544 _in
3753 5487 3897 5544 pro-

2232 5540 2442 5624 [unio’z-
2474 5541 2684 5598 melius
2715 5540 2951 5617 reliquit
2977 5558 3145 5611 mss.,
3177 5557 3212 5597 α
3233 5542 3528 5617 profundo,
3574 5541 3632 5600 id
3663 5540 3766 5602 est
3812 5543 3895 5602 ab

2232 5614 2352 5671 imo
2366 5614 2437 5674 ad
2455 5630 2775 5673 summum.
