4158 6168
410 265 526 328 1:75

1870 262 1936 325 S.
1985 259 2359 324 AMBROSII

3684 265 3814 327 1376

404 397 510 455 illa
539 396 948 471 superfusione
975 397 1221 455 latuisse
1242 396 1270 451 ‘I
1318 396 1441 461 Quo
1485 394 1665 468 igitur
1712 393 1814 450 illa
1863 394 2055 451 omnis
2082 394 2138 461 Α
2168 394 2390 466 species
2412 393 2741 467 superfusis
2762 394 2929 467 aquis
2953 412 3071 453 non
3095 398 3391 469 appareat.
3413 395 3593 452 Arida
3611 400 3814 455 autem

312 482 317 487 ’
408 502 698 559 aquarum
716 486 1108 544 redundantia
1120 485 1378 543 derivata
1396 488 1485 541 est
1503 484 1668 551 ?Quaa
1691 483 2056 556 receptacula

407 592 537 633 eam
566 579 688 632 tam
721 576 1000 633 continua
1029 580 1198 647 atque
1227 590 1487 630 connexa
1512 574 1823 631 absorbere
1851 576 2053 645 potue-

408 664 595 722 runt?
626 665 707 723 De
738 683 854 739 quo
907 665 1127 722 multus
1172 661 1338 718 nobis
1390 666 1582 735 potest
1623 679 1816 720 sermo
1848 678 2056 733 suppe-

405 757 570 899 tellefi.
602 842 864 899 Primum
896 841 1037 913 quia
1059 840 1251 911 potuit
1273 842 1508 897 Creator
1532 841 1797 897 omnium
1821 844 1879 895 et
1906 839 2058 911 ipsa-

411 948 543 987 rum
575 935 861 986 terrarum
893 928 1083 1001 spatia
1106 928 1470 998 diffundere;
1524 931 1678 1003 quod
1710 930 1891 1001 aliqui
1924 932 2055 983 ante

411 1036 517 1075 nos
548 1018 1224 1090 conﬁrmantes,propria
1252 1024 1578 1090 posuerunt
1607 1018 1899 1075 sententia
1920 1018 2053 1089 (82).

410 1108 527 1180 Ego
560 1106 699 1177 quid
754 1106 940 1161 facere
990 1107 1264 1177 potuerit,
1314 1124 1429 1163 non
1463 1107 1876 1180 praetermitto:
1914 1104 2054 1177 quid

409 1195 609 1250 fecerit
653 1195 808 1266 quod
857 1199 1054 1267 aperte
1104 1196 1540 1268 Scripturarum
1573 1196 1913 1252 auctoritate
1939 1211 2055 1249 non

409 1281 606 1349 didici,
661 1282 829 1355 quasi
870 1287 1159 1339 secretum
1214 1288 1508 1357 praetereo,
1559 1302 1631 1341 ne
1683 1285 1829 1340 forte
1879 1283 2053 1339 etiam

406 1369 543 1427 hinc
574 1370 721 1428 alias
749 1371 863 1428 sibi
894 1372 1250 1445 quaestiones
1264 1375 1583 1446 requirant.
1613 1380 1825 1431 Assero
1854 1376 2053 1429 tamen

409 1461 735 1517 secundum
747 1462 1244 1535 Scripturas,quia
1274 1464 1466 1535 patuit
1490 1463 1751 1519 locorum
1782 1461 2052 1531 humilia,

410 1552 466 1605 et
495 1566 837 1622 camporum
869 1554 1068 1624 aperta
1098 1552 1442 1618 dill‘undere,
1476 1552 1626 1608 sicut
1645 1552 1770 1625 ipse
1800 1551 1879 1608 ait
1904 1569 1916 1606 :
1944 1553 2056 1620 Ego

408 1642 537 1694 ante
591 1646 639 1695 te
687 1641 996 1708 ambulabo,
1057 1648 1108 1697 et
1159 1645 1368 1699 montes
1418 1642 1615 1713 planos
1671 1643 1876 1711 faciam
1925 1642 2052 1711 (Isa.

2165 500 2283 538 non
2313 483 2505 540 solum
2531 484 2604 539 ad
2631 499 2839 557 genus,
2870 486 2974 541 sed
3003 485 3179 542 etiam
3210 487 3283 542 ad
3324 485 3580 559 speciem
3626 489 3819 544 terra-

2164 590 2296 629 rum
2327 576 2428 630 40
2459 574 2725 643 refertur,
2745 577 2813 629 ut
2866 575 2944 631 sit
2988 573 3152 631 utilis
3206 575 3342 648 (84),
3392 576 3571 642 sicca,
3599 574 3821 633 habilis

2165 666 2221 718 et
2253 667 2389 734 apta
2417 662 2684 719 culturis.
2718 662 2906 718 Simul
2936 667 3310 736 prospectum
3338 667 3527 732 est,ne
3554 664 3825 721 videatur

2166 750 2285 806 sole
2315 751 2504 824 magis
2534 768 2712 824 quam
2759 752 2861 807 Dei
2904 756 3188 824 praecepto
3236 768 3366 809 esse
3413 752 3650 821 siccata,
3680 753 3825 826 quia

2165 840 2330 896 arida
2377 840 2527 895 facta
2573 843 2662 896 est
2708 843 3022 913 antequam
3069 840 3155 897 sol
3206 846 3515 898 crearetur.
3566 842 3733 898 Unde
3762 846 3826 898 et

2163 929 2342 984 David
2392 928 2732 985 discernens
2782 945 2944 985 mare
2972 934 3030 985 et
3070 934 3309 998 terram,
3343 930 3426 986 ait
3467 931 3540 987 de
3571 929 3821 987 Domino

2164 1014 2317 1070 Deo:
2372 1015 2641 1082 Quoniam
2686 1017 2858 1087 ipsius
2896 1020 2974 1072 est
3019 1033 3194 1088 mare,
3236 1021 3286 1073 et
3332 1020 3449 1089 ipse
3493 1020 3623 1088 fecit
3652 1017 3820 1085 illud,

2163 1112 2214 1159 et
2260 1103 2476 1158 aridam
2519 1121 2716 1160 manus
2767 1106 2885 1176 ejus
2932 1105 3304 1177 fundaverant
3352 1106 3523 1178 (Psal.
3557 1122 3706 1174 χειν,
3737 1106 3819 1178 5),

2163 1192 2338 1247 Arida
2367 1193 2524 1247 enim
2556 1193 2849 1265 expressio
2880 1198 3101 1250 natura
3149 1200 3257 1262 est,
3302 1199 3459 1251 terra
3506 1193 3822 1267 appellatio

2165 1280 2431 1352 quaedam
2466 1280 2712 1354 simplex
2741 1283 3116 1355 negotii,qum
3147 1283 3207 1338 in
3240 1301 3301 1340 se
3330 1284 3547 1340 habeat
3566 1284 3826 1357 proprie-

2163 1372 2365 1425 tatem.
2400 1369 2563 1425 Sicut
2594 1371 2751 1426 enim
2778 1372 2996 1427 animal
3041 1372 3275 1444 generis
3319 1372 3672 1445 signiﬁcatio
3705 1376 3818 1440 est,

2164 1458 2258 1514 cui
2289 1457 2443 1513 inest
2471 1459 2773 1531 proprium
2804 1459 3028 1532 aliquid
3056 1465 3115 1517 et
3142 1460 3428 1518 excellens
3454 1479 3466 1517 :
3500 1461 3823 1518 rationabi-

2163 1547 2217 1601 le
2251 1551 2447 1603 autem
2479 1549 2783 1621 proprium
2815 1554 2904 1605 est
2932 1550 3227 1607 hominis:
3252 1552 3336 1607 ita
3365 1554 3424 1607 et
3442 1554 3600 1607 terra
3626 1554 3823 1623 potest

2165 1636 2558 1692 communiter
2586 1636 2701 1692 dici
2728 1637 2815 1693 vel
2859 1642 3092 1695 scatens
3143 1639 3335 1712 aquis,
3384 1640 3472 1696 vel
3503 1640 3733 1697 deserta
3764 1644 3823 1696 et

409 1744 538 1794 XLV,
567 1728 644 1795 2).
679 1728 873 1783 Potuit
902 1730 1078 1785 etiam
1111 1731 1240 1801 ipsa
1258 1747 1543 1802 aquarum
1567 1730 1656 1787 vis
1677 1730 2058 1802 profundiore
2085 1765 2133 1831 B
2166 1724 2343 1831 invia,
2377 1729 2434 1831 et
2463 1724 2591 1831 sinle
2622 1742 2808 1831 aqua:
2833 1726 2993 1831 ‘lﬂ‘rg‘o
3038 1730 3096 1783 et
3130 1726 3219 1831 illi
3252 1743 3379 1831 quae
3411 1732 3597 1829 scatet
3624 1727 3818 1800 aquis,

410 1832 479 1872 ea
529 1815 735 1887 facere,
787 1834 913 1889 quae
961 1819 1288 1875 insederat:
1341 1824 1500 1876 tanto
1550 1820 1835 1875 fluctuum
1868 1823 2052 1886 motu,

409 1907 688 1977 tantoque
717 1909 863 1961 metu
894 1907 1288 1964 concitatioris
1337 1908 1631 1976 elementi,
1662 1908 1763 1980 qui
1795 1908 2057 1980 quotidie

408 1992 528 2069 ima
556 1992 747 2067 pelagi
774 1998 1067 2068 torquere,
1114 2000 1171 2052 et
1218 2014 1452 2067 arenus,
1500 2002 1722 2054 vertere
1771 1996 1955 2054 soleat
1983 1997 2056 2052 de

405 2082 717 2155 profundo.
772 2084 913 2147 Quis
963 2086 1173 2142 deinde
1217 2086 1364 2142 sciat
1414 2088 1545 2159 (83),
1581 2086 1641 2142 in
1674 2090 1961 2159 quantum
1995 2102 2056 2141 se

406 2169 553 2226 illud
586 2187 868 2243 magnum
901 2176 958 2228 et
988 2173 1265 2229 inausum
1317 2174 1729 2246 navigantibus
1759 2179 1932 2247 atque
1963 2173 2053 2230 in-

406 2260 696 2315 tentatum
728 2261 923 2317 nautis
953 2261 1160 2318 fundat
1185 2279 1364 2333 mare,
1398 2265 1553 2334 quod
1586 2264 1916 2321 Britannias
1949 2264 2055 2319 fre-

406 2347 589 2403 menti
618 2346 863 2404 includit
906 2366 1138 2423 aequore
1179 2355 1352 2423 atque
1400 2351 1460 2407 in
1500 2353 1777 2409 ulteriora
1823 2357 1880 2409 et
1908 2352 2055 2426 ipsis

406 2435 622 2492 fabulis
646 2437 945 2495 inaccessa
973 2444 1197 2496 secreta
1245 2456 1306 2496 se
1355 2440 1637 2515 porrigit!
1674 2441 1813 2508 Quis
1844 2442 2055 2498 deinde

405 2540 522 2580 non
553 2525 787 2599 colligat
813 2532 1098 2599 quantum
1130 2530 1379 2585 Lucrina
1425 2534 1483 2586 et
1511 2532 1733 2587 Averno
1764 2532 1823 2586 in
1865 2531 2050 2601 Italia,

405 2613 701 2670 Tiberiadi
751 2631 987 2688 quoque
1036 2617 1097 2672 in
1146 2617 1472 2686 Palaestina,
1531 2623 1586 2674 et
1651 2620 1701 2675 ei
1749 2620 1903 2676 laeui
1952 2621 2051 2691 qui

403 2700 556 2758 inter
580 2702 949 2760 Palaestinam
980 2709 1036 2761 et
1065 2710 1372 2779 Egyptum
1404 2707 1629 2763 Arabiae
1660 2709 1890 2764 deserta
1919 2726 2052 2781 pro-

402 2791 614 2861 tendit,
653 2794 1057 2864 portubusque
1107 2794 1352 2850 diversis
1389 2796 1637 2866 Augusti
1685 2801 1858 2868 atque
1911 2799 2051 2854 Tra-

397 2879 547 2950 jani,
580 2881 924 2954 casterisque
947 2898 1051 2953 per
1080 2883 1419 2939 universum
1451 2882 1651 2940 orbem
1671 2884 1935 2943 infusum
1957 2888 2056 2943 ad-

405 2967 619 3025 diderit
649 2974 852 3026 mare?

476 3057 565 3114 l6.
599 3058 710 3114 Sed
744 3061 883 3114 sunt
912 3058 1088 3115 etiam
1119 3074 1235 3115 non
1283 3060 1512 3116 confusi
1543 3061 1724 3131 lacus,
1757 3067 1813 3119 et
1844 3068 2053 3139 stagna

2163 1811 2317 1868 inest
2354 1816 2418 1867 ut
2468 1813 2680 1869 habeat
2728 1813 3083 1871 ariditatem.
3137 1816 3381 1873 Remota
3432 1818 3587 1873 enim
3640 1833 3818 1890 aqua,

2163 1899 2371 1973 incipit
2416 1918 2544 1957 esse
2598 1902 2782 1972 arida,
2841 1903 2997 1959 sicut
3042 1903 3223 1961 habes
3271 1905 3824 1978 scriptum:Posuit

2162 1991 2399 2059 ﬂumina
2450 1992 2509 2045 in
2566 1990 2856 2060 desertum,
2899 2001 2951 2048 et
2997 1994 3179 2050 exitus
3228 2010 3503 2066 aquarum
3549 1996 3614 2051 in
3660 1997 3821 2051 sitim

2164 2079 2334 2149 (Psal.
2368 2096 2478 2146 ενι,
2509 2079 2622 2150 33),
2656 2079 2765 2136 hoc
2796 2085 2903 2149 est,
2936 2081 3008 2137 de
3035 2086 3192 2138 terra
3221 2099 3444 2155 aquosa
3467 2083 3691 2140 aridam
3724 2085 3813 2141 fe-

2163 2167 2259 2222 cit.

2237 2258 2321 2310 18.
2346 2256 2529 2312 Habet
2557 2274 2692 2331 ergo
2722 2261 2878 2314 terra
2907 2259 3205 2331 propriam
3246 2260 3588 2332 qualitatem
3620 2278 3819 2330 suam,

2164 2344 2317 2401 sicut
2348 2349 2406 2400 et
2438 2345 2675 2418 singula
2703 2345 2996 2403 elementa
3040 2347 3281 2417 habent,
3327 2366 3465 2406 nam
3497 2354 3553 2406 et
3580 2367 3679 2407 aer
3706 2351 3823 2408 hu-

2164 2433 2387 2489 midam
2418 2433 2783 2506 qualitatem,
2817 2439 2875 2491 et
2905 2452 3058 2508 aqua
3078 2437 3374 2509 frigidam,
3410 2442 3467 2493 et
3493 2438 3648 2511 ignis
3680 2438 3823 2495 cali-

2162 2523 2319 2578 dam.
2366 2524 2437 2579 Et
2483 2522 2594 2580 hoc
2642 2529 2732 2579 est
2781 2525 3103 2597 principale
3146 2527 3453 2599 proprium
3507 2526 3820 2584 elementis
3900 2578 3905 2585 .

2164 2610 2438 2683 singulis,
2469 2611 2625 2682 quod
2660 2612 2883 2668 ratione
2912 2612 3268 2686 colligimus.
3313 2614 3825 2688 Comprehendere

2163 2703 2356 2754 autem
2390 2700 2745 2755 sensibiliter
2773 2706 2829 2756 et
2856 2701 3236 2773 corporaliter
3264 2704 3316 2759 si
3354 2703 3623 2773 velimus,
3654 2703 3825 2762 velut

2162 2804 2420 2843 connexa
2449 2792 2507 2843 et
2553 2790 2877 2861 composita
2924 2791 3032 2862 (85)
3078 2791 3444 2863 reperimus;
3488 2796 3553 2848 ut
3581 2793 3632 2850 si
3658 2796 3826 2851 terra

2162 2876 2325 2932 arida
2353 2881 2411 2932 et
2439 2876 2670 2949 frigida,
2708 2894 2860 2950 aqua
2903 2879 3116 2953 frigida
3161 2884 3217 2936 et
3257 2879 3523 2949 humida,
3548 2898 3646 2938 aer
3671 2881 3819 2937 cali-

2161 2965 2273 3020 dus
2303 2970 2360 3021 et
2389 2965 2690 3035 humidus,
2723 2968 2878 3039 ignis
2900 2967 3125 3025 calidus
3149 2972 3207 3024 et
3237 2968 3431 3027 siccus
3457 2988 3469 3038 ;
3513 2975 3571 3027 et
3589 2970 3671 3027 sic
3701 2970 3822 3027 sibi

2160 3070 2263 3125 per
2293 3052 2402 3108 has
2438 3053 2672 3127 jugales
2720 3055 3033 3128 qualitates
3081 3058 3317 3131 singula
3345 3059 3672 3115 miscentur
3699 3059 3820 3116 ele-

408 3162 535 3218 quae
565 3163 681 3204 non
713 3147 1037 3203 miscentur
1056 3148 1426 3217 ﬂuctibus,ut
1446 3150 1652 3206 Larius
1679 3156 1736 3207 et
1766 3133 2046 3210 Benacus.
2082 3133 2124 3201 (ἶ
2164 3147 2380 3198 ωθηῖᾶ·
2413 3143 2561 3198 Nam
2590 3148 2744 3200 terra
2773 3161 2907 3201 cum
2940 3146 3017 3202 sit
3058 3147 3232 3202 arida?
3282 3152 3340 3203 et
3379 3147 3599 3221 frigida
3631 3147 3822 3221 quali-

405 3233 670 3291 Albanus
699 3251 933 3307 quoque
962 3235 1178 3308 aliique
1209 3236 1428 3309 plures,
1452 3241 1743 3311 quomodo
1774 3259 1892 3297 una
1920 3259 2053 3299 con-

401 3323 662 3396 gregatio
694 3324 1126 3394 aquarum‘?Sed
1142 3328 1640 3397 quemadmodum
1671 3328 2053 3403 dicitur,quia

398 3409 535 3489 fecit
563 3414 717 3466 Deus
746 3411 861 3466 duo
892 3410 1227 3484 luminaria,
1279 3414 1338 3470 id
1386 3419 1478 3471 est
1515 3416 1695 3472 solem
1737 3421 1791 3474 et
1822 3418 2044 3486 lunam,

394 3513 528 3553 cum
562 3497 683 3555 sint
712 3498 915 3571 utique
966 3504 1023 3556 et
1077 3501 1380 3559 stellarum
1431 3504 1697 3563 lumina:
1732 3505 1813 3562 ita
1842 3511 1899 3563 et
1930 3526 2048 3564 una

391 3588 760 3661 congregatio
782 3588 1014 3661 dicitur,
1043 3607 1177 3647 cum
1208 3593 1327 3647 sint
1356 3592 1859 3669 plurimae.Neque
1885 3598 2042 3653 enim

391 3681 872 3748 annumerantur,
906 3695 1034 3751 quae
1066 3697 1180 3735 non
1208 3682 1608 3741 conferuntur.

1028 3843 1260 3903 CAPUT
1302 3844 1396 3899 IV.

389 3944 560 4029 Terrae
597 3949 947 4029 pracipuam
994 3950 1334 4029 qualitatem,
1385 3967 1509 4006 cum
1573 3952 1737 4029 arida
1790 3963 2033 4029 vocatur,

456 4018 791 4089 signiﬁcari:
814 4020 943 4086 Quae
972 4018 1091 4094 sint,
1113 4021 1525 4094 elementorum,
1577 4024 1774 4094 quibus
1804 4018 2037 4083 invicem

457 4098 873 4165 connectuntur,
904 4092 1298 4162 proprietates;
1327 4092 1489 4164 idque
1515 4092 1798 4165 speciatim
1826 4097 1892 4153 de
1921 4106 2034 4155 ter-

456 4176 524 4216 ra
549 4161 899 4233 disquiritur.

456 4301 544 4356 17.
575 4302 685 4356 Sed
724 4270 789 4357 ut
828 4301 1077 4372 videtur,
1125 4305 1403 4377 quoniam
1447 4308 1518 4363 de
1557 4310 1705 4365 mari
1753 4310 2027 4383 loqueba-

382 4403 536 4456 mur,
568 4388 1003 4463 aliquantulum
1055 4396 1513 4465 exundavimus;
1560 4400 1631 4453 ad
1664 4401 2028 4472 propositum

2160 3231 2321 3299 tatis,
2382 3232 2745 3288 connectitur
2792 3251 2957 3306 aquae
3015 3251 3118 3307 per
3173 3237 3579 3307 cognationem
3627 3236 3823 3308 quali-

2158 3319 2295 3375 tatis
2328 3320 2572 3393 frigidaa,
2603 3325 2661 3378 et
2690 3339 2792 3395 per
2821 3330 3035 3395 aqua’m
3067 3324 3183 3379 aeri
3215 3324 3327 3397 (86)
3359 3325 3498 3395 quia
3528 3323 3817 3382 humidus

2156 3412 2248 3464 est
2278 3425 2392 3464 aer.
2427 3410 2577 3483 Ergo
2631 3428 2783 3482 aqua
2831 3414 3117 3484 tanquam
3164 3412 3424 3470 brachiis
3454 3414 3817 3485 quibusdam

2157 3497 2387 3554 duobus
2418 3499 2652 3571 frigoris
2704 3504 2760 3556 et
2806 3500 3095 3570 humoris,
3140 3501 3322 3558 altero
3355 3507 3592 3571 terram,
3627 3502 3815 3562 altero

2154 3602 2345 3643 aerem
2377 3586 2607 3643 videtur
2630 3588 2926 3661 amplecti,
2961 3589 3169 3662 frigido
3199 3588 3439 3658 terram,
3473 3606 3664 3648 aerem
3695 3591 3813 3649 hu-

2153 3675 2333 3730 mido.
2366 3680 2482 3732 Aer
2511 3693 2745 3749 quoque
2776 3678 3006 3733 medius
3037 3677 3190 3734 inter
3218 3679 3332 3734 duo
3346 3676 3813 3752 compugnantia

2150 3780 2255 3835 per
2284 3766 2694 3833 naturam,hoc
2726 3770 2815 3822 est
2843 3767 2995 3822 inter
3025 3784 3237 3839 aquam
3268 3771 3325 3823 et
3353 3767 3812 3840 ignem,utrum-

2148 3869 2260 3924 que
2290 3853 2436 3909 illud
2467 3854 2821 3912 elementum
2853 3855 3125 3912 conciliat
3162 3856 3313 3924 sibi;
3366 3857 3507 3928 quia
3554 3862 3609 3914 et
3632 3857 3809 3931 aquis

2147 3940 2413 4009 humore,
2462 3942 2702 4015 ethigni
2751 3942 2940 4000 calore
3001 3944 3396 4017 conjungitur.
3446 3945 3603 4017 Ignis
3649 3962 3802 4018 quo-

2144 4044 2257 4100 que
2288 4046 2420 4085 cum
2452 4030 2531 4086 sit
2581 4030 2805 4087 calidus
2858 4035 2915 4088 et
2944 4032 3135 4089 siccus
3182 4037 3414 4103 natura,
3444 4033 3635 4091 calore
3673 4036 3799 4092 aeri

2143 4118 2494 4187 annectitur,
2537 4119 2798 4176 siccitate
2848 4125 3043 4177 autem
3074 4122 3134 4176 in
3178 4122 3653 4179 communionem
3684 4127 3805 4180 ter-

2141 4225 2215 4263 rae
2260 4224 2327 4264 ac
2375 4207 2713 4264 societatem
2762 4209 3131 4279 refunditur;
3182 4214 3358 4283 atque
3404 4211 3486 4267 ita
3527 4211 3640 4267 sibi
3692 4229 3800 4284 per

2139 4294 2295 4352 hunc
2326 4295 2637 4351 circuitum
2670 4296 2780 4369 (87)
2811 4301 2870 4355 et
2909 4298 3155 4355 chorum
3204 4300 3519 4371 quemdam
3551 4317 3793 4357 concor-

2138 4384 2247 4439 diae
2275 4385 2708 4458 societatisque,
2743 4387 3116 4443 conveniunt.
3160 4387 3323 4444 Unde
3351 4393 3410 4445 et
3438 4389 3633 4447 Graece
3664 4414 3798 4450 στοι-

378 4481 758 4549 revertamur,
790 4482 848 4535 et
876 4481 1312 4538 consideremus
1345 4484 1483 4555 quid
1519 4466 1789 4559 sitquod-
1804 4488 1885 4545 ait
1911 4490 2026 4546 Do-
2056 4502 2104 4567 D
2137 4466 2259 4567 κεῖσέ
2279 4474 2573 4567 dicunt",
2607 4491 2734 4547 qua3
2768 4475 2970 4567 Latine
2999 4476 3285 4534 elementa
3315 4478 3590 4546 dicimus:
3632 4480 3793 4551 Cl‘md

377 4566 614 4623 minus:
651 4567 1014 4640 Congregetur
1038 4587 1179 4642 aqua
1211 4574 1267 4627 in
1298 4589 1469 4629 unam
1526 4580 2023 4647 congregationem,

371 4658 707 4729 etappareat
735 4657 897 4713 arida
931 4658 1081 4730 (Gen.
1144 4678 1183 4728 1,
1233 4662 1309 4733 9),
1361 4665 1419 4718 et
1446 4679 1559 4718 non
1588 4665 1815 4733 dixerit,
1846 4671 2021 4726 terra.

370 4744 532 4809 Quod
545 4745 821 4818 praeclare
833 4748 1090 4820 positum
1104 4749 1235 4821 quis
1249 4767 1365 4806 non
1383 4752 1854 4811 advertat?Terra
1866 4757 2022 4814 enim

368 4837 561 4905 potest
588 4839 648 4891 et
674 4834 798 4893 luto
829 4853 958 4893 esse
1004 4839 1304 4909 permista,
1359 4842 1529 4912 aquis
1562 4844 1816 4913 madida,
1850 4848 2023 4919 cujus

440 5002 553 5083 (82)
586 5003 776 5083 godex
805 5010 1010 5083 Bemet
1040 5006 1221 5075 Coen.,
1267 5013 1523 5081 proprias
1564 5017 1865 5083 posuerunt
1891 5031 2020 5071 sen-

368 5077 570 5152 tentias
599 5076 728 5133 Vat.
763 5082 820 5152 et
849 5076 1010 5152 C_.o_lb_.
1045 5095 1220 5146 unus,
1249 5076 1696 5152 propriamfetc.
1731 5086 1834 5140 His
1863 5102 2017 5143 acce-

369 5144 456 5227 dit
484 5145 652 5202 Dion.
688 5148 787 5219 qui
812 5148 1060 5227 adjicit:
1096 5144 1214 5221 Ego
1249 5144 1394 5222 'qui'd
1434 5144 1618 5223 facere
1644 5159 1882 5227 potuerit
1914 5176 2014 5213 nc-

368 5218 479 5290 scio
491 5236 515 5290 ,i
539 5235 655 5290 non
678 5218 1062 5290 praetermitto,
1096 5218 1204 5277 etc.

438 5289 557 5369 (83).
602 5288 821 5369 omnes
868 5288 1056 5369 edit,
1085 5292 1217 5359 Quis
1257 5293 1455 5369 deinde
1500 5298 1741 5369 colligat.
1802 5299 1913 5356 Sed
1953 5300 2014 5355 in

366 5357 601 5437 cunctis
611 5375 771 5437 mss.
786 5357 1054 5437 habetur
1074 5357 1326 5437 negatio.

437 5428 549 5510 (ῳ)
577 5428 705 5510 V_et.
735 5428 873 5484 edit.
902 5448 1037 5510 cum
1066 5428 1272 5510 paucis
1292 5453 1461 5507 mss.,
1495 5448 1555 5495 ut
1596 5441 1668 5496 sit
1696 5442 1872 5510 utilis,
1903 5445 2014 5498 sic-

357 5498 578 5565 cubitis,
611 5498 827 5555 Rom...
858 5498 1161 5563 sulcabilis.

400 5567 545 5651 ~(85)
576 5567 719 5634 Mss.
765 5569 987 5651 aliquot
1034 5577 1305 5645 melioris
1346 5585 1515 5655 notas,
1566 5583 1727 5644 velut
1776 5601 2015 5649 connexa

2134 4562 2246 4619 sibi
2273 4563 2617 4619 conveniant
2642 4568 2699 4619 et
2727 4564 3054 4621 concinant.

2203 4651 2291 4708 l9.
2325 4650 2448 4708 Huc
2479 4656 2674 4708 autem
2704 4653 2998 4725 progressi
3042 4670 3271 4724 sumus,
3319 4654 3459 4727 quia
3484 4655 3791 4728 Scriptura

2133 4739 2232 4809 ait,
2268 4741 2421 4812 quod
2455 4740 2610 4797 Deus
2639 4739 2929 4796 vocaverit
2972 4740 3196 4799 aridam
3244 4746 3483 4811 terram,
3533 4743 3644 4800 hoc
3672 4747 3786 4813 est,

2131 4827 2270 4898 quia
2300 4827 2456 4900 quod
2487 4826 2809 4900 principale
2839 4832 2930 4885 est
2958 4829 3108 4900 ejus,
3133 4830 3493 4904 nuncupavit
3518 4829 3784 4903 proprie-

2128 5005 2575 5150 fég’éif'ii'rhngs
2621 5068 2853 5150 ed_it._et
2886 5087 3028 5129 mss.
3082 5071 3337 5150 aliquot:
3390 5075 3781 5146 etaquaacri,

2126 5139 2247 5223 Alii.
2272 5139 2468 5213 plures
2498 5145 2554 5197 et
2581 5141 2944 5213 probatiores
2975 5161 3110 5201 cum
3141 5139 3301 5213 13113.,
3347 5152 3400 5201 et
3420 5139 3524 5217 per
3577 5139 3785 5217 aquam

2125 5228 2244 5267 aeri
2252 5253 2264 5266 .
3286 5239 3297 5242 ⁴

2196 5302 2306 5426 (87)
2337 5300 2424 5356 Ita
2465 5305 2688 5387 cuncta;
2730 5302 2867 5386 edit.
2906 5319 2972 5359 ac
3017 5304 3278 5377 plerique
3313 5320 3466 5387 ⁸ωδε.
3515 5306 3590 5360 At
3628 5321 3779 5361 non-

2196 5390 2204 5426 ι
2231 5371 2292 5426 ll.
2325 5388 2424 5426 ver
2452 5372 2597 5426 hunc
2625 5377 2921 5426 circuitum
2949 5375 3229 5426 elementa.
3263 5375 3411 5426 Βια..
3446 5375 3632 5426 Gem..
3664 5377 3779 5426 ela-

2124 5371 2292 5449 nulli,
2325 5388 2424 5440 per
2452 5372 2597 5449 hunc
2625 5376 2921 5429 circuitum
2949 5371 3229 5449 elementa.
3263 5375 3411 5449 Big.,
3446 5375 3632 5445 Gem.,
3664 5377 3779 5433 elc-

2121 5447 2448 5523 m_entorum,
2481 5446 2743 5523 inuitam
2775 5446 3080 5505 concordiae
3136 5446 3513 5523 societatiqu
3553 5464 3778 5522 compa-

2120 5517 2306 5589 gincm
2334 5518 2684 5576 conveniunt.
