4122 6186
316 363 433 427 177

1573 365 2112 432 HEXAEMERON
2156 369 2307 432 LIB.
2351 369 2458 434 ῙῙῙ.

3597 375 3714 442 178

311 504 432 558 tate
464 503 707 558 naturae.
745 498 1038 559 Naturalis
1069 499 1226 560 enim
1257 503 1580 578 proprietas
1609 504 1842 560 siccitas
1873 507 1960 560 est
1990 503 2046 569 Α
2065 503 2313 576 junctio,
2347 505 2574 564 itineris
2594 507 3428 586 compendium,transfugium
3449 507 3715 572 laboran-

311 595 480 648 terrze
514 610 526 645 :
560 590 686 647 haec
715 591 766 648 ei
797 590 1178 665 praerogativa
1208 597 1434 649 servata
1477 598 1582 649 est.
1618 594 1960 666 Principalis

308 697 445 753 ergo
476 681 730 738 siccitas.
758 682 970 738 Subest
1017 683 1193 739 etiam
1227 688 1292 739 ut
1323 684 1399 739 sit
1428 683 1638 756 frigida
1671 701 1683 738 :
1709 685 1808 739 sed
1843 700 1958 739 non

309 771 704 842 praeferuntur
762 772 1019 826 secunda
1072 771 1300 842 primis.
1349 772 1419 826 Ut
1468 777 1661 827 autem
1714 772 1961 827 humida

308 859 408 927 sit,
440 876 730 931 aquarum
764 860 821 914 id
843 861 1126 916 afﬁnitate
1149 861 1408 916 sortitur.
1427 862 1570 932 Ergo
1593 861 1736 916 illud
1761 857 1955 928 suu'm,

307 949 469 1004 istud
502 948 759 1004 alienum
795 967 807 1004 :
839 967 1036 1014 suum,
1070 950 1226 1021 quod
1258 949 1457 1015 arida;
1493 949 1768 1015 alienum,
1803 950 1956 1021 quod

313 1037 798 1094 humida.Auctor
827 1039 1023 1110 itaque
1054 1043 1273 1094 natura:
1297 1038 1670 1109 quodfprimo
1701 1039 1954 1106 donavit,

311 1127 422 1182 hoc
452 1128 677 1194 tenuit;
712 1128 850 1198 quia
878 1128 1032 1182 istud
1068 1145 1135 1183 ex
1183 1133 1408 1193 natura,
1443 1127 1587 1182 illud
1644 1145 1712 1182 ex
1759 1145 1954 1183 causa.

310 1216 386 1272 Ex
414 1216 842 1288 principalibus
872 1216 1072 1288 igitur,
1106 1233 1219 1271 non
1251 1233 1318 1272 ex
1365 1216 1761 1272 accidentibus
1793 1221 1954 1271 terra:

304 1305 510 1360 debuit
557 1306 884 1376 proprietas
943 1305 1200 1373 deﬁniri;
1243 1309 1307 1359 ut
1363 1305 1687 1360 secundum
1745 1323 1954 1377 praero-

303 1394 562 1467 gativam
597 1393 900 1465 qualitatis
929 1395 1056 1465 ejus
1105 1394 1520 1449 informaretur
1569 1398 1772 1450 nostra
1819 1411 1954 1466 cog-

300 1483 466 1539 nitio.

903 1575 995 1628 41
1037 1571 1266 1628 CAPUT
1295 1572 1361 1626 V.

299 1663 570 1732 Quaedam
612 1662 710 1719 hoc
748 1662 1051 1733 Scripturse
1108 1662 1217 1716 loco
1261 1661 1449 1716 addita
1494 1677 1607 1718 esse
1660 1663 1956 1717 nonnullos

372 1735 667 1790 arbitrari.
703 1733 866 1788 Maris
913 1733 1308 1788 commendatio
1359 1750 1392 1788 a
1438 1733 1852 1804 pulchritudine
1894 1750 1956 1788 ac

367 1806 675 1876 multiplici
717 1806 974 1872 utilitate,
1020 1804 1110 1860 sed
1148 1806 1428 1874 prwcz'pue
1474 1805 1613 1875 quod
1662 1806 1952 1860 insulanos

369 1875 740 1932 anaehoretas
765 1876 927 1930 undis
970 1877 1352 1947 amplectatur,
1403 1883 1454 1930 et
1497 1883 1668 1932 cwtus
1705 1878 1954 1931 ecclesia-
1983 1875 2032 1939 B

369 1950 499 2004 stici
529 1949 766 2018 ﬁguram
796 1949 998 2018 referat
1029 1964 1041 2001 :
1077 1964 1195 2018 quae
1223 1947 1429 2002 claudit
1453 1949 1809 2018 piaﬁuctoris
1833 1963 1955 2019 pre-

367 2021 707 2075 catiuncula.

367 2110 460 2162 20.
497 2110 562 2163 Et
610 2107 748 2162 vidit
797 2107 933 2161 Deus
984 2108 1116 2176 quia
1159 2105 1358 2161 bonum
1400 2105 1553 2176 (Gen.
1589 2125 1625 2173 ι,
1662 2107 1770 2176 10).
1825 2106 1952 2162 Non

289 2197 672 2270 praterimus
703 2195 842 2268 quia
871 2194 1052 2267 aliqui
1076 2211 1180 2250 nec
1205 2195 1263 2249 in
1298 2194 1534 2250 Hebraeo
1564 2199 1772 2266 putant
1799 2212 1948 2264 esse,

291 2303 408 2342 nec
438 2287 500 2341 in
533 2285 757 2341 caeteris
788 2283 1367 2356 interpretationibus
1401 2300 1413 2338 :
1450 2286 1600 2355 Quia
1629 2293 1952 2356 congregata

290 2380 378 2431 est
409 2391 553 2446 aqua
585 2376 645 2428 in
700 2374 1040 2429 coltectiones
1080 2389 1228 2438 suas,
1274 2378 1325 2428 et
1372 2376 1627 2444 apparuit
1673 2374 1858 2439 arida,
1905 2381 1954 2429 et

289 2465 515 2520 vocavit
545 2465 682 2518 Deus
709 2463 929 2517 aridam
956 2468 1181 2530 terram,
1215 2470 1267 2517 et
1311 2463 1649 2518 collectiones
1679 2478 1953 2533 aquarum

286 2554 510 2608 voca-vit
541 2553 722 2606 maria
752 2550 933 2620 (Ibid).
977 2550 1119 2605 Cum
1170 2550 1326 2605 enim
1373 2551 1580 2606 dixerit
1627 2551 1779 2607 Deus
1819 2552 1954 2623 quia

285 2645 511 2713 factum
540 2643 746 2707 estsic,
781 2640 924 2695 satis
964 2656 1091 2694 esse
1138 2643 1345 2712 putant
1391 2656 1589 2694 vocem
1634 2640 1953 2711 operatoris

286 2733 366 2787 ad
438 2729 744 2785 celebratae
775 2728 1131 2800 operationis
1184 2727 1487 2783 indicium.
1535 2730 1642 2784 Sed
1696 2729 1834 2799 quia
1892 2729 1950 2784 in

285 2821 437 2877 aliis
470 2835 703 2890 quoque
735 2817 1017 2873 creaturis
1067 2817 1242 2872 habet
1272 2821 1327 2871 et
1369 2817 1769 2872 deﬁnitionem
1801 2835 1949 2889 prie-

281 2908 610 2981 ceptionis,
644 2911 699 2962 et
740 2907 1054 2978 repetitum
1107 2905 1462 2977 operationis
1500 2905 1586 2960 vel
1642 2906 1946 2974 indicium,

277 2998 384 3054 vel
423 2997 713 3062 effectum,
748 2995 877 3050 ideo
911 3011 1017 3049 nos
1067 3011 1181 3049 non
1226 2997 1504 3066 putamus
1535 2995 1947 3067 absurdum'jd

280 3087 460 3160 quod
497 3084 830 3156 perhibetur
861 3083 1384 3149 additum,etiamsi
1415 3085 1636 3138 caeteris
1669 3083 1949 3156 interpre-

277 3177 464 3231 tibus
494 3173 581 3228 vel
610 3172 818 3228 veritas
851 3172 1126 3226 doceatur
1155 3171 1580 3243 suppetere,vel
1613 3171 1946 3227 auctoritas.

2071 592 2238 662 tium,
2275 595 2605 652 subsidium
2654 599 3047 671 vectigalium,
3098 603 3421 658 sterilitatis
3461 604 3710 662 alimen-

2069 685 2306 738 tum.Ex
2326 685 2433 740 hoc
2458 686 2654 757 pluvia
2675 688 2733 742 in
2756 693 2937 745 terras
2963 692 3710 766 transfunditur;siquidcm

2069 772 2138 826 de
2172 773 2316 827 mari
2349 791 2501 846 aqua
2532 777 2709 832 radiis
2739 778 2878 834 solis
2910 778 3194 849 hauritur,
3223 785 3279 837 et
3308 783 3464 853 quod
3496 783 3711 840 subtile

2069 863 2196 931 ejus
2227 867 2331 928 est,
2354 864 2580 934 rapitur
2613 883 2624 919 :
2660 867 2868 921 deinde
2924 873 3139 939 quanto
3196 870 3374 926 altius
3431 871 3706 942 elevatur,

2066 952 2228 1004 tanto
2262 952 2449 1022 magis
2481 953 2651 1008 etiam
2672 955 2918 1010 nubium
2951 958 3400 1016 obumbratione
3427 961 3707 1032 frigescit,

2067 1042 2122 1093 et
2151 1039 2339 1094 imber
2368 1040 2430 1094 ﬁt
2462 1042 2558 1111 qui
2584 1059 2697 1097 non
2731 1043 2919 1099 solum
2958 1051 3250 1102 terrenam
3279 1052 3568 1120 temperat
3598 1051 3709 1107 sic-

2067 1125 2320 1194 citatem,
2356 1129 2456 1184 sed
2487 1130 2661 1185 etiam
2686 1133 2891 1202 jejuna
2921 1151 3052 1190 arva
3084 1136 3373 1192 fecundat.

2136 1219 2223 1270 23.
2261 1218 2406 1283 Quid
2441 1235 2776 1275 enumerem
2811 1222 3054 1289 insulas,
3090 1240 3236 1294 quas
3273 1223 3431 1279 velut
3470 1227 3710 1285 monilia

2065 1305 2413 1377 plerumque
2445 1309 2724 1379 pratexit,
2755 1310 2813 1364 in
2856 1311 3070 1382 quibus
3109 1312 3147 1366 ii
3195 1314 3294 1384 qui
3345 1331 3407 1369 se
3435 1314 3712 1374 abdicaui;

2066 1393 2526 1466 intemperantiae
2559 1398 2852 1453 saecularis
2883 1399 3192 1471 illecebris,
3245 1403 3359 1457 ﬁde
3391 1404 3493 1461 42
3526 1407 3708 1462 conti-

2067 1483 2272 1537 nentiae
2324 1486 2618 1556 proposito
2668 1485 2890 1558 eligunt
2941 1490 3163 1543 mundo
3220 1489 3420 1559 latere,
3471 1496 3528 1548 et
3581 1495 3709 1550 vitae

2065 1569 2242 1641 hujus
2276 1573 2565 1629 declinare
2619 1575 2828 1631 dubios
2880 1576 3175 1633 anfractus
3200 1579 3227 1633 ‘t
3258 1579 3416 1636 Mare
3456 1586 3545 1638 est
3574 1599 3710 1656 ergo

2066 1665 2354 1718 secretum
2427 1664 2843 1735 temperantiae,
2911 1667 3248 1722 exercitium
3316 1671 3703 1739 continentiae,

2064 1750 2367 1819 gravitatis
2398 1768 2684 1819 secessus,
2710 1758 2913 1824 portus
2931 1756 3284 1822 securitatis,
3309 1759 3707 1829 tranquillitas

2064 1839 2281 1907 saeculi,
2313 1841 2518 1894 mundi
2566 1841 2746 1911 hujus
2776 1843 3080 1912 sobrietas,
3111 1848 3235 1900 tum
3268 1846 3538 1902 ﬁdelibus
3567 1848 3710 1906 viris

2063 1931 2236 2000 atque
2284 1928 2503 1984 devotis
2549 1929 2904 1986 incentivum
2946 1933 3288 2002 devotionis,
3328 1939 3394 1990 ut
3441 1952 3576 1992 cum
3606 1954 3708 1994 un-

2064 2017 2270 2071 darum
2304 2016 2512 2074 leniter
2541 2018 2889 2076 alluentium
2909 2039 3050 2076 sono
3074 2027 3296 2079 certent
3325 2029 3532 2081 cantus
3549 2027 3709 2098 psal-

2062 2103 2328 2173 lentium,
2359 2107 2641 2177 plaudant
2671 2107 2874 2164 insula
2906 2110 3221 2181 tranquillo
3253 2112 3538 2170 fluctuum
3569 2131 3705 2174 san-

2063 2197 2287 2249 ctorum
2321 2194 2518 2263 choro,
2553 2196 2788 2267 hymnis
2839 2201 3175 2254 sanctorum
3224 2205 3538 2270 personant
3567 2204 3704 2275 (88).

2061 2283 2225 2337 Unde
2256 2282 2400 2337 mihi
2432 2287 2497 2338 ut
2525 2301 2756 2340 omnem
2788 2285 2976 2358 pelagi
3008 2286 3506 2358 pulchritudinem
3547 2307 3704 2347 com-

2061 2370 2418 2441 prehendam
2452 2389 2629 2443 quam
2667 2373 2811 2428 vidit
2849 2376 3156 2446 operator?
3188 2376 3256 2431 Et
3300 2377 3440 2448 quid
3489 2378 3706 2449 plura?

2061 2458 2207 2520 Quid
2241 2458 2399 2514 aliud
2442 2458 2540 2514 ille
2588 2467 2906 2518 concentus
2949 2464 3263 2530 undarum,
3307 2465 3420 2522 nisi
3465 2467 3705 2538 quidam

2062 2552 2378 2602 concentus
2406 2552 2495 2603 est
2525 2547 2708 2618 plebis
2728 2549 2755 2604 ?
2785 2550 2948 2606 Unde
2994 2551 3140 2607 bene
3172 2554 3320 2608 mari
3360 2555 3707 2628 plerumque

2063 2640 2432 2708 comparatur
2462 2637 2739 2702 Ecclesia,
2792 2656 2918 2709 quae
2969 2640 3158 2710 primo
3190 2641 3574 2713 ingredientis
3603 2662 3704 2716 po-

2060 2725 2182 2796 puli
2213 2726 2448 2797 agmine
2477 2726 2614 2781 totis
2643 2727 2948 2782 vestibulis
2993 2729 3183 2783 undas
3233 2729 3414 2784 vomit
3446 2748 3459 2786 :
3495 2731 3704 2790 deinde

2060 2814 2118 2868 in
2150 2815 2410 2870 oratione
2442 2815 2618 2870 totius
2651 2815 2836 2888 plebis
2868 2820 3148 2887 tanquam
3202 2818 3375 2872 undis
3407 2819 3702 2876 reﬂuenti-

2060 2903 2171 2958 bus
2202 2903 2428 2968 stridet,
2466 2920 2598 2958 cum
2631 2905 3016 2975 responsoriis
3060 2905 3444 2977 psalmorum,
3495 2913 3703 2967 cantus

2057 2993 2336 3059 virorum,
2369 2992 2706 3060 mulierum,
2740 2994 3055 3066 virginum,
3113 2994 3512 3066 parvulorum,
3563 3014 3698 3054 con-

2059 3096 2240 3136 sonus
2283 3083 2574 3137 undarum
2616 3083 2811 3155 fragor
2858 3081 3122 3138 resultat.
3173 3083 3317 3139 Nam
3367 3082 3511 3140 illud
3558 3088 3698 3159 quid

2057 3170 2265 3238 dicam,
2300 3171 2454 3241 quod
2488 3171 2646 3226 unda
2671 3174 2975 3242 peccatum
3001 3170 3206 3239 abluit,
3239 3175 3297 3230 et
3345 3174 3529 3243 sancti
3569 3175 3699 3247 Spi-

280 3262 488 3321 Multa
519 3262 669 3317 enim
702 3278 817 3316 non
850 3260 1032 3315 otiose
1062 3277 1096 3315 a
1132 3237 1513 3332 Septuaginta
1542 3260 1680 3315 viris
1709 3259 1946 3316 Hebrai-
1977 3237 2019 3304 α
2058 3258 2205 3314 ritus
2235 3237 2377 3314 aura
2407 3237 2689 3315 salutaris
2711 3260 2972 3330 aspirat?

283 3370 376 3408 cae
411 3349 647 3406 lectioni
678 3348 875 3404 addita
904 3352 960 3403 et
989 3349 1266 3418 adjuncta
1294 3349 1706 3420 comperimus.

364 3441 460 3494 21.
491 3438 651 3492 Vidit
678 3453 812 3509 ergo
842 3436 994 3492 Deus
1028 3436 1166 3508 quia
1194 3437 1414 3492 bonum
1446 3454 1624 3492 mare.
1658 3438 1777 3492 Etsi
1826 3438 1949 3509 pul-

276 3530 442 3585 chra
471 3527 552 3583 sit
581 3525 804 3598 species
835 3525 1013 3595 hujus
1046 3523 1338 3591 elementi,
1371 3525 1458 3580 vel
1489 3542 1622 3580 cum
1654 3527 1948 3599 surgenti-

277 3621 413 3675 bus
445 3615 688 3671 albescit
737 3613 991 3669 cumulis
1045 3629 1111 3668 ac
1162 3614 1475 3669 verticibus
1528 3616 1842 3681 undarum,
1895 3621 1951 3672 et

279 3711 505 3764 cautes
555 3705 718 3760 nivea
765 3707 965 3759 rorant
1022 3702 1350 3775 aspergine,
1397 3703 1485 3758 vel
1538 3720 1671 3758 cum
1721 3721 1950 3777 aquore

278 3793 608 3866 crispanti,
643 3791 1117 3848 clementioribus
1165 3792 1346 3860 auris,
1391 3795 1446 3847 et
1485 3791 1701 3848 blando
1733 3810 1948 3848 serena)

275 3881 750 3954 tranquillitatis
808 3885 1330 3953 purpurascentem
1393 3881 1622 3952 praefert
1676 3881 1947 3951 colorem,

280 3971 405 4045 qui
467 3969 694 4025 eminus
755 3969 1158 4041 spectantibus
1217 3970 1551 4042 frequenter
1609 3970 1947 4041 offunditur,

282 4059 543 4134 quando
574 4075 684 4114 non
714 4057 983 4113 violentis
1013 4058 1288 4114 ﬂuctibus
1309 4059 1498 4114 vicina
1518 4061 1715 4116 tundit
1735 4059 1948 4131 littora,

281 4150 404 4206 sed
453 4147 616 4202 velut
660 4147 918 4219 paciﬁcis
967 4147 1152 4203 ambit
1199 4152 1256 4204 et
1303 4148 1521 4204 salutat
1566 4149 1950 4220 amplexibus,

284 4253 488 4311 quam
522 4235 706 4291 dulcis
738 4253 940 4302 sonus,
975 4252 1152 4307 quam
1198 4237 1499 4307 jucundus
1529 4237 1742 4309 fragor,
1776 4255 1953 4309 quam

289 4329 474 4400 grata
507 4329 564 4379 et
593 4341 847 4380 consona
877 4323 1200 4392 resultatio,
1235 4341 1340 4398 ego
1389 4330 1586 4381 tamen
1621 4343 1736 4382 non
1770 4326 1954 4383 oculis

288 4415 667 4471 aestimatum
696 4417 974 4468 creatura
1005 4413 1274 4469 decorem
1298 4414 1550 4470 arbitror
1582 4433 1593 4470 :
1629 4417 1730 4470 sed
1755 4431 1957 4471 secun-

289 4505 450 4558 dum
483 4501 767 4557 rationem
801 4501 1155 4579 operationis
1188 4502 1412 4572 judicio
1461 4505 1780 4575 operatoris
1818 4521 1952 4561 con-

289 4591 527 4658 venire,
559 4594 617 4644 et
639 4606 956 4662 congruere
985 4590 1313 4645 deﬁnitum.

375 4679 467 4732 22.
504 4677 728 4733 Bonum
760 4679 942 4749 igitur
969 4695 1150 4744 mare,
1184 4679 1446 4750 primum
1480 4681 1617 4752 quia
1646 4686 1829 4738 terras
1860 4699 1957 4738 ne-

289 4768 564 4827 cessario
593 4767 856 4824 sufl‘ulcit
886 4768 1151 4835 humore,
1186 4769 1403 4839 quibus
1436 4786 1539 4841 per
1578 4787 1756 4825 venas
1787 4789 1959 4843 quas-

289 4861 447 4915 dam
481 4856 707 4912 occulte
740 4873 984 4911 succum
1011 4856 1329 4928 quemdam
1361 4856 1516 4912 haud
1539 4857 1807 4913 inutilem
1831 4860 1962 4914 sub-

289 4945 865 5004 ministrat.Bonum
900 4961 1079 5012 mare,
1103 4948 1385 5014 tanquam
1413 4945 1734 5017 hospitium
1760 4947 1960 5001 fluvio-

289 5051 466 5100 rum,
502 5033 630 5088 fons
660 5032 962 5100 imbrium,
1016 5032 1294 5088 derivatio
1341 5032 1722 5102 alluvionum,
1773 5036 1960 5090 invec-

286 5125 390 5178 tio
423 5126 880 5189 commeatuum,
942 5137 1054 5192 quo
1116 5120 1224 5175 sibi
1284 5121 1568 5177 distantes
1625 5122 1825 5194 populi
1869 5140 1961 5178 co-

293 5210 614 5285 pulantur,
675 5227 792 5282 quo
854 5208 1185 5281 praliorum
1254 5215 1623 5265 removentur
1683 5211 1960 5282 pericula,

294 5317 428 5373 quo
455 5299 798 5354 barbaricus
846 5300 1006 5353 furor
1055 5296 1366 5362 clauditur,
1415 5299 1746 5354 subsidium
1781 5301 1837 5354 in
1875 5318 1967 5356 nc-

297 5386 716 5456 cessitatibus,
749 5387 1041 5459 refugium
1074 5385 1134 5440 in
1166 5385 1462 5457 periculis,
1495 5387 1685 5457 gratia
1716 5387 1775 5441 in
1805 5389 1964 5443 volu-

300 5476 606 5551 ptatibus,
638 5474 952 5532 salubritas
981 5473 1354 5540 valetudinis,
1397 5479 1799 5544 separatorum
1831 5493 1965 5532 con-

391 5609 506 5679 (88)
567 5608 708 5664 Mss.
742 5607 1014 5682 aliquot,
1082 5605 1384 5682 tranquillo
1453 5607 1721 5675 ﬂuctuum
1785 5611 1966 5682 choro,

306 5682 543 5752 hymnis
585 5698 609 5744 ;
656 5679 920 5750 quidam,
986 5680 1179 5751 hymni
1233 5681 1564 5744 sanctorum,
1629 5683 1736 5736 etc.
1801 5679 1963 5740 Rom.

2124 3348 2214 3401 24.
2247 3347 2354 3402 Det
2385 3349 2553 3402 nobis
2601 3348 2885 3404 Dominus
2931 3348 3034 3405 illa
3077 3366 3414 3406 successum
3453 3351 3700 3409 flumina

2057 3451 2330 3506 prospero
2361 3435 2520 3508 ligno
2553 3453 2802 3505 currere,
2837 3441 2960 3493 tuto
3008 3443 3178 3510 portu
3229 3439 3568 3508 consistere,
3598 3457 3698 3497 ne-

2059 3524 2253 3596 quitiae
2302 3525 2583 3595 spiritalis
2631 3526 2895 3597 graviora
2943 3543 3118 3599 quam
3169 3529 3316 3584 ferre
3361 3545 3698 3600 possumus,

2057 3617 2417 3668 tentamenta
2447 3613 2691 3681 nescire,
2723 3615 2857 3669 ﬁdei
2911 3616 3178 3688 ignorare
3230 3617 3554 3691 naufragia,
3597 3618 3702 3675 ha-

2056 3703 2192 3757 bere
2224 3718 2424 3774 pacem
2473 3703 2819 3773 profundam
2847 3721 2860 3757 ς
2895 3708 2952 3759 et
2981 3705 3030 3760 si
3078 3707 3312 3776 quando
3351 3706 3572 3779 aliquid
3605 3707 3702 3774 sit,

2059 3793 2214 3864 quod
2267 3808 2468 3863 graves
2517 3791 2685 3846 nobis
2734 3792 2928 3846 saeculi
2987 3794 3164 3864 hujus
3207 3795 3415 3850 excitet
3469 3795 3701 3866 ﬂuctus,

2060 3879 2428 3953 evigilantem
2463 3896 2563 3950 pro
2596 3880 2763 3934 nobis
2792 3879 3007 3935 habere
3039 3882 3486 3953 gubernatorem
3517 3882 3706 3937 Domi-

2062 3986 2203 4024 num
2237 3972 2463 4035 Jesum,
2498 3970 2597 4039 qui
2629 3969 2801 4023 verbo
2833 3968 3094 4040 imperet,
3130 3973 3535 4041 tempestatem
3557 3969 3709 4024 miti-

2063 4063 2178 4132 get,
2213 4057 2674 4129 tranquilitatem
2708 4057 2889 4112 maris
2934 4059 3221 4126 refundat,
3266 4058 3360 4114 cui
3402 4061 3491 4114 est
3520 4057 3709 4114 honor

2062 4153 2118 4202 et
2149 4146 2353 4219 gloria,
2397 4145 2546 4212 laus,
2600 4146 2960 4218 perpetuitas
3009 4163 3042 4200 a
3083 4145 3310 4202 sazculis
3359 4151 3417 4202 et
3463 4162 3618 4202 nunc
3647 4150 3707 4202 et

2063 4251 2313 4306 semper,
2349 4235 2408 4288 in
2448 4234 2644 4289 omnia
2671 4234 2880 4289 saecula
2910 4235 3278 4292 saeculorum.
3305 4237 3509 4292 Amen.

2513 4349 2744 4405 CAPUT
2775 4350 2867 4405 VI.
2903 4351 3124 4420 (Sermo
3155 4351 3247 4420 v.)

2065 4443 2243 4497 Terrae
2270 4456 2428 4495 suam
2457 4441 2706 4510 speciem,
2740 4454 2864 4508 quae
2893 4441 2949 4492 in
2982 4441 3386 4508 germinatione
3422 4457 3486 4496 ac
3513 4443 3710 4498 viridi-

2135 4517 2246 4567 tate
2290 4513 2469 4581 posita
2509 4513 2610 4573 est,
2651 4510 3024 4580 percommode
3059 4511 3303 4566 additam
3346 4528 3502 4575 esse;
3531 4529 3715 4568 vocem

1987 4608 2034 4671 D
2137 4581 2626 4671 Dei/icifl’fi’i‘f‘iti
2649 4583 3192 4671 ,ἒφιδίέηέΡῖίτθεζβ
3239 4599 3251 4637 ⁵
3301 4585 3447 4671 ἐίκοά
3491 4585 3714 4654 quidam

2139 4653 2275 4709 solis
2302 4653 2474 4708 colori
2496 4667 2787 4722 perperam
2817 4660 3095 4723 acceptum
3123 4653 3330 4724 ferunt.

2139 4771 2230 4823 25.
2265 4767 2609 4822 Discedente
2637 4783 2809 4837 aqua,
2845 4769 3222 4824 conveniebat
3251 4773 3315 4823 ut
3343 4766 3566 4839 species
3598 4770 3717 4820 ter-

2075 4875 2147 4911 rae
2190 4857 2426 4910 daretur
2456 4860 2512 4910 et
2535 4855 2743 4926 gratia,
2776 4859 2840 4910 ut
2875 4856 3187 4912 invisibilis
3234 4861 3292 4911 et
3332 4852 3720 4924 incomposita

2075 4945 2370 5000 desineret
2399 4945 2695 4999 csse.Nam
2728 4944 2988 5016 plerique
3021 4946 3194 5001 etiam
3226 4945 3334 4998 hoc
3365 4943 3567 4997 dicunt
3591 4958 3720 4998 esse

2074 5032 2366 5099 invisible,
2399 5033 2552 5102 quod
2597 5033 2847 5103 speciem
2896 5050 3010 5087 non
3042 5033 3255 5099 habet;
3289 5035 3345 5086 et
3390 5030 3519 5085 ideo
3569 5030 3718 5086 acci-

2075 5122 2246 5193 piunt
2283 5124 2498 5175 terram
2550 5120 2901 5176 invisibilem
2938 5121 3137 5189 fuisse,
3183 5135 3298 5173 non
3347 5118 3486 5188 quia
3536 5118 3719 5174 videri

2078 5227 2192 5265 non
2225 5213 2422 5280 posset
2462 5226 2495 5263 a
2544 5226 2776 5264 summo
2823 5210 2937 5264 Deo
2985 5209 3072 5262 vel
3112 5205 3334 5278 angelis
3383 5207 3536 5276 ejus,
3582 5224 3719 5262 nam

2077 5299 2268 5354 adhuc
2315 5298 2585 5352 homines
2635 5298 2810 5352 creati
2872 5313 2984 5350 non
3035 5299 3218 5366 erant,
3264 5295 3352 5351 vel
3401 5298 3577 5351 etiam
3625 5312 3721 5368 pe-

2077 5389 2274 5454 cudes,
2310 5387 2409 5442 scd
2443 5386 2581 5456 quia
2607 5387 2731 5439 sine
2750 5403 2855 5439 sua
2885 5384 3076 5456 specie
3106 5389 3248 5440 erat.
3273 5385 3506 5458 Species
3522 5389 3720 5441 autem

2078 5483 2239 5533 terrae
2271 5481 2355 5531 est
2383 5473 2730 5546 germinatio
2763 5478 2819 5527 et
2861 5473 3126 5529 viriditas
3168 5474 3314 5548 agri.
3355 5473 3518 5529 Unde
3566 5479 3633 5530 ut
3663 5477 3720 5529 et

2079 5612 2238 5678 edit.,
2294 5605 2603 5682 tranquillo
2646 5611 2798 5663 motu
2853 5610 3140 5682 ﬂuctuum,
3199 5617 3514 5670 sanctorum
3568 5606 3721 5667 chori

2079 5683 2293 5755 hymnis
2317 5681 2627 5750 pcrsonent.
