4158 6168
338 356 452 425 {'19

1788 356 1853 422 S.
1901 351 2279 420 AMBROSII

3621 348 3741 415 180

333 493 623 552 visibilem
655 510 783 552 eam
828 499 886 553 et
929 494 1313 569 compositam
1362 492 1573 550 faceret
1620 493 1796 561 Deus,
1848 493 1931 546 ait
1966 508 1976 546 :
2011 492 2066 558 Α
2096 491 2238 546 Cum
2271 488 2428 545 enim
2461 484 2560 544 illa
2590 490 2911 561 pascuntur
2938 478 3040 545 Dei
3072 485 3279 561 gratia,
3303 500 3475 545 nemo
3526 483 3736 544 sibide-

338 586 612 642 Germinet
642 588 790 640 terra
818 586 1043 641 herbam
1066 588 1205 657 feni.
1252 585 1531 638 seminans
1578 599 1753 636 semen
1785 597 1977 636 secun-

334 672 471 729 dum
501 691 692 743 genus,
733 679 784 731 et
826 676 1038 747 lignum
1078 675 1425 744 fructi/"erum
1475 674 1684 743 faciens
1737 672 1980 740 fructum

332 763 631 820 secundum
658 781 849 833 genus,
881 764 1035 834 cujus
1063 777 1242 815 semen
1271 778 1431 815 suum
1464 763 1519 816 in
1542 763 1654 831 ipso
1686 760 1796 832 (89)
1828 758 1975 828 (Gen.

333 868 375 922 ι,
410 853 520 924 11).

407 941 498 996 26.
530 942 852 997 Audiamus
881 940 1057 994 verba
1084 938 1368 1003 veritatis,
1401 955 1650 1011 quorum
1683 938 1862 993 series
1894 953 1981 991 sa-

338 1027 434 1084 lus
465 1034 553 1086 est
577 1028 959 1085 audientium.
996 1027 1189 1082 Prima
1231 1029 1387 1083 enim
1438 1028 1537 1082 illa
1578 1044 1683 1082 vox
1726 1027 1827 1081 Dei
1859 1025 1979 1080 sin-

339 1117 494 1189 gulis
525 1117 806 1172 creaturis
834 1115 1131 1188 impertita
1160 1117 1489 1190 gignendis,
1523 1116 1613 1172 lex
1633 1120 1852 1171 natura:
1871 1120 1977 1181 est,

340 1222 465 1276 qua
494 1203 664 1259 terris
710 1205 770 1259 in
818 1221 990 1259 omne
1037 1222 1222 1260 aevum
1276 1205 1576 1271 remansit,
1610 1206 1816 1259 futura
1849 1220 1980 1259 suc-

339 1292 622 1348 cessionis
652 1294 858 1348 datura
888 1294 1317 1365 praescriptum,
1349 1295 1851 1365 quemadmodum
1894 1293 1982 1348 vel

336 1382 650 1453 generandi
680 1381 767 1437 vel
827 1384 1157 1437 fruetuandi
1215 1382 1273 1437 in
1329 1382 1619 1453 reliquum
1673 1399 1812 1437 usus
1845 1384 1981 1437 ado-

335 1466 596 1526 lesceret.
632 1471 826 1526 Prima
854 1472 1051 1542 itaque
1105 1472 1449 1544 germinatio
1480 1473 1581 1527 43
1611 1476 1717 1539 est,
1752 1471 1984 1542 quando

336 1560 640 1615 nascentia
667 1561 940 1615 videntur
968 1577 1270 1633 erumpere
1297 1578 1309 1614 :
1332 1560 1541 1615 deinde
1571 1576 1705 1615 cum
1730 1560 1987 1631 eruperit

336 1651 394 1704 et
421 1649 728 1720 profecerit
748 1665 1008 1721 germen,
1046 1650 1107 1704 fit
1136 1649 1315 1704 herba
1349 1665 1362 1704 :
1397 1649 1577 1704 herba
1604 1666 1835 1720 quoque
1884 1648 1986 1705 ubi

335 1736 645 1809 paululum
703 1738 1072 1809 processerit,
1134 1739 1201 1792 fit
1270 1740 1489 1793 fenum.
1549 1739 1733 1802 Quam
1802 1740 1983 1807 utilis,

2089 581 2185 635 bet
2214 580 2283 633 de
2314 596 2419 634 sua
2461 577 2753 633 industria
2810 581 2867 633 et
2922 577 3132 634 virtute
3185 576 3459 634 blandiri.
3518 576 3737 633 Deinde

2088 667 2227 740 quia
2255 667 2580 740 simplicem
2606 668 2823 721 victum
2846 671 2900 722 et
2922 667 3253 723 naturalem
3276 666 3471 722 cibum
3494 665 3738 738 reliquis

2088 756 2476 826 cibisdebuit
2530 757 2833 811 anteferre.
2887 755 2989 810 Hic
3047 755 3203 811 enim
3262 754 3594 811 sobrietatis
3651 766 3740 810 est

2088 844 2274 903 cibus.
2308 844 2516 916 reliqui
2547 844 2887 899 deliciarum
2921 847 3097 916 atque
3128 843 3372 917 Luxurias
3406 861 3418 899 :
3452 844 3548 899 hic
3575 860 3737 899 com~

2090 933 2286 989 munis
2317 934 2591 989 omnibus
2622 932 3020 989 animantibus
3044 933 3230 1003 cibus,
3263 933 3361 989 ille
3391 944 3735 1005 paucorum.

2090 1022 2432 1094 Exemplum
2468 1021 2665 1093 itaque
2696 1020 3072 1094 frugalitatis,
3108 1021 3514 1095 magisterium
3560 1021 3740 1093 parci-

2092 1110 2301 1166 moniae
2333 1114 2441 1176 est,
2491 1110 2682 1165 herbae
2741 1109 3026 1181 simplicis
3083 1110 3237 1164 victu
3287 1108 3578 1182 olerisque
3606 1108 3738 1165 vilis

2091 1204 2193 1255 aut
2224 1200 2381 1270 pomi
2412 1203 2714 1254 contentos
2744 1215 2874 1253 esse
2904 1214 3108 1253 omnes
3138 1201 3402 1270 oportere
3432 1214 3609 1270 quem
3633 1215 3736 1253 na-

2089 1291 2224 1343 tura
2255 1287 2488 1356 obtulit,
2540 1304 2713 1360 quem
2761 1285 3084 1342 liberalitas
3115 1287 3215 1342 Dei
3261 1288 3450 1358 prima
3481 1287 3735 1342 donavit.

2093 1376 2193 1432 Ille
2225 1376 2495 1445 salubris,
2526 1376 2623 1432 ille
2656 1375 2815 1431 utilis
2846 1376 3032 1443 cibus,
3068 1374 3167 1447 qui
3200 1375 3433 1431 morbos
3475 1374 3735 1448 repellat,

2093 1466 2191 1537 qui
2220 1470 2440 1521 resecet
2464 1465 2801 1531 cruditates,
2836 1463 2997 1519 nullo
3047 1463 3355 1519 hominum
3404 1468 3607 1536 partus
3652 1462 3736 1518 la-

2094 1554 2252 1622 bore,
2285 1554 2383 1610 sed
2416 1552 2610 1609 divino
2641 1554 2862 1608 eﬂ‘usus
2892 1568 3155 1619 munere,
3188 1552 3315 1608 sine
3357 1552 3581 1609 satione
3619 1551 3738 1607 fru—

2094 1658 2216 1715 ges,
2248 1643 2476 1698 fructus
2506 1642 2632 1698 sine
2662 1641 2906 1705 semine,
2956 1645 3077 1696 tam
3128 1639 3339 1709 dulcis,
3361 1645 3481 1697 tam
3513 1644 3735 1713 gratus,

2095 1735 2161 1785 ut
2190 1731 2363 1785 etiam
2392 1730 2626 1802 repletis
2654 1729 2937 1801 voluptati
2969 1735 3144 1801 atque
3175 1729 3307 1783 usui
3349 1729 3443 1784 sit.
3479 1729 3740 1801 Denique

337 1840 516 1895 quam
544 1825 859 1881 vehemens
901 1842 1029 1880 vox.
1066 1824 1336 1881 Germinet
1382 1829 1535 1881 terra
1576 1826 1800 1882 herbam
1848 1830 1987 1901 feni,
2020 1860 2066 1924 Β
2097 1820 2169 1875 ad
2199 1821 2421 1891 Primas
2451 1821 2625 1874 datus
2656 1834 2913 1884 mensas,
2947 1819 3017 1873 ad
3047 1818 3337 1874 secundas
3364 1816 3664 1873 Ρθωᾶηεῆο

335 1911 447 1969 hoc
475 1919 580 1983 est,
614 1914 744 1986 ipsa
772 1931 876 1986 per
900 1931 963 1969 se
1007 1914 1293 1987 germinet
1338 1919 1512 1981 terra,
1565 1915 1794 1971 nullum
1834 1916 1978 1973 alte-

337 2002 461 2059 rius
508 2008 732 2075 qutrrat
787 2002 1096 2083 auxilium,
1145 2020 1259 2059 non
1318 2005 1669 2075 cujusquam
1720 2004 1982 2077 indigeat

336 2092 680 2148 ministerio.

407 2184 495 2236 27.
532 2181 732 2237 Solent
759 2181 913 2236 enim
942 2181 1203 2253 plerique
1233 2181 1425 2236 dicere
1459 2182 1608 2236 :Nisi
1642 2180 1983 2237 clementior

336 2270 480 2328 solis
511 2272 669 2326 calor
696 2271 1023 2342 tepefecerit
1050 2275 1255 2336 terras,
1286 2273 1343 2325 et
1390 2271 1640 2342 quodam
1684 2271 1856 2325 modo
1890 2288 1980 2325 ra-

337 2360 451 2415 diis
483 2359 606 2415 suis
639 2359 858 2425 foverit,
914 2376 1026 2414 non
1076 2359 1289 2431 poterit
1335 2359 1660 2431 germinare
1711 2364 1859 2413 terra
1877 2376 1894 2417 :
1926 2364 1981 2414 et

335 2452 641 2521 propterea
660 2452 860 2520 gentes
914 2448 1173 2503 divinum
1208 2448 1487 2502 honorem
1519 2448 1797 2519 deputant
1830 2447 1933 2503 soli
1964 2465 1978 2515 ;

337 2538 492 2608 quod
520 2538 734 2592 virtute
763 2537 972 2592 caloris
1022 2537 1111 2591 sui
1163 2541 1450 2591 terrarum
1498 2540 1759 2607 penetret
1790 2537 1976 2603 sinus,

334 2642 656 2699 sparsaque
686 2630 874 2682 foveat
922 2626 1166 2695 semina,
1196 2625 1287 2680 vel
1335 2624 1586 2697 rigentes
1631 2624 1762 2696 gelu
1803 2642 1979 2680 venas

334 2714 609 2771 arborum
641 2714 874 2769 relaxet.
907 2714 1055 2769 Audi
1109 2713 1474 2786 ergo'Deum
1516 2712 1672 2767 velut
1702 2713 1853 2767 hanc
1880 2729 1976 2766 vo-

332 2820 458 2860 cem
489 2804 851 2858 emittentem
885 2819 897 2856 :
933 2802 1544 2872 Conticescatineptus
1566 2817 1757 2855 sermo
1790 2799 1977 2854 homi-

332 2909 474 2947 num
507 2892 604 2963 qui
653 2891 886 2945 futurus
934 2895 1043 2955 est,
1078 2892 1327 2945 facessat
1354 2906 1503 2942 vana
1548 2888 1764 2959 opinio.
1806 2890 1977 2943 Ante-

335 2996 514 3052 quam
562 2978 706 3034 solis
762 2979 864 3031 ﬂat
893 2978 1203 3039 luminare,
1253 2976 1435 3031 herba
1482 2980 1795 3041 nascatur;
1829 2976 1976 3030 anti-

336 3068 508 3141 quior
536 3068 663 3138 ejus
695 3066 773 3121 sit
811 3066 1215 3137 praerogativa,
1264 3080 1443 3135 quam
1494 3063 1655 3119 solis.
1688 3064 1770 3120 Ne
1820 3081 1981 3119 error

334 3156 644 3212 hominum
672 3154 1055 3217 convalescat,
1086 3152 1373 3224 germinet
1398 3152 1561 3224 prius
1591 3156 1763 3219 terra,
1798 3170 1974 3224 quam

2165 1919 2254 1973 29.
2288 1917 2435 1980 Quid
2467 1920 2660 1972 autem
2691 1912 2967 1973 creatura
3000 1915 3181 1987 hujus
3210 1918 3464 1971 attexam
3492 1914 3740 1971 miracu-

2089 2004 2235 2073 lum,
2271 2011 2373 2062 44
2402 2011 2459 2062 et
2488 2006 2788 2078 sapientiae
2820 2005 3164 2077 operatricis
3196 2009 3611 2077 argumentum
3640 2022 3740 2061 ex—

2089 2094 2391 2166 primam?
2422 2096 2482 2149 ln
2537 2094 2645 2149 hac
2693 2093 2850 2149 enim
2890 2093 3223 2166 germinum
3273 2093 3486 2165 specie,
3537 2096 3594 2149 et
3638 2092 3738 2149 illo

2086 2184 2328 2239 virentis
2361 2183 2553 2239 herbae
2585 2198 2828 2237 munere
2858 2181 3051 2253 imago
3082 2187 3171 2237 est
3199 2180 3328 2237 vitae
3359 2180 3651 2248 humanae,
3684 2186 3743 2236 et

2089 2276 2309 2327 naturae
2367 2271 2839 2342 conditionisque
2898 2275 3109 2325 nostra:
3161 2270 3389 2342 insigne
3439 2270 3737 2342 quoddam

2090 2364 2407 2431 spectatur,
2441 2367 2497 2415 et
2526 2359 2831 2431 speculum
2889 2358 3098 2414 elucet.
3153 2358 3258 2414 Illa
3314 2358 3495 2414 herba
3544 2364 3601 2414 et
3629 2359 3739 2414 ﬂos

2090 2449 2204 2503 feni
2234 2448 2422 2520 ﬁgura
2451 2452 2539 2503 est
2570 2449 2764 2503 carnis
2795 2447 3089 2513 humanae,
3118 2447 3273 2502 sicut
3302 2447 3492 2502 bonus
3522 2447 3739 2502 divini-

2087 2536 2225 2593 tatis
2250 2538 2536 2608 interpres
2566 2553 2783 2608 organo
2814 2553 2931 2590 sua
2962 2536 3118 2591 vocis
3147 2536 3453 2607 expressit,
3486 2536 3682 2591 dicens
3716 2552 3731 2591 :

2091 2626 2279 2681 Clama
2307 2656 2375 2667 --
2408 2626 2547 2703 Quid
2575 2625 2860 2680 clamabo?
2881 2625 3069 2680 Omnis
3110 2641 3236 2679 caro
3278 2626 3484 2694 fenum,
3531 2628 3580 2679 ct
3608 2640 3731 2679 om-

2087 2716 2176 2769 nis
2206 2715 2384 2785 gloria
2400 2715 2648 2781 ghominis
2691 2716 2751 2768 ut
2797 2715 2896 2782 flos
2931 2715 3068 2783 leni.
3119 2714 3281 2768 Aruit
3305 2714 3508 2783 fenum,
3552 2716 3603 2768 et
3630 2715 3734 2783 ﬂos

2086 2803 2330 2859 decidit:
2370 2804 2591 2858 verbum
2620 2810 2802 2857 autem
2846 2803 3073 2858 Domini
3118 2804 3304 2857 manet
3359 2804 3418 2857 in
3464 2809 3738 2858 aeternum

2090 2891 2219 2961 (lsa.
2242 2909 2331 2958 XL,
2362 2893 2417 2955 6,
2449 2894 2523 2961 8).
2559 2891 2659 2946 Dei
2692 2890 2981 2946 sententia
3004 2907 3112 2945 vox
3153 2890 3413 2945 humana
3442 2895 3550 2945 est.
3584 2889 3739 2945 Dicit

2088 2980 2263 3045 Deus,
2297 2980 2489 3034 Clama
2520 2997 2537 3034 :
2571 2980 2670 3034 sed
2702 2979 2760 3033 in
2792 2979 2919 3051 ipso
2960 2980 3108 3034 Isaia
3155 2978 3434 3049 loquitur.
3486 2977 3585 3034 Ille
3620 2996 3739 3034 res-

2088 3069 2294 3140 pondit
2322 3085 2334 3122 :
2373 3069 2514 3136 Quid
2553 3068 2838 3123 clamabo?
2869 3068 2936 3123 Et
2981 3073 3262 3138 tanquam
3295 3067 3436 3138 quid
3465 3066 3737 3139 loquere-

2089 3161 2187 3211 tur
2243 3158 2523 3223 audisset,
2581 3156 2850 3227 adjunxit
2898 3174 2911 3211 :
2965 3157 3153 3211 Omnis
3204 3171 3331 3210 caro
3394 3154 3611 3229 fenum.
3670 3157 3741 3211 Et

337 3246 493 3301 fctus
519 3243 661 3299 solis
691 3242 954 3313 accipiat.
981 3241 1181 3297 Sciant
1219 3256 1421 3294 omnes
1466 3239 1649 3295 solem
1679 3245 1973 3296 auctorem
2009 3221 2052 3287 Ο
2089 3262 2250 3311 vere;
2285 3244 2431 3300 viret
2474 3246 2630 3299 enim
2678 3243 2862 3317 gloria
2908 3243 3163 3298 hominis
3214 3243 3273 3297 in
3337 3259 3510 3298 carne
3568 3246 3739 3315 quasi

338 3351 454 3389 non
485 3349 614 3389 esse
665 3331 1055 3397 nascentium,
1104 3330 1201 3383 Dei
1259 3328 1567 3384 clementia
1622 3332 1838 3383 terram
1898 3347 1981 3384 re-

337 3421 513 3489 laxat,
556 3421 658 3476 Dei
706 3418 1071 3490 indulgentia
1116 3434 1494 3488 prorumpere
1542 3416 1680 3472 facit
1732 3418 1977 3472 fructus.

335 3510 636 3575 Quomodo
689 3507 775 3563 sol
829 3506 1055 3562 vivendi
1115 3523 1291 3561 usum
1350 3506 1645 3561 ministrat
1692 3506 1979 3572 oriundis,

338 3598 572 3671 quando
603 3596 703 3652 illa
735 3596 898 3669 prius
936 3596 1142 3650 divinae
1192 3595 1543 3666 operationis
1596 3594 1981 3651 vivificatione

337 3690 479 3743 sunt
507 3685 681 3750 edita,
715 3700 892 3757 quam
927 3684 1014 3739 sol
1042 3683 1103 3738 in
1134 3683 1241 3739 hos
1285 3683 1511 3738 vivendi
1546 3699 1689 3737 usus
1717 3682 1981 3739 veniret?

335 3774 545 3832 Junior
572 3777 663 3830 est
689 3773 906 3840 herbis,
932 3773 1136 3844 junior
1169 3772 1317 3826 feno.

978 3868 1211 3924 CAPUT
1242 3869 1339 3923 VII

337 3960 446 4016 Cur
485 3960 752 4033 pabulum
780 3960 967 4033 pecori
1007 3960 1166 4028 prius
1199 3960 1462 4033 creatum,
1502 3956 1840 4033 quamribus
1880 3956 1976 4012 ho-

404 4028 567 4087 mini.
602 4028 838 4087 Herbdm
893 4032 1156 4084 virentem
1204 4028 1466 4082 humanm
1521 4029 1819 4087 imaginem
1866 4044 1981 4083 esse

405 4102 752 4169 conditionis,
798 4101 953 4171 cujus
998 4099 1272 4171 fragilitas
1329 4098 1565 4171 eleganti
1619 4098 1981 4170 descriptione

407 4168 745 4245 exponitur.
780 4168 1035 4240 Ejusdem
1093 4168 1300 4245 herbae
1328 4169 1654 4245 imitatores
1683 4170 1740 4245 i_n
1793 4168 1979 4245 fructu

405 4239 628 4316 ferendo
657 4258 755 4298 nos
785 4239 900 4316 esse
930 4247 1208 4310 oportere;
1241 4239 1337 4293 ubi
1366 4239 1654 4295 Manichcei
1682 4241 1977 4295 Eunomia-

406 4318 573 4387 nique
599 4315 1063 4385 perstringuntur.

405 4404 497 4458 28.
550 4403 618 4456 Et
647 4402 792 4456 forte
836 4398 1080 4455 miretur
1121 4398 1333 4469 aliquis
1386 4398 1539 4470 quod
1595 4398 1760 4470 prius
1790 4398 1979 4468 pecori

336 4490 644 4566 pabulum,
678 4505 856 4561 quam
888 4487 1054 4543 cibus
1083 4486 1306 4541 homini
1355 4487 1432 4541 sit
1479 4491 1727 4541 creatus.
1770 4486 1831 4540 In
1864 4502 1980 4557 quo

2091 3335 2287 3388 fenum
2321 3349 2334 3388 :
2369 3339 2426 3388 et
2456 3350 2581 3405 qute
2616 3339 2856 3404 putatur
2876 3348 3005 3388 esse
3033 3331 3545 3404 sublimis,exigua
3565 3333 3735 3404 quasi

2089 3421 2271 3477 herba
2299 3429 2408 3485 est,
2441 3426 2792 3493 praematura
2826 3426 2890 3475 ut
2920 3421 3046 3488 ﬂos,
3081 3420 3302 3475 caduca
3332 3420 3501 3491 quasi
3534 3420 3734 3476 fenum

2089 3510 2379 3581 germinat
2406 3512 2532 3565 vitae
2561 3510 2917 3565 viriditatem
2950 3510 3009 3563 in
3041 3509 3254 3580 specie,
3286 3525 3401 3564 non
3448 3508 3507 3563 in
3541 3509 3735 3565 fructu

2089 3598 2465 3664 soliditatem,
2501 3598 2788 3653 hilatioris
2835 3598 2965 3653 vitae
3019 3598 3187 3668 quasi
3230 3596 3337 3651 ﬂos
3369 3596 3737 3667 praetendens

2080 3688 2537 3758 jucunditatem,
2565 3685 2815 3742 breviori
2847 3686 3034 3757 spatio
3077 3702 3373 3750 occasura,
3417 3685 3570 3740 sicut
3600 3685 3735 3739 her-

2088 3776 2163 3831 ba
2192 3776 2329 3840 feni,
2380 3776 2534 3847 quod
2588 3776 2936 3847 priusquam
2979 3772 3277 3841 avellatur,
3325 3774 3554 3829 arescit.
3598 3774 3736 3837 Quae

2088 3865 2244 3920 enim
2294 3864 2593 3920 firmitudo
2642 3864 2700 3917 in
2749 3877 2943 3929 carne,
2986 3878 3112 3933 quae
3160 3860 3477 3918 salubritas
3546 3867 3740 3934 potest

2087 3969 2214 4008 esse
2246 3951 2563 4007 diuturna?

2158 4042 2246 4095 30.
2278 4039 2456 4096 Hodie
2488 4041 2682 4095 videas
2732 4039 3156 4096 adolescentem
3198 4038 3477 4104 validum,
3518 4040 3734 4111 pubes-

2088 4135 2334 4193 centem,
2369 4129 2553 4183 mtatis
2588 4127 2881 4183 viriditate
2929 4128 3253 4193 ﬂorentem,
3312 4130 3480 4193 grata
3520 4127 3734 4198 specie,

2087 4218 2250 4273 suavi
2283 4217 2508 4284 colore;
2543 4217 2798 4272 crastina
2827 4217 2922 4272 die
2950 4216 3056 4271 tibi
3088 4216 3230 4271 facie
3261 4220 3317 4270 et
3345 4231 3443 4270 ore
3474 4219 3738 4270 mutatus

2086 4305 2382 4362 occurrit:
2416 4312 2472 4360 et
2518 4306 2619 4376 qui
2669 4305 2856 4376 pridie
2903 4304 3008 4359 tibi
3062 4302 3430 4358 lautissimus
3477 4304 3590 4375 (91)
3632 4302 3739 4357 de-

2088 4410 2232 4448 cora:
2260 4394 2456 4447 formae
2487 4395 2648 4448 visus
2699 4400 2787 4448 est
2832 4394 3041 4464 gratia,
3076 4392 3188 4447 alio
3220 4392 3314 4447 die
3364 4391 3738 4448 miserandus

2089 4485 2329 4553 apparet
2353 4482 2718 4554 aegritudinis
2758 4481 3011 4551 alicujus
3049 4480 3390 4535 inﬁrmitate
3420 4478 3735 4535 resolutus.

336 4580 594 4654 primum
646 4577 999 4649 profundum
1041 4575 1138 4630 Dei
1172 4575 1283 4645 (90)
1332 4575 1612 4630 debemus
1662 4573 1977 4639 advertere,
2014 4580 2057 4644 ι)
2091 4569 2403 4641 Plerosque
2459 4576 2561 4624 aut
2617 4569 2780 4624 labor
2835 4569 3072 4641 frangit.
3126 4573 3229 4623 aut
3288 4568 3486 4639 inopia
3544 4583 3737 4623 mace-

334 4668 491 4742 quod
521 4666 697 4721 etiam
730 4665 976 4719 minima
1004 4680 1247 4735 quaeque
1278 4680 1391 4718 non
1424 4661 1700 4733 negligat,
1734 4662 1888 4716 sicut
1917 4661 1974 4715 in

332 4753 641 4829 Evangelio
703 4751 1002 4825 Sapientia
1051 4752 1151 4806 Dei
1203 4751 1387 4805 dicit:
1432 4752 1694 4820 Respicite
1733 4750 1974 4835 volatilia

331 4847 474 4913 caeli,
496 4846 752 4916 quoniam
780 4859 891 4897 non
920 4844 1127 4907 serunt,
1157 4855 1331 4909 neque
1358 4843 1588 4899 metunt,
1638 4854 1809 4908 neque
1847 4854 1973 4892 eon-

330 4942 558 5006 gregant
601 4934 664 4988 in
712 4933 930 4991 horrea.
987 4937 1037 4984 et
1094 4935 1262 4983 Pater
1296 4932 1470 4982 vester
1523 4927 1750 4981 ccclesiis
1799 4929 1975 4997 pascit

331 5023 472 5078 illa:
503 5036 687 5077 nonne
730 5037 822 5076 vos
866 5019 1047 5090 pluris
1093 5019 1220 5072 estis
1264 5016 1379 5070 illis
1430 5014 1634 5086 (Matth.
1696 5033 1775 5081 γι,
1834 5015 1976 5085 26)?

401 5172 515 5244 (89)
545 5169 697 5244 Edit.
730 5170 982 5244 Rom._et_
999 5169 1136 5244 LXX
1170 5165 1732 5244 lnterp.,_secundum
1780 5181 1970 5244 genus,

328 5249 379 5299 et
407 5238 1131 5298 secundumsimililudinem
1147 5240 1378 5302 ,ςκατηβί
1410 5238 1617 5308 lignum
1648 5238 1977 5307 pomi/erum

327 5316 539 5386 faciens
565 5316 805 5386 fructum
833 5311 1130 5367 secundum
1171 5326 1340 5381 genus
1380 5325 1561 5386 suum,
1593 5312 1763 5386 cuius
1792 5322 1975 5386 semen

325 5377 491 5440 suum
539 5377 611 5438 sit
659 5386 717 5438 in
769 5384 902 5454 ipso.
964 5387 1146 5447 Deest,
1172 5377 1503 5454 secundum
1552 5377 1975 5454 similitudinem

326 5455 613 5522 suam;in
642 5450 814 5525 Vulg.
848 5460 904 5508 et
948 5456 1006 5506 in
1054 5460 1162 5516 vet,
1205 5454 1338 5507 edit.
1382 5452 1580 5505 Ambr.
1617 5450 1769 5504 sicut
1816 5452 1872 5502 et
1914 5450 1973 5500 in

327 5542 638 5598 mss.quos
678 5525 863 5581 secuti
893 5540 1118 5598 sumus.

394 5590 681 5670 (90)'Edit.
716 5610 852 5651 cum
884 5594 1087 5670 paucis
1120 5610 1287 5670 mss.,
1306 5591 1645 5670 profundum
1673 5591 1769 5645 Dei
1796 5590 1971 5670 consi-

323 5662 500 5727 lium!
544 5668 681 5724 Cod.
745 5662 904 5718 vero'
935 5664 1137 5737 plures
1166 5668 1222 5719 et
1268 5662 1520 5733 potieres
1566 5677 1765 5717 vocem
1794 5662 1971 5717 consi-

2088 4663 2196 4725 rat,
2257 4662 2358 4713 aut
2415 4658 2675 4713 cruditas
2730 4661 2915 4722 vexat,
2977 4660 3077 4712 aut
3129 4657 3268 4712 vina
3326 4660 3737 4726 corrumpunt,

2085 4750 2188 4801 aut
2216 4751 2486 4802 senectus
2524 4745 2811 4815 debilitat,
2866 4749 2967 4799 aut
3023 4744 3274 4799 eviratos
3326 4742 3545 4798 delicias
3604 4743 3735 4798 red-

2085 4835 2253 4897 dunt.
2302 4834 2532 4889 luxuria
2562 4834 2872 4889 decolorat.
2924 4832 3127 4888 Nonne
3180 4849 3386 4887 verum
3433 4835 3543 4898 est,
3596 4830 3737 4902 quia

2085 4923 2241 4978 aruit
2295 4924 2515 4991 fenum,
2567 4928 2624 4977 et
2682 4922 2788 4976 ﬂos
2835 4920 3097 4975 decidit?
3128 4920 3291 4975 Alius
3347 4920 3469 4975 avis
3525 4919 3736 4974 atavis-

2084 5026 2197 5082 que
2226 5009 2458 5075 nobilis,
2507 5015 2563 5065 et
2611 5011 2900 5079 majorum
2948 5008 3289 5063 honestatus
3340 5007 3564 5073 infulis,
3599 5023 3736 5078 pro-

2084 5163 2222 5215 lium
2254 5177 2366 5215 non
2399 5164 2743 5231 agnoscunt.

2156 5233 2268 5303 (9|)
2300 5228 2619 5303 Vet.'edit._
2645 5236 2702 5284 et
2720 5228 3005 5303 nonnulli
3048 5246 3217 5303 mss.,
3262 5228 3448 5299 pridie
3475 5228 3579 5303 tibi
3608 5229 3732 5303 lau-

2083 5298 2349 5357 tissimus.
2403 5302 2567 5373 Reg.,
2603 5300 3031 5356 laud/(tissimus.
3079 5298 3410 5373 Utrumque
3457 5298 3732 5373 deestin

2084 5370 2518 5444 probatissimis
2559 5388 2724 5437 mss.,
2753 5388 3008 5444 quorum
3044 5371 3140 5444 alii
3172 5370 3374 5441 legunt
3397 5370 3581 5441 pridie
3626 5371 3736 5444 tibi

2082 5442 2288 5499 decore.
2321 5443 2490 5499 Corb.
2550 5443 2806 5499 secunda
2854 5460 3053 5511 manu,
3087 5442 3309 5497 decorus
3344 5450 3542 5512 formae
3580 5443 3732 5495 visus

2081 5523 2161 5571 est
2191 5516 2404 5585 gratia;
2436 5514 2533 5570 alii
2565 5519 2781 5582 autem,
2808 5514 2996 5587 pridie
3022 5513 3126 5568 tibi
3153 5512 3342 5567 decore
3358 5515 3555 5583 forma?
3580 5513 3733 5567 visus

2083 5590 2163 5641 est
2180 5588 2405 5655 gratior.
