  <div class='ocr_page' id='page_1' title='image "/cluster/home/n/w/nwhite01/storage/ocr_20150623/14/hvd.32044048207138/096.png"; bbox 0 0 4122 6186; ppageno 0'>
   <div class='ocr_carea' id='block_1_1' title="bbox 3503 323 3620 389">
    <p class='ocr_par' dir='ltr' id='par_1_1' title="bbox 3503 323 3620 389">
     <span class='ocr_line' id='line_1_1' title="bbox 3503 323 3620 389; baseline 0.009 -1"><span class='ocrx_word' id='word_1_1' title='bbox 3503 323 3620 389; x_wconf 75' lang='grc'>182</span> 
     </span>
    </p>
   </div>
   <div class='ocr_carea' id='block_1_2' title="bbox 218 464 3615 570">
    <p class='ocr_par' dir='ltr' id='par_1_2' title="bbox 218 464 3615 570">
     <span class='ocr_line' id='line_1_2' title="bbox 218 464 3615 570; baseline -0.01 -16"><span class='ocrx_word' id='word_1_2' title='bbox 218 495 396 570; x_wconf 59' lang='lat' dir='ltr'>sapia</span> <span class='ocrx_word' id='word_1_3' title='bbox 427 488 642 551; x_wconf 75' lang='lat' dir='ltr'>veteris</span> <span class='ocrx_word' id='word_1_4' title='bbox 698 486 892 547; x_wconf 84' lang='lat' dir='ltr'>clarus</span> <span class='ocrx_word' id='word_1_5' title='bbox 920 482 1497 561; x_wconf 82' lang='lat' dir='ltr'>insignibus,amicis</span> <span class='ocrx_word' id='word_1_6' title='bbox 1528 481 1855 545; x_wconf 86' lang='lat' dir='ltr'>abundans,</span> <span class='ocrx_word' id='word_1_7' title='bbox 1886 480 1939 545; x_wconf 79' lang='grc' dir='ltr'><strong>Α</strong></span> <span class='ocrx_word' id='word_1_8' title='bbox 1968 475 2208 545; x_wconf 89' lang='lat' dir='ltr'>tiniane,</span> <span class='ocrx_word' id='word_1_9' title='bbox 2241 474 2387 530; x_wconf 88' lang='lat' dir='ltr'>dicis</span> <span class='ocrx_word' id='word_1_10' title='bbox 2418 470 2555 546; x_wconf 87' lang='lat' dir='ltr'>quia</span> <span class='ocrx_word' id='word_1_11' title='bbox 2600 469 2660 527; x_wconf 92' lang='lat' dir='ltr'>in</span> <span class='ocrx_word' id='word_1_12' title='bbox 2705 468 3121 528; x_wconf 83' lang='lat' dir='ltr'>constitutione</span> <span class='ocrx_word' id='word_1_13' title='bbox 3169 464 3375 525; x_wconf 90' lang='lat' dir='ltr'>mundi</span> <span class='ocrx_word' id='word_1_14' title='bbox 3425 465 3615 522; x_wconf 83' lang='lat' dir='ltr'>adhuc</span> 
     </span>
    </p>
   </div>
   <div class='ocr_carea' id='block_1_3' title="bbox 218 557 3616 660">
    <p class='ocr_par' dir='ltr' id='par_1_3' title="bbox 218 557 3616 660">
     <span class='ocr_line' id='line_1_3' title="bbox 218 557 3616 660; baseline -0.009 -17"><span class='ocrx_word' id='word_1_15' title='bbox 218 557 468 660; x_wconf 71' lang='lat' dir='ltr'>stipatus</span> <span class='ocrx_word' id='word_1_16' title='bbox 498 579 813 639; x_wconf 78' lang='lat' dir='ltr'>clientibus</span> <span class='ocrx_word' id='word_1_17' title='bbox 843 583 900 636; x_wconf 92' lang='lat' dir='ltr'>et</span> <span class='ocrx_word' id='word_1_18' title='bbox 929 557 1245 649; x_wconf 73' lang='lat' dir='ltr'>utrumque</span> <span class='ocrx_word' id='word_1_19' title='bbox 1290 574 1445 630; x_wconf 88' lang='lat' dir='ltr'>latus</span> <span class='ocrx_word' id='word_1_20' title='bbox 1490 576 1700 635; x_wconf 87' lang='lat' dir='ltr'>tectus,</span> <span class='ocrx_word' id='word_1_21' title='bbox 1736 586 1864 642; x_wconf 89' lang='lat' dir='ltr'>pro-</span> <span class='ocrx_word' id='word_1_22' title='bbox 1972 583 2088 622; x_wconf 88' lang='lat' dir='ltr'>non</span> <span class='ocrx_word' id='word_1_23' title='bbox 2115 570 2240 620; x_wconf 84' lang='lat' dir='ltr'>erat</span> <span class='ocrx_word' id='word_1_24' title='bbox 2270 564 2570 629; x_wconf 81' lang='lat' dir='ltr'>Christus;</span> <span class='ocrx_word' id='word_1_25' title='bbox 2616 566 2671 617; x_wconf 84' lang='lat' dir='ltr'>et</span> <span class='ocrx_word' id='word_1_26' title='bbox 2712 567 2797 626; x_wconf 87' lang='lat' dir='ltr'>tu,</span> <span class='ocrx_word' id='word_1_27' title='bbox 2851 561 3232 630; x_wconf 88' lang='lat' dir='ltr'>Eunomiane,</span> <span class='ocrx_word' id='word_1_28' title='bbox 3282 557 3428 614; x_wconf 91' lang='lat' dir='ltr'>dicis</span> <span class='ocrx_word' id='word_1_29' title='bbox 3478 557 3616 632; x_wconf 84' lang='lat' dir='ltr'>quia</span> 
     </span>
    </p>
   </div>
   <div class='ocr_carea' id='block_1_4' title="bbox 217 646 3615 734">
    <p class='ocr_par' dir='ltr' id='par_1_4' title="bbox 217 646 3615 734">
     <span class='ocr_line' id='line_1_4' title="bbox 217 646 3615 734; baseline -0.009 -2"><span class='ocrx_word' id='word_1_30' title='bbox 217 646 440 732; x_wconf 75' lang='lat' dir='ltr'>ducens</span> <span class='ocrx_word' id='word_1_31' title='bbox 469 671 788 729; x_wconf 79' lang='lat' dir='ltr'>maximam</span> <span class='ocrx_word' id='word_1_32' title='bbox 838 685 904 725; x_wconf 90' lang='lat' dir='ltr'>ac</span> <span class='ocrx_word' id='word_1_33' title='bbox 951 646 1237 724; x_wconf 78' lang='lat' dir='ltr'>reducens</span> <span class='ocrx_word' id='word_1_34' title='bbox 1289 662 1593 727; x_wconf 81' lang='lat' dir='ltr'>familiam,</span> <span class='ocrx_word' id='word_1_35' title='bbox 1629 662 1864 734; x_wconf 79' lang='lat' dir='ltr'>repente</span> <span class='ocrx_word' id='word_1_36' title='bbox 1973 652 2279 710; x_wconf 76' lang='lat' dir='ltr'>dissimilis</span> <span class='ocrx_word' id='word_1_37' title='bbox 2311 656 2399 707; x_wconf 89' lang='lat' dir='ltr'>est</span> <span class='ocrx_word' id='word_1_38' title='bbox 2429 651 2581 706; x_wconf 82' lang='lat' dir='ltr'>Patri</span> <span class='ocrx_word' id='word_1_39' title='bbox 2615 650 2816 706; x_wconf 85' lang='lat' dir='ltr'>Filius.</span> <span class='ocrx_word' id='word_1_40' title='bbox 2849 650 2993 706; x_wconf 85' lang='lat' dir='ltr'>Nam</span> <span class='ocrx_word' id='word_1_41' title='bbox 3027 649 3073 704; x_wconf 90' lang='lat' dir='ltr'>si</span> <span class='ocrx_word' id='word_1_42' title='bbox 3107 650 3320 721; x_wconf 91' lang='lat' dir='ltr'>imago,</span> <span class='ocrx_word' id='word_1_43' title='bbox 3347 664 3460 704; x_wconf 91' lang='lat' dir='ltr'>non</span> <span class='ocrx_word' id='word_1_44' title='bbox 3495 646 3615 703; x_wconf 88' lang='lat' dir='ltr'>dis-</span> 
     </span>
    </p>
   </div>
   <div class='ocr_carea' id='block_1_5' title="bbox 219 737 3618 838">
    <p class='ocr_par' dir='ltr' id='par_1_5' title="bbox 219 737 3618 838">
     <span class='ocr_line' id='line_1_5' title="bbox 219 737 3618 838; baseline -0.009 -17"><span class='ocrx_word' id='word_1_45' title='bbox 219 765 415 838; x_wconf 86' lang='lat' dir='ltr'>aliqua</span> <span class='ocrx_word' id='word_1_46' title='bbox 444 761 759 817; x_wconf 88' lang='lat' dir='ltr'>accidentis</span> <span class='ocrx_word' id='word_1_47' title='bbox 793 757 1039 831; x_wconf 86' lang='lat' dir='ltr'>periculi</span> <span class='ocrx_word' id='word_1_48' title='bbox 1074 755 1229 811; x_wconf 91' lang='lat' dir='ltr'>mole</span> <span class='ocrx_word' id='word_1_49' title='bbox 1260 753 1558 818; x_wconf 87' lang='lat' dir='ltr'>turbatus,</span> <span class='ocrx_word' id='word_1_50' title='bbox 1591 746 1864 805; x_wconf 82' lang='lat' dir='ltr'>destitui-</span> <span class='ocrx_word' id='word_1_51' title='bbox 1975 742 2186 799; x_wconf 80' lang='lat' dir='ltr'>similis</span> <span class='ocrx_word' id='word_1_52' title='bbox 2216 740 2419 813; x_wconf 79' lang='lat' dir='ltr'>utique</span> <span class='ocrx_word' id='word_1_53' title='bbox 2454 758 2466 795; x_wconf 87' lang='lat'>:</span> <span class='ocrx_word' id='word_1_54' title='bbox 2501 740 2600 795; x_wconf 90' lang='lat' dir='ltr'>sed</span> <span class='ocrx_word' id='word_1_55' title='bbox 2636 745 2825 795; x_wconf 89' lang='lat' dir='ltr'>totum</span> <span class='ocrx_word' id='word_1_56' title='bbox 2876 758 2943 795; x_wconf 79' lang='lat' dir='ltr'>ex</span> <span class='ocrx_word' id='word_1_57' title='bbox 2986 743 3105 795; x_wconf 86' lang='lat' dir='ltr'>toto</span> <span class='ocrx_word' id='word_1_58' title='bbox 3144 740 3476 812; x_wconf 84' lang='lat' dir='ltr'>exprimens</span> <span class='ocrx_word' id='word_1_59' title='bbox 3509 737 3618 809; x_wconf 84' lang='lat'>(95)</span> 
     </span>
    </p>
   </div>
   <div class='ocr_carea' id='block_1_6' title="bbox 219 829 3621 915">
    <p class='ocr_par' dir='ltr' id='par_1_6' title="bbox 219 829 3621 915">
     <span class='ocr_line' id='line_1_6' title="bbox 219 829 3621 915; baseline -0.008 -4"><span class='ocrx_word' id='word_1_60' title='bbox 219 829 416 912; x_wconf 71' lang='grc' dir='ltr'>ωτέιι)</span> <span class='ocrx_word' id='word_1_61' title='bbox 447 851 745 915; x_wconf 89' lang='lat' dir='ltr'>omnibus,</span> <span class='ocrx_word' id='word_1_62' title='bbox 778 829 813 904; x_wconf 65' lang='grc' dir='ltr'>εί</span> <span class='ocrx_word' id='word_1_63' title='bbox 842 845 1142 903; x_wconf 88' lang='lat' dir='ltr'>sodalibus</span> <span class='ocrx_word' id='word_1_64' title='bbox 1196 840 1640 913; x_wconf 83' lang='lat' dir='ltr'>derelinquitur,</span> <span class='ocrx_word' id='word_1_65' title='bbox 1674 838 1864 908; x_wconf 89' lang='lat' dir='ltr'>impu-</span> <span class='ocrx_word' id='word_1_66' title='bbox 1975 833 2226 897; x_wconf 81' lang='lat' dir='ltr'>Patrem,</span> <span class='ocrx_word' id='word_1_67' title='bbox 2260 847 2433 903; x_wconf 85' lang='lat' dir='ltr'>quem</span> <span class='ocrx_word' id='word_1_68' title='bbox 2466 833 2635 884; x_wconf 88' lang='lat' dir='ltr'>Pater</span> <span class='ocrx_word' id='word_1_69' title='bbox 2664 829 3001 885; x_wconf 65' lang='lat' dir='ltr'>substantia:</span> <span class='ocrx_word' id='word_1_70' title='bbox 3025 847 3141 884; x_wconf 73' lang='lat' dir='ltr'>sua:</span> <span class='ocrx_word' id='word_1_71' title='bbox 3173 830 3396 885; x_wconf 89' lang='lat' dir='ltr'>unitate</span> <span class='ocrx_word' id='word_1_72' title='bbox 3428 831 3621 904; x_wconf 87' lang='lat' dir='ltr'>signa-</span> 
     </span>
    </p>
   </div>
   <div class='ocr_carea' id='block_1_7' title="bbox 215 336 1897 424">
    <p class='ocr_par' dir='ltr' id='par_1_7' title="bbox 215 339 1897 424">
     <span class='ocr_line' id='line_1_7' title="bbox 215 339 1897 424; baseline -0.01 -1"><span class='ocrx_word' id='word_1_73' title='bbox 215 354 322 424; x_wconf 72' lang='grc'>181</span> <span class='ocrx_word' id='word_1_74' title='bbox 1474 339 1897 410; x_wconf 77' lang='lat' dir='ltr'>HEXAEMER</span> 
     </span>
    </p>
   </div>
   <div class='ocr_carea' id='block_1_8' title="bbox 2015 336 2359 424">
    <p class='ocr_par' dir='ltr' id='par_1_8' title="bbox 2015 336 2359 405">
     <span class='ocr_line' id='line_1_8' title="bbox 2015 336 2359 405; baseline -0.015 0"><span class='ocrx_word' id='word_1_75' title='bbox 2015 344 2016 353; x_wconf 69' lang='grc'><em>“</em></span> <span class='ocrx_word' id='word_1_76' title='bbox 2057 336 2208 405; x_wconf 87' lang='lat' dir='ltr'>LIB.</span> <span class='ocrx_word' id='word_1_77' title='bbox 2254 336 2359 402; x_wconf 81' lang='grc' dir='ltr'><strong>ΙΙΙ.</strong></span> 
     </span>
    </p>
   </div>
   <div class='ocr_carea' id='block_1_9' title="bbox 219 919 3621 1017">
    <p class='ocr_par' dir='ltr' id='par_1_9' title="bbox 219 919 3621 1017">
     <span class='ocr_line' id='line_1_9' title="bbox 219 919 3621 1017; baseline -0.006 -20"><span class='ocrx_word' id='word_1_78' title='bbox 219 946 439 1017; x_wconf 87' lang='lat' dir='ltr'>gnatur</span> <span class='ocrx_word' id='word_1_79' title='bbox 468 957 500 995; x_wconf 85' lang='lat' dir='ltr'>a</span> <span class='ocrx_word' id='word_1_80' title='bbox 526 938 826 1009; x_wconf 82' lang='lat' dir='ltr'>proximis.</span> <span class='ocrx_word' id='word_1_81' title='bbox 862 936 1004 991; x_wconf 87' lang='lat' dir='ltr'>Ecce</span> <span class='ocrx_word' id='word_1_82' title='bbox 1033 948 1234 988; x_wconf 90' lang='lat' dir='ltr'>verum</span> <span class='ocrx_word' id='word_1_83' title='bbox 1269 933 1376 996; x_wconf 88' lang='lat' dir='ltr'>est,</span> <span class='ocrx_word' id='word_1_84' title='bbox 1411 928 1549 1000; x_wconf 89' lang='lat' dir='ltr'>quia</span> <span class='ocrx_word' id='word_1_85' title='bbox 1592 927 1745 982; x_wconf 83' lang='lat' dir='ltr'>sicut</span> <span class='ocrx_word' id='word_1_86' title='bbox 1785 924 1869 979; x_wconf 86' lang='lat' dir='ltr'>fe-</span> <span class='ocrx_word' id='word_1_87' title='bbox 1974 922 2075 976; x_wconf 90' lang='lat' dir='ltr'>vit.</span> <span class='ocrx_word' id='word_1_88' title='bbox 2108 922 2277 976; x_wconf 89' lang='lat' dir='ltr'>Pater</span> <span class='ocrx_word' id='word_1_89' title='bbox 2310 919 2449 973; x_wconf 90' lang='lat' dir='ltr'>dicit</span> <span class='ocrx_word' id='word_1_90' title='bbox 2483 937 2495 975; x_wconf 90' lang='lat'><strong>:</strong></span> <span class='ocrx_word' id='word_1_91' title='bbox 2530 920 2841 980; x_wconf 82' lang='lat' dir='ltr'>Faciamus;</span> <span class='ocrx_word' id='word_1_92' title='bbox 2866 924 2922 975; x_wconf 89' lang='lat' dir='ltr'>et</span> <span class='ocrx_word' id='word_1_93' title='bbox 2950 923 3011 973; x_wconf 85' lang='lat' dir='ltr'>tu</span> <span class='ocrx_word' id='word_1_94' title='bbox 3044 923 3476 991; x_wconf 85' lang='lat' dir='ltr'>cooperatorem</span> <span class='ocrx_word' id='word_1_95' title='bbox 3521 938 3621 976; x_wconf 89' lang='lat' dir='ltr'>ne-</span> 
     </span>
    </p>
   </div>
   <div class='ocr_carea' id='block_1_10' title="bbox 222 1011 1867 1096">
    <p class='ocr_par' dir='ltr' id='par_1_10' title="bbox 222 1011 1867 1096">
     <span class='ocr_line' id='line_1_10' title="bbox 222 1011 1867 1096; baseline -0.013 -9"><span class='ocrx_word' id='word_1_96' title='bbox 222 1011 371 1087; x_wconf 76' lang='lat' dir='ltr'>num</span> <span class='ocrx_word' id='word_1_97' title='bbox 426 1029 542 1083; x_wconf 81' lang='lat' dir='ltr'>vita</span> <span class='ocrx_word' id='word_1_98' title='bbox 592 1025 875 1089; x_wconf 88' lang='lat' dir='ltr'>hominis,</span> <span class='ocrx_word' id='word_1_99' title='bbox 918 1023 1259 1096; x_wconf 85' lang='lat' dir='ltr'>priusquam</span> <span class='ocrx_word' id='word_1_100' title='bbox 1290 1017 1586 1083; x_wconf 78' lang='lat' dir='ltr'>avellatur,</span> <span class='ocrx_word' id='word_1_101' title='bbox 1638 1011 1867 1071; x_wconf 80' lang='lat' dir='ltr'>arescit.</span> 
     </span>
    </p>
   </div>
   <div class='ocr_carea' id='block_1_11' title="bbox 221 1103 1867 1187">
    <p class='ocr_par' dir='ltr' id='par_1_11' title="bbox 221 1103 1867 1187">
     <span class='ocr_line' id='line_1_11' title="bbox 221 1103 1867 1187; baseline -0.013 -11"><span class='ocrx_word' id='word_1_102' title='bbox 221 1121 328 1176; x_wconf 87' lang='lat' dir='ltr'>Est</span> <span class='ocrx_word' id='word_1_103' title='bbox 357 1119 530 1173; x_wconf 86' lang='lat' dir='ltr'>etiam</span> <span class='ocrx_word' id='word_1_104' title='bbox 564 1115 664 1187; x_wconf 89' lang='lat' dir='ltr'>qui</span> <span class='ocrx_word' id='word_1_105' title='bbox 697 1113 922 1169; x_wconf 90' lang='lat' dir='ltr'>dudum</span> <span class='ocrx_word' id='word_1_106' title='bbox 952 1112 1216 1167; x_wconf 84' lang='lat' dir='ltr'>ubertate</span> <span class='ocrx_word' id='word_1_107' title='bbox 1247 1108 1494 1163; x_wconf 82' lang='lat' dir='ltr'>affluens</span> <span class='ocrx_word' id='word_1_108' title='bbox 1545 1103 1867 1176; x_wconf 85' lang='lat' dir='ltr'>copiarum,</span> 
     </span>
    </p>
   </div>
   <div class='ocr_carea' id='block_1_12' title="bbox 222 1192 1870 1274">
    <p class='ocr_par' dir='ltr' id='par_1_12' title="bbox 222 1192 1870 1274">
     <span class='ocr_line' id='line_1_12' title="bbox 222 1192 1870 1274; baseline -0.011 -11"><span class='ocrx_word' id='word_1_109' title='bbox 222 1204 594 1263; x_wconf 79' lang='lat' dir='ltr'>liberalitatis</span> <span class='ocrx_word' id='word_1_110' title='bbox 641 1204 799 1258; x_wconf 87' lang='lat' dir='ltr'>fama</span> <span class='ocrx_word' id='word_1_111' title='bbox 846 1218 949 1274; x_wconf 90' lang='lat' dir='ltr'>per</span> <span class='ocrx_word' id='word_1_112' title='bbox 1004 1216 1105 1256; x_wconf 87' lang='lat' dir='ltr'>ora</span> <span class='ocrx_word' id='word_1_113' title='bbox 1168 1197 1420 1253; x_wconf 82' lang='lat' dir='ltr'>volitans</span> <span class='ocrx_word' id='word_1_114' title='bbox 1480 1192 1870 1266; x_wconf 89' lang='lat' dir='ltr'>singulorum,</span> 
     </span>
    </p>
   </div>
   <div class='ocr_carea' id='block_1_13' title="bbox 221 1281 1869 1363">
    <p class='ocr_par' dir='ltr' id='par_1_13' title="bbox 221 1281 1869 1363">
     <span class='ocr_line' id='line_1_13' title="bbox 221 1281 1869 1363; baseline -0.011 -10"><span class='ocrx_word' id='word_1_115' title='bbox 221 1298 413 1354; x_wconf 82' lang='lat' dir='ltr'>clarus</span> <span class='ocrx_word' id='word_1_116' title='bbox 444 1293 794 1359; x_wconf 86' lang='lat' dir='ltr'>honoribus,</span> <span class='ocrx_word' id='word_1_117' title='bbox 826 1289 1211 1363; x_wconf 59' lang='lat' dir='ltr'>praeminens</span> <span class='ocrx_word' id='word_1_118' title='bbox 1242 1285 1652 1360; x_wconf 86' lang='lat' dir='ltr'>potestatibus,</span> <span class='ocrx_word' id='word_1_119' title='bbox 1686 1281 1869 1337; x_wconf 89' lang='lat' dir='ltr'>tribu-</span> 
     </span>
    </p>
   </div>
   <div class='ocr_carea' id='block_1_14' title="bbox 221 1367 1873 1447">
    <p class='ocr_par' dir='ltr' id='par_1_14' title="bbox 221 1367 1873 1447">
     <span class='ocr_line' id='line_1_14' title="bbox 221 1367 1873 1447; baseline -0.012 -7"><span class='ocrx_word' id='word_1_120' title='bbox 221 1384 461 1441; x_wconf 86' lang='lat' dir='ltr'>nalibus</span> <span class='ocrx_word' id='word_1_121' title='bbox 518 1381 736 1447; x_wconf 90' lang='lat' dir='ltr'>celsus,</span> <span class='ocrx_word' id='word_1_122' title='bbox 806 1377 952 1433; x_wconf 90' lang='lat' dir='ltr'>solio</span> <span class='ocrx_word' id='word_1_123' title='bbox 1018 1374 1312 1439; x_wconf 86' lang='lat' dir='ltr'>sublimis,</span> <span class='ocrx_word' id='word_1_124' title='bbox 1370 1373 1576 1427; x_wconf 84' lang='lat' dir='ltr'>beatus</span> <span class='ocrx_word' id='word_1_125' title='bbox 1643 1367 1873 1441; x_wconf 82' lang='lat' dir='ltr'>populis</span> 
     </span>
    </p>
   </div>
   <div class='ocr_carea' id='block_1_15' title="bbox 221 1458 1872 1539">
    <p class='ocr_par' dir='ltr' id='par_1_15' title="bbox 221 1458 1872 1539">
     <span class='ocr_line' id='line_1_15' title="bbox 221 1458 1872 1539; baseline -0.011 -11"><span class='ocrx_word' id='word_1_126' title='bbox 221 1474 575 1536; x_wconf 70' lang='lat' dir='ltr'>aestimatus,</span> <span class='ocrx_word' id='word_1_127' title='bbox 635 1470 777 1523; x_wconf 86' lang='lat' dir='ltr'>dum</span> <span class='ocrx_word' id='word_1_128' title='bbox 846 1481 1180 1539; x_wconf 72' lang='lat' dir='ltr'>praeconum</span> <span class='ocrx_word' id='word_1_129' title='bbox 1238 1462 1489 1518; x_wconf 90' lang='lat' dir='ltr'>clamore</span> <span class='ocrx_word' id='word_1_130' title='bbox 1545 1458 1872 1520; x_wconf 83' lang='lat' dir='ltr'>deducitur,</span> 
     </span>
    </p>
   </div>
   <div class='ocr_carea' id='block_1_16' title="bbox 220 1545 1875 1618">
    <p class='ocr_par' dir='ltr' id='par_1_16' title="bbox 220 1545 1875 1618">
     <span class='ocr_line' id='line_1_16' title="bbox 220 1545 1875 1618; baseline -0.011 -1"><span class='ocrx_word' id='word_1_131' title='bbox 220 1561 421 1618; x_wconf 86' lang='lat' dir='ltr'>subita</span> <span class='ocrx_word' id='word_1_132' title='bbox 447 1574 653 1614; x_wconf 86' lang='lat' dir='ltr'>rerum</span> <span class='ocrx_word' id='word_1_133' title='bbox 701 1554 1073 1613; x_wconf 86' lang='lat' dir='ltr'>conversione</span> <span class='ocrx_word' id='word_1_134' title='bbox 1120 1552 1180 1607; x_wconf 91' lang='lat' dir='ltr'>in</span> <span class='ocrx_word' id='word_1_135' title='bbox 1229 1567 1362 1607; x_wconf 91' lang='lat' dir='ltr'>eum</span> <span class='ocrx_word' id='word_1_136' title='bbox 1403 1564 1689 1605; x_wconf 91' lang='lat' dir='ltr'>carcerem</span> <span class='ocrx_word' id='word_1_137' title='bbox 1723 1545 1875 1617; x_wconf 87' lang='lat' dir='ltr'>rapi-</span> 
     </span>
    </p>
   </div>
   <div class='ocr_carea' id='block_1_17' title="bbox 219 1640 1876 1723">
    <p class='ocr_par' dir='ltr' id='par_1_17' title="bbox 219 1640 1876 1723">
     <span class='ocr_line' id='line_1_17' title="bbox 219 1640 1876 1723; baseline -0.011 -15"><span class='ocrx_word' id='word_1_138' title='bbox 219 1658 335 1718; x_wconf 87' lang='lat' dir='ltr'>tur,</span> <span class='ocrx_word' id='word_1_139' title='bbox 369 1665 490 1723; x_wconf 90' lang='lat' dir='ltr'>quo</span> <span class='ocrx_word' id='word_1_140' title='bbox 522 1647 667 1703; x_wconf 89' lang='lat' dir='ltr'>alios</span> <span class='ocrx_word' id='word_1_141' title='bbox 716 1647 838 1718; x_wconf 93' lang='lat' dir='ltr'>ipse</span> <span class='ocrx_word' id='word_1_142' title='bbox 882 1644 1227 1708; x_wconf 88' lang='lat' dir='ltr'>detruserat,</span> <span class='ocrx_word' id='word_1_143' title='bbox 1259 1644 1316 1696; x_wconf 88' lang='lat' dir='ltr'>et</span> <span class='ocrx_word' id='word_1_144' title='bbox 1359 1640 1509 1694; x_wconf 88' lang='lat' dir='ltr'>inter</span> <span class='ocrx_word' id='word_1_145' title='bbox 1559 1654 1687 1693; x_wconf 89' lang='lat' dir='ltr'>reos</span> <span class='ocrx_word' id='word_1_146' title='bbox 1737 1650 1876 1690; x_wconf 90' lang='lat' dir='ltr'>suos</span> 
     </span>
    </p>
   </div>
   <div class='ocr_carea' id='block_1_18' title="bbox 219 1723 1878 1808">
    <p class='ocr_par' dir='ltr' id='par_1_18' title="bbox 219 1723 1878 1808">
     <span class='ocr_line' id='line_1_18' title="bbox 219 1723 1878 1808; baseline -0.01 -13"><span class='ocrx_word' id='word_1_147' title='bbox 219 1736 599 1796; x_wconf 85' lang='lat' dir='ltr'>imminentis</span> <span class='ocrx_word' id='word_1_148' title='bbox 632 1751 813 1808; x_wconf 66' lang='lat' dir='ltr'>poenas</span> <span class='ocrx_word' id='word_1_149' title='bbox 844 1733 1017 1789; x_wconf 84' lang='lat' dir='ltr'>deflet</span> <span class='ocrx_word' id='word_1_150' title='bbox 1042 1747 1384 1786; x_wconf 67' lang='lat' dir='ltr'>aerumnam.</span> <span class='ocrx_word' id='word_1_151' title='bbox 1405 1730 1662 1793; x_wconf 90' lang='lat' dir='ltr'>Quantos</span> <span class='ocrx_word' id='word_1_152' title='bbox 1691 1723 1878 1797; x_wconf 88' lang='lat' dir='ltr'>pridie</span> 
     </span>
    </p>
   </div>
   <div class='ocr_carea' id='block_1_19' title="bbox 221 1816 1877 1898">
    <p class='ocr_par' dir='ltr' id='par_1_19' title="bbox 221 1816 1877 1898">
     <span class='ocr_line' id='line_1_19' title="bbox 221 1816 1877 1898; baseline -0.01 -13"><span class='ocrx_word' id='word_1_153' title='bbox 221 1835 459 1885; x_wconf 76' lang='lat' dir='ltr'>caterva</span> <span class='ocrx_word' id='word_1_154' title='bbox 509 1822 938 1898; x_wconf 88' lang='lat' dir='ltr'>plaudentium,</span> <span class='ocrx_word' id='word_1_155' title='bbox 976 1825 1033 1877; x_wconf 91' lang='lat' dir='ltr'>et</span> <span class='ocrx_word' id='word_1_156' title='bbox 1074 1820 1363 1876; x_wconf 88' lang='lat' dir='ltr'>invidiosa</span> <span class='ocrx_word' id='word_1_157' title='bbox 1422 1816 1737 1889; x_wconf 87' lang='lat' dir='ltr'>frequentis</span> <span class='ocrx_word' id='word_1_158' title='bbox 1778 1830 1877 1886; x_wconf 89' lang='lat' dir='ltr'>po-</span> 
     </span>
    </p>
   </div>
   <div class='ocr_carea' id='block_1_20' title="bbox 219 1901 1878 1991">
    <p class='ocr_par' dir='ltr' id='par_1_20' title="bbox 219 1901 1878 1991">
     <span class='ocr_line' id='line_1_20' title="bbox 219 1901 1878 1991; baseline -0.008 -19"><span class='ocrx_word' id='word_1_159' title='bbox 219 1917 343 1991; x_wconf 84' lang='lat' dir='ltr'>puli</span> <span class='ocrx_word' id='word_1_160' title='bbox 382 1917 631 1971; x_wconf 89' lang='lat' dir='ltr'>domum</span> <span class='ocrx_word' id='word_1_161' title='bbox 661 1914 775 1984; x_wconf 80' lang='lat'>(9‘2)</span> <span class='ocrx_word' id='word_1_162' title='bbox 810 1928 1023 1985; x_wconf 91' lang='lat' dir='ltr'>pompa</span> <span class='ocrx_word' id='word_1_163' title='bbox 1053 1908 1308 1976; x_wconf 85' lang='lat' dir='ltr'>deduxit,</span> <span class='ocrx_word' id='word_1_164' title='bbox 1342 1911 1397 1963; x_wconf 90' lang='lat' dir='ltr'>et</span> <span class='ocrx_word' id='word_1_165' title='bbox 1444 1924 1557 1962; x_wconf 85' lang='lat' dir='ltr'>nox</span> <span class='ocrx_word' id='word_1_166' title='bbox 1601 1922 1719 1961; x_wconf 88' lang='lat' dir='ltr'>una</span> <span class='ocrx_word' id='word_1_167' title='bbox 1750 1901 1878 1975; x_wconf 88' lang='lat' dir='ltr'>glo-</span> 
     </span>
    </p>
   </div>
   <div class='ocr_carea' id='block_1_21' title="bbox 218 1993 1879 2074">
    <p class='ocr_par' dir='ltr' id='par_1_21' title="bbox 218 1993 1879 2074">
     <span class='ocr_line' id='line_1_21' title="bbox 218 1993 1879 2074; baseline -0.01 -11"><span class='ocrx_word' id='word_1_168' title='bbox 218 2009 396 2063; x_wconf 63' lang='lat' dir='ltr'>riosa</span> <span class='ocrx_word' id='word_1_169' title='bbox 445 2004 617 2059; x_wconf 88' lang='lat' dir='ltr'>illum</span> <span class='ocrx_word' id='word_1_170' title='bbox 666 2001 1037 2074; x_wconf 88' lang='lat' dir='ltr'>splendorem</span> <span class='ocrx_word' id='word_1_171' title='bbox 1083 1996 1449 2054; x_wconf 88' lang='lat' dir='ltr'>deductionis</span> <span class='ocrx_word' id='word_1_172' title='bbox 1495 1993 1765 2060; x_wconf 81' lang='lat' dir='ltr'>abolevit,</span> <span class='ocrx_word' id='word_1_173' title='bbox 1813 2008 1879 2046; x_wconf 88' lang='lat' dir='ltr'>ac</span> 
     </span>
    </p>
   </div>
   <div class='ocr_carea' id='block_1_22' title="bbox 223 2083 1880 2168">
    <p class='ocr_par' dir='ltr' id='par_1_22' title="bbox 223 2083 1880 2168">
     <span class='ocr_line' id='line_1_22' title="bbox 223 2083 1880 2168; baseline -0.011 -16"><span class='ocrx_word' id='word_1_174' title='bbox 223 2093 578 2168; x_wconf 85' lang='lat' dir='ltr'>repentinus</span> <span class='ocrx_word' id='word_1_175' title='bbox 606 2089 807 2147; x_wconf 86' lang='lat' dir='ltr'>lateris</span> <span class='ocrx_word' id='word_1_176' title='bbox 839 2087 1235 2152; x_wconf 79' lang='lat' dir='ltr'>dolor,eﬂ‘usis</span> <span class='ocrx_word' id='word_1_177' title='bbox 1267 2085 1524 2159; x_wconf 85' lang='lat' dir='ltr'>gaudiis,</span> <span class='ocrx_word' id='word_1_178' title='bbox 1549 2083 1880 2138; x_wconf 90' lang='lat' dir='ltr'>luctuosam</span> 
     </span>
    </p>
   </div>
   <div class='ocr_carea' id='block_1_23' title="bbox 222 2171 1881 2258">
    <p class='ocr_par' dir='ltr' id='par_1_23' title="bbox 222 2171 1881 2258">
     <span class='ocr_line' id='line_1_23' title="bbox 222 2171 1881 2258; baseline -0.008 -20"><span class='ocrx_word' id='word_1_179' title='bbox 222 2185 426 2258; x_wconf 78' lang='lat' dir='ltr'>gravis</span> <span class='ocrx_word' id='word_1_180' title='bbox 473 2178 907 2237; x_wconf 89' lang='lat' dir='ltr'>successionem</span> <span class='ocrx_word' id='word_1_181' title='bbox 956 2176 1219 2232; x_wconf 66' lang='lat' dir='ltr'>maeroris</span> <span class='ocrx_word' id='word_1_182' title='bbox 1263 2172 1612 2229; x_wconf 89' lang='lat' dir='ltr'>admiscuit!</span> <span class='ocrx_word' id='word_1_183' title='bbox 1663 2171 1881 2242; x_wconf 85' lang='lat' dir='ltr'>Hujus-</span> 
     </span>
    </p>
   </div>
   <div class='ocr_carea' id='block_1_24' title="bbox 225 2259 1877 2342">
    <p class='ocr_par' dir='ltr' id='par_1_24' title="bbox 225 2259 1877 2342">
     <span class='ocr_line' id='line_1_24' title="bbox 225 2259 1877 2342; baseline -0.01 -13"><span class='ocrx_word' id='word_1_184' title='bbox 225 2272 393 2328; x_wconf 87' lang='lat' dir='ltr'>modi</span> <span class='ocrx_word' id='word_1_185' title='bbox 439 2271 625 2342; x_wconf 81' lang='lat' dir='ltr'>igitur</span> <span class='ocrx_word' id='word_1_186' title='bbox 666 2273 756 2323; x_wconf 90' lang='lat' dir='ltr'>est</span> <span class='ocrx_word' id='word_1_187' title='bbox 802 2265 988 2339; x_wconf 84' lang='lat' dir='ltr'>gloria</span> <span class='ocrx_word' id='word_1_188' title='bbox 1037 2263 1296 2318; x_wconf 90' lang='lat' dir='ltr'>hominis</span> <span class='ocrx_word' id='word_1_189' title='bbox 1344 2263 1496 2317; x_wconf 86' lang='lat' dir='ltr'>sicut</span> <span class='ocrx_word' id='word_1_190' title='bbox 1544 2261 1649 2316; x_wconf 84' lang='lat' dir='ltr'>flos</span> <span class='ocrx_word' id='word_1_191' title='bbox 1698 2259 1811 2315; x_wconf 90' lang='lat' dir='ltr'>feni</span> <span class='ocrx_word' id='word_1_192' title='bbox 1865 2274 1877 2313; x_wconf 93' lang='lat'>:</span> 
     </span>
    </p>
   </div>
   <div class='ocr_carea' id='block_1_25' title="bbox 224 2348 1881 2434">
    <p class='ocr_par' dir='ltr' id='par_1_25' title="bbox 224 2348 1881 2434">
     <span class='ocr_line' id='line_1_25' title="bbox 224 2348 1881 2434; baseline -0.01 -18"><span class='ocrx_word' id='word_1_193' title='bbox 224 2377 362 2434; x_wconf 65' lang='lat' dir='ltr'>quae</span> <span class='ocrx_word' id='word_1_194' title='bbox 421 2358 601 2414; x_wconf 81' lang='lat' dir='ltr'>etiam</span> <span class='ocrx_word' id='word_1_195' title='bbox 649 2372 783 2411; x_wconf 91' lang='lat' dir='ltr'>cum</span> <span class='ocrx_word' id='word_1_196' title='bbox 844 2354 1100 2410; x_wconf 76' lang='lat' dir='ltr'>defertur</span> <span class='ocrx_word' id='word_1_197' title='bbox 1144 2350 1290 2406; x_wconf 87' lang='lat' dir='ltr'>nihil</span> <span class='ocrx_word' id='word_1_198' title='bbox 1340 2350 1614 2422; x_wconf 89' lang='lat' dir='ltr'>operibus</span> <span class='ocrx_word' id='word_1_199' title='bbox 1673 2348 1881 2418; x_wconf 86' lang='lat' dir='ltr'>adjun-</span> 
     </span>
    </p>
   </div>
   <div class='ocr_carea' id='block_1_26' title="bbox 223 2439 1882 2523">
    <p class='ocr_par' dir='ltr' id='par_1_26' title="bbox 223 2439 1882 2523">
     <span class='ocr_line' id='line_1_26' title="bbox 223 2439 1882 2523; baseline -0.008 -19"><span class='ocrx_word' id='word_1_200' title='bbox 223 2450 309 2523; x_wconf 85' lang='lat' dir='ltr'>git</span> <span class='ocrx_word' id='word_1_201' title='bbox 339 2448 489 2518; x_wconf 85' lang='lat'>(93),</span> <span class='ocrx_word' id='word_1_202' title='bbox 522 2447 579 2500; x_wconf 92' lang='lat' dir='ltr'>in</span> <span class='ocrx_word' id='word_1_203' title='bbox 610 2461 726 2517; x_wconf 88' lang='lat' dir='ltr'>qua</span> <span class='ocrx_word' id='word_1_204' title='bbox 751 2442 949 2498; x_wconf 90' lang='lat' dir='ltr'>nullus</span> <span class='ocrx_word' id='word_1_205' title='bbox 990 2443 1216 2497; x_wconf 89' lang='lat' dir='ltr'>fructus</span> <span class='ocrx_word' id='word_1_206' title='bbox 1263 2439 1620 2510; x_wconf 87' lang='lat' dir='ltr'>acquiritur;</span> <span class='ocrx_word' id='word_1_207' title='bbox 1652 2442 1709 2491; x_wconf 90' lang='lat' dir='ltr'>et</span> <span class='ocrx_word' id='word_1_208' title='bbox 1749 2453 1882 2491; x_wconf 89' lang='lat' dir='ltr'>cum</span> 
     </span>
    </p>
   </div>
   <div class='ocr_carea' id='block_1_27' title="bbox 222 2526 1887 2606">
    <p class='ocr_par' dir='ltr' id='par_1_27' title="bbox 222 2526 1887 2606">
     <span class='ocr_line' id='line_1_27' title="bbox 222 2526 1887 2606; baseline -0.008 -12"><span class='ocrx_word' id='word_1_209' title='bbox 222 2538 553 2606; x_wconf 84' lang='lat' dir='ltr'>amittitur,</span> <span class='ocrx_word' id='word_1_210' title='bbox 598 2533 906 2600; x_wconf 85' lang='lat' dir='ltr'>evanescit,</span> <span class='ocrx_word' id='word_1_211' title='bbox 960 2547 1192 2586; x_wconf 91' lang='lat' dir='ltr'>omnem</span> <span class='ocrx_word' id='word_1_212' title='bbox 1243 2545 1475 2583; x_wconf 87' lang='lat' dir='ltr'>scenam</span> <span class='ocrx_word' id='word_1_213' title='bbox 1517 2526 1794 2593; x_wconf 80' lang='lat' dir='ltr'>hominis,</span> <span class='ocrx_word' id='word_1_214' title='bbox 1830 2530 1887 2581; x_wconf 86' lang='lat' dir='ltr'>et.</span> 
     </span>
    </p>
   </div>
   <div class='ocr_carea' id='block_1_28' title="bbox 222 2616 1887 2699">
    <p class='ocr_par' dir='ltr' id='par_1_28' title="bbox 222 2616 1887 2699">
     <span class='ocr_line' id='line_1_28' title="bbox 222 2616 1887 2699; baseline -0.008 -17"><span class='ocrx_word' id='word_1_215' title='bbox 222 2643 421 2699; x_wconf 79' lang='lat' dir='ltr'>quam</span> <span class='ocrx_word' id='word_1_216' title='bbox 450 2626 703 2696; x_wconf 87' lang='lat' dir='ltr'>desuper</span> <span class='ocrx_word' id='word_1_217' title='bbox 751 2620 1138 2677; x_wconf 88' lang='lat' dir='ltr'>obumbrabat</span> <span class='ocrx_word' id='word_1_218' title='bbox 1167 2622 1403 2690; x_wconf 89' lang='lat' dir='ltr'>repente</span> <span class='ocrx_word' id='word_1_219' title='bbox 1454 2616 1797 2685; x_wconf 85' lang='lat' dir='ltr'>destituens,</span> <span class='ocrx_word' id='word_1_220' title='bbox 1830 2620 1887 2669; x_wconf 91' lang='lat' dir='ltr'>et</span> 
     </span>
    </p>
   </div>
   <div class='ocr_carea' id='block_1_29' title="bbox 219 2711 962 2787">
    <p class='ocr_par' dir='ltr' id='par_1_29' title="bbox 219 2711 962 2787">
     <span class='ocr_line' id='line_1_29' title="bbox 219 2711 962 2787; baseline -0.009 -16"><span class='ocrx_word' id='word_1_221' title='bbox 219 2732 420 2787; x_wconf 85' lang='lat' dir='ltr'>quam</span> <span class='ocrx_word' id='word_1_222' title='bbox 451 2715 615 2769; x_wconf 87' lang='lat' dir='ltr'>intus</span> <span class='ocrx_word' id='word_1_223' title='bbox 646 2711 962 2767; x_wconf 87' lang='lat' dir='ltr'>animabat.</span> 
     </span>
    </p>
   </div>
   <div class='ocr_carea' id='block_1_30' title="bbox 292 2795 1885 2873">
    <p class='ocr_par' dir='ltr' id='par_1_30' title="bbox 292 2795 1885 2873">
     <span class='ocr_line' id='line_1_30' title="bbox 292 2795 1885 2873; baseline -0.008 -12"><span class='ocrx_word' id='word_1_224' title='bbox 292 2804 413 2863; x_wconf 70' lang='lat'>45</span> <span class='ocrx_word' id='word_1_225' title='bbox 447 2805 541 2858; x_wconf 85' lang='grc'>31.</span> <span class='ocrx_word' id='word_1_226' title='bbox 573 2803 752 2873; x_wconf 81' lang='lat' dir='ltr'>Atque</span> <span class='ocrx_word' id='word_1_227' title='bbox 781 2800 1005 2855; x_wconf 88' lang='lat' dir='ltr'>utinam</span> <span class='ocrx_word' id='word_1_228' title='bbox 1037 2799 1404 2854; x_wconf 89' lang='lat' dir='ltr'>imitaremur</span> <span class='ocrx_word' id='word_1_229' title='bbox 1433 2797 1582 2852; x_wconf 84' lang='lat' dir='ltr'>hanc</span> <span class='ocrx_word' id='word_1_230' title='bbox 1622 2795 1885 2857; x_wconf 87' lang='lat' dir='ltr'>herbam,</span> 
     </span>
    </p>
   </div>
   <div class='ocr_carea' id='block_1_31' title="bbox 221 2886 1886 2966">
    <p class='ocr_par' dir='ltr' id='par_1_31' title="bbox 221 2886 1886 2966">
     <span class='ocr_line' id='line_1_31' title="bbox 221 2886 1886 2966; baseline -0.008 -15"><span class='ocrx_word' id='word_1_231' title='bbox 221 2897 293 2951; x_wconf 87' lang='lat' dir='ltr'>de</span> <span class='ocrx_word' id='word_1_232' title='bbox 325 2910 467 2966; x_wconf 82' lang='lat' dir='ltr'>qua</span> <span class='ocrx_word' id='word_1_233' title='bbox 499 2892 582 2947; x_wconf 90' lang='lat' dir='ltr'>ait</span> <span class='ocrx_word' id='word_1_234' title='bbox 604 2890 889 2946; x_wconf 90' lang='lat' dir='ltr'>Dominus</span> <span class='ocrx_word' id='word_1_235' title='bbox 921 2905 935 2941; x_wconf 86' lang='lat'><strong>:</strong></span> <span class='ocrx_word' id='word_1_236' title='bbox 972 2889 1244 2945; x_wconf 73' lang='lat' dir='ltr'>Geminei</span> <span class='ocrx_word' id='word_1_237' title='bbox 1291 2896 1438 2942; x_wconf 85' lang='lat' dir='ltr'>terra</span> <span class='ocrx_word' id='word_1_238' title='bbox 1487 2886 1711 2941; x_wconf 88' lang='lat' dir='ltr'>herbam</span> <span class='ocrx_word' id='word_1_239' title='bbox 1748 2886 1886 2956; x_wconf 83' lang='lat' dir='ltr'>feni,</span> 
     </span>
    </p>
   </div>
   <div class='ocr_carea' id='block_1_32' title="bbox 220 2975 1880 3046">
    <p class='ocr_par' dir='ltr' id='par_1_32' title="bbox 220 2975 1880 3046">
     <span class='ocr_line' id='line_1_32' title="bbox 220 2975 1880 3046; baseline -0.008 -5"><span class='ocrx_word' id='word_1_240' title='bbox 220 2986 529 3041; x_wconf 74' lang='lat' dir='ltr'>seminans</span> <span class='ocrx_word' id='word_1_241' title='bbox 573 2996 755 3037; x_wconf 83' lang='lat' dir='ltr'>semen</span> <span class='ocrx_word' id='word_1_242' title='bbox 795 2978 1090 3033; x_wconf 81' lang='lat' dir='ltr'>secundum</span> <span class='ocrx_word' id='word_1_243' title='bbox 1132 2992 1323 3046; x_wconf 85' lang='lat' dir='ltr'>genus,</span> <span class='ocrx_word' id='word_1_244' title='bbox 1371 2979 1419 3031; x_wconf 86' lang='lat' dir='ltr'>et</span> <span class='ocrx_word' id='word_1_245' title='bbox 1464 2975 1759 3029; x_wconf 78' lang='lat' dir='ltr'>secundum</span> <span class='ocrx_word' id='word_1_246' title='bbox 1806 2975 1880 3027; x_wconf 87' lang='lat' dir='ltr'>si-</span> 
     </span>
    </p>
   </div>
   <div class='ocr_carea' id='block_1_33' title="bbox 221 3063 1888 3139">
    <p class='ocr_par' dir='ltr' id='par_1_33' title="bbox 221 3063 1888 3139">
     <span class='ocr_line' id='line_1_33' title="bbox 221 3063 1888 3139; baseline -0.008 -10"><span class='ocrx_word' id='word_1_247' title='bbox 221 3070 620 3129; x_wconf 70' lang='lat' dir='ltr'>militudinem</span> <span class='ocrx_word' id='word_1_248' title='bbox 646 3067 796 3139; x_wconf 85' lang='lat' dir='ltr'>(Gen.</span> <span class='ocrx_word' id='word_1_249' title='bbox 832 3084 870 3133; x_wconf 79' lang='grc' dir='ltr'>ι,</span> <span class='ocrx_word' id='word_1_250' title='bbox 903 3067 1013 3133; x_wconf 80' lang='lat' dir='ltr'>ll).</span> <span class='ocrx_word' id='word_1_251' title='bbox 1045 3065 1414 3121; x_wconf 90' lang='lat' dir='ltr'>Seminemus</span> <span class='ocrx_word' id='word_1_252' title='bbox 1464 3063 1645 3135; x_wconf 79' lang='lat' dir='ltr'>igitur</span> <span class='ocrx_word' id='word_1_253' title='bbox 1690 3077 1888 3117; x_wconf 83' lang='lat' dir='ltr'>semen</span> 
     </span>
    </p>
   </div>
   <div class='ocr_carea' id='block_1_34' title="bbox 221 3151 1890 3229">
    <p class='ocr_par' dir='ltr' id='par_1_34' title="bbox 221 3151 1890 3229">
     <span class='ocr_line' id='line_1_34' title="bbox 221 3151 1890 3229; baseline -0.006 -14"><span class='ocrx_word' id='word_1_254' title='bbox 221 3158 575 3219; x_wconf 80' lang='lat' dir='ltr'>secundum</span> <span class='ocrx_word' id='word_1_255' title='bbox 609 3173 812 3229; x_wconf 89' lang='lat' dir='ltr'>genus.</span> <span class='ocrx_word' id='word_1_256' title='bbox 846 3154 1007 3218; x_wconf 88' lang='lat' dir='ltr'>Quod</span> <span class='ocrx_word' id='word_1_257' title='bbox 1054 3154 1132 3209; x_wconf 91' lang='lat' dir='ltr'>sit</span> <span class='ocrx_word' id='word_1_258' title='bbox 1178 3169 1384 3225; x_wconf 90' lang='lat' dir='ltr'>genus,</span> <span class='ocrx_word' id='word_1_259' title='bbox 1417 3152 1553 3207; x_wconf 91' lang='lat' dir='ltr'>audi</span> <span class='ocrx_word' id='word_1_260' title='bbox 1604 3151 1890 3207; x_wconf 89' lang='lat' dir='ltr'>dicentem</span> 
     </span>
    </p>
   </div>
   <div class='ocr_carea' id='block_1_35' title="bbox 221 3228 1964 3324">
    <p class='ocr_par' dir='ltr' id='par_1_35' title="bbox 221 3228 1964 3324">
     <span class='ocr_line' id='line_1_35' title="bbox 221 3228 1964 3324; baseline -0.008 -16"><span class='ocrx_word' id='word_1_261' title='bbox 221 3255 517 3324; x_wconf 72' lang='lat' dir='ltr'>oportere</span> <span class='ocrx_word' id='word_1_262' title='bbox 562 3228 664 3301; x_wconf 83' lang='lat' dir='ltr'>nos</span> <span class='ocrx_word' id='word_1_263' title='bbox 703 3260 960 3316; x_wconf 71' lang='lat' dir='ltr'>quaerere</span> <span class='ocrx_word' id='word_1_264' title='bbox 1010 3242 1155 3297; x_wconf 86' lang='lat' dir='ltr'>illud</span> <span class='ocrx_word' id='word_1_265' title='bbox 1201 3242 1486 3307; x_wconf 89' lang='lat' dir='ltr'>divinum,</span> <span class='ocrx_word' id='word_1_266' title='bbox 1520 3240 1569 3297; x_wconf 90' lang='lat' dir='ltr'>si</span> <span class='ocrx_word' id='word_1_267' title='bbox 1600 3242 1891 3312; x_wconf 90' lang='lat' dir='ltr'>quomodo</span> <span class='ocrx_word' id='word_1_268' title='bbox 1922 3228 1964 3293; x_wconf 86' lang='lat' dir='ltr'>C</span> 
     </span>
    </p>
   </div>
   <div class='ocr_carea' id='block_1_36' title="bbox 222 3330 1896 3404">
    <p class='ocr_par' dir='ltr' id='par_1_36' title="bbox 222 3330 1896 3404">
     <span class='ocr_line' id='line_1_36' title="bbox 222 3330 1896 3404; baseline -0.006 -9"><span class='ocrx_word' id='word_1_269' title='bbox 222 3338 390 3395; x_wconf 85' lang='lat' dir='ltr'>illud</span> <span class='ocrx_word' id='word_1_270' title='bbox 456 3338 704 3391; x_wconf 84' lang='lat' dir='ltr'>tractare</span> <span class='ocrx_word' id='word_1_271' title='bbox 756 3331 1052 3404; x_wconf 88' lang='lat' dir='ltr'>possimus</span> <span class='ocrx_word' id='word_1_272' title='bbox 1096 3335 1196 3386; x_wconf 89' lang='lat' dir='ltr'>aut</span> <span class='ocrx_word' id='word_1_273' title='bbox 1244 3330 1500 3385; x_wconf 88' lang='lat' dir='ltr'>invenire</span> <span class='ocrx_word' id='word_1_274' title='bbox 1565 3347 1577 3383; x_wconf 93' lang='lat'><strong>:</strong></span> <span class='ocrx_word' id='word_1_275' title='bbox 1640 3332 1896 3398; x_wconf 79' lang='lat' dir='ltr'>Quamvis</span> 
     </span>
    </p>
   </div>
   <div class='ocr_carea' id='block_1_37' title="bbox 222 3420 1899 3501">
    <p class='ocr_par' dir='ltr' id='par_1_37' title="bbox 222 3420 1899 3501">
     <span class='ocr_line' id='line_1_37' title="bbox 222 3420 1899 3501; baseline -0.007 -16"><span class='ocrx_word' id='word_1_276' title='bbox 222 3446 347 3485; x_wconf 78' lang='lat' dir='ltr'>non</span> <span class='ocrx_word' id='word_1_277' title='bbox 380 3428 551 3497; x_wconf 85' lang='lat' dir='ltr'>longe</span> <span class='ocrx_word' id='word_1_278' title='bbox 594 3426 665 3478; x_wconf 74' lang='lat' dir='ltr'>sit</span> <span class='ocrx_word' id='word_1_279' title='bbox 708 3424 777 3477; x_wconf 90' lang='lat' dir='ltr'>ab</span> <span class='ocrx_word' id='word_1_280' title='bbox 825 3435 1142 3501; x_wconf 83' lang='lat' dir='ltr'>unoquoque</span> <span class='ocrx_word' id='word_1_281' title='bbox 1187 3427 1451 3475; x_wconf 83' lang='lat' dir='ltr'>nostrum.</span> <span class='ocrx_word' id='word_1_282' title='bbox 1486 3421 1548 3474; x_wconf 89' lang='lat' dir='ltr'>In</span> <span class='ocrx_word' id='word_1_283' title='bbox 1593 3420 1708 3491; x_wconf 84' lang='lat' dir='ltr'>ipso</span> <span class='ocrx_word' id='word_1_284' title='bbox 1750 3421 1899 3475; x_wconf 84' lang='lat' dir='ltr'>enim.</span> 
     </span>
    </p>
   </div>
   <div class='ocr_carea' id='block_1_38' title="bbox 220 3507 1899 3579">
    <p class='ocr_par' dir='ltr' id='par_1_38' title="bbox 220 3507 1899 3579">
     <span class='ocr_line' id='line_1_38' title="bbox 220 3507 1899 3579; baseline -0.008 -5"><span class='ocrx_word' id='word_1_285' title='bbox 220 3520 508 3579; x_wconf 70' lang='lat' dir='ltr'>vivimus,</span> <span class='ocrx_word' id='word_1_286' title='bbox 540 3517 827 3576; x_wconf 77' lang='lat' dir='ltr'>etsumus,</span> <span class='ocrx_word' id='word_1_287' title='bbox 869 3518 921 3565; x_wconf 78' lang='lat' dir='ltr'>et</span> <span class='ocrx_word' id='word_1_288' title='bbox 965 3525 1249 3564; x_wconf 82' lang='lat' dir='ltr'>movemur</span> <span class='ocrx_word' id='word_1_289' title='bbox 1290 3526 1308 3562; x_wconf 88' lang='lat'><em>:</em></span> <span class='ocrx_word' id='word_1_290' title='bbox 1352 3510 1493 3563; x_wconf 80' lang='lat' dir='ltr'>sicut</span> <span class='ocrx_word' id='word_1_291' title='bbox 1537 3507 1764 3579; x_wconf 85' lang='lat' dir='ltr'>quidam</span> <span class='ocrx_word' id='word_1_292' title='bbox 1810 3525 1899 3562; x_wconf 81' lang='lat' dir='ltr'>ve-</span> 
     </span>
    </p>
   </div>
   <div class='ocr_carea' id='block_1_39' title="bbox 221 3598 1902 3673">
    <p class='ocr_par' dir='ltr' id='par_1_39' title="bbox 221 3598 1902 3673">
     <span class='ocr_line' id='line_1_39' title="bbox 221 3598 1902 3673; baseline -0.005 -14"><span class='ocrx_word' id='word_1_293' title='bbox 221 3616 449 3671; x_wconf 65' lang='lat' dir='ltr'>strum,</span> <span class='ocrx_word' id='word_1_294' title='bbox 518 3601 728 3673; x_wconf 88' lang='lat' dir='ltr'>inquit,</span> <span class='ocrx_word' id='word_1_295' title='bbox 808 3600 1071 3655; x_wconf 72' lang='lat' dir='ltr'>dixerunt</span> <span class='ocrx_word' id='word_1_296' title='bbox 1137 3598 1293 3669; x_wconf 73' lang='lat' dir='ltr'>cuius</span> <span class='ocrx_word' id='word_1_297' title='bbox 1368 3605 1420 3652; x_wconf 82' lang='lat' dir='ltr'>et</span> <span class='ocrx_word' id='word_1_298' title='bbox 1485 3612 1652 3667; x_wconf 83' lang='lat' dir='ltr'>genus</span> <span class='ocrx_word' id='word_1_299' title='bbox 1716 3613 1902 3651; x_wconf 85' lang='lat' dir='ltr'>sumus</span> 
     </span>
    </p>
   </div>
   <div class='ocr_carea' id='block_1_40' title="bbox 222 3683 1903 3769">
    <p class='ocr_par' dir='ltr' id='par_1_40' title="bbox 222 3683 1903 3769">
     <span class='ocr_line' id='line_1_40' title="bbox 222 3683 1903 3769; baseline -0.008 -16"><span class='ocrx_word' id='word_1_300' title='bbox 222 3698 375 3769; x_wconf 75' lang='grc' dir='ltr'>(Ασε.</span> <span class='ocrx_word' id='word_1_301' title='bbox 415 3689 785 3758; x_wconf 77' lang='lat' dir='ltr'>xvn.27,28).</span> <span class='ocrx_word' id='word_1_302' title='bbox 820 3686 1154 3742; x_wconf 89' lang='lat' dir='ltr'>Secundum</span> <span class='ocrx_word' id='word_1_303' title='bbox 1187 3685 1295 3740; x_wconf 91' lang='lat' dir='ltr'>hoc</span> <span class='ocrx_word' id='word_1_304' title='bbox 1325 3700 1514 3757; x_wconf 89' lang='lat' dir='ltr'>genus</span> <span class='ocrx_word' id='word_1_305' title='bbox 1544 3683 1903 3739; x_wconf 89' lang='lat' dir='ltr'>seminemus</span> 
     </span>
    </p>
   </div>
   <div class='ocr_carea' id='block_1_41' title="bbox 225 3772 1906 3845">
    <p class='ocr_par' dir='ltr' id='par_1_41' title="bbox 225 3772 1906 3845">
     <span class='ocr_line' id='line_1_41' title="bbox 225 3772 1906 3845; baseline -0.009 -3"><span class='ocrx_word' id='word_1_306' title='bbox 225 3796 455 3842; x_wconf 77' lang='lat' dir='ltr'>semen</span> <span class='ocrx_word' id='word_1_307' title='bbox 486 3793 603 3833; x_wconf 91' lang='lat' dir='ltr'>non</span> <span class='ocrx_word' id='word_1_308' title='bbox 633 3777 692 3831; x_wconf 89' lang='lat' dir='ltr'>in</span> <span class='ocrx_word' id='word_1_309' title='bbox 725 3791 922 3842; x_wconf 90' lang='lat' dir='ltr'>carne,</span> <span class='ocrx_word' id='word_1_310' title='bbox 941 3775 1041 3830; x_wconf 91' lang='lat' dir='ltr'>sed</span> <span class='ocrx_word' id='word_1_311' title='bbox 1061 3774 1119 3828; x_wconf 93' lang='lat' dir='ltr'>in</span> <span class='ocrx_word' id='word_1_312' title='bbox 1143 3772 1506 3845; x_wconf 88' lang='lat' dir='ltr'>spiritu.Non</span> <span class='ocrx_word' id='word_1_313' title='bbox 1530 3773 1687 3827; x_wconf 90' lang='lat' dir='ltr'>enim</span> <span class='ocrx_word' id='word_1_314' title='bbox 1710 3789 1906 3827; x_wconf 88' lang='lat' dir='ltr'>carna-</span> 
     </span>
    </p>
   </div>
   <div class='ocr_carea' id='block_1_42' title="bbox 226 3861 1905 3938">
    <p class='ocr_par' dir='ltr' id='par_1_42' title="bbox 226 3861 1905 3938">
     <span class='ocr_line' id='line_1_42' title="bbox 226 3861 1905 3938; baseline -0.009 -8"><span class='ocrx_word' id='word_1_315' title='bbox 226 3873 338 3935; x_wconf 85' lang='lat' dir='ltr'>lia.</span> <span class='ocrx_word' id='word_1_316' title='bbox 357 3868 475 3925; x_wconf 86' lang='lat' dir='ltr'>sed</span> <span class='ocrx_word' id='word_1_317' title='bbox 505 3863 837 3938; x_wconf 88' lang='lat' dir='ltr'>spiritualia</span> <span class='ocrx_word' id='word_1_318' title='bbox 867 3863 1158 3919; x_wconf 89' lang='lat' dir='ltr'>seminare</span> <span class='ocrx_word' id='word_1_319' title='bbox 1188 3862 1598 3932; x_wconf 85' lang='lat' dir='ltr'>debemus.qui</span> <span class='ocrx_word' id='word_1_320' title='bbox 1631 3862 1700 3916; x_wconf 89' lang='lat' dir='ltr'>ad</span> <span class='ocrx_word' id='word_1_321' title='bbox 1728 3861 1905 3915; x_wconf 88' lang='lat' dir='ltr'>vitam</span> 
     </span>
    </p>
   </div>
   <div class='ocr_carea' id='block_1_43' title="bbox 228 3950 1907 4035">
    <p class='ocr_par' dir='ltr' id='par_1_43' title="bbox 228 3950 1907 4035">
     <span class='ocr_line' id='line_1_43' title="bbox 228 3950 1907 4035; baseline -0.006 -23"><span class='ocrx_word' id='word_1_322' title='bbox 228 3956 561 4035; x_wconf 77' lang='lat' dir='ltr'>pervenire</span> <span class='ocrx_word' id='word_1_323' title='bbox 591 3953 859 4010; x_wconf 88' lang='lat' dir='ltr'>volumus</span> <span class='ocrx_word' id='word_1_324' title='bbox 887 3955 1182 4007; x_wconf 78' lang='lat' dir='ltr'>aeternam.</span> <span class='ocrx_word' id='word_1_325' title='bbox 1216 3952 1350 4016; x_wconf 70' lang='lat' dir='ltr'>Quae</span> <span class='ocrx_word' id='word_1_326' title='bbox 1400 3951 1475 4005; x_wconf 89' lang='lat' dir='ltr'>sit</span> <span class='ocrx_word' id='word_1_327' title='bbox 1519 3954 1713 4004; x_wconf 89' lang='lat' dir='ltr'>autem</span> <span class='ocrx_word' id='word_1_328' title='bbox 1745 3950 1907 4004; x_wconf 81' lang='lat' dir='ltr'>simi-</span> 
     </span>
    </p>
   </div>
   <div class='ocr_carea' id='block_1_44' title="bbox 229 4038 1908 4115">
    <p class='ocr_par' dir='ltr' id='par_1_44' title="bbox 229 4038 1908 4115">
     <span class='ocr_line' id='line_1_44' title="bbox 229 4038 1908 4115; baseline -0.008 -10"><span class='ocrx_word' id='word_1_329' title='bbox 229 4048 469 4110; x_wconf 86' lang='lat' dir='ltr'>litudo,</span> <span class='ocrx_word' id='word_1_330' title='bbox 500 4060 619 4099; x_wconf 88' lang='lat' dir='ltr'>non</span> <span class='ocrx_word' id='word_1_331' title='bbox 648 4044 905 4115; x_wconf 88' lang='lat' dir='ltr'>ignoras,</span> <span class='ocrx_word' id='word_1_332' title='bbox 940 4041 1040 4113; x_wconf 88' lang='lat' dir='ltr'>qui</span> <span class='ocrx_word' id='word_1_333' title='bbox 1071 4040 1142 4095; x_wconf 88' lang='lat' dir='ltr'>ad</span> <span class='ocrx_word' id='word_1_334' title='bbox 1174 4039 1489 4111; x_wconf 89' lang='lat' dir='ltr'>imaginem</span> <span class='ocrx_word' id='word_1_335' title='bbox 1530 4043 1588 4093; x_wconf 89' lang='lat' dir='ltr'>et</span> <span class='ocrx_word' id='word_1_336' title='bbox 1634 4038 1908 4092; x_wconf 87' lang='lat' dir='ltr'>similitu-</span> 
     </span>
    </p>
   </div>
   <div class='ocr_carea' id='block_1_45' title="bbox 234 4126 1910 4200">
    <p class='ocr_par' dir='ltr' id='par_1_45' title="bbox 234 4126 1910 4200">
     <span class='ocr_line' id='line_1_45' title="bbox 234 4126 1910 4200; baseline -0.008 -6"><span class='ocrx_word' id='word_1_337' title='bbox 234 4139 460 4194; x_wconf 87' lang='lat' dir='ltr'>dinem</span> <span class='ocrx_word' id='word_1_338' title='bbox 492 4132 597 4188; x_wconf 89' lang='lat' dir='ltr'>Dei</span> <span class='ocrx_word' id='word_1_339' title='bbox 626 4132 815 4187; x_wconf 87' lang='lat' dir='ltr'>factus</span> <span class='ocrx_word' id='word_1_340' title='bbox 845 4146 925 4185; x_wconf 90' lang='lat' dir='ltr'>es.</span> <span class='ocrx_word' id='word_1_341' title='bbox 960 4129 1151 4184; x_wconf 87' lang='lat' dir='ltr'>Herba</span> <span class='ocrx_word' id='word_1_342' title='bbox 1200 4126 1396 4200; x_wconf 88' lang='lat' dir='ltr'>generi</span> <span class='ocrx_word' id='word_1_343' title='bbox 1438 4127 1751 4197; x_wconf 80' lang='lat' dir='ltr'>respondet</span> <span class='ocrx_word' id='word_1_344' title='bbox 1781 4144 1910 4191; x_wconf 90' lang='lat' dir='ltr'>suo,</span> 
     </span>
    </p>
   </div>
   <div class='ocr_carea' id='block_1_46' title="bbox 235 4214 1910 4292">
    <p class='ocr_par' dir='ltr' id='par_1_46' title="bbox 235 4214 1910 4292">
     <span class='ocr_line' id='line_1_46' title="bbox 235 4214 1910 4292; baseline -0.008 -10"><span class='ocrx_word' id='word_1_345' title='bbox 235 4231 306 4282; x_wconf 88' lang='lat' dir='ltr'>tu</span> <span class='ocrx_word' id='word_1_346' title='bbox 340 4239 472 4279; x_wconf 91' lang='lat' dir='ltr'>non</span> <span class='ocrx_word' id='word_1_347' title='bbox 502 4219 823 4292; x_wconf 88' lang='lat' dir='ltr'>respondes</span> <span class='ocrx_word' id='word_1_348' title='bbox 854 4222 954 4272; x_wconf 90' lang='lat' dir='ltr'>tuo</span> <span class='ocrx_word' id='word_1_349' title='bbox 985 4216 1201 4289; x_wconf 87' lang='lat' dir='ltr'>generi.</span> <span class='ocrx_word' id='word_1_350' title='bbox 1238 4214 1437 4270; x_wconf 90' lang='lat' dir='ltr'>Tritici</span> <span class='ocrx_word' id='word_1_351' title='bbox 1467 4231 1715 4287; x_wconf 89' lang='lat' dir='ltr'>granum</span> <span class='ocrx_word' id='word_1_352' title='bbox 1749 4231 1910 4286; x_wconf 90' lang='lat' dir='ltr'>spar-</span> 
     </span>
    </p>
   </div>
   <div class='ocr_carea' id='block_1_47' title="bbox 240 4304 1911 4380">
    <p class='ocr_par' dir='ltr' id='par_1_47' title="bbox 240 4304 1911 4380">
     <span class='ocr_line' id='line_1_47' title="bbox 240 4304 1911 4380; baseline -0.008 -10"><span class='ocrx_word' id='word_1_353' title='bbox 240 4329 389 4370; x_wconf 86' lang='lat' dir='ltr'>sum</span> <span class='ocrx_word' id='word_1_354' title='bbox 425 4316 597 4365; x_wconf 70' lang='lat' dir='ltr'>terra:</span> <span class='ocrx_word' id='word_1_355' title='bbox 625 4306 854 4380; x_wconf 85' lang='lat' dir='ltr'>generis</span> <span class='ocrx_word' id='word_1_356' title='bbox 892 4306 983 4361; x_wconf 90' lang='lat' dir='ltr'>sui</span> <span class='ocrx_word' id='word_1_357' title='bbox 1014 4304 1262 4377; x_wconf 88' lang='lat' dir='ltr'>gratiam</span> <span class='ocrx_word' id='word_1_358' title='bbox 1292 4304 1503 4371; x_wconf 84' lang='lat' dir='ltr'>reddit,</span> <span class='ocrx_word' id='word_1_359' title='bbox 1535 4308 1591 4358; x_wconf 91' lang='lat' dir='ltr'>et</span> <span class='ocrx_word' id='word_1_360' title='bbox 1635 4308 1696 4357; x_wconf 92' lang='lat' dir='ltr'>tu</span> <span class='ocrx_word' id='word_1_361' title='bbox 1742 4304 1911 4375; x_wconf 77' lang='lat' dir='ltr'>dege-</span> 
     </span>
    </p>
   </div>
   <div class='ocr_carea' id='block_1_48' title="bbox 241 4392 1915 4468">
    <p class='ocr_par' dir='ltr' id='par_1_48' title="bbox 241 4392 1915 4468">
     <span class='ocr_line' id='line_1_48' title="bbox 241 4392 1915 4468; baseline -0.007 -9"><span class='ocrx_word' id='word_1_362' title='bbox 241 4416 456 4458; x_wconf 74' lang='lat' dir='ltr'>ner-as.</span> <span class='ocrx_word' id='word_1_363' title='bbox 489 4398 713 4468; x_wconf 82' lang='lat' dir='ltr'>Fruges</span> <span class='ocrx_word' id='word_1_364' title='bbox 742 4412 861 4450; x_wconf 92' lang='lat' dir='ltr'>non</span> <span class='ocrx_word' id='word_1_365' title='bbox 894 4395 1230 4449; x_wconf 89' lang='lat' dir='ltr'>adulterant</span> <span class='ocrx_word' id='word_1_366' title='bbox 1258 4392 1349 4447; x_wconf 90' lang='lat' dir='ltr'>sui</span> <span class='ocrx_word' id='word_1_367' title='bbox 1383 4392 1780 4447; x_wconf 89' lang='lat' dir='ltr'>sinceritatem</span> <span class='ocrx_word' id='word_1_368' title='bbox 1828 4410 1915 4447; x_wconf 83' lang='lat' dir='ltr'>se-</span> 
     </span>
    </p>
   </div>
   <div class='ocr_carea' id='block_1_49' title="bbox 242 4481 1916 4555">
    <p class='ocr_par' dir='ltr' id='par_1_49' title="bbox 242 4481 1916 4555">
     <span class='ocr_line' id='line_1_49' title="bbox 242 4481 1916 4555; baseline -0.007 -9"><span class='ocrx_word' id='word_1_369' title='bbox 242 4487 536 4553; x_wconf 83' lang='lat' dir='ltr'>minis,tu</span> <span class='ocrx_word' id='word_1_370' title='bbox 570 4483 865 4540; x_wconf 89' lang='lat' dir='ltr'>adulteras</span> <span class='ocrx_word' id='word_1_371' title='bbox 894 4482 1207 4555; x_wconf 88' lang='lat' dir='ltr'>puritatem</span> <span class='ocrx_word' id='word_1_372' title='bbox 1239 4481 1729 4552; x_wconf 49' lang='lat' dir='ltr'>animaanigorem</span> <span class='ocrx_word' id='word_1_373' title='bbox 1756 4498 1916 4535; x_wconf 90' lang='lat' dir='ltr'>men-</span> 
     </span>
    </p>
   </div>
   <div class='ocr_carea' id='block_1_50' title="bbox 244 4572 1045 4646">
    <p class='ocr_par' dir='ltr' id='par_1_50' title="bbox 244 4572 1045 4646">
     <span class='ocr_line' id='line_1_50' title="bbox 244 4572 1045 4646; baseline -0.015 -10"><span class='ocrx_word' id='word_1_374' title='bbox 244 4580 355 4642; x_wconf 82' lang='lat' dir='ltr'>tis,</span> <span class='ocrx_word' id='word_1_375' title='bbox 388 4574 660 4646; x_wconf 85' lang='lat' dir='ltr'>corporis</span> <span class='ocrx_word' id='word_1_376' title='bbox 690 4572 1045 4627; x_wconf 88' lang='lat' dir='ltr'>castitatem.</span> 
     </span>
    </p>
   </div>
   <div class='ocr_carea' id='block_1_51' title="bbox 320 4656 1921 4732">
    <p class='ocr_par' dir='ltr' id='par_1_51' title="bbox 320 4656 1921 4732">
     <span class='ocr_line' id='line_1_51' title="bbox 320 4656 1921 4732; baseline -0.004 -12"><span class='ocrx_word' id='word_1_377' title='bbox 320 4667 424 4720; x_wconf 86' lang='lat'>32.</span> <span class='ocrx_word' id='word_1_378' title='bbox 454 4662 582 4717; x_wconf 88' lang='lat' dir='ltr'>Non</span> <span class='ocrx_word' id='word_1_379' title='bbox 614 4659 887 4732; x_wconf 85' lang='lat' dir='ltr'>agnoscis</span> <span class='ocrx_word' id='word_1_380' title='bbox 917 4675 1071 4730; x_wconf 91' lang='lat' dir='ltr'>opus</span> <span class='ocrx_word' id='word_1_381' title='bbox 1101 4674 1231 4713; x_wconf 88' lang='lat' dir='ltr'>esse</span> <span class='ocrx_word' id='word_1_382' title='bbox 1280 4662 1335 4713; x_wconf 88' lang='lat' dir='ltr'>te</span> <span class='ocrx_word' id='word_1_383' title='bbox 1385 4656 1620 4713; x_wconf 88' lang='lat' dir='ltr'>Christi.</span> <span class='ocrx_word' id='word_1_384' title='bbox 1653 4658 1921 4713; x_wconf 85' lang='lat' dir='ltr'>Manibus</span> 
     </span>
    </p>
   </div>
   <div class='ocr_carea' id='block_1_52' title="bbox 246 4746 1919 4821">
    <p class='ocr_par' dir='ltr' id='par_1_52' title="bbox 246 4746 1919 4821">
     <span class='ocr_line' id='line_1_52' title="bbox 246 4746 1919 4821; baseline -0.005 -12"><span class='ocrx_word' id='word_1_385' title='bbox 246 4754 488 4818; x_wconf 81' lang='lat' dir='ltr'>suis,ut</span> <span class='ocrx_word' id='word_1_386' title='bbox 515 4748 789 4821; x_wconf 85' lang='lat' dir='ltr'>legimus,</span> <span class='ocrx_word' id='word_1_387' title='bbox 811 4752 869 4802; x_wconf 92' lang='lat' dir='ltr'>et</span> <span class='ocrx_word' id='word_1_388' title='bbox 894 4746 995 4803; x_wconf 90' lang='lat' dir='ltr'>ille</span> <span class='ocrx_word' id='word_1_389' title='bbox 1027 4747 1294 4802; x_wconf 80' lang='lat' dir='ltr'>formavit</span> <span class='ocrx_word' id='word_1_390' title='bbox 1324 4751 1463 4813; x_wconf 89' lang='lat' dir='ltr'>te,et</span> <span class='ocrx_word' id='word_1_391' title='bbox 1492 4746 1919 4813; x_wconf 79' lang='lat' dir='ltr'>tu,Manicheee,</span> 
     </span>
    </p>
   </div>
   <div class='ocr_carea' id='block_1_53' title="bbox 250 4835 1924 4908">
    <p class='ocr_par' dir='ltr' id='par_1_53' title="bbox 250 4835 1924 4908">
     <span class='ocr_line' id='line_1_53' title="bbox 250 4835 1924 4908; baseline -0.006 -8"><span class='ocrx_word' id='word_1_392' title='bbox 250 4843 524 4900; x_wconf 86' lang='lat' dir='ltr'>alterum</span> <span class='ocrx_word' id='word_1_393' title='bbox 570 4837 680 4908; x_wconf 83' lang='grc'>(94)</span> <span class='ocrx_word' id='word_1_394' title='bbox 727 4835 834 4891; x_wconf 87' lang='lat' dir='ltr'>tibi</span> <span class='ocrx_word' id='word_1_395' title='bbox 892 4836 1132 4892; x_wconf 88' lang='lat' dir='ltr'>asciscis</span> <span class='ocrx_word' id='word_1_396' title='bbox 1179 4839 1495 4891; x_wconf 88' lang='lat' dir='ltr'>auctorem.</span> <span class='ocrx_word' id='word_1_397' title='bbox 1548 4836 1717 4890; x_wconf 87' lang='lat' dir='ltr'>Pater</span> <span class='ocrx_word' id='word_1_398' title='bbox 1772 4836 1924 4890; x_wconf 88' lang='lat' dir='ltr'>Deus</span> 
     </span>
    </p>
   </div>
   <div class='ocr_carea' id='block_1_54' title="bbox 250 4924 1925 4994">
    <p class='ocr_par' dir='ltr' id='par_1_54' title="bbox 250 4924 1925 4994">
     <span class='ocr_line' id='line_1_54' title="bbox 250 4924 1925 4994; baseline -0.007 -6"><span class='ocrx_word' id='word_1_399' title='bbox 250 4930 409 4988; x_wconf 83' lang='lat' dir='ltr'>dicit</span> <span class='ocrx_word' id='word_1_400' title='bbox 442 4927 515 4982; x_wconf 85' lang='lat' dir='ltr'>ad</span> <span class='ocrx_word' id='word_1_401' title='bbox 549 4925 760 4981; x_wconf 86' lang='lat' dir='ltr'>Filium</span> <span class='ocrx_word' id='word_1_402' title='bbox 808 4942 821 4979; x_wconf 92' lang='lat'>:</span> <span class='ocrx_word' id='word_1_403' title='bbox 872 4926 1158 4979; x_wconf 81' lang='lat' dir='ltr'>Faciamus</span> <span class='ocrx_word' id='word_1_404' title='bbox 1187 4924 1463 4979; x_wconf 84' lang='lat' dir='ltr'>hominem</span> <span class='ocrx_word' id='word_1_405' title='bbox 1511 4925 1581 4979; x_wconf 87' lang='lat' dir='ltr'>ad</span> <span class='ocrx_word' id='word_1_406' title='bbox 1630 4926 1925 4994; x_wconf 82' lang='lat' dir='ltr'>imaginem</span> 
     </span>
    </p>
   </div>
   <div class='ocr_carea' id='block_1_55' title="bbox 256 5012 1929 5083">
    <p class='ocr_par' dir='ltr' id='par_1_55' title="bbox 256 5012 1929 5083">
     <span class='ocr_line' id='line_1_55' title="bbox 256 5012 1929 5083; baseline -0.006 -6"><span class='ocrx_word' id='word_1_407' title='bbox 256 5025 313 5077; x_wconf 75' lang='lat' dir='ltr'>et</span> <span class='ocrx_word' id='word_1_408' title='bbox 344 5013 783 5073; x_wconf 73' lang='lat' dir='ltr'>similitudinem</span> <span class='ocrx_word' id='word_1_409' title='bbox 812 5017 1075 5068; x_wconf 84' lang='lat' dir='ltr'>nostram.</span> <span class='ocrx_word' id='word_1_410' title='bbox 1111 5012 1263 5082; x_wconf 87' lang='lat' dir='ltr'>(Gen.</span> <span class='ocrx_word' id='word_1_411' title='bbox 1300 5030 1339 5081; x_wconf 86' lang='grc' dir='ltr'>ι,</span> <span class='ocrx_word' id='word_1_412' title='bbox 1369 5013 1495 5083; x_wconf 82' lang='grc'>26);</span> <span class='ocrx_word' id='word_1_413' title='bbox 1546 5018 1602 5068; x_wconf 91' lang='lat' dir='ltr'>et</span> <span class='ocrx_word' id='word_1_414' title='bbox 1648 5017 1732 5078; x_wconf 92' lang='lat' dir='ltr'>tu,</span> <span class='ocrx_word' id='word_1_415' title='bbox 1777 5013 1929 5067; x_wconf 83' lang='lat' dir='ltr'>Pho-</span> 
     </span>
    </p>
   </div>
   <div class='ocr_carea' id='block_1_56' title="bbox 337 5137 1927 5215">
    <p class='ocr_par' dir='ltr' id='par_1_56' title="bbox 337 5137 1927 5215">
     <span class='ocr_line' id='line_1_56' title="bbox 337 5137 1927 5215; baseline -0.004 -18"><span class='ocrx_word' id='word_1_416' title='bbox 337 5141 465 5215; x_wconf 80' lang='lat'>(9‘3)</span> <span class='ocrx_word' id='word_1_417' title='bbox 498 5138 648 5194; x_wconf 86' lang='lat' dir='ltr'>Edit.</span> <span class='ocrx_word' id='word_1_418' title='bbox 684 5154 908 5207; x_wconf 90' lang='lat' dir='ltr'>omnes,</span> <span class='ocrx_word' id='word_1_419' title='bbox 941 5139 1174 5210; x_wconf 76' lang='lat' dir='ltr'>faventis</span> <span class='ocrx_word' id='word_1_420' title='bbox 1194 5138 1389 5209; x_wconf 78' lang='lat' dir='ltr'>populi</span> <span class='ocrx_word' id='word_1_421' title='bbox 1415 5140 1670 5209; x_wconf 81' lang='lat' dir='ltr'>frequens</span> <span class='ocrx_word' id='word_1_422' title='bbox 1689 5137 1927 5203; x_wconf 87' lang='lat' dir='ltr'>domum,</span> 
     </span>
    </p>
   </div>
   <div class='ocr_carea' id='block_1_57' title="bbox 262 5222 393 5272">
    <p class='ocr_par' dir='ltr' id='par_1_57' title="bbox 262 5222 393 5272">
     <span class='ocr_line' id='line_1_57' title="bbox 262 5222 393 5272; baseline -0.031 0"><span class='ocrx_word' id='word_1_423' title='bbox 262 5222 393 5272; x_wconf 86' lang='lat' dir='ltr'>etc.</span> 
     </span>
    </p>
   </div>
   <div class='ocr_carea' id='block_1_58' title="bbox 340 5279 1930 5356">
    <p class='ocr_par' dir='ltr' id='par_1_58' title="bbox 340 5279 1930 5356">
     <span class='ocr_line' id='line_1_58' title="bbox 340 5279 1930 5356; baseline -0.006 -17"><span class='ocrx_word' id='word_1_424' title='bbox 340 5283 467 5356; x_wconf 88' lang='grc'>(93)</span> <span class='ocrx_word' id='word_1_425' title='bbox 496 5279 650 5356; x_wconf 52' lang='lat' dir='ltr'>ﬁdit.</span> <span class='ocrx_word' id='word_1_426' title='bbox 696 5280 991 5356; x_wconf 63' lang='lat' dir='ltr'>nonnullis</span> <span class='ocrx_word' id='word_1_427' title='bbox 1042 5280 1244 5356; x_wconf 76' lang='lat' dir='ltr'>Paris_._,</span> <span class='ocrx_word' id='word_1_428' title='bbox 1295 5281 1443 5356; x_wconf 77' lang='lat' dir='ltr'>nihil</span> <span class='ocrx_word' id='word_1_429' title='bbox 1492 5281 1614 5356; x_wconf 56' lang='lat' dir='ltr'>apis</span> <span class='ocrx_word' id='word_1_430' title='bbox 1660 5280 1930 5356; x_wconf 70' lang='lat' dir='ltr'>adjungil.</span> 
     </span>
    </p>
   </div>
   <div class='ocr_carea' id='block_1_59' title="bbox 263 5350 1936 5421">
    <p class='ocr_par' dir='ltr' id='par_1_59' title="bbox 263 5350 1936 5421">
     <span class='ocr_line' id='line_1_59' title="bbox 263 5350 1936 5421; baseline -0.007 -7"><span class='ocrx_word' id='word_1_431' title='bbox 263 5350 475 5414; x_wconf 68' lang='lat' dir='ltr'>Codex</span> <span class='ocrx_word' id='word_1_432' title='bbox 503 5352 675 5408; x_wconf 86' lang='lat' dir='ltr'>Dion.</span> <span class='ocrx_word' id='word_1_433' title='bbox 708 5361 764 5407; x_wconf 82' lang='lat' dir='ltr'>et</span> <span class='ocrx_word' id='word_1_434' title='bbox 812 5352 1033 5417; x_wconf 86' lang='lat' dir='ltr'>Germ.,</span> <span class='ocrx_word' id='word_1_435' title='bbox 1078 5350 1226 5406; x_wconf 86' lang='lat' dir='ltr'>nihil</span> <span class='ocrx_word' id='word_1_436' title='bbox 1272 5350 1531 5421; x_wconf 63' lang='lat' dir='ltr'>opibus..I</span> <span class='ocrx_word' id='word_1_437' title='bbox 1577 5352 1758 5415; x_wconf 69' lang='lat' dir='ltr'>(3mm,</span> <span class='ocrx_word' id='word_1_438' title='bbox 1790 5351 1936 5404; x_wconf 80' lang='lat' dir='ltr'>nihil</span> 
     </span>
    </p>
   </div>
   <div class='ocr_carea' id='block_1_60' title="bbox 266 5428 630 5503">
    <p class='ocr_par' dir='ltr' id='par_1_60' title="bbox 266 5428 630 5503">
     <span class='ocr_line' id='line_1_60' title="bbox 266 5428 630 5503; baseline -0.008 -23"><span class='ocrx_word' id='word_1_439' title='bbox 266 5429 485 5503; x_wconf 49' lang='lat' dir='ltr'>operi},</span> <span class='ocrx_word' id='word_1_440' title='bbox 504 5428 630 5503; x_wconf 64' lang='lat' dir='ltr'>etc.</span> 
     </span>
    </p>
   </div>
   <div class='ocr_carea' id='block_1_61' title="bbox 347 5490 1934 5583">
    <p class='ocr_par' dir='ltr' id='par_1_61' title="bbox 347 5490 1934 5583">
     <span class='ocr_line' id='line_1_61' title="bbox 347 5490 1934 5583; baseline -0.004 -30"><span class='ocrx_word' id='word_1_441' title='bbox 347 5490 478 5583; x_wconf 3' lang='lat'>(’95))</span> <span class='ocrx_word' id='word_1_442' title='bbox 503 5495 652 5583; x_wconf 50' lang='lat' dir='ltr'>lites.</span> <span class='ocrx_word' id='word_1_443' title='bbox 682 5496 926 5583; x_wconf 72' lang='lat' dir='ltr'>septem</span> <span class='ocrx_word' id='word_1_444' title='bbox 954 5510 987 5583; x_wconf 69' lang='grc' dir='ltr'>Δε</span> <span class='ocrx_word' id='word_1_445' title='bbox 1031 5500 1084 5548; x_wconf 79' lang='lat' dir='ltr'>et</span> <span class='ocrx_word' id='word_1_446' title='bbox 1119 5491 1560 5583; x_wconf 37' lang='lat' dir='ltr'>tuhManifhwet,</span> <span class='ocrx_word' id='word_1_447' title='bbox 1608 5490 1934 5583; x_wconf 53' lang='lat' dir='ltr'>adtuleram.</span> 
     </span>
    </p>
   </div>
   <div class='ocr_carea' id='block_1_62' title="bbox 273 5562 1938 5637">
    <p class='ocr_par' dir='ltr' id='par_1_62' title="bbox 273 5562 1938 5637">
     <span class='ocr_line' id='line_1_62' title="bbox 273 5562 1938 5637; baseline -0.007 -8"><span class='ocrx_word' id='word_1_448' title='bbox 273 5562 391 5629; x_wconf 69' lang='lat' dir='ltr'>Alii</span> <span class='ocrx_word' id='word_1_449' title='bbox 421 5562 691 5624; x_wconf 85' lang='lat' dir='ltr'>melioris</span> <span class='ocrx_word' id='word_1_450' title='bbox 737 5562 886 5621; x_wconf 69' lang='lat' dir='ltr'>nota:</span> <span class='ocrx_word' id='word_1_451' title='bbox 916 5567 1089 5637; x_wconf 89' lang='lat' dir='ltr'>atque</span> <span class='ocrx_word' id='word_1_452' title='bbox 1118 5562 1283 5628; x_wconf 90' lang='lat' dir='ltr'>edit.,</span> <span class='ocrx_word' id='word_1_453' title='bbox 1313 5570 1363 5617; x_wconf 82' lang='lat' dir='ltr'>et</span> <span class='ocrx_word' id='word_1_454' title='bbox 1395 5564 1476 5628; x_wconf 87' lang='lat' dir='ltr'>tu,</span> <span class='ocrx_word' id='word_1_455' title='bbox 1508 5562 1773 5629; x_wconf 79' lang='lat' dir='ltr'>Maniehe,</span> <span class='ocrx_word' id='word_1_456' title='bbox 1806 5563 1938 5618; x_wconf 82' lang='lat' dir='ltr'>alle-</span> 
     </span>
    </p>
   </div>
   <div class='ocr_carea' id='block_1_63' title="bbox 276 5642 590 5708">
    <p class='ocr_par' dir='ltr' id='par_1_63' title="bbox 276 5642 590 5708">
     <span class='ocr_line' id='line_1_63' title="bbox 276 5642 590 5708; baseline -0.025 -9"><span class='ocrx_word' id='word_1_457' title='bbox 276 5660 441 5708; x_wconf 78' lang='lat' dir='ltr'>rum,</span> <span class='ocrx_word' id='word_1_458' title='bbox 478 5642 590 5695; x_wconf 86' lang='lat' dir='ltr'>etc.</span> 
     </span>
    </p>
   </div>
   <div class='ocr_carea' id='block_1_64' title="bbox 358 5704 1942 5783">
    <p class='ocr_par' dir='ltr' id='par_1_64' title="bbox 358 5704 1942 5783">
     <span class='ocr_line' id='line_1_64' title="bbox 358 5704 1942 5783; baseline -0.004 -16"><span class='ocrx_word' id='word_1_459' title='bbox 358 5704 477 5783; x_wconf 73' lang='lat'>(95)</span> <span class='ocrx_word' id='word_1_460' title='bbox 506 5708 609 5767; x_wconf 82' lang='lat' dir='ltr'>Sed</span> <span class='ocrx_word' id='word_1_461' title='bbox 638 5711 813 5765; x_wconf 82' lang='lat' dir='ltr'>totum</span> <span class='ocrx_word' id='word_1_462' title='bbox 839 5722 909 5764; x_wconf 75' lang='lat' dir='ltr'>ea:</span> <span class='ocrx_word' id='word_1_463' title='bbox 933 5711 1040 5765; x_wconf 75' lang='lat' dir='ltr'>toto</span> <span class='ocrx_word' id='word_1_464' title='bbox 1069 5707 1398 5779; x_wconf 68' lang='lat' dir='ltr'>exprimens.</span> <span class='ocrx_word' id='word_1_465' title='bbox 1445 5706 1618 5763; x_wconf 88' lang='lat' dir='ltr'>Deest</span> <span class='ocrx_word' id='word_1_466' title='bbox 1657 5704 1718 5762; x_wconf 91' lang='lat' dir='ltr'>in</span> <span class='ocrx_word' id='word_1_467' title='bbox 1767 5705 1942 5779; x_wconf 89' lang='lat' dir='ltr'>quin-</span> 
     </span>
    </p>
   </div>
   <div class='ocr_carea' id='block_1_65' title="bbox 1979 1007 3621 1083">
    <p class='ocr_par' dir='ltr' id='par_1_65' title="bbox 1979 1007 3621 1083">
     <span class='ocr_line' id='line_1_65' title="bbox 1979 1007 3621 1083; baseline 0.001 -18"><span class='ocrx_word' id='word_1_468' title='bbox 1979 1010 2129 1083; x_wconf 85' lang='lat' dir='ltr'>gas?</span> <span class='ocrx_word' id='word_1_469' title='bbox 2160 1009 2320 1075; x_wconf 86' lang='lat' dir='ltr'>Quod</span> <span class='ocrx_word' id='word_1_470' title='bbox 2353 1008 2497 1063; x_wconf 83' lang='lat' dir='ltr'>dixit</span> <span class='ocrx_word' id='word_1_471' title='bbox 2527 1008 2713 1073; x_wconf 88' lang='lat' dir='ltr'>Pater,</span> <span class='ocrx_word' id='word_1_472' title='bbox 2749 1007 2929 1062; x_wconf 84' lang='lat' dir='ltr'>Filius</span> <span class='ocrx_word' id='word_1_473' title='bbox 2966 1008 3127 1063; x_wconf 79' lang='lat' dir='ltr'>fecit:</span> <span class='ocrx_word' id='word_1_474' title='bbox 3160 1013 3217 1063; x_wconf 89' lang='lat' dir='ltr'>et</span> <span class='ocrx_word' id='word_1_475' title='bbox 3246 1012 3308 1063; x_wconf 85' lang='lat' dir='ltr'>tu</span> <span class='ocrx_word' id='word_1_476' title='bbox 3340 1009 3621 1082; x_wconf 82' lang='lat' dir='ltr'>aequalem</span> 
     </span>
    </p>
   </div>
   <div class='ocr_carea' id='block_1_66' title="bbox 1980 1096 3017 1172">
    <p class='ocr_par' dir='ltr' id='par_1_66' title="bbox 1980 1096 3017 1172">
     <span class='ocr_line' id='line_1_66' title="bbox 1980 1096 3017 1172; baseline -0.003 -17"><span class='ocrx_word' id='word_1_477' title='bbox 1980 1116 2178 1172; x_wconf 86' lang='lat' dir='ltr'>negas,</span> <span class='ocrx_word' id='word_1_478' title='bbox 2211 1099 2270 1153; x_wconf 90' lang='lat' dir='ltr'>in</span> <span class='ocrx_word' id='word_1_479' title='bbox 2303 1114 2417 1170; x_wconf 89' lang='lat' dir='ltr'>quo</span> <span class='ocrx_word' id='word_1_480' title='bbox 2448 1096 2802 1168; x_wconf 88' lang='lat' dir='ltr'>complacuit</span> <span class='ocrx_word' id='word_1_481' title='bbox 2833 1097 3017 1152; x_wconf 85' lang='lat' dir='ltr'>Pater.</span> 
     </span>
    </p>
   </div>
   <div class='ocr_carea' id='block_1_67' title="bbox 2588 1212 3015 1269">
    <p class='ocr_par' dir='ltr' id='par_1_67' title="bbox 2588 1212 3015 1269">
     <span class='ocr_line' id='line_1_67' title="bbox 2588 1212 3015 1269; baseline -0.005 0"><span class='ocrx_word' id='word_1_482' title='bbox 2588 1214 2827 1269; x_wconf 85' lang='lat' dir='ltr'>CAPUT</span> <span class='ocrx_word' id='word_1_483' title='bbox 2867 1212 3015 1269; x_wconf 85' lang='lat' dir='ltr'>VIII.</span> 
     </span>
    </p>
   </div>
   <div class='ocr_carea' id='block_1_68' title="bbox 1982 1306 3625 1431">
    <p class='ocr_par' dir='ltr' id='par_1_68' title="bbox 1982 1306 3625 1431">
     <span class='ocr_line' id='line_1_68' title="bbox 1982 1306 3625 1431; baseline -0.001 -66"><span class='ocrx_word' id='word_1_484' title='bbox 1982 1311 2056 1365; x_wconf 88' lang='lat' dir='ltr'>De</span> <span class='ocrx_word' id='word_1_485' title='bbox 2087 1311 2285 1364; x_wconf 82' lang='lat' dir='ltr'>virtute</span> <span class='ocrx_word' id='word_1_486' title='bbox 2326 1307 2625 1361; x_wconf 84' lang='lat' dir='ltr'>seminaria</span> <span class='ocrx_word' id='word_1_487' title='bbox 2643 1323 2663 1367; x_wconf 85' lang='lat'><strong><em>;</em></strong></span> <span class='ocrx_word' id='word_1_488' title='bbox 2691 1306 2859 1431; x_wconf 45' lang='lat' dir='ltr'>deque</span> <span class='ocrx_word' id='word_1_489' title='bbox 2896 1307 3249 1375; x_wconf 86' lang='lat' dir='ltr'>germinandi</span> <span class='ocrx_word' id='word_1_490' title='bbox 3286 1324 3351 1361; x_wconf 90' lang='lat' dir='ltr'>ac</span> <span class='ocrx_word' id='word_1_491' title='bbox 3390 1309 3625 1379; x_wconf 81' lang='lat' dir='ltr'>fructiﬁ-</span> 
     </span>
     <span class='ocr_line' id='line_1_69' title="bbox 2053 1377 3622 1431; baseline 0 0"><span class='ocrx_word' id='word_1_492' title='bbox 2053 1380 2218 1431; x_wconf 75' lang='lat' dir='ltr'>candi.</span> <span class='ocrx_word' id='word_1_493' title='bbox 2245 1378 2399 1431; x_wconf 86' lang='lat' dir='ltr'>modo</span> <span class='ocrx_word' id='word_1_494' title='bbox 2430 1378 2589 1431; x_wconf 82' lang='lat' dir='ltr'>nlane</span> <span class='ocrx_word' id='word_1_495' title='bbox 2614 1379 2755 1431; x_wconf 84' lang='lat' dir='ltr'>mira</span> <span class='ocrx_word' id='word_1_496' title='bbox 2797 1379 2864 1431; x_wconf 86' lang='lat' dir='ltr'>ili</span> <span class='ocrx_word' id='word_1_497' title='bbox 2891 1396 2909 1430; x_wconf 90' lang='grc'><strong>.·</strong></span> <span class='ocrx_word' id='word_1_498' title='bbox 2944 1380 3019 1431; x_wconf 79' lang='lat' dir='ltr'>ita</span> <span class='ocrx_word' id='word_1_499' title='bbox 3050 1377 3113 1431; x_wconf 86' lang='lat' dir='ltr'>de</span> <span class='ocrx_word' id='word_1_500' title='bbox 3142 1382 3299 1431; x_wconf 69' lang='lat' dir='ltr'>terrae</span> <span class='ocrx_word' id='word_1_501' title='bbox 3320 1382 3622 1431; x_wconf 80' lang='lat' dir='ltr'>feracitate.</span> 
     </span>
    </p>
   </div>
   <div class='ocr_carea' id='block_1_69' title="bbox 2053 1377 3622 1449">
    <p class='ocr_par' dir='ltr' id='par_1_69' title="bbox 2053 1377 3622 1449">
     <span class='ocr_line' id='line_1_70' title="bbox 2053 1377 3622 1449; baseline 0 -13"><span class='ocrx_word' id='word_1_502' title='bbox 2053 1380 2218 1436; x_wconf 85' lang='lat' dir='ltr'>candi</span> <span class='ocrx_word' id='word_1_503' title='bbox 2245 1378 2399 1433; x_wconf 83' lang='lat' dir='ltr'>modo</span> <span class='ocrx_word' id='word_1_504' title='bbox 2427 1378 2589 1449; x_wconf 80' lang='lat' dir='ltr'>plane</span> <span class='ocrx_word' id='word_1_505' title='bbox 2614 1377 2864 1432; x_wconf 83' lang='lat' dir='ltr'>mirabili</span> <span class='ocrx_word' id='word_1_506' title='bbox 2891 1396 2909 1430; x_wconf 87' lang='lat'><em>:</em></span> <span class='ocrx_word' id='word_1_507' title='bbox 2944 1380 3019 1432; x_wconf 80' lang='lat' dir='ltr'>ita</span> <span class='ocrx_word' id='word_1_508' title='bbox 3050 1377 3113 1432; x_wconf 86' lang='lat' dir='ltr'>de</span> <span class='ocrx_word' id='word_1_509' title='bbox 3142 1382 3299 1433; x_wconf 69' lang='lat' dir='ltr'>terrae</span> <span class='ocrx_word' id='word_1_510' title='bbox 3317 1377 3622 1449; x_wconf 73' lang='lat' dir='ltr'>feracitate,</span> 
     </span>
    </p>
   </div>
   <div class='ocr_carea' id='block_1_70' title="bbox 2053 1448 3628 1579">
    <p class='ocr_par' dir='ltr' id='par_1_70' title="bbox 2053 1448 3628 1579">
     <span class='ocr_line' id='line_1_71' title="bbox 2053 1448 3628 1577; baseline 0.001 -71"><span class='ocrx_word' id='word_1_511' title='bbox 2053 1454 2179 1523; x_wconf 83' lang='lat' dir='ltr'>agri</span> <span class='ocrx_word' id='word_1_512' title='bbox 2200 1452 2371 1577; x_wconf 69' lang='lat' dir='ltr'>dpleni</span> <span class='ocrx_word' id='word_1_513' title='bbox 2395 1448 2826 1522; x_wconf 63' lang='lat' dir='ltr'>pulchritudine,</span> <span class='ocrx_word' id='word_1_514' title='bbox 2859 1449 3152 1505; x_wconf 79' lang='lat' dir='ltr'>herbarum</span> <span class='ocrx_word' id='word_1_515' title='bbox 3200 1448 3523 1507; x_wconf 81' lang='lat' dir='ltr'>salubritate</span> <span class='ocrx_word' id='word_1_516' title='bbox 3564 1468 3628 1507; x_wconf 89' lang='lat' dir='ltr'>ac</span> 
     </span>
     <span class='ocr_line' id='line_1_72' title="bbox 2054 1540 2326 1579; baseline -0.007 -1"><span class='ocrx_word' id='word_1_517' title='bbox 2054 1540 2199 1579; x_wconf 85' lang='lat' dir='ltr'>reme</span> <span class='ocrx_word' id='word_1_518' title='bbox 2239 1540 2326 1577; x_wconf 72' lang='lat' dir='ltr'>iis.</span> 
     </span>
    </p>
   </div>
   <div class='ocr_carea' id='block_1_71' title="bbox 2055 1636 3630 1710">
    <p class='ocr_par' dir='ltr' id='par_1_71' title="bbox 2055 1636 3630 1710">
     <span class='ocr_line' id='line_1_73' title="bbox 2055 1636 3630 1710; baseline -0.001 -15"><span class='ocrx_word' id='word_1_519' title='bbox 2055 1640 2141 1695; x_wconf 89' lang='lat'>33.</span> <span class='ocrx_word' id='word_1_520' title='bbox 2180 1640 2475 1705; x_wconf 82' lang='lat' dir='ltr'>Germinet,</span> <span class='ocrx_word' id='word_1_521' title='bbox 2507 1636 2719 1709; x_wconf 87' lang='lat' dir='ltr'>inquit,</span> <span class='ocrx_word' id='word_1_522' title='bbox 2752 1645 2897 1692; x_wconf 85' lang='lat' dir='ltr'>terra</span> <span class='ocrx_word' id='word_1_523' title='bbox 2925 1636 3151 1693; x_wconf 82' lang='lat' dir='ltr'>herbam</span> <span class='ocrx_word' id='word_1_524' title='bbox 3177 1640 3299 1710; x_wconf 88' lang='lat' dir='ltr'>feni</span> <span class='ocrx_word' id='word_1_525' title='bbox 3337 1638 3630 1695; x_wconf 86' lang='lat' dir='ltr'>secundum</span> 
     </span>
    </p>
   </div>
   <div class='ocr_carea' id='block_1_72' title="bbox 1984 1726 3631 1801">
    <p class='ocr_par' dir='ltr' id='par_1_72' title="bbox 1984 1726 3631 1801">
     <span class='ocr_line' id='line_1_74' title="bbox 1984 1726 3631 1801; baseline 0 -17"><span class='ocrx_word' id='word_1_526' title='bbox 1984 1745 2153 1801; x_wconf 86' lang='lat' dir='ltr'>genus</span> <span class='ocrx_word' id='word_1_527' title='bbox 2185 1727 2334 1798; x_wconf 87' lang='lat' dir='ltr'>(Gen.</span> <span class='ocrx_word' id='word_1_528' title='bbox 2370 1744 2409 1792; x_wconf 78' lang='grc' dir='ltr'>ι,</span> <span class='ocrx_word' id='word_1_529' title='bbox 2446 1726 2552 1801; x_wconf 69' lang='lat' dir='ltr'>ll).</span> <span class='ocrx_word' id='word_1_530' title='bbox 2588 1727 2647 1781; x_wconf 90' lang='lat' dir='ltr'>In</span> <span class='ocrx_word' id='word_1_531' title='bbox 2682 1727 2956 1783; x_wconf 89' lang='lat' dir='ltr'>omnibus</span> <span class='ocrx_word' id='word_1_532' title='bbox 3006 1744 3132 1800; x_wconf 65' lang='lat' dir='ltr'>quae</span> <span class='ocrx_word' id='word_1_533' title='bbox 3178 1729 3452 1784; x_wconf 86' lang='lat' dir='ltr'>dicuntur</span> <span class='ocrx_word' id='word_1_534' title='bbox 3495 1746 3631 1785; x_wconf 90' lang='lat' dir='ltr'>nas-</span> 
     </span>
    </p>
   </div>
   <div class='ocr_carea' id='block_1_73' title="bbox 1988 1815 3631 1891">
    <p class='ocr_par' dir='ltr' id='par_1_73' title="bbox 1988 1815 3631 1891">
     <span class='ocr_line' id='line_1_75' title="bbox 1988 1815 3631 1891; baseline 0.001 -18"><span class='ocrx_word' id='word_1_535' title='bbox 1988 1817 2176 1874; x_wconf 90' lang='lat' dir='ltr'>centia</span> <span class='ocrx_word' id='word_1_536' title='bbox 2206 1815 2651 1887; x_wconf 65' lang='lat' dir='ltr'>terrm,primum</span> <span class='ocrx_word' id='word_1_537' title='bbox 2685 1832 2923 1888; x_wconf 87' lang='lat' dir='ltr'>germen</span> <span class='ocrx_word' id='word_1_538' title='bbox 2955 1820 3069 1884; x_wconf 73' lang='lat' dir='ltr'>cst;</span> <span class='ocrx_word' id='word_1_539' title='bbox 3103 1818 3201 1873; x_wconf 91' lang='lat' dir='ltr'>ubi</span> <span class='ocrx_word' id='word_1_540' title='bbox 3234 1835 3296 1873; x_wconf 89' lang='lat' dir='ltr'>se</span> <span class='ocrx_word' id='word_1_541' title='bbox 3324 1818 3631 1891; x_wconf 90' lang='lat' dir='ltr'>paululum</span> 
     </span>
    </p>
   </div>
   <div class='ocr_carea' id='block_1_74' title="bbox 1988 1905 3630 1977">
    <p class='ocr_par' dir='ltr' id='par_1_74' title="bbox 1988 1905 3630 1977">
     <span class='ocr_line' id='line_1_76' title="bbox 1988 1905 3630 1977; baseline 0 -15"><span class='ocrx_word' id='word_1_542' title='bbox 1988 1905 2313 1969; x_wconf 84' lang='lat' dir='ltr'>sustulerit,</span> <span class='ocrx_word' id='word_1_543' title='bbox 2349 1905 2412 1959; x_wconf 81' lang='lat' dir='ltr'>ﬁt</span> <span class='ocrx_word' id='word_1_544' title='bbox 2440 1905 2850 1977; x_wconf 79' lang='lat' dir='ltr'>herba,postea</span> <span class='ocrx_word' id='word_1_545' title='bbox 2885 1908 3100 1977; x_wconf 70' lang='lat' dir='ltr'>fenum,</span> <span class='ocrx_word' id='word_1_546' title='bbox 3128 1907 3260 1962; x_wconf 85' lang='lat' dir='ltr'>inde</span> <span class='ocrx_word' id='word_1_547' title='bbox 3289 1908 3354 1962; x_wconf 83' lang='lat' dir='ltr'>fit</span> <span class='ocrx_word' id='word_1_548' title='bbox 3384 1908 3630 1963; x_wconf 84' lang='lat' dir='ltr'>fructus.</span> 
     </span>
    </p>
   </div>
   <div class='ocr_carea' id='block_1_75' title="bbox 1988 1993 3633 2067">
    <p class='ocr_par' dir='ltr' id='par_1_75' title="bbox 1988 1993 3633 2067">
     <span class='ocr_line' id='line_1_77' title="bbox 1988 1993 3633 2067; baseline 0 -15"><span class='ocrx_word' id='word_1_549' title='bbox 1988 1996 2137 2052; x_wconf 90' lang='lat' dir='ltr'>Sunt</span> <span class='ocrx_word' id='word_1_550' title='bbox 2168 1993 2468 2049; x_wconf 81' lang='lat' dir='ltr'>nascentia</span> <span class='ocrx_word' id='word_1_551' title='bbox 2497 2011 2623 2066; x_wconf 63' lang='lat' dir='ltr'>quae</span> <span class='ocrx_word' id='word_1_552' title='bbox 2655 1995 2725 2048; x_wconf 90' lang='lat' dir='ltr'>de</span> <span class='ocrx_word' id='word_1_553' title='bbox 2757 1995 2949 2050; x_wconf 90' lang='lat' dir='ltr'>radice</span> <span class='ocrx_word' id='word_1_554' title='bbox 2980 1996 3331 2067; x_wconf 83' lang='lat' dir='ltr'>germinant,</span> <span class='ocrx_word' id='word_1_555' title='bbox 3367 2000 3430 2052; x_wconf 89' lang='lat' dir='ltr'>ut</span> <span class='ocrx_word' id='word_1_556' title='bbox 3465 1996 3633 2053; x_wconf 90' lang='lat' dir='ltr'>arbo-</span> 
     </span>
    </p>
   </div>
   <div class='ocr_carea' id='block_1_76' title="bbox 1990 2084 3635 2156">
    <p class='ocr_par' dir='ltr' id='par_1_76' title="bbox 1990 2084 3635 2156">
     <span class='ocr_line' id='line_1_78' title="bbox 1990 2084 3635 2156; baseline 0.002 -17"><span class='ocrx_word' id='word_1_557' title='bbox 1990 2102 2081 2140; x_wconf 87' lang='lat' dir='ltr'>res</span> <span class='ocrx_word' id='word_1_558' title='bbox 2113 2101 2238 2156; x_wconf 71' lang='lat' dir='ltr'>quas</span> <span class='ocrx_word' id='word_1_559' title='bbox 2270 2100 2384 2138; x_wconf 90' lang='lat' dir='ltr'>non</span> <span class='ocrx_word' id='word_1_560' title='bbox 2419 2088 2559 2139; x_wconf 87' lang='lat' dir='ltr'>sunt</span> <span class='ocrx_word' id='word_1_561' title='bbox 2589 2088 2745 2151; x_wconf 65' lang='lat' dir='ltr'>satae,</span> <span class='ocrx_word' id='word_1_562' title='bbox 2770 2099 2838 2138; x_wconf 80' lang='lat' dir='ltr'>ex</span> <span class='ocrx_word' id='word_1_563' title='bbox 2869 2084 3115 2140; x_wconf 88' lang='lat' dir='ltr'>aliarum</span> <span class='ocrx_word' id='word_1_564' title='bbox 3143 2086 3416 2141; x_wconf 90' lang='lat' dir='ltr'>arborum</span> <span class='ocrx_word' id='word_1_565' title='bbox 3442 2086 3635 2142; x_wconf 89' lang='lat' dir='ltr'>radice</span> 
     </span>
    </p>
   </div>
   <div class='ocr_carea' id='block_1_77' title="bbox 1991 2172 3637 2246">
    <p class='ocr_par' dir='ltr' id='par_1_77' title="bbox 1991 2172 3637 2246">
     <span class='ocr_line' id='line_1_79' title="bbox 1991 2172 3637 2246; baseline 0.002 -17"><span class='ocrx_word' id='word_1_566' title='bbox 1991 2177 2334 2229; x_wconf 87' lang='lat' dir='ltr'>nascuntur.</span> <span class='ocrx_word' id='word_1_567' title='bbox 2370 2173 2431 2226; x_wconf 87' lang='lat' dir='ltr'>In</span> <span class='ocrx_word' id='word_1_568' title='bbox 2466 2172 2753 2227; x_wconf 88' lang='lat' dir='ltr'>arundine</span> <span class='ocrx_word' id='word_1_569' title='bbox 2800 2172 3066 2228; x_wconf 83' lang='lat' dir='ltr'>videmus</span> <span class='ocrx_word' id='word_1_570' title='bbox 3111 2177 3404 2246; x_wconf 88' lang='lat' dir='ltr'>quomodo</span> <span class='ocrx_word' id='word_1_571' title='bbox 3445 2176 3504 2231; x_wconf 93' lang='lat' dir='ltr'>in</span> <span class='ocrx_word' id='word_1_572' title='bbox 3548 2193 3637 2232; x_wconf 82' lang='lat' dir='ltr'>ex-</span> 
     </span>
    </p>
   </div>
   <div class='ocr_carea' id='block_1_78' title="bbox 1989 2260 3637 2333">
    <p class='ocr_par' dir='ltr' id='par_1_78' title="bbox 1989 2260 3637 2333">
     <span class='ocr_line' id='line_1_80' title="bbox 1989 2260 3637 2333; baseline 0.002 -17"><span class='ocrx_word' id='word_1_573' title='bbox 1989 2267 2175 2317; x_wconf 89' lang='lat' dir='ltr'>tremo</span> <span class='ocrx_word' id='word_1_574' title='bbox 2207 2262 2334 2332; x_wconf 83' lang='lat' dir='ltr'>ejus</span> <span class='ocrx_word' id='word_1_575' title='bbox 2362 2260 2519 2316; x_wconf 82' lang='lat' dir='ltr'>velut</span> <span class='ocrx_word' id='word_1_576' title='bbox 2546 2260 2784 2333; x_wconf 88' lang='lat' dir='ltr'>quidam</span> <span class='ocrx_word' id='word_1_577' title='bbox 2820 2263 2885 2316; x_wconf 84' lang='lat' dir='ltr'>fit</span> <span class='ocrx_word' id='word_1_578' title='bbox 2914 2263 3102 2319; x_wconf 90' lang='lat' dir='ltr'>nodus</span> <span class='ocrx_word' id='word_1_579' title='bbox 3133 2280 3163 2320; x_wconf 92' lang='lat' dir='ltr'>e</span> <span class='ocrx_word' id='word_1_580' title='bbox 3190 2264 3390 2333; x_wconf 84' lang='lat' dir='ltr'>latere,</span> <span class='ocrx_word' id='word_1_581' title='bbox 3418 2269 3473 2321; x_wconf 91' lang='lat' dir='ltr'>et</span> <span class='ocrx_word' id='word_1_582' title='bbox 3501 2264 3637 2320; x_wconf 90' lang='lat' dir='ltr'>inde</span> 
     </span>
    </p>
   </div>
   <div class='ocr_carea' id='block_1_79' title="bbox 1992 2351 3636 2427">
    <p class='ocr_par' dir='ltr' id='par_1_79' title="bbox 1992 2351 3636 2427">
     <span class='ocr_line' id='line_1_81' title="bbox 1992 2351 3636 2427; baseline 0.002 -21"><span class='ocrx_word' id='word_1_583' title='bbox 1992 2351 2106 2406; x_wconf 89' lang='lat' dir='ltr'>alia</span> <span class='ocrx_word' id='word_1_584' title='bbox 2136 2351 2359 2404; x_wconf 89' lang='lat' dir='ltr'>arundo</span> <span class='ocrx_word' id='word_1_585' title='bbox 2389 2351 2699 2422; x_wconf 85' lang='lat' dir='ltr'>germinat.</span> <span class='ocrx_word' id='word_1_586' title='bbox 2734 2352 2833 2406; x_wconf 85' lang='lat' dir='ltr'>Est</span> <span class='ocrx_word' id='word_1_587' title='bbox 2863 2368 2997 2424; x_wconf 88' lang='lat' dir='ltr'>ergo</span> <span class='ocrx_word' id='word_1_588' title='bbox 3017 2352 3087 2407; x_wconf 80' lang='lat' dir='ltr'>in</span> <span class='ocrx_word' id='word_1_589' title='bbox 3120 2354 3312 2411; x_wconf 85' lang='lat' dir='ltr'>radice</span> <span class='ocrx_word' id='word_1_590' title='bbox 3349 2356 3436 2411; x_wconf 86' lang='lat' dir='ltr'>vis</span> <span class='ocrx_word' id='word_1_591' title='bbox 3479 2372 3636 2427; x_wconf 62' lang='lat' dir='ltr'>qum-</span> 
     </span>
    </p>
   </div>
   <div class='ocr_carea' id='block_1_80' title="bbox 1993 2438 3639 2515">
    <p class='ocr_par' dir='ltr' id='par_1_80' title="bbox 1993 2438 3639 2515">
     <span class='ocr_line' id='line_1_82' title="bbox 1993 2438 3639 2515; baseline 0.002 -20"><span class='ocrx_word' id='word_1_592' title='bbox 1993 2440 2127 2495; x_wconf 88' lang='lat' dir='ltr'>dam</span> <span class='ocrx_word' id='word_1_593' title='bbox 2188 2439 2507 2493; x_wconf 85' lang='lat' dir='ltr'>seminarii.</span> <span class='ocrx_word' id='word_1_594' title='bbox 2560 2438 2797 2493; x_wconf 87' lang='lat' dir='ltr'>lnsitiva</span> <span class='ocrx_word' id='word_1_595' title='bbox 2846 2456 3078 2511; x_wconf 87' lang='lat' dir='ltr'>quoque</span> <span class='ocrx_word' id='word_1_596' title='bbox 3131 2442 3189 2495; x_wconf 90' lang='lat' dir='ltr'>in</span> <span class='ocrx_word' id='word_1_597' title='bbox 3238 2443 3639 2515; x_wconf 88' lang='lat' dir='ltr'>superioribus</span> 
     </span>
    </p>
   </div>
   <div class='ocr_carea' id='block_1_81' title="bbox 1992 2526 3639 2601">
    <p class='ocr_par' dir='ltr' id='par_1_81' title="bbox 1992 2526 3639 2601">
     <span class='ocr_line' id='line_1_83' title="bbox 1992 2526 3639 2601; baseline 0.003 -18"><span class='ocrx_word' id='word_1_598' title='bbox 1992 2528 2343 2601; x_wconf 88' lang='lat' dir='ltr'>germinant.</span> <span class='ocrx_word' id='word_1_599' title='bbox 2377 2526 2524 2581; x_wconf 81' lang='lat' dir='ltr'>Aliis</span> <span class='ocrx_word' id='word_1_600' title='bbox 2574 2544 2708 2599; x_wconf 88' lang='lat' dir='ltr'>ergo</span> <span class='ocrx_word' id='word_1_601' title='bbox 2757 2545 2789 2581; x_wconf 92' lang='lat' dir='ltr'>a</span> <span class='ocrx_word' id='word_1_602' title='bbox 2843 2528 3033 2584; x_wconf 85' lang='lat' dir='ltr'>radice</span> <span class='ocrx_word' id='word_1_603' title='bbox 3065 2529 3196 2601; x_wconf 80' lang='lat'>(96),</span> <span class='ocrx_word' id='word_1_604' title='bbox 3230 2530 3363 2587; x_wconf 88' lang='lat' dir='ltr'>aliis</span> <span class='ocrx_word' id='word_1_605' title='bbox 3411 2532 3639 2589; x_wconf 86' lang='lat' dir='ltr'>diverso</span> 
     </span>
    </p>
   </div>
   <div class='ocr_carea' id='block_1_82' title="bbox 1994 2616 3652 2689">
    <p class='ocr_par' dir='ltr' id='par_1_82' title="bbox 1994 2616 3652 2689">
     <span class='ocr_line' id='line_1_84' title="bbox 1994 2616 3652 2689; baseline 0 -14"><span class='ocrx_word' id='word_1_606' title='bbox 1994 2634 2237 2675; x_wconf 86' lang='lat' dir='ltr'>munere</span> <span class='ocrx_word' id='word_1_607' title='bbox 2268 2616 2448 2673; x_wconf 88' lang='lat' dir='ltr'>series</span> <span class='ocrx_word' id='word_1_608' title='bbox 2476 2616 2865 2672; x_wconf 85' lang='lat' dir='ltr'>successionis</span> <span class='ocrx_word' id='word_1_609' title='bbox 2895 2618 3234 2689; x_wconf 87' lang='lat' dir='ltr'>acquiritur.</span> <span class='ocrx_word' id='word_1_610' title='bbox 3278 2620 3438 2675; x_wconf 90' lang='lat' dir='ltr'>Inest</span> <span class='ocrx_word' id='word_1_611' title='bbox 3480 2621 3652 2675; x_wconf 65' lang='lat' dir='ltr'>enim.</span> 
     </span>
    </p>
   </div>
   <div class='ocr_carea' id='block_1_83' title="bbox 1994 2704 3641 2781">
    <p class='ocr_par' dir='ltr' id='par_1_83' title="bbox 1994 2704 3641 2781">
     <span class='ocr_line' id='line_1_85' title="bbox 1994 2704 3641 2781; baseline 0.001 -17"><span class='ocrx_word' id='word_1_612' title='bbox 1994 2707 2371 2765; x_wconf 83' lang='lat' dir='ltr'>nascentibus</span> <span class='ocrx_word' id='word_1_613' title='bbox 2404 2704 2654 2778; x_wconf 84' lang='lat' dir='ltr'>singulis</span> <span class='ocrx_word' id='word_1_614' title='bbox 2704 2710 2804 2760; x_wconf 91' lang='lat' dir='ltr'>aut</span> <span class='ocrx_word' id='word_1_615' title='bbox 2852 2723 3073 2773; x_wconf 89' lang='lat' dir='ltr'>semen,</span> <span class='ocrx_word' id='word_1_616' title='bbox 3096 2712 3198 2762; x_wconf 87' lang='lat' dir='ltr'>aut</span> <span class='ocrx_word' id='word_1_617' title='bbox 3226 2708 3410 2764; x_wconf 76' lang='lat' dir='ltr'>virtus</span> <span class='ocrx_word' id='word_1_618' title='bbox 3441 2708 3641 2781; x_wconf 85' lang='lat' dir='ltr'>aliqua</span> 
     </span>
    </p>
   </div>
   <div class='ocr_carea' id='block_1_84' title="bbox 1997 2795 3639 2869">
    <p class='ocr_par' dir='ltr' id='par_1_84' title="bbox 1997 2795 3639 2869">
     <span class='ocr_line' id='line_1_86' title="bbox 1997 2795 3639 2869; baseline -0.001 -14"><span class='ocrx_word' id='word_1_619' title='bbox 1997 2797 2333 2864; x_wconf 89' lang='lat' dir='ltr'>seminaria,</span> <span class='ocrx_word' id='word_1_620' title='bbox 2366 2800 2423 2851; x_wconf 91' lang='lat' dir='ltr'>et</span> <span class='ocrx_word' id='word_1_621' title='bbox 2453 2812 2520 2850; x_wconf 87' lang='lat' dir='ltr'>ea</span> <span class='ocrx_word' id='word_1_622' title='bbox 2549 2795 2872 2850; x_wconf 82' lang='lat' dir='ltr'>secundum</span> <span class='ocrx_word' id='word_1_623' title='bbox 2903 2812 3121 2868; x_wconf 89' lang='lat' dir='ltr'>genus;</span> <span class='ocrx_word' id='word_1_624' title='bbox 3158 2802 3222 2851; x_wconf 92' lang='lat' dir='ltr'>ut</span> <span class='ocrx_word' id='word_1_625' title='bbox 3253 2798 3407 2869; x_wconf 86' lang='lat' dir='ltr'>quod</span> <span class='ocrx_word' id='word_1_626' title='bbox 3449 2798 3639 2853; x_wconf 90' lang='lat' dir='ltr'>nasci-</span> 
     </span>
    </p>
   </div>
   <div class='ocr_carea' id='block_1_85' title="bbox 1996 2884 3642 2959">
    <p class='ocr_par' dir='ltr' id='par_1_85' title="bbox 1996 2884 3642 2959">
     <span class='ocr_line' id='line_1_87' title="bbox 1996 2884 3642 2959; baseline -0.001 -16"><span class='ocrx_word' id='word_1_627' title='bbox 1996 2894 2094 2943; x_wconf 88' lang='lat' dir='ltr'>tur</span> <span class='ocrx_word' id='word_1_628' title='bbox 2121 2905 2187 2943; x_wconf 83' lang='lat' dir='ltr'>ex</span> <span class='ocrx_word' id='word_1_629' title='bbox 2218 2903 2303 2951; x_wconf 91' lang='lat' dir='ltr'>ea,</span> <span class='ocrx_word' id='word_1_630' title='bbox 2329 2884 2521 2940; x_wconf 90' lang='lat' dir='ltr'>simile</span> <span class='ocrx_word' id='word_1_631' title='bbox 2552 2900 2753 2940; x_wconf 90' lang='lat' dir='ltr'>eorum</span> <span class='ocrx_word' id='word_1_632' title='bbox 2785 2901 2911 2956; x_wconf 78' lang='lat' dir='ltr'>quae</span> <span class='ocrx_word' id='word_1_633' title='bbox 2946 2890 3070 2940; x_wconf 84' lang='lat' dir='ltr'>sata</span> <span class='ocrx_word' id='word_1_634' title='bbox 3102 2885 3356 2953; x_wconf 87' lang='lat' dir='ltr'>sunt,vel</span> <span class='ocrx_word' id='word_1_635' title='bbox 3389 2904 3642 2959; x_wconf 89' lang='lat' dir='ltr'>quorum</span> 
     </span>
    </p>
   </div>
   <div class='ocr_carea' id='block_1_86' title="bbox 1999 2972 3643 3045">
    <p class='ocr_par' dir='ltr' id='par_1_86' title="bbox 1999 2972 3643 3045">
     <span class='ocr_line' id='line_1_88' title="bbox 1999 2972 3643 3045; baseline -0.001 -14"><span class='ocrx_word' id='word_1_636' title='bbox 1999 2977 2069 3031; x_wconf 87' lang='lat' dir='ltr'>de</span> <span class='ocrx_word' id='word_1_637' title='bbox 2099 2974 2291 3031; x_wconf 89' lang='lat' dir='ltr'>radice</span> <span class='ocrx_word' id='word_1_638' title='bbox 2322 2974 2418 3041; x_wconf 88' lang='lat' dir='ltr'>sit,</span> <span class='ocrx_word' id='word_1_639' title='bbox 2452 2972 2845 3045; x_wconf 84' lang='lat' dir='ltr'>germinet.De</span> <span class='ocrx_word' id='word_1_640' title='bbox 2872 2972 3062 3029; x_wconf 86' lang='lat' dir='ltr'>tritico</span> <span class='ocrx_word' id='word_1_641' title='bbox 3096 2974 3352 3029; x_wconf 89' lang='lat' dir='ltr'>triticum</span> <span class='ocrx_word' id='word_1_642' title='bbox 3384 2976 3455 3032; x_wconf 89' lang='lat' dir='ltr'>de</span> <span class='ocrx_word' id='word_1_643' title='bbox 3482 2975 3643 3031; x_wconf 89' lang='lat' dir='ltr'>milio</span> 
     </span>
    </p>
   </div>
   <div class='ocr_carea' id='block_1_87' title="bbox 1999 3062 3642 3137">
    <p class='ocr_par' dir='ltr' id='par_1_87' title="bbox 1999 3062 3642 3137">
     <span class='ocr_line' id='line_1_89' title="bbox 1999 3062 3642 3137; baseline 0.001 -17"><span class='ocrx_word' id='word_1_644' title='bbox 1999 3065 2328 3131; x_wconf 90' lang='lat' dir='ltr'>milium,de</span> <span class='ocrx_word' id='word_1_645' title='bbox 2344 3080 2480 3135; x_wconf 82' lang='lat' dir='ltr'>pyro</span> <span class='ocrx_word' id='word_1_646' title='bbox 2495 3080 2671 3136; x_wconf 84' lang='lat' dir='ltr'>pyrus</span> <span class='ocrx_word' id='word_1_647' title='bbox 2690 3062 2819 3118; x_wconf 90' lang='lat' dir='ltr'>albo</span> <span class='ocrx_word' id='word_1_648' title='bbox 2838 3063 2976 3118; x_wconf 87' lang='lat' dir='ltr'>ﬂore</span> <span class='ocrx_word' id='word_1_649' title='bbox 2993 3064 3642 3137; x_wconf 80' lang='lat' dir='ltr'>prorumpitzcastanea,</span> 
     </span>
    </p>
   </div>
   <div class='ocr_carea' id='block_1_88' title="bbox 2000 3152 3107 3227">
    <p class='ocr_par' dir='ltr' id='par_1_88' title="bbox 2000 3152 3107 3227">
     <span class='ocr_line' id='line_1_90' title="bbox 2000 3152 3107 3227; baseline -0.002 -17"><span class='ocrx_word' id='word_1_650' title='bbox 2000 3169 2233 3227; x_wconf 73' lang='lat' dir='ltr'>quoque</span> <span class='ocrx_word' id='word_1_651' title='bbox 2265 3153 2454 3223; x_wconf 87' lang='lat' dir='ltr'>surgit</span> <span class='ocrx_word' id='word_1_652' title='bbox 2487 3152 2556 3207; x_wconf 89' lang='lat' dir='ltr'>de</span> <span class='ocrx_word' id='word_1_653' title='bbox 2583 3152 2776 3207; x_wconf 87' lang='lat' dir='ltr'>radice</span> <span class='ocrx_word' id='word_1_654' title='bbox 2806 3156 3107 3208; x_wconf 80' lang='lat' dir='ltr'>castaneae.</span> 
     </span>
    </p>
   </div>
   <div class='ocr_carea' id='block_1_89' title="bbox 2072 3241 3647 3315">
    <p class='ocr_par' dir='ltr' id='par_1_89' title="bbox 2072 3241 3647 3315">
     <span class='ocr_line' id='line_1_91' title="bbox 2072 3241 3647 3315; baseline 0.001 -18"><span class='ocrx_word' id='word_1_655' title='bbox 2072 3244 2160 3297; x_wconf 68' lang='lat' dir='ltr'>3t.</span> <span class='ocrx_word' id='word_1_656' title='bbox 2197 3241 2489 3308; x_wconf 86' lang='lat' dir='ltr'>Germinel,</span> <span class='ocrx_word' id='word_1_657' title='bbox 2523 3241 2733 3313; x_wconf 89' lang='lat' dir='ltr'>inquit,</span> <span class='ocrx_word' id='word_1_658' title='bbox 2768 3245 2917 3296; x_wconf 83' lang='lat' dir='ltr'>terra</span> <span class='ocrx_word' id='word_1_659' title='bbox 2948 3241 3171 3299; x_wconf 85' lang='lat' dir='ltr'>herbam</span> <span class='ocrx_word' id='word_1_660' title='bbox 3199 3243 3319 3315; x_wconf 77' lang='lat' dir='ltr'>feni</span> <span class='ocrx_word' id='word_1_661' title='bbox 3354 3245 3647 3299; x_wconf 81' lang='lat' dir='ltr'>secundum</span> 
     </span>
    </p>
   </div>
   <div class='ocr_carea' id='block_1_90' title="bbox 2003 3322 3653 3404">
    <p class='ocr_par' dir='ltr' id='par_1_90' title="bbox 2003 3322 3653 3404">
     <span class='ocr_line' id='line_1_92' title="bbox 2003 3322 3653 3404; baseline 0.001 -16"><span class='ocrx_word' id='word_1_662' title='bbox 2003 3349 2187 3404; x_wconf 84' lang='lat' dir='ltr'>genus.</span> <span class='ocrx_word' id='word_1_663' title='bbox 2224 3331 2292 3385; x_wconf 86' lang='lat' dir='ltr'>Et</span> <span class='ocrx_word' id='word_1_664' title='bbox 2324 3331 2600 3385; x_wconf 83' lang='lat' dir='ltr'>continuo</span> <span class='ocrx_word' id='word_1_665' title='bbox 2639 3331 2973 3402; x_wconf 86' lang='lat' dir='ltr'>parturiens</span> <span class='ocrx_word' id='word_1_666' title='bbox 3004 3324 3160 3388; x_wconf 83' lang='lat' dir='ltr'>terra</span> <span class='ocrx_word' id='word_1_667' title='bbox 3189 3322 3368 3389; x_wconf 87' lang='lat' dir='ltr'>novos</span> <span class='ocrx_word' id='word_1_668' title='bbox 3401 3350 3463 3389; x_wconf 91' lang='lat' dir='ltr'>se</span> <span class='ocrx_word' id='word_1_669' title='bbox 3502 3332 3653 3388; x_wconf 80' lang='lat' dir='ltr'>fudit</span> 
     </span>
    </p>
   </div>
   <div class='ocr_carea' id='block_1_91' title="bbox 2006 3419 3653 3492">
    <p class='ocr_par' dir='ltr' id='par_1_91' title="bbox 2006 3419 3653 3492">
     <span class='ocr_line' id='line_1_93' title="bbox 2006 3419 3653 3492; baseline 0.001 -15"><span class='ocrx_word' id='word_1_670' title='bbox 2006 3422 2066 3477; x_wconf 93' lang='lat' dir='ltr'>in</span> <span class='ocrx_word' id='word_1_671' title='bbox 2099 3424 2321 3492; x_wconf 85' lang='lat' dir='ltr'>partus,</span> <span class='ocrx_word' id='word_1_672' title='bbox 2353 3424 2409 3474; x_wconf 90' lang='lat' dir='ltr'>et</span> <span class='ocrx_word' id='word_1_673' title='bbox 2468 3419 2659 3473; x_wconf 86' lang='lat' dir='ltr'>induit</span> <span class='ocrx_word' id='word_1_674' title='bbox 2716 3436 2775 3474; x_wconf 87' lang='lat' dir='ltr'>se</span> <span class='ocrx_word' id='word_1_675' title='bbox 2835 3421 3115 3475; x_wconf 90' lang='lat' dir='ltr'>amictum</span> <span class='ocrx_word' id='word_1_676' title='bbox 3173 3421 3500 3489; x_wconf 71' lang='lat' dir='ltr'>vixiditatis,</span> <span class='ocrx_word' id='word_1_677' title='bbox 3552 3423 3653 3479; x_wconf 75' lang='lat'><strong>46</strong></span> 
     </span>
    </p>
   </div>
   <div class='ocr_carea' id='block_1_92' title="bbox 2009 3507 3657 3585">
    <p class='ocr_par' dir='ltr' id='par_1_92' title="bbox 2009 3507 3657 3585">
     <span class='ocr_line' id='line_1_94' title="bbox 2009 3507 3657 3585; baseline 0.002 -21"><span class='ocrx_word' id='word_1_678' title='bbox 2009 3510 2255 3583; x_wconf 85' lang='lat' dir='ltr'>gratiam</span> <span class='ocrx_word' id='word_1_679' title='bbox 2291 3507 2662 3562; x_wconf 82' lang='lat' dir='ltr'>fecunditatis</span> <span class='ocrx_word' id='word_1_680' title='bbox 2686 3509 3400 3583; x_wconf 86' lang='lat' dir='ltr'>assumpsit,diversisque</span> <span class='ocrx_word' id='word_1_681' title='bbox 3422 3516 3657 3585; x_wconf 89' lang='lat' dir='ltr'>compta</span> 
     </span>
    </p>
   </div>
   <div class='ocr_carea' id='block_1_93' title="bbox 2011 3596 3659 3671">
    <p class='ocr_par' dir='ltr' id='par_1_93' title="bbox 2011 3596 3659 3671">
     <span class='ocr_line' id='line_1_95' title="bbox 2011 3596 3659 3671; baseline 0.002 -18"><span class='ocrx_word' id='word_1_682' title='bbox 2011 3597 2394 3671; x_wconf 86' lang='lat' dir='ltr'>germinibus,</span> <span class='ocrx_word' id='word_1_683' title='bbox 2438 3596 2703 3668; x_wconf 89' lang='lat' dir='ltr'>proprios</span> <span class='ocrx_word' id='word_1_684' title='bbox 2753 3599 3011 3669; x_wconf 90' lang='lat' dir='ltr'>suscepit</span> <span class='ocrx_word' id='word_1_685' title='bbox 3062 3605 3323 3656; x_wconf 86' lang='lat' dir='ltr'>ornatus.</span> <span class='ocrx_word' id='word_1_686' title='bbox 3376 3602 3659 3657; x_wconf 85' lang='lat' dir='ltr'>Miramur</span> 
     </span>
    </p>
   </div>
   <div class='ocr_carea' id='block_1_94' title="bbox 2013 3686 3659 3761">
    <p class='ocr_par' dir='ltr' id='par_1_94' title="bbox 2013 3686 3659 3761">
     <span class='ocr_line' id='line_1_96' title="bbox 2013 3686 3659 3761; baseline 0.003 -19"><span class='ocrx_word' id='word_1_687' title='bbox 2013 3688 2165 3760; x_wconf 90' lang='lat' dir='ltr'>quod</span> <span class='ocrx_word' id='word_1_688' title='bbox 2212 3690 2333 3741; x_wconf 88' lang='lat' dir='ltr'>tam</span> <span class='ocrx_word' id='word_1_689' title='bbox 2388 3686 2501 3741; x_wconf 89' lang='lat' dir='ltr'>cito</span> <span class='ocrx_word' id='word_1_690' title='bbox 2548 3686 2985 3758; x_wconf 84' lang='lat' dir='ltr'>germinaverit;</span> <span class='ocrx_word' id='word_1_691' title='bbox 3021 3692 3240 3759; x_wconf 89' lang='lat' dir='ltr'>quanto</span> <span class='ocrx_word' id='word_1_692' title='bbox 3282 3690 3507 3761; x_wconf 86' lang='lat' dir='ltr'>majora</span> <span class='ocrx_word' id='word_1_693' title='bbox 3549 3692 3659 3747; x_wconf 90' lang='lat' dir='ltr'>mi-</span> 
     </span>
    </p>
   </div>
   <div class='ocr_carea' id='block_1_95' title="bbox 2015 3774 3658 3848">
    <p class='ocr_par' dir='ltr' id='par_1_95' title="bbox 2015 3774 3658 3848">
     <span class='ocr_line' id='line_1_97' title="bbox 2015 3774 3658 3848; baseline 0.002 -17"><span class='ocrx_word' id='word_1_694' title='bbox 2015 3775 2211 3831; x_wconf 88' lang='lat' dir='ltr'>racula</span> <span class='ocrx_word' id='word_1_695' title='bbox 2242 3777 2399 3841; x_wconf 85' lang='lat' dir='ltr'>sunt,</span> <span class='ocrx_word' id='word_1_696' title='bbox 2429 3774 2475 3829; x_wconf 88' lang='lat' dir='ltr'>si</span> <span class='ocrx_word' id='word_1_697' title='bbox 2506 3779 2728 3847; x_wconf 87' lang='lat' dir='ltr'>spectes</span> <span class='ocrx_word' id='word_1_698' title='bbox 2759 3775 3012 3848; x_wconf 88' lang='lat' dir='ltr'>singula,</span> <span class='ocrx_word' id='word_1_699' title='bbox 3042 3778 3541 3847; x_wconf 88' lang='lat' dir='ltr'>quemadmodum</span> <span class='ocrx_word' id='word_1_700' title='bbox 3571 3781 3658 3835; x_wconf 88' lang='lat' dir='ltr'>vel</span> 
     </span>
    </p>
   </div>
   <div class='ocr_carea' id='block_1_96' title="bbox 2009 3863 3665 3936">
    <p class='ocr_par' dir='ltr' id='par_1_96' title="bbox 2009 3863 3665 3936">
     <span class='ocr_line' id='line_1_98' title="bbox 2009 3863 3665 3936; baseline 0.002 -17"><span class='ocrx_word' id='word_1_701' title='bbox 2009 3866 2165 3936; x_wconf 84' lang='lat' dir='ltr'>jacta</span> <span class='ocrx_word' id='word_1_702' title='bbox 2196 3863 2253 3917; x_wconf 91' lang='lat' dir='ltr'>in</span> <span class='ocrx_word' id='word_1_703' title='bbox 2286 3869 2498 3919; x_wconf 86' lang='lat' dir='ltr'>terram</span> <span class='ocrx_word' id='word_1_704' title='bbox 2535 3863 2759 3919; x_wconf 81' lang='lat' dir='ltr'>semina</span> <span class='ocrx_word' id='word_1_705' title='bbox 2792 3865 3253 3935; x_wconf 79' lang='lat' dir='ltr'>resolvantur,ac</span> <span class='ocrx_word' id='word_1_706' title='bbox 3284 3867 3397 3922; x_wconf 92' lang='lat' dir='ltr'>nisi</span> <span class='ocrx_word' id='word_1_707' title='bbox 3431 3872 3665 3924; x_wconf 90' lang='lat' dir='ltr'>mortua</span> 
     </span>
    </p>
   </div>
   <div class='ocr_carea' id='block_1_97' title="bbox 2018 3951 3667 4017">
    <p class='ocr_par' dir='ltr' id='par_1_97' title="bbox 2018 3951 3667 4017">
     <span class='ocr_line' id='line_1_99' title="bbox 2018 3951 3667 4017; baseline 0.003 -10"><span class='ocrx_word' id='word_1_708' title='bbox 2018 3952 2254 4017; x_wconf 83' lang='lat' dir='ltr'>fuerint,</span> <span class='ocrx_word' id='word_1_709' title='bbox 2286 3951 2515 4007; x_wconf 81' lang='lat' dir='ltr'>nullum</span> <span class='ocrx_word' id='word_1_710' title='bbox 2549 3953 2801 4008; x_wconf 87' lang='lat' dir='ltr'>fructum</span> <span class='ocrx_word' id='word_1_711' title='bbox 2835 3954 3077 4009; x_wconf 67' lang='lat' dir='ltr'>afferant</span> <span class='ocrx_word' id='word_1_712' title='bbox 3124 3974 3137 4011; x_wconf 88' lang='lat'><strong>:</strong></span> <span class='ocrx_word' id='word_1_713' title='bbox 3189 3955 3238 4011; x_wconf 90' lang='lat' dir='ltr'>si</span> <span class='ocrx_word' id='word_1_714' title='bbox 3285 3972 3418 4011; x_wconf 87' lang='lat' dir='ltr'>vero</span> <span class='ocrx_word' id='word_1_715' title='bbox 3450 3956 3667 4013; x_wconf 86' lang='lat' dir='ltr'>fuerint</span> 
     </span>
    </p>
   </div>
   <div class='ocr_carea' id='block_1_98' title="bbox 2020 4040 3669 4113">
    <p class='ocr_par' dir='ltr' id='par_1_98' title="bbox 2020 4040 3669 4113">
     <span class='ocr_line' id='line_1_100' title="bbox 2020 4040 3669 4113; baseline 0.005 -18"><span class='ocrx_word' id='word_1_716' title='bbox 2020 4041 2273 4113; x_wconf 84' lang='lat' dir='ltr'>quadam</span> <span class='ocrx_word' id='word_1_717' title='bbox 2310 4040 2398 4095; x_wconf 91' lang='lat' dir='ltr'>sui</span> <span class='ocrx_word' id='word_1_718' title='bbox 2431 4046 2614 4096; x_wconf 86' lang='lat' dir='ltr'>morte</span> <span class='ocrx_word' id='word_1_719' title='bbox 2646 4043 2985 4112; x_wconf 88' lang='lat' dir='ltr'>resoluta,in</span> <span class='ocrx_word' id='word_1_720' title='bbox 3017 4043 3312 4101; x_wconf 83' lang='lat' dir='ltr'>uberiores</span> <span class='ocrx_word' id='word_1_721' title='bbox 3343 4045 3561 4101; x_wconf 84' lang='lat' dir='ltr'>fructus</span> <span class='ocrx_word' id='word_1_722' title='bbox 3584 4064 3669 4103; x_wconf 92' lang='lat' dir='ltr'>re-</span> 
     </span>
    </p>
   </div>
   <div class='ocr_carea' id='block_1_99' title="bbox 2022 4131 3670 4207">
    <p class='ocr_par' dir='ltr' id='par_1_99' title="bbox 2022 4131 3670 4207">
     <span class='ocr_line' id='line_1_101' title="bbox 2022 4131 3670 4207; baseline 0.004 -24"><span class='ocrx_word' id='word_1_723' title='bbox 2022 4134 2286 4201; x_wconf 83' lang='lat' dir='ltr'>surgant.</span> <span class='ocrx_word' id='word_1_724' title='bbox 2348 4131 2604 4202; x_wconf 88' lang='lat' dir='ltr'>Suscipit</span> <span class='ocrx_word' id='word_1_725' title='bbox 2662 4132 2840 4203; x_wconf 85' lang='lat' dir='ltr'>igitur</span> <span class='ocrx_word' id='word_1_726' title='bbox 2909 4149 3160 4203; x_wconf 89' lang='lat' dir='ltr'>granum</span> <span class='ocrx_word' id='word_1_727' title='bbox 3233 4134 3409 4189; x_wconf 89' lang='lat' dir='ltr'>tritici</span> <span class='ocrx_word' id='word_1_728' title='bbox 3480 4136 3670 4207; x_wconf 88' lang='lat' dir='ltr'>putris</span> 
     </span>
    </p>
   </div>
   <div class='ocr_carea' id='block_1_100' title="bbox 2022 4217 3670 4296">
    <p class='ocr_par' dir='ltr' id='par_1_100' title="bbox 2022 4217 3670 4296">
     <span class='ocr_line' id='line_1_102' title="bbox 2022 4217 3670 4296; baseline 0.005 -24"><span class='ocrx_word' id='word_1_729' title='bbox 2022 4217 2192 4290; x_wconf 87' lang='lat' dir='ltr'>gleba</span> <span class='ocrx_word' id='word_1_730' title='bbox 2219 4220 2352 4289; x_wconf 76' lang='lat'>(07),</span> <span class='ocrx_word' id='word_1_731' title='bbox 2385 4223 2440 4273; x_wconf 90' lang='lat' dir='ltr'>et</span> <span class='ocrx_word' id='word_1_732' title='bbox 2491 4237 2760 4291; x_wconf 88' lang='lat' dir='ltr'>sparsum</span> <span class='ocrx_word' id='word_1_733' title='bbox 2808 4221 3038 4277; x_wconf 84' lang='lat' dir='ltr'>cohibet</span> <span class='ocrx_word' id='word_1_734' title='bbox 3084 4224 3304 4278; x_wconf 89' lang='lat' dir='ltr'>occatio</span> <span class='ocrx_word' id='word_1_735' title='bbox 3337 4224 3447 4296; x_wconf 89' lang='lat'>(98)</span> <span class='ocrx_word' id='word_1_736' title='bbox 3481 4241 3547 4280; x_wconf 89' lang='lat' dir='ltr'>ac</span> <span class='ocrx_word' id='word_1_737' title='bbox 3575 4243 3670 4281; x_wconf 87' lang='lat' dir='ltr'>ve-</span> 
     </span>
    </p>
   </div>
   <div class='ocr_carea' id='block_1_101' title="bbox 2024 4306 3674 4384">
    <p class='ocr_par' dir='ltr' id='par_1_101' title="bbox 2024 4306 3674 4384">
     <span class='ocr_line' id='line_1_103' title="bbox 2024 4306 3674 4384; baseline 0.005 -23"><span class='ocrx_word' id='word_1_738' title='bbox 2024 4306 2113 4362; x_wconf 88' lang='lat' dir='ltr'>lut</span> <span class='ocrx_word' id='word_1_739' title='bbox 2143 4312 2406 4362; x_wconf 85' lang='lat' dir='ltr'>materno</span> <span class='ocrx_word' id='word_1_740' title='bbox 2438 4313 2590 4363; x_wconf 89' lang='lat' dir='ltr'>terra</span> <span class='ocrx_word' id='word_1_741' title='bbox 2633 4309 2853 4381; x_wconf 84' lang='lat' dir='ltr'>gremio</span> <span class='ocrx_word' id='word_1_742' title='bbox 2901 4311 3049 4365; x_wconf 78' lang='lat' dir='ltr'>fovet</span> <span class='ocrx_word' id='word_1_743' title='bbox 3088 4315 3145 4366; x_wconf 89' lang='lat' dir='ltr'>et</span> <span class='ocrx_word' id='word_1_744' title='bbox 3189 4314 3544 4384; x_wconf 86' lang='lat' dir='ltr'>comprimit.</span> <span class='ocrx_word' id='word_1_745' title='bbox 3580 4316 3674 4370; x_wconf 90' lang='lat' dir='ltr'>In-</span> 
     </span>
    </p>
   </div>
   <div class='ocr_carea' id='block_1_102' title="bbox 2028 4396 3676 4476">
    <p class='ocr_par' dir='ltr' id='par_1_102' title="bbox 2028 4396 3676 4476">
     <span class='ocr_line' id='line_1_104' title="bbox 2028 4396 3676 4476; baseline 0.005 -25"><span class='ocrx_word' id='word_1_746' title='bbox 2028 4396 2098 4451; x_wconf 89' lang='lat' dir='ltr'>de</span> <span class='ocrx_word' id='word_1_747' title='bbox 2129 4412 2264 4451; x_wconf 91' lang='lat' dir='ltr'>cum</span> <span class='ocrx_word' id='word_1_748' title='bbox 2296 4413 2357 4451; x_wconf 90' lang='lat' dir='ltr'>se</span> <span class='ocrx_word' id='word_1_749' title='bbox 2380 4414 2628 4469; x_wconf 88' lang='lat' dir='ltr'>granum</span> <span class='ocrx_word' id='word_1_750' title='bbox 2663 4397 2805 4452; x_wconf 85' lang='lat' dir='ltr'>illud</span> <span class='ocrx_word' id='word_1_751' title='bbox 2838 4398 3409 4469; x_wconf 84' lang='lat' dir='ltr'>resolverit,herbam</span> <span class='ocrx_word' id='word_1_752' title='bbox 3458 4403 3676 4476; x_wconf 87' lang='lat' dir='ltr'>germi-</span> 
     </span>
    </p>
   </div>
   <div class='ocr_carea' id='block_1_103' title="bbox 2029 4485 3675 4561">
    <p class='ocr_par' dir='ltr' id='par_1_103' title="bbox 2029 4485 3675 4561">
     <span class='ocr_line' id='line_1_105' title="bbox 2029 4485 3675 4561; baseline 0.007 -23"><span class='ocrx_word' id='word_1_753' title='bbox 2029 4489 2320 4557; x_wconf 87' lang='lat' dir='ltr'>nat,grata</span> <span class='ocrx_word' id='word_1_754' title='bbox 2351 4485 2478 4556; x_wconf 90' lang='lat' dir='ltr'>ipsa</span> <span class='ocrx_word' id='word_1_755' title='bbox 2498 4487 2624 4555; x_wconf 88' lang='lat' dir='ltr'>jam</span> <span class='ocrx_word' id='word_1_756' title='bbox 2658 4487 2881 4557; x_wconf 84' lang='lat' dir='ltr'>species</span> <span class='ocrx_word' id='word_1_757' title='bbox 2912 4487 3312 4545; x_wconf 88' lang='lat' dir='ltr'>herbescentis</span> <span class='ocrx_word' id='word_1_758' title='bbox 3342 4490 3675 4561; x_wconf 76' lang='lat' dir='ltr'>viriditatis,</span> 
     </span>
    </p>
   </div>
   <div class='ocr_carea' id='block_1_104' title="bbox 2034 4574 3676 4652">
    <p class='ocr_par' dir='ltr' id='par_1_104' title="bbox 2034 4574 3676 4652">
     <span class='ocr_line' id='line_1_106' title="bbox 2034 4574 3676 4652; baseline 0.004 -25"><span class='ocrx_word' id='word_1_759' title='bbox 2034 4591 2159 4645; x_wconf 67' lang='lat' dir='ltr'>qum</span> <span class='ocrx_word' id='word_1_760' title='bbox 2191 4574 2389 4628; x_wconf 82' lang='lat' dir='ltr'>statim</span> <span class='ocrx_word' id='word_1_761' title='bbox 2421 4590 2603 4645; x_wconf 89' lang='lat' dir='ltr'>genus</span> <span class='ocrx_word' id='word_1_762' title='bbox 2634 4575 2801 4629; x_wconf 84' lang='lat' dir='ltr'>sativi</span> <span class='ocrx_word' id='word_1_763' title='bbox 2855 4575 3259 4633; x_wconf 86' lang='lat' dir='ltr'>similitudinis</span> <span class='ocrx_word' id='word_1_764' title='bbox 3308 4580 3399 4635; x_wconf 91' lang='lat' dir='ltr'>sui</span> <span class='ocrx_word' id='word_1_765' title='bbox 3449 4579 3676 4652; x_wconf 89' lang='lat' dir='ltr'>prodit;</span> 
     </span>
    </p>
   </div>
   <div class='ocr_carea' id='block_1_105' title="bbox 2035 4662 3681 4740">
    <p class='ocr_par' dir='ltr' id='par_1_105' title="bbox 2035 4662 3681 4740">
     <span class='ocr_line' id='line_1_107' title="bbox 2035 4662 3681 4740; baseline 0.004 -24"><span class='ocrx_word' id='word_1_766' title='bbox 2035 4666 2100 4717; x_wconf 91' lang='lat' dir='ltr'>ut</span> <span class='ocrx_word' id='word_1_767' title='bbox 2130 4662 2187 4716; x_wconf 90' lang='lat' dir='ltr'>in</span> <span class='ocrx_word' id='word_1_768' title='bbox 2223 4662 2348 4733; x_wconf 87' lang='lat' dir='ltr'>ipso</span> <span class='ocrx_word' id='word_1_769' title='bbox 2380 4679 2497 4716; x_wconf 58' lang='lat' dir='ltr'>suae.</span> <span class='ocrx_word' id='word_1_770' title='bbox 2528 4662 2726 4735; x_wconf 88' lang='lat' dir='ltr'>stirpis</span> <span class='ocrx_word' id='word_1_771' title='bbox 2758 4664 2990 4720; x_wconf 79' lang='lat' dir='ltr'>exordio</span> <span class='ocrx_word' id='word_1_772' title='bbox 3024 4668 3195 4738; x_wconf 84' lang='lat' dir='ltr'>cujus</span> <span class='ocrx_word' id='word_1_773' title='bbox 3239 4669 3468 4740; x_wconf 87' lang='lat' dir='ltr'>generis</span> <span class='ocrx_word' id='word_1_774' title='bbox 3500 4669 3681 4723; x_wconf 84' lang='lat' dir='ltr'>herba</span> 
     </span>
    </p>
   </div>
   <div class='ocr_carea' id='block_1_106' title="bbox 2033 4752 3679 4828">
    <p class='ocr_par' dir='ltr' id='par_1_106' title="bbox 2033 4752 3679 4828">
     <span class='ocr_line' id='line_1_108' title="bbox 2033 4752 3679 4828; baseline 0.002 -21"><span class='ocrx_word' id='word_1_775' title='bbox 2033 4752 2107 4807; x_wconf 88' lang='lat' dir='ltr'>sit</span> <span class='ocrx_word' id='word_1_776' title='bbox 2139 4766 2540 4823; x_wconf 87' lang='lat' dir='ltr'>recognoscas,</span> <span class='ocrx_word' id='word_1_777' title='bbox 2574 4757 2747 4824; x_wconf 86' lang='lat' dir='ltr'>atque</span> <span class='ocrx_word' id='word_1_778' title='bbox 2779 4754 2838 4809; x_wconf 90' lang='lat' dir='ltr'>in</span> <span class='ocrx_word' id='word_1_779' title='bbox 2871 4754 3070 4812; x_wconf 81' lang='lat' dir='ltr'>herbis</span> <span class='ocrx_word' id='word_1_780' title='bbox 3104 4758 3331 4812; x_wconf 78' lang='lat' dir='ltr'>fructus</span> <span class='ocrx_word' id='word_1_781' title='bbox 3362 4761 3679 4828; x_wconf 89' lang='lat' dir='ltr'>appareat;</span> 
     </span>
    </p>
   </div>
   <div class='ocr_carea' id='block_1_107' title="bbox 2035 4839 3681 4916">
    <p class='ocr_par' dir='ltr' id='par_1_107' title="bbox 2035 4839 3681 4916">
     <span class='ocr_line' id='line_1_109' title="bbox 2035 4839 3681 4916; baseline 0.001 -20"><span class='ocrx_word' id='word_1_782' title='bbox 2035 4839 2433 4913; x_wconf 87' lang='lat' dir='ltr'>paulatimque</span> <span class='ocrx_word' id='word_1_783' title='bbox 2464 4840 2745 4898; x_wconf 87' lang='lat' dir='ltr'>adolescit</span> <span class='ocrx_word' id='word_1_784' title='bbox 2797 4850 2859 4898; x_wconf 89' lang='lat' dir='ltr'>ut</span> <span class='ocrx_word' id='word_1_785' title='bbox 2910 4845 3127 4915; x_wconf 86' lang='lat' dir='ltr'>fenum,</span> <span class='ocrx_word' id='word_1_786' title='bbox 3162 4844 3469 4916; x_wconf 71' lang='lat' dir='ltr'>culmoque</span> <span class='ocrx_word' id='word_1_787' title='bbox 3501 4844 3681 4915; x_wconf 85' lang='lat' dir='ltr'>pube-</span> 
     </span>
    </p>
   </div>
   <div class='ocr_carea' id='block_1_108' title="bbox 2037 4929 3686 5005">
    <p class='ocr_par' dir='ltr' id='par_1_108' title="bbox 2037 4929 3686 5005">
     <span class='ocr_line' id='line_1_110' title="bbox 2037 4929 3686 5005; baseline 0.004 -21"><span class='ocrx_word' id='word_1_788' title='bbox 2037 4946 2206 4984; x_wconf 79' lang='lat' dir='ltr'>scens</span> <span class='ocrx_word' id='word_1_789' title='bbox 2239 4929 2481 5001; x_wconf 86' lang='lat' dir='ltr'>erigitur</span> <span class='ocrx_word' id='word_1_790' title='bbox 2510 4935 2566 4985; x_wconf 87' lang='lat' dir='ltr'>et</span> <span class='ocrx_word' id='word_1_791' title='bbox 2609 4934 2888 5005; x_wconf 85' lang='lat' dir='ltr'>assurgit.</span> <span class='ocrx_word' id='word_1_792' title='bbox 2941 4939 3047 4989; x_wconf 79' lang='lat' dir='ltr'>Ast</span> <span class='ocrx_word' id='word_1_793' title='bbox 3097 4934 3192 4988; x_wconf 92' lang='lat' dir='ltr'>ubi</span> <span class='ocrx_word' id='word_1_794' title='bbox 3244 4950 3305 4989; x_wconf 89' lang='lat' dir='ltr'>se</span> <span class='ocrx_word' id='word_1_795' title='bbox 3354 4932 3686 5005; x_wconf 85' lang='lat' dir='ltr'>geniculata</span> 
     </span>
    </p>
   </div>
   <div class='ocr_carea' id='block_1_109' title="bbox 2031 5017 3686 5096">
    <p class='ocr_par' dir='ltr' id='par_1_109' title="bbox 2031 5017 3686 5096">
     <span class='ocr_line' id='line_1_111' title="bbox 2031 5017 3686 5096; baseline 0.004 -24"><span class='ocrx_word' id='word_1_796' title='bbox 2031 5018 2155 5089; x_wconf 87' lang='lat' dir='ltr'>jam</span> <span class='ocrx_word' id='word_1_797' title='bbox 2191 5017 2351 5088; x_wconf 86' lang='lat' dir='ltr'>spica</span> <span class='ocrx_word' id='word_1_798' title='bbox 2381 5019 2702 5088; x_wconf 88' lang='lat' dir='ltr'>sustulerit,</span> <span class='ocrx_word' id='word_1_799' title='bbox 2734 5023 2952 5094; x_wconf 65' lang='lat' dir='ltr'>vagina;</span> <span class='ocrx_word' id='word_1_800' title='bbox 2995 5023 3258 5093; x_wconf 61' lang='lat' dir='ltr'>quaedam</span> <span class='ocrx_word' id='word_1_801' title='bbox 3294 5021 3497 5076; x_wconf 72' lang='lat' dir='ltr'>futurae</span> <span class='ocrx_word' id='word_1_802' title='bbox 3529 5022 3686 5096; x_wconf 83' lang='lat' dir='ltr'>frugi</span> 
     </span>
    </p>
   </div>
   <div class='ocr_carea' id='block_1_110' title="bbox 2041 5135 3059 5207">
    <p class='ocr_par' dir='ltr' id='par_1_110' title="bbox 2041 5135 3059 5207">
     <span class='ocr_line' id='line_1_112' title="bbox 2041 5135 3059 5207; baseline 0.002 -19"><span class='ocrx_word' id='word_1_803' title='bbox 2041 5149 2154 5206; x_wconf 86' lang='lat' dir='ltr'>quo</span> <span class='ocrx_word' id='word_1_804' title='bbox 2190 5135 2603 5207; x_wconf 10' lang='lat' dir='ltr'>mss.70ptima3</span> <span class='ocrx_word' id='word_1_805' title='bbox 2635 5143 2802 5204; x_wconf 69' lang='lat' dir='ltr'>notae,</span> <span class='ocrx_word' id='word_1_806' title='bbox 2835 5154 2903 5193; x_wconf 75' lang='lat' dir='ltr'>ea:</span> <span class='ocrx_word' id='word_1_807' title='bbox 2933 5140 3059 5192; x_wconf 72' lang='lat' dir='ltr'>toto.</span> 
     </span>
    </p>
   </div>
   <div class='ocr_carea' id='block_1_111' title="bbox 2112 5206 3532 5277">
    <p class='ocr_par' dir='ltr' id='par_1_111' title="bbox 2112 5206 3532 5277">
     <span class='ocr_line' id='line_1_113' title="bbox 2112 5206 3532 5277; baseline 0.005 -18"><span class='ocrx_word' id='word_1_808' title='bbox 2112 5207 2223 5272; x_wconf 77' lang='lat'>(95)</span> <span class='ocrx_word' id='word_1_809' title='bbox 2258 5206 2571 5262; x_wconf 59' lang='lat' dir='ltr'>Edithill.</span> <span class='ocrx_word' id='word_1_810' title='bbox 2607 5225 2669 5262; x_wconf 93' lang='lat' dir='ltr'>ac</span> <span class='ocrx_word' id='word_1_811' title='bbox 2704 5210 2891 5273; x_wconf 78' lang='lat' dir='ltr'>Itom.,</span> <span class='ocrx_word' id='word_1_812' title='bbox 2923 5208 3058 5262; x_wconf 79' lang='lat' dir='ltr'>Aliis</span> <span class='ocrx_word' id='word_1_813' title='bbox 3089 5222 3212 5277; x_wconf 88' lang='lat' dir='ltr'>ergo</span> <span class='ocrx_word' id='word_1_814' title='bbox 3243 5226 3278 5263; x_wconf 88' lang='lat' dir='ltr'>a</span> <span class='ocrx_word' id='word_1_815' title='bbox 3305 5211 3532 5265; x_wconf 83' lang='lat' dir='ltr'>semine.</span> 
     </span>
    </p>
   </div>
   <div class='ocr_carea' id='block_1_112' title="bbox 2114 5277 3686 5353">
    <p class='ocr_par' dir='ltr' id='par_1_112' title="bbox 2114 5277 3686 5353">
     <span class='ocr_line' id='line_1_114' title="bbox 2114 5277 3686 5353; baseline 0.004 -22"><span class='ocrx_word' id='word_1_816' title='bbox 2114 5279 2228 5353; x_wconf 77' lang='grc'>(97)</span> <span class='ocrx_word' id='word_1_817' title='bbox 2260 5278 2524 5353; x_wconf 83' lang='lat' dir='ltr'>Quinque</span> <span class='ocrx_word' id='word_1_818' title='bbox 2556 5296 2697 5353; x_wconf 87' lang='lat' dir='ltr'>mss.</span> <span class='ocrx_word' id='word_1_819' title='bbox 2734 5297 2844 5334; x_wconf 90' lang='lat' dir='ltr'>non</span> <span class='ocrx_word' id='word_1_820' title='bbox 2880 5277 3041 5353; x_wconf 55' lang='lat' dir='ltr'>mala;</span> <span class='ocrx_word' id='word_1_821' title='bbox 3074 5283 3242 5353; x_wconf 64' lang='lat' dir='ltr'>nota),</span> <span class='ocrx_word' id='word_1_822' title='bbox 3273 5283 3473 5353; x_wconf 15' lang='lat' dir='ltr'>nutrix,</span> <span class='ocrx_word' id='word_1_823' title='bbox 3508 5282 3686 5353; x_wconf 84' lang='lat' dir='ltr'>gleba.</span> 
     </span>
    </p>
   </div>
   <div class='ocr_carea' id='block_1_113' title="bbox 2047 5348 3691 5430">
    <p class='ocr_par' dir='ltr' id='par_1_113' title="bbox 2047 5348 3691 5430">
     <span class='ocr_line' id='line_1_115' title="bbox 2047 5348 3691 5430; baseline 0.005 -29"><span class='ocrx_word' id='word_1_824' title='bbox 2047 5348 2252 5430; x_wconf 74' lang='lat' dir='ltr'>Melius</span> <span class='ocrx_word' id='word_1_825' title='bbox 2285 5349 2380 5404; x_wconf 88' lang='lat' dir='ltr'>alii</span> <span class='ocrx_word' id='word_1_826' title='bbox 2406 5348 2469 5430; x_wconf 30' lang='lat' dir='ltr'>tet</span> <span class='ocrx_word' id='word_1_827' title='bbox 2500 5352 2635 5404; x_wconf 79' lang='lat' dir='ltr'>edit.</span> <span class='ocrx_word' id='word_1_828' title='bbox 2674 5353 2891 5421; x_wconf 81' lang='lat' dir='ltr'>:putris</span> <span class='ocrx_word' id='word_1_829' title='bbox 2935 5350 3109 5420; x_wconf 86' lang='lat' dir='ltr'>gleba,</span> <span class='ocrx_word' id='word_1_830' title='bbox 3152 5350 3210 5406; x_wconf 92' lang='lat' dir='ltr'>id</span> <span class='ocrx_word' id='word_1_831' title='bbox 3260 5357 3348 5407; x_wconf 90' lang='lat' dir='ltr'>est</span> <span class='ocrx_word' id='word_1_832' title='bbox 3396 5348 3691 5422; x_wconf 77' lang='lat' dir='ltr'>solubilis,</span> 
     </span>
    </p>
   </div>
   <div class='ocr_carea' id='block_1_114' title="bbox 2048 5420 2655 5493">
    <p class='ocr_par' dir='ltr' id='par_1_114' title="bbox 2048 5420 2655 5493">
     <span class='ocr_line' id='line_1_116' title="bbox 2048 5420 2655 5493; baseline 0 -19"><span class='ocrx_word' id='word_1_833' title='bbox 2048 5424 2112 5475; x_wconf 88' lang='lat' dir='ltr'>ut</span> <span class='ocrx_word' id='word_1_834' title='bbox 2144 5420 2319 5492; x_wconf 90' lang='lat' dir='ltr'>Virg.,</span> <span class='ocrx_word' id='word_1_835' title='bbox 2356 5438 2372 5474; x_wconf 86' lang='lat'>1</span> <span class='ocrx_word' id='word_1_836' title='bbox 2400 5422 2604 5493; x_wconf 86' lang='lat' dir='ltr'>Georg.</span> <span class='ocrx_word' id='word_1_837' title='bbox 2643 5436 2655 5474; x_wconf 92' lang='lat'><strong>:</strong></span> 
     </span>
    </p>
   </div>
   <div class='ocr_carea' id='block_1_115' title="bbox 2346 5525 3393 5593">
    <p class='ocr_par' dir='ltr' id='par_1_115' title="bbox 2346 5525 3393 5593">
     <span class='ocr_line' id='line_1_117' title="bbox 2346 5525 3393 5593; baseline 0.006 -19"><span class='ocrx_word' id='word_1_838' title='bbox 2346 5528 2407 5575; x_wconf 84' lang='lat' dir='ltr'>Et</span> <span class='ocrx_word' id='word_1_839' title='bbox 2437 5525 2668 5589; x_wconf 86' lang='lat' dir='ltr'>zephyro</span> <span class='ocrx_word' id='word_1_840' title='bbox 2702 5528 2871 5589; x_wconf 80' lang='lat' dir='ltr'>putris</span> <span class='ocrx_word' id='word_1_841' title='bbox 2902 5543 2955 5580; x_wconf 88' lang='lat' dir='ltr'>se</span> <span class='ocrx_word' id='word_1_842' title='bbox 2980 5529 3130 5593; x_wconf 87' lang='lat' dir='ltr'>gleba</span> <span class='ocrx_word' id='word_1_843' title='bbox 3160 5530 3393 5583; x_wconf 82' lang='lat' dir='ltr'>resolvit.</span> 
     </span>
    </p>
   </div>
   <div class='ocr_carea' id='block_1_116' title="bbox 2122 5633 3289 5710">
    <p class='ocr_par' dir='ltr' id='par_1_116' title="bbox 2122 5633 3289 5710">
     <span class='ocr_line' id='line_1_118' title="bbox 2122 5633 3289 5710; baseline 0.008 -23"><span class='ocrx_word' id='word_1_844' title='bbox 2122 5634 2234 5705; x_wconf 87' lang='lat'>(98)</span> <span class='ocrx_word' id='word_1_845' title='bbox 2265 5633 2382 5690; x_wconf 88' lang='lat' dir='ltr'>Hoc</span> <span class='ocrx_word' id='word_1_846' title='bbox 2411 5636 2517 5701; x_wconf 89' lang='lat' dir='ltr'>est,</span> <span class='ocrx_word' id='word_1_847' title='bbox 2553 5634 2935 5694; x_wconf 87' lang='lat' dir='ltr'>comminutio</span> <span class='ocrx_word' id='word_1_848' title='bbox 2966 5637 3289 5710; x_wconf 89' lang='lat' dir='ltr'>glebarum.</span> 
     </span>
    </p>
   </div>
  </div>
