4158 6168
459 347 574 413 183

1919 331 1984 403 S.
2027 326 2405 397 AMBROSII

3746 323 3866 395 ιιι

454 483 759 555 parantur,
792 479 851 535 in
884 476 1099 552 quibus
1123 490 1372 551 granum
1404 472 1690 528 formatur
1723 464 1999 533 interius;
2031 479 2104 520 ne
2132 463 2189 531 Α
2217 463 2432 532 sumat,
2461 459 2552 517 cui
2584 456 2865 517 Dominus
2894 460 3126 519 tantum
3154 452 3560 525 testimonium
3606 453 3764 524 tulit,
3795 461 3868 516 ut

454 553 658 628 tenera
700 570 828 641 ejus
879 567 1199 643 primordia
1249 567 1349 619 aut
1398 561 1581 633 frigus
1610 558 1803 625 laedat,
1836 559 1938 611 aut
1965 553 2104 611 solis

456 664 634 717 (estus
665 663 887 726 exurat,
922 662 1021 714 aut
1066 661 1376 711 ventorum
1423 646 1817 714 inclementia,
1850 645 1939 701 vel
1991 644 2101 698 im-

455 749 650 806 brium
678 748 768 804 vis
801 765 951 804 saeva
981 744 1250 801 decutiat.
1284 740 1616 797 Succedunt
1655 736 1895 809 quidam
1948 732 2102 788 ordi-

458 855 561 894 nes
591 839 783 911 spicae,
818 833 1067 892 mirabili
1128 830 1252 888 arte
1301 828 1555 894 formati,
1586 826 1674 882 vel
1725 825 1795 880 ad
1847 822 2103 895 speciem

457 929 629 1002 grati,
659 927 745 983 vel
776 926 846 981 ad
876 928 1121 979 tutatem
1154 937 1303 975 nexu
1338 916 1776 991 quodamiinter
1822 929 1885 968 se
1934 916 2101 967 natu-

458 1000 599 1074 ralis
628 1011 1010 1087 colligationis
1040 1008 1282 1079 astricti,
1307 1025 1455 1080 quos
1499 1001 1861 1079 providentia
1908 1000 2105 1056 divina

458 1104 745 1164 formavit.
779 1104 849 1157 Et
878 1118 949 1158 ne
982 1101 1167 1172 frugis
1198 1095 1618 1154 numerosioris
1650 1093 1904 1166 pondere
1946 1089 2104 1146 velut

459 1196 721 1269 quaedam
753 1193 920 1249 cedat
968 1190 1188 1246 fultura
1216 1187 1567 1252 culmorum,
1601 1181 1826 1255 vaginis
1857 1179 2101 1252 quibus-

455 1268 589 1341 dam
620 1285 747 1357 ipse
777 1281 1010 1337 culmus
1040 1276 1378 1343 includitur,
1414 1278 1480 1329 ut
1517 1269 1829 1345 geminatis
1876 1268 2102 1324 viribus

453 1377 684 1449 frugem
730 1372 919 1445 possit
977 1367 1363 1440 multiplicem
1415 1364 1724 1427 sustinere,
1786 1375 1857 1415 ne
1912 1357 2104 1429 impar

454 1464 619 1522 oneri
648 1465 920 1519 curvetur
944 1460 1003 1515 in
1032 1456 1427 1514 terram.Tum
1455 1468 1637 1524 supra
1655 1447 1846 1522 ipsam
1877 1446 2101 1520 spicam

451 1553 670 1611 vallum
702 1551 951 1609 struitur
981 1548 1388 1612 aristarum,ut
1417 1540 1586 1615 quasi
1609 1539 1866 1612 quadam
1889 1536 1947 1591 in
1972 1551 2103 1591 arce

455 1643 800 1717 praetendat,
834 1655 905 1695 ne
937 1638 1130 1695 avium
1157 1635 1453 1690 minorum
1487 1628 1784 1684 morsibus
1815 1623 1977 1697 spica
2006 1622 2101 1677 lae-

456 1713 650 1799 datur,
684 1733 786 1787 aut
817 1727 941 1797 suis
970 1729 1215 1782 exuatur
1244 1720 1659 1787 fructibus,aut
1685 1713 1949 1786 vestigiis
1971 1728 2102 1785 pro-

455 1826 700 1880 teratur.

527 1912 616 1968 35.
659 1910 806 1976 Quid
859 1908 1047 1963 dicam
1100 1900 1600 1977 quemadmodum
1646 1891 1953 1951 clementia
2000 1891 2104 1946 Dei

454 2003 727 2061 humanae
802 1994 1164 2071 prospexerit
1210 1988 1484 2048 utilitati?
1532 1987 1882 2042 Feneratum
1951 1984 2107 2035 terra

456 2090 714 2148 restituit
760 2088 915 2161 quod
946 2067 1202 2157 accepit,
1237 2084 1293 2137 et
1324 2092 1641 2135 usurarum
1688 2071 1920 2129 cumulo
1950 2067 2104 2124 mul-

452 2159 805 2254 tiplicatum.
838 2175 1115 2232 Homines
1146 2187 1297 2244 saepe
1328 2166 1647 2239 decipiunt,
1679 2164 1737 2219 et
1764 2162 1894 2233 ipsa
1926 2159 2101 2214 frene-

366 2286 378 2298 ‘
454 2249 708 2327 ratorem
738 2283 912 2323 suum
946 2269 1100 2321 sorte
1131 2259 1480 2318 defraudant
1510 2274 1523 2311 :
1558 2260 1712 2310 terra
1758 2249 1947 2306 fidelis
1980 2265 2104 2303 ma-

454 2364 570 2417 net.
604 2360 675 2415 Et
704 2357 753 2413 si
783 2356 1017 2428 quando
1069 2369 1184 2408 non
1233 2347 1486 2414 solverit,
1518 2345 1568 2401 si
1616 2345 1762 2399 forte
1802 2341 2106 2396 adversata

455 2450 632 2506 fuerit
673 2445 905 2521 frigoris
944 2440 1335 2504 inclementia,
1372 2441 1474 2493 aut
1503 2436 1686 2492 nimia
1716 2431 1969 2495 siccitas,
2002 2430 2104 2483 aut

454 2541 746 2597 immensa
772 2537 861 2592 vis
892 2533 1194 2600 imbrium,
1237 2528 1349 2585 alio
1398 2543 1550 2583 anno
1598 2519 1915 2593 superioris
1964 2517 2102 2573 anni

455 2632 674 2687 damna
704 2628 1072 2698 compensat;
1104 2622 1186 2677 ita
1225 2624 1280 2676 et
1311 2618 1544 2691 quando
1575 2614 1889 2687 proventus
1937 2623 2102 2680 spem

457 2716 721 2777 destituit
752 2697 1199 2789 agricolze,nihil
1231 2715 1383 2765 terra
1411 2703 1703 2776 delinquit
1736 2717 1749 2757 ε
1782 2704 1838 2755 et
1869 2697 2102 2770 quando

456 2809 697 2877 arridet,
726 2787 962 2862 ubertas
995 2801 1253 2858 fecunda:
1286 2796 1490 2853 matris
1520 2810 1581 2849 se
1611 2793 1668 2847 id
1694 2794 1896 2863 partus
1917 2787 2101 2841 eifun-

457 2900 564 2967 dit,
598 2876 1016 2966 utnunquam
1073 2890 1263 2946 ullum
1317 2882 1693 2957 dispendium
1744 2895 1849 2934 suo
1895 2876 2105 2931 inferat

458 2986 750 3045 creditori.

528 3078 618 3132 36.
652 3077 786 3140 Quae
814 3089 948 3129 vero
1000 3068 1223 3142 species
1255 3063 1409 3137 pleni
1441 3059 1593 3132 agri!
1629 3056 1737 3123 Qui
1767 3052 1934 3111 odor!
1969 3055 2103 3118 Quae

458 3165 743 3224 suavitas!
778 3164 911 3227 Quae
966 3159 1232 3230 voluptas
1281 3146 1705 3224 agricolarum!
1742 3145 1887 3211 Quid
1930 3143 2104 3213 digne

467 3206 743 3224 συαηυιιυ.
782 3206 911 3227 ,μην
977 3206 1228 3230 ηψπ---
1754 3206 1784 3211 ,,
1993 3206 2025 3213 ν

467 3258 752 3332 explicare
810 3266 1149 3327 possumus,
1191 3244 1242 3301 si
1283 3246 1480 3298 nostro
1530 3242 1766 3292 utamur
1814 3231 2108 3303 alloquio?
2141 3206 2183 3272 (ἶ

464 3319 576 3404 Sed
625 3319 912 3401 habemus
961 3338 1274 3409 Scriptura:
1322 3327 1676 3392 testimonia,
1727 3324 1942 3397 quibus
1986 3319 2110 3392 agri

465 3436 814 3493 suavitatem
845 3423 1236 3486 benedictioni
1283 3426 1338 3476 et
1385 3418 1582 3493 gratiae
1630 3419 1966 3470 sanctorum
2008 3410 2148 3466 ad-'

462 3524 747 3581 vertimus
772 3521 1191 3591 comparatam,
1225 3512 1450 3568 dicente
1479 3509 1682 3563 sancto
1718 3504 1876 3559 Isaac
1909 3519 1922 3556 :
1973 3499 2113 3555 Odor

467 3615 573 3671 ﬁlii
598 3613 710 3668 mei
735 3612 874 3667 sicut
903 3588 1033 3664 odor
1061 3605 1184 3677 agri
1207 3602 1363 3675 pleni
1391 3599 1542 3671 (Gen.
1578 3611 1773 3659 xxvm,
1804 3592 1915 3662 27).
1962 3588 2111 3656 Quid

446 3703 642 3776 ‘igitur
684 3699 1015 3756 describam
1066 3691 1558 3768 purpurascentes
1612 3682 1817 3749 violas,
1864 3678 2112 3735 candida

462 3792 606 3861 lilia,
636 3790 941 3846 rutilantes
993 3767 1177 3850 rosas,
1220 3780 1450 3852 depicta
1499 3791 1638 3831 rura
1684 3787 1841 3826 nunc
1893 3767 2107 3833 aureis,

457 3899 613 3939 nunc
642 3879 839 3945 variis,
874 3892 1031 3931 nunc
1058 3872 1232 3929 luteis
1264 3868 1528 3933 floribus,
1551 3865 1610 3918 in
1641 3861 1856 3933 quibus
1884 3857 2111 3913 nescias

459 3976 657 4028 utrum
688 3969 911 4042 species
943 3962 1198 4036 amplius
1230 3960 1439 4014 florum
1493 3970 1566 4010 an
1618 3950 1704 4006 vis
1735 3949 1913 4005 odora
1955 3946 2109 4003 dele-

459 4061 620 4117 etet?
662 4035 992 4115 Pascuntur
1032 4035 1183 4107 oculi
1233 4051 1396 4121 grato
1430 4040 1777 4115 spectaculo,
1811 4038 1980 4109 longe
2028 4035 2107 4091 la-

459 4155 634 4222 teque
664 4149 807 4204 odor
836 4142 1154 4216 spargitur,
1188 4138 1356 4208 cujus
1406 4132 1691 4190 suavitate
1721 4127 2104 4200 complemur.

461 4218 622 4294 Unde
653 4236 844 4292 divine
874 4230 1159 4287 Dominus
1193 4225 1274 4281 ait
1306 4241 1318 4280 ε
1353 4228 1423 4279 Et.
1453 4223 1652 4294 species
1690 4221 1785 4274 41
1842 4218 1966 4288 agri
1994 4231 2105 4270 me-

458 4344 583 4383 cum
612 4333 688 4382 est
717 4323 888 4395 (Psal.
923 4336 1073 4387 XLIX,
1106 4317 1224 4388 ll);
1259 4331 1392 4370 cum
1425 4311 1550 4384 ipso
1582 4314 1672 4365 est
1719 4306 1876 4363 enim
1928 4321 2105 4377 quam

456 4415 585 4488 ipse
637 4394 925 4469 formavit.
962 4406 1102 4472 Quis
1132 4406 1287 4461 enim
1318 4402 1467 4457 alius
1519 4398 1723 4455 artifex
1762 4394 1947 4468 possit
1976 4396 2103 4447 tan-

458 4508 580 4560 tam
636 4518 834 4559 rerum
903 4495 1267 4570 singularum
1316 4489 1636 4564 exprimere
1691 4481 2106 4541 venustatem?

2210 551 2429 607 diceret
2459 567 2472 606 :
2506 553 2616 606 Nec
2642 550 2893 606 Salomon
2928 550 2989 605 in
3017 550 3169 605 omni
3196 549 3377 620 gloria
3420 563 3527 603 sua
3561 548 3641 602 sic
3667 550 3863 604 vestie-

2212 641 2393 708 batur,
2424 641 2567 695 sicut
2594 655 2767 694 unum
2810 655 2878 693 ex
2928 640 3048 693 istis
3096 637 3256 706 (Ibid.
3308 634 3440 705 29)?
3471 636 3588 691 Rex
3618 635 3865 708 opulen-

2209 729 2478 785 tissimus
2508 733 2566 784 et
2594 727 3068 801 sapientissimus
3096 725 3335 782 inferior
3352 723 3866 797 judicatur,quam

2211 818 2390 888 huius
2422 817 2583 873 ﬂoris
2612 815 3005 889 pulchritudo.

2281 908 2370 963 37.
2399 906 2546 972 Quid
2579 921 2917 961 enumerem
2949 920 3155 961 succos
3186 903 3503 959 herbarum
3547 900 3816 958 salubres
3838 902 3868 957 ?

2211 994 2350 1067 quid
2382 992 2740 1068 vigultorum
2763 1009 2826 1049 ac
2849 992 3121 1048 {aliorum
3148 990 3446 1048 remedia?
3476 989 3693 1047 Cervus
3714 1007 3871 1064 aeger

2211 1083 2579 1139 rumusculos
2627 1081 2762 1138 oleae
2822 1080 3068 1150 mandit,
3103 1084 3161 1136 et
3220 1096 3400 1136 sanus
3449 1080 3532 1134 fit.
3582 1078 3873 1136 Locustae

2210 1188 2444 1245 quoque
2490 1171 2628 1228 folia
2675 1170 2812 1227 oleae
2859 1186 3062 1226 arrosa
3093 1169 3204 1244 (99)
3230 1168 3484 1225 liberant
3513 1167 3588 1223 ab
3626 1167 3870 1241 aegritu-

2211 1261 2367 1318 dine.
2416 1261 2567 1316 Rubi
2618 1260 2755 1315 folia
2801 1260 3135 1332 superjacta
3181 1256 3461 1330 serpenti,
3516 1256 3869 1313 interimunt

2213 1367 2369 1407 eum.
2403 1349 2629 1406 Culices
2668 1366 2782 1405 non
2826 1351 3072 1421 tangent
3102 1352 3177 1414 te,
3210 1344 3259 1403 si
3308 1344 3591 1401 absinthii
3621 1344 3866 1402 herbam

2211 1456 2346 1495 cum
2379 1439 2504 1495 oleo
2534 1454 2774 1510 eoquas,
2806 1440 2864 1493 et
2892 1452 2959 1492 eo
2988 1439 3045 1491 te
3075 1433 3439 1508 perunxeris.

2858 1541 3088 1599 CAPUT
3127 1540 3219 1597 IX.

2211 1637 2398 1692 Nom-ia
2425 1651 2551 1690 cum
2577 1632 2805 1689 utilibus
2838 1647 2950 1687 non
2991 1633 3111 1687 sine
3163 1630 3379 1686 ratione
3403 1630 3663 1698 generari
3695 1644 3709 1683 :
3742 1644 3874 1685 eum

2285 1706 2425 1779 quod
2454 1707 2554 1779 uni
2578 1706 2834 1779 noxium,
2863 1703 3054 1779 atteri
3074 1702 3149 1779 sit
3195 1702 3366 1779 utile;
3405 1707 3569 1779 atque
3595 1698 3666 1755 ad
3693 1702 3877 1779 noxia.

2282 1772 2539 1833 evitanda
2568 1777 2887 1831 instinctum
2903 1773 3078 1828 brutis
3100 1772 3414 1827 hominibus
3434 1772 3709 1826 rationem
3727 1772 3874 1828 Deus

2089 1888 2102 1916 ε
2134 1837 2181 1902 Β
2282 1848 2566 1905 indideris.
2588 1849 2763 1916 Quam
2779 1845 2968 1901 decem
2997 1843 3127 1900 ordo
3159 1845 3220 1898 in
3248 1851 3411 1900 terrae
3436 1842 3876 1914 lructiﬁcatione

2285 1927 2691 2065 ἒέυὲῒὲῖοτίθ
2721 2004 2919 2061 dicant
2939 2002 3122 2075 aliqui
3158 2021 3172 2059 :
3204 2001 3353 2068 Quid
3400 2002 3558 2074 quod
3587 2017 3723 2058 cum
3751 2003 3872 2058 uti-

2212 2098 2370 2154 libus
2390 2098 2565 2154 etiam
2595 2094 2836 2152 lethalia
2864 2098 2922 2149 et
2950 2091 3281 2165 perniciosa
3307 2091 3701 2164 generantur?
3719 2091 3873 2147 Cum

2212 2187 2407 2243 tritico
2456 2185 2692 2241 conium
2741 2183 2817 2255 (1)
2850 2182 3007 2254 quod
3054 2180 3208 2237 inter
3254 2178 3536 2236 alimenta
3580 2178 3711 2234 vitae
3760 2195 3871 2235 no-

2212 2277 2375 2332 xium
2405 2274 2709 2347 reperitur,
2743 2276 2800 2327 et
2830 2271 2943 2328 nisi
2974 2269 3284 2343 praevisum
3330 2268 3527 2336 fuerit,
3568 2267 3877 2325 consuevit

2215 2365 2391 2422 saluti
2424 2380 2649 2420 nocere.
2689 2363 2841 2416 Inter
2888 2359 3006 2415 alia
3050 2372 3286 2430 quoque
3331 2357 3691 2413 nutrimenta
3732 2356 3874 2413 vita

2212 2454 2574 2511 helleborum
2605 2448 3080 2523 deprehenditur.
3113 2446 3361 2503 Aconita
3390 2462 3625 2518 quoque
3654 2444 3879 2501 fallunt

2214 2544 2569 2616 frequenter,
2600 2544 2658 2596 et
2705 2536 3005 2610 decipiunt
3056 2535 3448 2608 colligentem.
3479 2534 3592 2591 Sed
3635 2533 3743 2590 hoc
3786 2534 3880 2590 ita

2214 2638 2320 2701 est,
2356 2649 2422 2688 ac
2471 2632 2521 2687 si
2572 2629 2964 2702 reprehendas
3020 2629 3260 2696 terram,
3307 2624 3446 2696 quia
3492 2639 3605 2679 non
3654 2638 3875 2680 omnes

2214 2722 2480 2778 homines
2511 2720 2669 2775 boni.
2704 2717 2813 2773 Sed
2848 2716 3004 2788 quod
3037 2714 3170 2787 plus
3200 2718 3291 2770 est
3320 2712 3532 2785 accipe,
3565 2711 3706 2783 quia
3745 2728 3876 2767 non

2214 2827 2417 2866 omnes
2444 2808 2582 2865 boni
2612 2804 2805 2879 angeli
2833 2805 2892 2860 in
2925 2803 3089 2860 ccelo.
3124 2802 3220 2859 Sol
3252 2802 3378 2874 ipse
3407 2816 3522 2873 prae
3548 2798 3731 2855 nimio
3772 2813 3873 2857 ca-

2213 2898 2333 2955 lore
2363 2898 2557 2971 spicas
2586 2900 2786 2963 torret,
2820 2893 3018 2950 adurit
3048 2896 3243 2949 autem
3274 2889 3645 2963 gignentium
3676 2888 3879 2960 prima

2212 2988 2467 3045 exordia.
2502 2986 2667 3041 Luna
2720 2999 2955 3056 quoque
3004 2980 3301 3038 viantibus
3345 2980 3459 3034 iter
3503 2978 3879 3035 demonstrat

2212 3076 2508 3132 latronum
2540 3074 2734 3147 prodit
2762 3071 3032 3127 insidias.
3063 3069 3214 3124 Num
3246 3067 3429 3141 igitur
3476 3067 3722 3140 dignum
3778 3071 3877 3123 est

2219 3170 2285 3221 ut
2315 3166 2374 3221 in
2405 3164 2498 3220 his
2529 3181 2654 3235 quae
2686 3161 2853 3217 utilia
2883 3163 3042 3227 sunt,
3070 3157 3491 3231 posthabentes
3538 3154 3874 3212 Conditoris

2221 3254 2468 3328 gratiam
2500 3250 2784 3317 confiteri,
2818 3253 3055 3322 propter
3084 3247 3281 3318 aliqua
3311 3244 3726 3300 alimentorum
3760 3260 3875 3300 no-

2218 3342 2313 3397 xia
2342 3340 2630 3399 Creatoris
2678 3336 3105 3411 prospicientia
3135 3336 3503 3406 derogemus,
3536 3332 3704 3404 quasi
3732 3348 3877 3388 vero

2220 3431 2420 3488 omnia
2447 3429 2593 3502 gulae
2647 3424 2841 3484 causa
2871 3425 3181 3481 debuerint
3214 3421 3507 3495 procreari
3533 3424 3635 3477 aut
3661 3419 3887 3494 exigua

2220 3519 2340 3576 sint
2367 3536 2493 3591 quae
2521 3516 2710 3574 ventri
2733 3524 2930 3572 nostro
2955 3514 3152 3570 divina
3180 3510 3548 3584 indulgentia
3576 3510 3881 3566 ministra-

2218 3609 2400 3664 verit?
2429 3607 2689 3664 Definitae
2720 3604 2890 3661 nobis
2917 3620 3062 3659 esca
3107 3606 3267 3669 sunt,
3298 3605 3357 3656 et
3385 3604 3535 3655 notis
3566 3598 3880 3665 omnibus,

2221 3715 2347 3771 que
2399 3700 2456 3754 et
2502 3696 2858 3768 voluptatem
2906 3694 3206 3766 generent,
3246 3689 3508 3761 corporis
3555 3686 3877 3744 salubrita-

2219 3791 2358 3842 tem.

2288 3876 2378 3930 39.
2430 3872 2673 3946 Singula
2729 3874 2926 3927 autem
2983 3884 3187 3924 eorum
3239 3882 3365 3938 quae
3422 3867 3783 3938 generantur
3840 3880 3876 3920 θ

2218 3963 2410 4031 terris,
2441 3960 2752 4033 specialem
2785 3958 3104 4031 quamdam
3136 3955 3423 4012 rationem
3465 3953 3703 4023 habent,
3736 3968 3871 4024 qua

2218 4068 2322 4125 pro
2361 4050 2509 4107 virili
2555 4048 2823 4121 portione
2869 4045 3163 4118 complent
3210 4043 3491 4099 universae
3548 4038 3872 4114 plenitudi-

2217 4157 2351 4196 nem
2385 4143 2685 4195 creaturaa.
2716 4136 2846 4193 Alia
2883 4151 3021 4208 ergo
3066 4134 3212 4200 esui,
3260 4132 3374 4189 alia
3405 4130 3505 4187 alii
3544 4133 3880 4186 nascuntur

2216 4230 2348 4285 usui
2383 4231 2480 4299 (2).
2514 4227 2670 4283 Nihil
2720 4227 2907 4291 vacat,
2954 4223 3101 4280 nihil
3146 4223 3320 4278 inane
3365 4220 3660 4294 germinat
3686 4221 3875 4274 terra.

2214 4319 2376 4383 Quod
2426 4317 2531 4373 tibi
2578 4319 2751 4389 putas
2800 4313 3027 4381 inutile,
3060 4311 3191 4368 aliis
3240 4309 3383 4367 utile
3430 4309 3531 4366 48
3578 4311 3703 4375 est;
3745 4306 3874 4364 imo

2214 4407 2326 4480 ipsi
2357 4406 2462 4462 tibi
2494 4406 2830 4478 frequenter
2869 4401 2983 4459 alio
3015 4406 3106 4458 est
3133 4417 3246 4457 usu
3277 4398 3440 4455 utile.
3473 4397 3637 4462 Quod
3666 4412 3871 4452 escam

2214 4514 2329 4552 non
2358 4496 2613 4567 adjuvat,
2647 4492 3002 4549 medicinam
3031 4489 3298 4563 suggerit
3330 4504 3342 4543 :
3376 4491 3435 4543 et
3461 4502 3613 4558 saepe
3661 4485 3870 4541 eadem

459 4593 803 4649 Considerate
852 4590 969 4645 alia
1016 4588 1138 4658 agri
1193 4582 1398 4655 (Matth.
1433 4596 1506 4647 VI,
1549 4580 1665 4645 28).
1707 4576 1963 4646 quantus
2028 4571 2105 4626 είί
2134 4578 2178 4642 D
2212 4602 2339 4658 quae
2380 4584 2485 4638 tibi
2537 4581 2708 4638 noxia
2755 4585 2914 4649 sunt,
2969 4580 3174 4635 avibus
3223 4581 3326 4633 aut
3368 4576 3506 4632 feris
3554 4573 3869 4629 innoxium

457 4684 675 4740 candor
702 4680 762 4736 in
796 4677 969 4743 foliis,
1004 4671 1503 4748 quemadmodum
1537 4665 1750 4737 stipata
1794 4662 1921 4734 ipsa
1968 4659 2105 4715 folia

455 4776 526 4831 ab
558 4773 676 4829 imo
699 4772 769 4826 ad
803 4782 1103 4824 summum
1134 4763 1444 4817 videantur
1475 4755 1874 4826 assurgere,ut
1901 4749 2102 4821 scyphi

455 4863 782 4937 exprimant
814 4860 1085 4922 formam,
1120 4858 1185 4908 ut
1215 4851 1340 4906 auri
1372 4847 1637 4921 quaedam
1671 4843 1894 4915 species
1942 4840 2102 4894 intus

453 4931 879 5026 eﬂulgeat,quae
910 4951 1106 5002 tamen
1136 4940 1290 4997 vallo
1320 4939 1379 4994 in
1412 4936 1658 4992 circuitu
1682 4932 1840 4987 floris
1862 4931 2104 5002 obsepta

454 5022 825 5114 nulli—pateat
856 5034 1103 5107 injuriae.
1129 5032 1188 5087 Si
1221 5030 1354 5101 quis
1386 5028 1542 5081 hunc
1574 5024 1775 5078 ﬂorem
1808 5022 2102 5091 decerpat,

454 5137 512 5188 et
538 5109 648 5186 sua
677 5128 863 5184 solvat
894 5126 951 5179 in
985 5123 1142 5188 folia,
1176 5137 1301 5192 quae
1348 5115 1493 5171 tanti
1547 5116 1635 5168 est
1683 5109 1920 5166 artificis
1973 5125 2100 5162 ma-

453 5238 566 5276 nus
594 5235 722 5290 quae
744 5215 932 5287 possit
952 5212 1059 5267 lilii
1081 5209 1334 5282 speciem
1355 5201 1707 5261 reformare?
1738 5199 1879 5263 Quis
1900 5203 2101 5253 tantus

450 5309 712 5364 imitator
742 5308 980 5373 naturae,
1019 5306 1084 5357 ut
1113 5301 1315 5356 ﬂorem
1345 5298 1502 5353 hunc
1531 5293 1925 5362 redintegrare
1954 5304 2098 5358 prae-

522 5476 635 5548 (99)
664 5475 802 5548 Mss.
837 5470 1180 5548 Big.,_Colb.
1215 5474 1273 5525 et
1301 5469 1495 5535 Corb.,
1528 5468 1666 5523 oleae
1693 5480 1757 5518 ac
1782 5477 1924 5519 rosa:
1952 5462 2095 5518 Mss.

448 5545 623 5605 Gem.
645 5551 701 5602 et
734 5546 921 5609 Rem.,
957 5545 1092 5601 oleae
1123 5560 1187 5598 ac
1218 5558 1358 5597 rosa.

517 5619 593 5689 (1)
647 5606 916 5689 Quatuor—
952 5633 1121 5689 m_ss.,
1175 5615 1384 5669 lolium.
1430 5611 1538 5667 Alii
1599 5606 1809 5664 melius
1854 5606 2093 5661 conicum.

440 5686 706 5762 Namque
754 5690 841 5747 ita
890 5687 1065 5746 Basil.
1121 5705 1133 5744 ;
1187 5696 1309 5759 μετὰ
1335 5696 1421 5743 τοῦ
1452 5690 1584 5740 σίτου
1613 5691 1669 5738 τὸ
1698 5686 1913 5745 κώνειοι,
1974 5695 2097 5734 cum

2214 4673 2552 4730 ministrant
2580 4670 2886 4744 pabulum.
2908 4668 3168 4740 Denique
3197 4665 3387 4723 sturni
3417 4667 3739 4721 vescuntur
3767 4678 3870 4718 co-

2213 4763 2397 4828 nium,
2430 4778 2536 4817 nec
2564 4760 2754 4815 fraudi
2784 4762 2872 4814 est
2899 4756 3003 4825 eis,
3033 4755 3313 4828 quoniam
3362 4770 3463 4827 per
3509 4751 3867 4825 qualitatem

2212 4852 2304 4908 sui
2335 4850 2593 4922 corporis
2624 4864 2914 4904 venenum
2945 4845 3103 4903 succi
3152 4844 3389 4901 lethalis
3432 4842 3707 4899 evadunt.
3735 4840 3869 4895 Fri-

2210 4941 2346 5014 gida
2375 4939 2530 4995 enim
2560 4938 2649 4994 vis
2678 4938 2806 5008 ejus
2836 4940 2927 4992 est
2958 4934 3137 5005 succi,
3164 4950 3345 5006 quam
3392 4929 3715 4988 subtilibus
3750 4944 3869 5002 po-

2210 5030 2292 5085 ris
2321 5029 2382 5084 in
2413 5028 2604 5084 cordis
2651 5026 2743 5083 sui
2794 5026 2992 5081 sedem
3022 5024 3395 5089 ducentibus,
3428 5018 3671 5093 praecoci
3703 5016 3873 5091 dige-

2210 5120 2397 5175 stione
2428 5115 2805 5190 praeveniunt,
2836 5114 3183 5186 priusquam
3229 5110 3427 5168 vitalia
3468 5110 3596 5183 ipsa
3624 5109 3869 5180 perten-

2208 5205 2685 5263 tet.Helleborum
2717 5207 2912 5259 autem
2945 5202 3115 5275 periti
3146 5201 3472 5273 loquuntur
3503 5211 3698 5253 escam
3728 5210 3870 5251 esse

2206 5300 2264 5352 et
2280 5294 2621 5351 alimoniam
2647 5293 3112 5360 coturnicum,eo
3135 5290 3291 5363 quod
3313 5284 3567 5345 naturali
3596 5282 3863 5357 quodam

2205 5468 2486 5538 frumento
2513 5467 2711 5520 cicuta.

2277 5540 2354 5610 (2)
2386 5536 2652 5610 Quinque
2712 5549 2878 5610 ms_s.,
2925 5537 2983 5610 et
3029 5532 3195 5589 Rom.
3246 5524 3868 5610 edit,_add_unt;alia

2200 5594 2659 5681 poiuifquod‘in
2710 5594 3027 5681 meL'notae
3076 5618 3217 5658 mss.
3266 5600 3646 5681 desideratur.
3681 5594 3861 5669 Reg.,

2206 5676 2329 5737 'Alia
2359 5676 2484 5753 ergo
2516 5680 2665 5744 usui,
2696 5677 2811 5734 alia
2840 5683 3141 5734 nascuntur
3170 5676 3306 5732 esui.
