4158 6168
262 324 383 390 ιω

1564 305 2122 374 HEXA’EMERON
2167 306 2322 368 LIB.
2368 307 2480 373 III.

3649 322 3769 396 £80

263 456 745 534 temperamento
791 448 889 509 sui
942 443 1206 522 corporis
1255 441 1374 536 vim
1427 444 1638 536 pabuli
1699 443 1966 536 nocentis
1997 443 2054 508 Α
2083 458 2216 536 rans
2246 459 2431 536 semen
2463 438 2772 536 secundum
2801 445 3137 517 genus.Non
3169 449 3366 513 solum
3397 457 3556 517 enim
3587 475 3773 536 spon-

268 551 507 610 evitent.
541 544 778 602 Etenim
813 542 864 598 si
897 538 1124 596 ratione
1155 534 1461 592 medicinae
1502 534 1863 608 plerumque
1895 535 1969 590 ad

271 637 693 696 salubritatem
727 629 977 688 humani
1012 642 1246 700 quoque
1269 624 1537 696 corporis
1579 628 1970 698 temperatur,

273 729 370 787 cui
428 726 663 782 videtur
721 738 856 777 esse
906 715 1273 775 contrarium
1307 720 1576 786 :quanto
1610 715 1806 787 magis
1836 729 1973 785 pro-

273 817 529 890 prietate
579 816 812 868 naturae
862 810 937 866 ad
987 808 1184 862 cibum
1239 805 1490 875 proficit,
1529 807 1694 876 quod
1741 801 1979 858 medica

277 923 470 964 manu
520 900 882 959 convertitur
928 897 999 953 ad
1034 894 1311 951 salutem!
1342 894 1453 948 Per
1503 895 1976 966 mandragoram

282 1009 524 1068 quoque
573 1006 824 1047 somnus
878 987 1208 1056 frequenter
1274 982 1626 1049 accersitur,
1675 983 1777 1037 ubi
1821 979 1979 1051 vigi-

281 1084 501 1140 liarum
562 1079 702 1151 aegri
752 1076 1110 1133 at’ﬂictantur
1160 1072 1568 1126 incommodo.
1623 1071 1771 1126 Nam
1832 1069 1980 1141 quid

282 1174 356 1229 de
388 1171 522 1243 opio
576 1169 655 1239 (3)
699 1166 933 1237 loquar,
968 1161 1119 1234 quod
1161 1159 1337 1215 etiam
1393 1159 1578 1215 nobis
1631 1159 1981 1230 quotidiano

279 1275 469 1335 prope
494 1275 609 1313 usu
639 1255 924 1321 innotuit,
957 1249 1230 1322 quoniam
1261 1248 1498 1304 dolores
1534 1265 1606 1303 eo
1639 1247 1982 1319 gravissimi

277 1351 665 1406 internarum
711 1360 869 1416 saepe
909 1342 1196 1396 viscerum
1245 1337 1627 1408 sopiuntur‘?
1657 1337 1772 1391 Nec
1825 1335 1978 1391 illud

281 1436 572 1512 praeterit,
607 1435 767 1507 quod
802 1431 971 1488 conio
1000 1429 1339 1501 plerumque
1372 1426 1620 1481 furores
1658 1425 1983 1482 libidinum

284 1528 700 1590 marcuerunt,
735 1525 794 1578 et
824 1519 1180 1576 helleborum
1209 1519 1453 1572 vetustae
1490 1514 1806 1587 passiones
1839 1515 1982 1588 aegri

288 1615 562 1688 corporis
593 1615 741 1668 sunt
770 1609 995 1665 solutis.

363 1706 453 1761 40.
489 1703 622 1759 Non
673 1698 872 1756 solum
920 1696 1094 1768 igitur
1149 1694 1306 1750 nulla
1354 1693 1418 1748 in
1462 1693 1563 1748 his
1596 1691 1982 1764 reprehensio

288 1793 610 1859 Creatoris,
646 1789 751 1845 sed
801 1786 974 1842 etiam
1026 1785 1458 1839 incrementum
1504 1784 1598 1837 est
1625 1781 1976 1853 gratiarum.
2014 1817 2064 1881 Β

292 1883 610 1956 Siquidem
641 1877 800 1950 quod
834 1876 905 1930 ad
937 1873 1258 1945 periculum
1291 1872 1556 1943 putabas
1589 1887 1718 1926 esse
1739 1886 1986 1943 genera-

295 1979 452 2039 tum,
485 1971 560 2026 ad
591 1963 859 2023 remedia
889 1962 990 2018 tibi
1021 1961 1230 2018 salutis
1279 1965 1586 2033 operatur.
1615 1961 1760 2015 Nam
1813 1967 1872 2016 et
1921 1961 1982 2017 id

301 2061 461 2136 quod
492 2054 743 2131 periculi
776 2057 886 2120 est,
918 2069 1018 2124 per
1046 2051 1483 2124 providentiam
1515 2049 1844 2104 declinatur
1878 2067 1890 2105 :
1927 2055 1988 2106 et

303 2153 363 2207 id
397 2149 554 2222 quod
603 2143 841 2210 salutis,
873 2157 973 2212 per
1003 2139 1357 2196 industriam
1389 2154 1510 2194 non
1543 2137 1858 2194 amittitur.
1892 2141 1983 2194 An

307 2256 428 2297 non
457 2252 594 2292 oves
627 2238 688 2290 et
717 2245 990 2303 capraeca
1013 2246 1137 2301 quae
1169 2229 1280 2284 sibi
1315 2226 1496 2283 noxia
1518 2229 1659 2282 sunt
1679 2225 1981 2283 declinare

315 2327 670 2390 didicerunt,
724 2325 784 2376 et
827 2318 947 2374 solo
991 2319 1162 2374 odore
1214 2334 1318 2390 per
1383 2315 1687 2387 quoddam
1752 2318 1981 2371 naturae

312 2413 664 2488 mysterium
698 2412 802 2480 (4),
836 2423 966 2462 cum
1007 2409 1124 2463 sint
1176 2404 1426 2462 rationis
1478 2407 1764 2474 expertes,
1799 2404 1985 2460 ratio-

316 2520 457 2561 nem
492 2506 683 2556 tamen
716 2495 997 2553 evadendi
1050 2492 1434 2568 periculi,vel
1488 2491 1718 2546 tuendae
1771 2490 1986 2549 salutis

313 2593 671 2664 agnoscunt,
709 2586 1000 2655 noxiaque
1036 2584 1254 2656 pariter
1298 2599 1366 2638 ac
1421 2581 1730 2652 profutura
1768 2579 1983 2637 distin-

314 2684 546 2756 guunt;
582 2679 666 2734 ita
692 2680 760 2730 ut
791 2674 1130 2746 plerumque
1161 2688 1298 2728 eum
1331 2673 1563 2725 armata
1598 2669 1837 2723 venenis
1866 2669 1989 2726 tela

316 2769 594 2836 senserit,
630 2770 804 2821 notas
836 2767 1024 2835 petere
1054 2763 1264 2818 herbas
1297 2764 1477 2831 atque
1517 2758 1610 2813 his
1653 2758 1986 2814 remedium

313 2857 551 2915 vulneri
583 2856 860 2911 dicantur
891 2851 1200 2906 adhibere?
1231 2849 1414 2906 Cibus
1456 2847 1574 2902 illis
1621 2863 1756 2918 ergo
1805 2848 1989 2902 medi-

317 2949 454 3005 cina
497 2950 611 3012 est,
642 2948 710 2999 ut
769 2939 990 2996 resilire
1035 2938 1254 3012 sagitas
1303 2937 1506 2992 videas
1542 2951 1572 2990 e
1621 2933 1878 3005 vulnere,
1931 2941 1992 2992 et

319 3040 526 3111 fugere
583 3048 833 3096 venena,
868 3045 979 3084 non
1029 3044 1276 3099 serpere.
1313 3024 1575 3096 Denique
1605 3023 1788 3080 cervis
1818 3025 1988 3081 cibus

314 3138 617 3184 venenum
650 3126 762 3177 est.
797 3117 1040 3173 Coluber
1068 3131 1305 3172 cervum
1340 3114 1512 3185 fugit,
1546 3113 1773 3168 leonem
1806 3113 1984 3170 inter-

2084 535 2319 588 taneam
2355 532 2710 591 alimoniam
2743 539 3198 608 comprehendit
3227 562 3354 618 qua:
3380 554 3471 606 est
3491 551 3549 606 in
3573 532 3776 611 herbis

2086 626 2144 676 et
2195 622 2523 690 radicibuS,
2557 626 2735 694 atque
2774 626 2835 679 in
2896 629 3204 703 arborum,
3234 636 3598 714 reliquisque
3652 644 3774 700 fru-

2089 711 2280 766 ctibus
2310 712 2428 785 (5);
2464 712 2577 770 sed
2628 713 2809 770 etiam
2869 734 3001 773 eam
3057 738 3184 792 quae
3216 711 3520 788 industria
3540 750 3774 806 compa-

2089 803 2272 865 ratur,
2306 806 2366 856 et
2400 802 2576 857 cultu
2610 803 2900 860 rusticani
2930 806 3152 867 laboris
3183 818 3524 888 acquiritur.

2163 890 2250 943 42.
2284 891 2482 954 Quam
2520 891 2813 948 decorum
2845 901 3040 954 autem
3072 904 3226 972 quod
3257 923 3370 962 non
3404 911 3601 966 statim
3644 913 3776 968 fun-

2093 979 2227 1033 dere
2287 982 2487 1034 terras
2561 997 2768 1036 semen
2793 984 2972 1054 jussit
3001 993 3056 1043 et
3081 992 3304 1049 fructus
3339 1014 3351 1050 :
3385 1000 3483 1053 sed
3517 1001 3773 1070 primum

2095 1066 2460 1140 germinare,
2495 1069 2724 1126 deinde
2754 1072 3091 1133 berbescere
3121 1096 3357 1156 campos
3413 1066 3637 1155 statuit,
3670 1108 3774 1162 po-

2095 1159 2220 1210 stea
2266 1158 2627 1214 secundum
2686 1163 3096 1234 praprietatem
3153 1172 3242 1225 sui
3300 1176 3532 1244 generis
3569 1158 3770 1235 semen

2095 1244 2460 1314 adolescere,
2496 1253 2572 1303 ut
2597 1267 2904 1323 nunquam
2950 1272 3217 1313 arvorum
3274 1268 3501 1318 vacaret
3559 1267 3764 1336 gratia,

2096 1351 2225 1406 quas
2255 1340 2434 1406 grato
2464 1339 2738 1410 primum
2771 1343 2975 1400 decore
3028 1354 3351 1414 vernarent,
3385 1357 3588 1421 postea
3645 1355 3766 1410 fru-

2097 1425 2297 1478 ctuum
2333 1433 2736 1498 suggererent
2765 1429 3077 1487 utilitatem
3101 1435 3112 1486 Ξ

2792 1519 3021 1574 CAPUT
3061 1522 3124 1575 Χ.

2096 1602 2318 1658 Semina
2378 1621 2673 1675 nunquam
2716 1610 2940 1677 proprie
3007 1609 3353 1676 degenerare,
3403 1629 3528 1668 cum
3578 1632 3764 1676 eorum

2167 1691 2277 1729 non
2309 1680 2560 1749 mutetur
2615 1693 2805 1746 genus,
2829 1679 2921 1732 sed
2944 1682 3204 1749 perfectio
3233 1701 3251 1735 :
3275 1685 3471 1738 lolium
3513 1689 3662 1742 enim
3700 1709 3764 1746 ac

2167 1747 2396 1822 sisti-nia
2417 1764 2458 1822 eg
2471 1750 2750 1822 frumenti
2777 1747 2987 1804 semine
3027 1747 3371 1822 nequaquam
3427 1759 3601 1812 nasci.
3643 1761 3763 1814 Ver-

2167 1817 2293 1871 bum
2354 1820 2459 1872 Dei
2513 1820 2722 1892 miram
2794 1828 2958 1876 terrae
3027 1817 3421 1892 fecunditatem
3476 1830 3764 1887 contulisse

2169 1893 2468 1960 antequam
2527 1889 2686 1944 homo
2745 1900 2992 1961 peccaret
3011 1889 3033 1953 ,ί
3054 1899 3298 1950 attamen
3351 1900 3558 1951 terram
3597 1903 3762 1958 etiam

2167 1977 2314 2015 nunc
2345 1977 2413 2014 ea
2440 1976 2554 2015 non
2577 1977 2800 2032 prorsus
2825 1980 2938 2018 esse
2968 1963 3302 2022 destitutam.

2170 2050 2258 2103 43.
2288 2048 2401 2103 Sed
2450 2049 2599 2103 forte
2651 2051 2785 2122 quis
2836 2051 2992 2106 dicat
3027 2069 3038 2106 :
3073 2053 3376 2117 Quomodo
3434 2060 3760 2117 secundum

2097 2153 2284 2210 genus
2317 2143 2471 2192 terra
2502 2139 2721 2208 profert
2743 2140 2989 2208 semina,
3009 2158 3141 2197 cum
3166 2143 3516 2217 plerumque
3536 2150 3761 2206 semina

2088 2226 2250 2296 jacta
2307 2227 2685 2298 degenerent,
2720 2232 2773 2283 et
2822 2245 2956 2284 cum
3018 2231 3237 2287 bonum
3289 2234 3552 2290 triticum
3586 2239 3760 2294 fuerit

2097 2315 2478 2382 seminatum,
2512 2316 2746 2372 decolor
2775 2319 2904 2388 ejus
2937 2320 3183 2391 species,
3216 2325 3272 2376 et
3303 2321 3547 2381 inferior
3569 2327 3757 2383 forma

2099 2405 2418 2460 reddatur?
2450 2405 2563 2460 Sed
2596 2406 2704 2462 hoc
2735 2407 2784 2462 si
2816 2409 3049 2478 quando
3081 2409 3312 2478 accidit,
3331 2429 3448 2467 non
3471 2415 3543 2470 ad
3573 2419 3760 2472 trans-

2097 2493 2376 2550 lationem
2435 2495 2684 2565 generis,
2720 2497 2820 2551 sed
2871 2502 2926 2552 et
2968 2498 3375 2569 aegritudinem
3439 2505 3756 2574 quamdam

2099 2588 2156 2638 et
2185 2581 2645 2654 inaaqualitatem
2679 2585 2921 2642 seminis
2955 2588 3180 2642 videtur
3201 2604 3329 2643 esse
3355 2591 3749 2648 referendum.

2099 2673 2224 2728 Non
2258 2671 2416 2727 enim
2450 2671 2670 2728 desinit
2699 2691 2826 2730 esse
2857 2675 3135 2743 triticum,
3171 2676 3219 2731 si
3251 2682 3353 2732 aut
3384 2678 3595 2751 frigore
3617 2681 3757 2735 adu-

2101 2766 2285 2826 ratur,
2319 2764 2420 2815 aut
2455 2761 2642 2818 imbre
2674 2763 3004 2819 madidetur
3030 2765 3106 2835 (6)
3140 2781 3153 2818 :
3189 2765 3290 2819 sed
3322 2768 3513 2837 specie
3565 2768 3754 2840 magis

2101 2867 2279 2922 quam
2302 2866 2532 2922 genere,
2569 2852 2760 2910 colore
2790 2870 3021 2924 quoque
3051 2857 3108 2908 et
3145 2856 3522 2926 corruptione
3570 2861 3755 2912 muta-

2101 2938 2529 3009 tum.Denique
2554 2939 2889 3011 frequenter
2918 2942 3216 2997 madidata
3246 2942 3542 3000 frumenta
3573 2946 3630 2999 in
3663 2946 3754 3000 sui

2101 3025 2333 3100 generis
2365 3027 2613 3098 speciem
2649 3034 3036 3095 revertuntur,
3074 3030 3122 3085 si
3155 3035 3258 3086 aut
3288 3032 3432 3102 sole,
3465 3038 3565 3088 aut
3604 3033 3753 3106 igni-

2102 3117 2214 3172 bus
2245 3120 2600 3182 torreantur,
2634 3123 2733 3173 aut
2763 3118 3145 3190 diligentibus
3177 3121 3497 3176 commissa
3525 3121 3757 3177 cultori-

319 3217 450 3272 ﬁcit
486 3231 498 3268 :
529 3213 708 3268 draco
757 3207 1123 3278 elephantem
1172 3205 1340 3276 ligat,
1381 3184 1550 3273 cujus
1600 3203 1772 3258 ruina
1820 3218 1983 3260 mors
2021 3184 2064 3251 (ἶ
2102 3203 2401 3271 bus,aeris
2433 3184 3160 3280 temperie,terrarumque
3187 3209 3466 3264 feracium
3490 3211 3754 3265 ubertate

319 3302 564 3360 victoris
595 3303 706 3354 est.
741 3298 808 3352 Et
838 3295 962 3350 ideo
993 3310 1228 3350 summa
1255 3291 1311 3347 vi
1356 3290 1629 3363 utrinque
1687 3296 1944 3347 certatur
1970 3311 1983 3361 ;

320 3393 420 3448 ille
451 3395 521 3445 ut
553 3387 764 3460 pedem
798 3383 1010 3455 alliget,
1044 3383 1104 3437 in
1137 3398 1252 3452 quo
1283 3396 1456 3436 casus
1484 3379 1662 3435 vincti
1706 3380 1817 3436 sibi
1876 3398 1986 3438 no-

320 3497 454 3538 cere
486 3494 608 3534 non
641 3473 861 3547 possit;
894 3472 1003 3528 iste
1033 3489 1105 3527 ne
1135 3467 1458 3542 posteriore
1489 3473 1784 3524 extremus
1815 3471 1981 3541 pede,

323 3573 431 3626 aut
487 3565 640 3622 calle
687 3563 952 3634 capiatur
1008 3563 1282 3632 angusto,
1318 3557 1418 3612 ubi
1476 3557 1563 3612 vel
1608 3558 1732 3630 ipse
1774 3575 1835 3613 se
1867 3577 1984 3614 non

323 3661 507 3730 queat
538 3658 895 3723 retorquere,
928 3655 985 3706 et
1013 3650 1330 3704 draconem
1361 3647 1520 3718 gravi
1547 3651 1837 3718 proterere
1863 3665 1986 3704 ves-

323 3741 601 3819 tigio,vel
635 3739 935 3810 sequentis
966 3736 1264 3808 elephanti
1298 3734 1581 3790 auxilium
1611 3752 1726 3790 non
1750 3736 1980 3794 habere.

399 3831 658 3902 M.Ergo
690 3827 740 3883 si
771 3825 1195 3882 irrationabilia
1215 3821 1497 3879 animalia
1529 3827 1745 3880 norunt
1769 3825 1984 3896 quibus

326 3921 446 3979 sibi
505 3923 609 3974 aut
666 3915 1032 3972 medicentur
1083 3912 1306 3979 herbis,
1341 3917 1441 3968 aut
1497 3912 1774 3968 subsidiis
1814 3931 1983 3986 opem

331 4011 619 4075 afferant;
653 4005 826 4060 homo
885 4004 1074 4060 nescit
1125 4002 1220 4057 cui
1254 4001 1618 4058 rationabilis
1649 4017 1860 4058 sensus
1894 4004 1984 4059 in-

330 4099 626 4164 nascitur,
641 4098 742 4151 aut
769 4097 890 4149 tam
920 4093 1147 4148 alienus
1179 4108 1214 4146 a
1241 4105 1375 4144 vero
1401 4093 1506 4155 est,
1532 4095 1596 4145 ut
1616 4108 1742 4162 quas
1773 4093 1983 4165 cuique

333 4193 474 4262 apta
507 4185 628 4241 sint
655 4183 789 4238 usui
823 4182 1063 4237 minime
1094 4177 1524 4251 deprehendat:
1559 4184 1662 4235 aut
1704 4179 1784 4236 ita
1813 4189 1984 4238 natu-

329 4294 412 4333 rae
444 4277 718 4347 ingratus
745 4270 1019 4338 bonis,ut
1034 4267 1318 4341 quoniam
1350 4267 1562 4322 taurini
1583 4268 1833 4326 haustus
1854 4288 1984 4326 san-

328 4365 532 4439 guinis
562 4360 800 4418 lethalis
828 4366 917 4416 est
947 4358 1195 4425 homini,
1221 4359 1522 4429 propterea
1550 4362 1712 4430 putet
1741 4359 1986 4417 laborio-

329 4469 469 4510 sum
517 4449 739 4507 animal
785 4453 884 4504 aut
938 4447 1098 4504 nasci
1159 4463 1276 4502 non
1349 4445 1639 4514 debuisse,
1700 4453 1803 4504 aut
1859 4450 1986 4506 sine

2099 3293 2416 3348 foveantur.
2454 3294 2658 3366 Itaque
2688 3301 2991 3367 reparatur
3021 3297 3082 3352 in
3114 3297 3333 3364 sobole,
3369 3299 3522 3363 quod
3574 3299 3750 3370 dege-

2097 3384 2396 3437 neraverat
2436 3381 2493 3435 in
2554 3389 2813 3454 parente.
2848 3385 3010 3440 Unde
3065 3404 3180 3443 non
3227 3387 3646 3458 periclitamur,
3682 3403 3753 3442 ne

2095 3473 2448 3542 przeceptum
2480 3469 2625 3526 illud
2663 3473 2758 3527 Dei
2792 3475 2960 3543 cujus
2993 3491 3142 3532 usus
3174 3481 3392 3531 natura:
3425 3474 3752 3542 inolevit,in

2095 3559 2387 3630 reliquum
2446 3561 2839 3616 successionis
2899 3561 3038 3616 vitio
3099 3565 3448 3621 destitutum
3499 3565 3592 3631 sit,
3619 3580 3752 3618 cum

2095 3647 2377 3718 hodieque
2408 3646 2468 3701 in
2486 3649 2815 3704 seminibus
2846 3652 3078 3720 generis
3113 3655 3203 3708 sui
3237 3653 3542 3709 sinceritas
3566 3667 3754 3708 reser-

2093 3741 2280 3792 vetur.

2162 3824 2416 3886 h4.Nam
2436 3824 2641 3880 lolium
2675 3829 2731 3881 et
2760 3824 2983 3898 reliqua
3013 3830 3344 3885 adulterina
3375 3828 3600 3882 semina
3622 3845 3750 3898 quae

2092 3915 2362 3987 frugibus
2393 3931 2548 3987 saepe
2579 3916 2920 3982 miscentur,
2955 3915 3182 3973 zizania
3213 3915 3537 3984 nuncupari
3573 3916 3750 3970 Evan-

2092 4004 2227 4076 gelii
2278 4003 2526 4060 lectione
2565 4004 2944 4076 cognovimus
2989 4005 3198 4076 (Matth.
3233 4021 3356 4073 xm,
3382 4004 3467 4074 25)
3504 4022 3516 4058 :
3551 4005 3652 4060 sed
3683 4021 3751 4059 ea

2093 4092 2394 4165 proprium
2453 4094 2748 4164 quoddam
2808 4109 2993 4164 genus
3043 4095 3280 4163 habent,
3315 4111 3428 4148 non
3472 4109 3539 4147 ex
3568 4093 3747 4148 tritici

2092 4182 2316 4238 semine
2343 4182 2402 4236 in
2434 4181 2592 4237 aliud
2629 4197 2816 4254 genus
2848 4181 3095 4239 seminis
3127 4182 3377 4240 decolori
3415 4183 3742 4237 mutatione

2088 4271 2394 4337 translata,
2444 4272 2790 4343 degenerem
2842 4275 3070 4326 traxere
3122 4277 3413 4328 naturam.
3477 4270 3737 4342 Denique

2093 4360 2201 4417 hoc
2233 4361 2401 4415 docet
2431 4359 2716 4414 Dominus
2747 4358 2946 4413 dicens
2983 4376 2994 4414 :
3029 4360 3224 4416 Simile
3251 4370 3329 4416 est
3373 4376 3600 4431 regnum
3649 4377 3747 4416 coa-

2094 4447 2272 4503 lorum
2326 4447 2538 4502 homini
2583 4448 2679 4516 qui
2723 4449 3018 4502 seminavit
3051 4450 3247 4505 bonum
3277 4466 3461 4504 semen
3494 4451 3554 4503 in
3614 4465 3745 4517 agro

329 4541 628 4615 sanguine
668 4538 942 4594 debuisse
999 4534 1285 4610 generari,
1319 4535 1489 4605 cujus
1544 4537 1646 4592 49
1687 4537 1872 4595 virtus
1912 4542 1982 4596 ad
2014 4553 2061 4619 D
2091 4552 2189 4592 suo
2219 4553 2238 4597 ,ο
2268 4553 2391 4590 eum
2419 4539 2603 4590 autem
2649 4535 2952 4591 dormirent
2981 4537 3248 4605 homines,
3281 4540 3429 4593 venit
3486 4541 3744 4594 inimicus

329 4630 561 4688 cultum
593 4644 867 4701 agrorum
899 4626 1083 4693 utilis,
1113 4625 1185 4680 ad
1219 4639 1394 4679 usum
1426 4623 1818 4695 plaustrorum
1877 4628 1979 4684 ha-

331 4719 494 4786 bilis,
531 4717 601 4772 ad
634 4715 971 4772 alimoniam
1005 4713 1225 4779 suavis,
1258 4712 1484 4768 diverso
1516 4730 1757 4771 munere
1813 4717 1982 4774 fulcit

330 4804 879 4880 agricolas,quibus
897 4803 1136 4869 Deus,si
1158 4803 1312 4857 bona
1341 4817 1450 4856 sua
1480 4803 1982 4871 norint,universa

329 4894 576 4952 donavit
607 4893 805 4948 dicens
838 4909 850 4946 2
886 4892 1160 4947 Germinet
1212 4893 1363 4945 terra
1420 4890 1646 4947 herbam
1701 4896 1837 4966 feni,
1868 4899 1982 4968 ερί-

409 5063 487 5133 (3)
520 5061 666 5139 Edit.
701 5060 836 5117 Gill.
870 5075 935 5114 ac
965 5075 1081 5139 non
1109 5057 1279 5139 pauci
1328 5059 1766 5139 ιηειενηιίθ-ιιρίοἶ
1798 5061 1976 5120 Basil.

327 5129 535 5191 tamen
567 5137 624 5188 et
651 5149 785 5188 cum
817 5149 884 5187 eo
915 5129 1124 5204 reliqui
1153 5145 1295 5184 mss.
1329 5134 1385 5184 et
1414 5131 1550 5184 edit.
1582 5129 1816 5204 de'opio.

408 5205 486 5282 (4)
515 5207 604 5282 _I_ta
629 5200 1150 5282 mssla‘ntiquioris
1182 5205 1620 5282 manus,atque
1672 5200 1808 5282 edit.
1847 5208 1977 5282 A_r_n.

324 5271 480 5342 Pet",
515 5275 641 5330 Era.
675 5280 731 5330 et
759 5273 893 5330 Gill.
929 5271 986 5327 in
1021 5271 1301 5343 margine.
1336 5271 1542 5328 Caneri
1577 5291 1720 5330 mss.
1752 5281 1808 5332 et
1836 5279 1974 5334 edit.

326 5345 470 5404 Gill.
507 5362 574 5401 ac
607 5345 795 5414 Rom.,
825 5346 1214 5401 ministerium.

406 5418 483 5489 (5)
517 5417 740 5489 Itarvet.
775 5417 908 5472 edit.
943 5421 999 5471 et
1055 5413 1463 5489 mss_._Aaliquot
1517 5415 1749 5486 optimae
1808 5423 1973 5475 notae.

325 5485 507 5546 Rom.
541 5488 676 5563 edit.
712 5493 767 5544 et
796 5504 938 5543 mss.
971 5485 1241 5563 npnnulli
1257 5485 1640 5563 _expung_un_t,
1673 5504 1792 5558 que.
1826 5489 1975 5548 Vict.

321 5577 513 5626 unus,
561 5559 752 5626 Dion.,
785 5563 968 5624 Gem.,
1001 5557 1329 5628 Colb.,Big.
1375 5561 1431 5611 et
1481 5557 1645 5612 Corb.
1687 5557 1852 5616 unus
1896 5563 1974 5618 le-

319 5636 481 5705 gunt
528 5649 540 5686 :
595 5633 752 5702 atqui
799 5633 859 5686 in
916 5631 1172 5686 arborum
1244 5629 1601 5698 germinibus,
1645 5632 1977 5708 reliquisque

2089 4627 2225 4697 ejus,
2260 4629 2310 4679 et
2358 4626 2809 4696 superseminavit
2852 4627 3073 4680 zizania
3104 4630 3250 4682 inter
3280 4629 3525 4682 triticum
3556 4627 3738 4697 (Ibid,

2087 4715 2178 4782 24,
2209 4713 2704 4784 25).Adverti_mus
2735 4713 2937 4784 utique
2968 4715 3121 4785 quod
3153 4715 3374 4770 zizania
3403 4720 3459 4769 et
3478 4715 3738 4769 triticum

2089 4807 2154 4857 ut
2185 4801 2641 4877 nominibus,ita
2670 4806 2728 4857 et
2756 4818 2968 4874 genere
2996 4803 3302 4858 videantur
3317 4819 3445 4856 esse
3466 4802 3733 4856 discreta.

2088 4891 2346 4962 Denique
2379 4894 2434 4945 et
2457 4890 2602 4946 servi
2634 4890 2906 4946 dixerunt
2937 4891 3006 4946 ad
3039 4895 3262 4962 patrem
3302 4888 3554 4943 familias
3590 4905 3600 4942 :
3639 4890 3737 4943 Do-

2088 5062 2380 5133 fructibus.
2413 5060 2564 5116 Vict.
2599 5058 2762 5126 alter,
2798 5063 2960 5132 atque
3017 5060 3076 5110 in
3136 5055 3443 5119 arboribus,
3489 5057 3738 5127 reliquis-

2090 5135 2418 5274 quféfl‘tﬁit.
2477 5206 2605 5257 Am.
2667 5206 2724 5256 et
2788 5202 2906 5274 Pet.
2961 5214 3093 5274 cum
3149 5198 3310 5274 Ben._
3347 5212 3482 5274 ms_.,
3539 5201 3587 5254 si
3641 5205 3736 5254 aut

2088 5267 2409 5346 austrigine.
2444 5275 2609 5330 Carn.
2644 5290 2755 5346 ms.
2791 5273 2943 5326 inter
2974 5269 3192 5346 lineas_,_
3214 5267 3732 5346 sed‘eademnma-

2088 5364 2196 5414 nu,
2226 5339 2284 5401 si
2296 5351 2392 5400 aut
2421 5347 2708 5415 ustrigine,
2745 5345 2851 5398 hoc
2912 5339 3448 5415 esturedin—e._{\lia2
3498 5340 3633 5396 edit.
3668 5359 3734 5397 ac

2089 5409 2231 5474 mss.
2267 5433 2491 5485 omnes,
2523 5409 2695 5470 sicut
2723 5417 2946 5483 frigore.
2983 5411 3052 5466 Et
3085 5412 3228 5466 forte
3259 5409 3517 5467 allusum
3541 5415 3629 5467 est
3661 5415 3731 5468 ad

2085 5490 2231 5546 illud
2253 5488 2412 5559 Virg.
2446 5505 2463 5542 ι
2498 5487 2683 5554 Georg.
2719 5502 2732 5540 :

2520 5583 2580 5633 Et
2599 5582 2776 5634 boreae
2805 5583 3141 5650 penetrabile
3171 5581 3337 5646 frigus
3367 5582 3575 5633 adurat.
