4158 6168
407 358 526 430 18⁷1

1860 348 1926 417 s.
1973 306 2375 417 animosa

3688 348 3809 417 188

408 502 576 564 mine,
625 513 805 557 non-ne
855 497 1051 558 bonum
1097 508 1276 554 semen
1329 487 1614 548 seminasti
1663 488 1726 544 in
1774 486 1875 545 ὅθ
1921 503 2052 558 agro
2080 488 2136 553 Α
2166 486 2407 559 spicam,
2440 485 2648 544 deinde
2678 482 2915 561 plenum
2946 485 3207 548 triticum
3236 486 3299 545 in
3340 485 3524 562 spica.
3568 485 3643 545 Et
3672 504 3808 545 cum

407 598 503 647 tuo
523 594 548 645 .9
582 589 728 648 Unde
756 606 881 660 ergo
911 588 1071 645 habet
1098 581 1356 643 zimnia?
1382 581 1449 637 Et
1480 579 1559 636 ait
1597 577 1714 635 illis
1742 596 1754 634 :
1788 578 2047 633 inimicus

408 678 564 735 homo
595 679 693 735 hoc
716 682 844 751 fecit
875 678 1053 751 (Ibid.,
1100 678 1188 730 27.
1233 673 1343 741 28).
1398 669 1566 726 Aliud
1623 667 1780 724 enim
1827 672 1915 722 est
1954 682 2043 720 se-

407 785 543 823 men
578 767 815 836 diaboli,
851 768 1001 822 aliud
1037 780 1233 819 somen
1267 764 1355 816 est
1385 758 1595 815 Christi
1647 757 1797 830 quod
1832 756 2047 811 seritur

406 856 477 912 ad
504 857 822 928 justitiam.
859 853 1113 924 Denique
1145 848 1301 904 aliud
1351 848 1530 903 Filius
1574 844 1853 912 hominis,
1885 842 2042 898 aliud

406 944 678 1001 diabolus
710 939 1034 999 seminavit.
1060 940 1212 993 Adeo
1242 936 1468 992 diversa
1497 938 1706 989 natura
1738 933 2045 1004 utriusque

404 1033 671 1099 seminis,
705 1036 770 1084 ut
798 1027 1129 1083 contrarius
1152 1025 1474 1081 seminator
1490 1024 1586 1078 sit.
1613 1023 1773 1089 Quod
1797 1021 2049 1077 seminat

402 1120 695 1183 Christus,
729 1134 973 1189 regnum
1008 1121 1090 1171 est
1129 1114 1267 1170 Dei:
1304 1115 1455 1185 quod
1482 1112 1732 1168 seminat
1754 1110 2041 1176 diabolus,

290 1202 295 1208 ’
401 1212 703 1281 peccatum
737 1210 843 1262 est.
878 1205 1185 1269 Quomodo
1216 1203 1396 1275 igitur
1416 1205 1605 1273 potest
1626 1200 1802 1256 unius
1819 1197 2046 1270 generis

402 1312 530 1351 esse
588 1312 833 1367 regnum
891 1299 1068 1365 atque
1130 1290 1495 1364 peccatum?
1546 1289 1639 1344 Sic
1695 1292 1804 1352 est,
1860 1285 2054 1358 inquit

400 1400 645 1456 regnum
677 1386 803 1451 Dei,
839 1382 1338 1455 quemadmodum
1372 1380 1419 1435 si
1444 1380 1816 1449 homojactct
1848 1390 2047 1430 semen

397 1474 574 1545 super
604 1478 842 1528 terram.

469 1644 557 1697 45.
593 1642 693 1697 Est
722 1646 778 1697 et
826 1641 1002 1696 homo
1048 1641 1149 1712 qui
1201 1638 1457 1695 seminat
1503 1636 1767 1703 verbum,
1819 1635 1890 1689 de
1933 1649 2049 1705 quo

395 1732 677 1803 scriptum
711 1735 834 1786 est:
871 1732 985 1801 (ὶηὶ
1013 1731 1268 1794 seminat,
1294 1729 1537 1783 verbum
1579 1728 1816 1781 seminat
1863 1724 2046 1794 (Marc.

2157 576 2496 648 produxerit
2528 576 2804 644 fructum,
2836 577 3033 635 statim
3059 577 3240 635 mittit
3259 576 3492 646 falcem,
3524 579 3808 650 quoniam

2156 666 2320 721 adest
2351 666 2584 723 messis.
2619 667 2941 723 Dormienti
2971 666 3154 739 igitur
3183 667 3311 736 tibi,
3335 684 3368 722 ο
3392 667 3590 737 homo,
3624 671 3680 723 et
3712 684 3813 724 ne-

2155 753 2357 809 scienti
2394 755 2621 811 fructus
2650 772 2788 812 suos
2836 755 2989 811 ultro
3033 759 3191 811 terra
3237 755 3526 828 producit.
3576 756 3809 812 Dormis

2155 846 2213 897 et
2243 844 2459 916 surgis,
2491 847 2548 899 et
2578 844 2857 901 frumenti
2890 861 2992 917 per
3020 848 3251 901 noctem
3298 845 3661 901 incrementa
3692 844 3805 900 mi"

2156 947 2326 986 PETIS.

2734 1043 2826 1099 5|
2872 1042 3103 1099 CAPUT
3140 1042 3233 1098 ΧΙ.

2154 1127 2228 1182 De
2256 1132 2379 1203 ortu
2408 1129 2707 1203 arborum:
2736 1134 2898 1203 atque
2954 1130 3099 1187 inibi
3151 1130 3216 1203 de
3274 1147 3397 1186 rosa
3450 1148 3569 1202 qum
3620 1134 3807 1203 primo

2224 1200 2344 1255 sine
2363 1202 2540 1272 spinis
2567 1210 2721 1268 nata,
2752 1200 2870 1257 illis
2892 1201 3265 1273 postomodum
3286 1200 3585 1268 inhorruit,
3607 1200 3658 1258 et
3673 1205 3809 1261 vitae

2226 1280 2435 1328 nostrae
2461 1273 2747 1343 speculum
2773 1275 2921 1345 facta
2955 1278 3054 1329 est.

2226 1378 2312 1431 47.
2346 1377 2615 1434 Diximus
2646 1380 2717 1435 de
2748 1379 2929 1435 herba
2958 1379 3098 1445 feni,
3129 1396 3287 1435 nunc
3335 1380 3602 1436 dicamus
3630 1380 3704 1436 de
3732 1379 3808 1434 li-

2152 1480 2267 1537 gno
2298 1465 2599 1523 fructuosa
2631 1468 2875 1524 faciente
2908 1468 3164 1550 fructum
3214 1470 3544 1525 secundum
3593 1485 3804 1541 genus,

2154 1556 2327 1625 cujus
2358 1562 2558 1611 semen
2583 1557 2711 1628 ejus
2740 1556 2802 1612 in
2834 1557 2963 1629 ipso
2993 1558 3087 1612 sit.
3122 1557 3277 1612 Dixit
3306 1561 3362 1613 et
3383 1558 3536 1613 facta
3556 1561 3714 1625 sunt,
3747 1560 3807 1613 et

2151 1642 2367 1709 subito,
2383 1647 2450 1699 ut
2462 1661 2641 1716 supra
2654 1644 2916 1714 ﬂoribus,
2936 1644 3368 1717 herbarumque
3384 1645 3805 1715 viriditatibus,

2152 1731 2236 1785 ita
2264 1731 2358 1786 hic
2389 1733 2730 1788 nemoribus
2760 1737 2915 1790 terra
2961 1733 3172 1789 vestita
3210 1738 3318 1790 est.
3368 1735 3807 1791 Concurrerunt

395 1835 471 1885 ιν,
628 1819 727 1873 "l0
759 1818 933 1874 hOan
965 1818 1205 1873 verbum
1238 1815 1555 1872 seminavit
1580 1830 1759 1885 super
1807 1816 2045 1879 terram,
2074 1855 2123 1920 B
2153 1820 2410 1887 arbores,
2444 1837 2859 1878 consurrexere
2889 1821 3068 1890 silva,
3100 1822 3343 1878 vertices
3374 1827 3611 1895 repente
3631 1839 3802 1879 mon-

571 1907 587 1920 ι.
688 1908 724 1920 ..
774 1909 804 1920 ..
911 1913 942 1920 .-
1085 1909 1093 1919 .
1174 1910 1184 1920 .
1241 1910 1251 1920 .
1438 1904 1451 1920 ι
1539 1905 1549 1920 .
1754 1906 1788 1920 ,.
1858 1900 2037 1920 -__L:.-
2156 1908 2192 1920 ..
2338 1909 2360 1920 ..
2482 1910 2496 1920 .
2704 1915 2712 1920 .
2774 1911 2838 1920 --.
3002 1911 3012 1920 .
3206 1911 3263 1920 ..
3739 1899 3802 1920 .-

395 1907 627 1979 quando
672 1908 848 1963 dixit:
901 1909 1187 1964 Germinet
1233 1910 1383 1960 terra
1431 1904 1676 1969 herbam,
1740 1906 1797 1957 et
1853 1900 2044 1955 subito
2074 1899 2123 1920 υ
2151 1908 2302 1963 tium
2333 1909 2740 1966 fronduerunt,
2774 1911 2919 1967 Hinc
2958 1911 3156 1983 pinus,
3206 1911 3342 1967 hinc
3388 1927 3705 1984 cupressus
3736 1899 3802 1967 ἰιί

391 1997 681 2051 terrarum
714 1997 985 2069 germina
1019 1994 1404 2068 pullularunt,
1456 1997 1512 2049 et
1561 1991 1799 2047 diversae
1846 2004 2038 2043 rerum

393 2083 617 2155 species
668 2086 1045 2141 refulserunt.
1077 2085 1221 2140 Hinc
1262 2086 1562 2155 pratorum
1610 2080 1804 2134 virens
1855 2076 2044 2149 gratia

392 2172 814 2230 abundantiam
846 2173 1046 2246 pabuli
1074 2171 1467 2228 ministravit:
1518 2170 1653 2225 inde
1699 2183 2038 2238 camporum

392 2260 556 2332 spica
583 2263 924 2329 ﬂavescens,
959 2263 1278 2333 imaginem
1308 2258 1537 2331 pelagitl
1559 2255 1852 2313 uctuantis
1881 2271 2039 2310 com-

392 2350 651 2406 motione
681 2352 896 2424 segetis
929 2349 1217 2406 uberioris
1248 2348 1556 2420 expressit.
1591 2347 1805 2417 Sponte
1835 2359 2039 2398 omnes

389 2437 620 2497 fructus
649 2446 802 2495 terra
834 2438 1129 2511 suggessit
1158 2454 1169 2492 :
1205 2437 1312 2491 etsi
1336 2440 1495 2492 arata
1518 2435 1643 2490 sine
1669 2433 1889 2489 cultore
1910 2448 2037 2488 esse

400 2549 517 2589 non
549 2529 1069 2603 poterat,nondum
1101 2527 1257 2582 enim
1289 2530 1415 2581 erat
1445 2524 1731 2580 formatus
1751 2521 2033 2595 agricola;

390 2622 617 2678 inarata
648 2624 843 2674 tamen
901 2616 1114 2688 opimis
1185 2614 1481 2669 messibus
1540 2612 1925 2678 redundabat,
1980 2614 2037 2664 et

388 2707 542 2765 haud
576 2707 780 2762 dubito
820 2722 889 2760 an
951 2705 1173 2775 majore
1231 2706 1532 2774 proventu.
1588 2700 1893 2772 Siquidem
1929 2715 2034 2753 nec

388 2797 632 2854 cultoris
663 2794 889 2850 desidia
918 2798 1205 2849 terrarum
1237 2792 1554 2847 destituere
1599 2793 1827 2861 poterat
1858 2788 2031 2843 uber-

380 2890 590 2942 tatem.
621 2885 789 2938 Nunc
819 2883 973 2938 enim
999 2880 1324 2937 fecunditas
1349 2879 1668 2949 unicuique
1690 2894 1793 2950 pro
1822 2875 2031 2931 merito

385 2974 605 3030 laboris
638 2971 979 3042 acquiritur,
1013 2971 1113 3025 ubi
1144 2969 1338 3025 cultus
1386 2971 1682 3039 spectatur
1711 2980 1985 3038 agrorum
2014 2988 2027 3030 ;

387 3067 444 3119 et
473 3060 828 3134 negligentia
855 3058 939 3114 vel
974 3059 1213 3127 offensa,
1254 3060 1355 3113 aut
1395 3056 1630 3112 diluviis
1674 3054 2027 3127 pluviarum,

388 3156 492 3207 aut
520 3155 805 3206 terrarum
838 3148 1232 3213 ariditatibus,
1266 3151 1367 3202 aut
1396 3144 1702 3217 grandinis
1721 3145 1906 3215 jactu.
1929 3145 2032 3197 aut

2152 1996 2269 2052 alta
2298 2014 2359 2053 se
2391 1997 2724 2054 extulerunt
2752 1999 3078 2066 cacumina,
3111 2000 3267 2055 cedri
3298 2004 3354 2056 et
3386 1999 3559 2072 piceae
3588 2016 3798 2055 conve-

2150 2090 2383 2140 nerunt.
2412 2086 2585 2142 Abies
2616 2103 2850 2159 quoque
2880 2104 2996 2143 non
3020 2092 3293 2144 contenta
3313 2089 3559 2145 terrenis
3590 2088 3803 2143 radici-

2149 2173 2261 2229 bus
2289 2174 2650 2245 atque'aerio
2672 2175 2905 2241 vertice,
2936 2176 3112 2232 etiam
3157 2192 3330 2232 casus
3381 2176 3641 2233 marinos
3668 2180 3799 2232 tuto

2148 2263 2422 2319 subitura
2449 2264 2712 2336 remigio,
2746 2280 2851 2320 nec
2881 2263 3075 2320 solum
3108 2264 3316 2334 ventis,
3350 2266 3450 2321 sed
3482 2265 3658 2322 etiam
3691 2265 3800 2321 tiu-

2146 2352 2341 2407 ctibus
2371 2356 2666 2409 certatura
2692 2352 2994 2425 processit.
3019 2353 3133 2409 Nec
3153 2369 3267 2409 non
3292 2357 3348 2409 et
3370 2352 3574 2410 laurus
3590 2370 3791 2411 assur-

2146 2456 2293 2511 gens
2321 2442 2558 2497 odorem
2592 2457 2767 2498 suum
2822 2441 2985 2497 dedit
3034 2458 3336 2514 nunquam
3385 2459 3492 2498 suo
3532 2443 3798 2498 exuenda

2144 2528 2451 2585 velamine.
2485 2530 2781 2586 Umbrosis
2812 2546 3046 2603 quoque
3086 2530 3237 2587 ilicis
3285 2530 3558 2587 verticem
3589 2534 3794 2603 protu-

2145 2617 2364 2685 lerunt,
2396 2618 2794 2674 inhorrentem
2825 2634 3051 2675 comam
3080 2619 3341 2676 hibernis
3386 2635 3614 2692 quoque
3638 2625 3791 2675 tem-

2144 2705 2408 2778 ploribus
2437 2710 2767 2763 servatum.
2801 2706 2921 2763 Hoc
2960 2706 3115 2763 enim
3165 2707 3225 2762 in
3274 2706 3523 2779 singulis
3551 2706 3792 2779 privile-

2142 2793 2305 2865 gium
2341 2798 2555 2849 natura
2583 2794 2791 2849 denuit
2836 2793 2896 2848 in
2948 2794 3261 2866 reliquum,
3308 2794 3463 2866 quod
3516 2794 3626 2850 sub
3668 2793 3789 2849 ictu

2142 2882 2349 2937 mundi
2380 2881 2675 2955 surgentis
2705 2882 2961 2953 accepit:
2995 2886 3054 2938 et
3090 2882 3226 2937 inde
3256 2885 3454 2938 manet
3500 2899 3609 2937 sua
3635 2881 3793 2937 ilici-

2140 2969 2253 3024 bus
2284 2970 2682 3042 praarogativa,
2715 2974 2913 3026 manet
2941 2970 3340 3043 cupressibus,
3367 2973 3431 3025 ut
3463 2969 3610 3026 nulli
3634 2971 3789 3027 venti

2140 3074 2239 3115 eas
2266 3058 2445 3115 crinis
2475 3058 2567 3114 sui
2600 3058 2818 3115 honore
2847 3059 3191 3132 despolient.

2210 3148 2297 3202 48.
2331 3147 2670 3203 Surrexerat
2697 3154 2832 3203 ante
2863 3147 3106 3204 floribus
3145 3148 3409 3204 immista
3435 3148 3685 3204 terrenis
3707 3149 3786 3220 (9)

389 3255 738 3314 quacunque
768 3254 836 3294 ex
864 3254 1061 3305 causa,
1097 3236 1203 3292 soli
1237 3235 1433 3290 uberis
1457 3233 1759 3289 sterilitate
1789 3230 2030 3287 mulcta-
2058 3220 2102 3288 C
2141 3236 2267 3291 sine
2293 3234 2479 3308 spinis
2534 3253 2687 3305 rosa,
2749 3241 2807 3292 et
2863 3235 3295 3309 pulcherrimus
3348 3237 3458 3293 ﬂos
3510 3237 3638 3293 sine
3667 3236 3791 3293 ulla

386 3333 483 3385 tur
502 3330 598 3399 (7).
632 3329 796 3383 Tunc
827 3330 1021 3381 autem
1056 3328 1336 3397 proventu
1373 3326 1694 3395 spontaneo
1726 3325 1877 3376 terra
1908 3320 2029 3374 fru-

386 3426 517 3477 ctus
549 3418 691 3474 locis
722 3416 996 3472 omnibus
1026 3414 1372 3479 invehebat;
1408 3411 1687 3484 quoniam
1728 3410 1779 3466 is
1817 3426 2027 3482 prisce-

387 3525 483 3583 per
495 3511 572 3575 at,
595 3507 691 3578 qui
719 3506 1121 3561 universorum
1136 3506 1224 3558 est
1243 3501 1566 3574 plenitudo.
1590 3501 1847 3556 Verbum
1870 3499 2027 3554 enim

387 3597 487 3654 Dei
518 3594 906 3651 fructiﬁcabat
937 3593 997 3647 in
1024 3592 1219 3662 terris,
1254 3608 1359 3647 nec
1380 3591 1499 3646 ullo
1521 3589 1713 3646 adhuc
1730 3597 1850 3645 erat
1873 3594 2029 3645 terra

388 3687 644 3741 dannata
684 3682 1016 3739 maledicto.
1068 3680 1414 3751 Antiquiora
1462 3680 1618 3736 enim
1669 3679 1873 3734 mundi
1925 3694 2026 3732 na-

389 3773 605 3831 scentis
636 3772 893 3836 exordia,
925 3786 1101 3842 quam
1133 3773 1335 3824 nostra
1364 3772 1600 3840 peccata
1641 3772 1817 3835 sunt;
1852 3771 1909 3822 et
1939 3782 2026 3821 re-

387 3863 607 3920 centior
634 3860 808 3933 culpa
838 3862 1074 3930 propter
1102 3874 1278 3929 quam
1312 3855 1683 3912 condemnati
1730 3870 1938 3910 sumus
1967 3853 2028 3908 in

389 3952 599 4009 sudore
628 3950 828 4005 vultus
859 3947 1043 4003 nostri
1098 3961 1309 4018 panem
1359 3944 1735 4009 manducare,
1782 3943 1907 3997 sine
1937 3959 2030 3997 su-

388 4042 524 4097 dore
554 4040 632 4111 (8)
664 4038 947 4093 alimenta
974 4034 1218 4089 nescire.

404 4207 417 4217 ”
461 4200 545 4253 46.
582 4197 841 4267 Denique
874 4193 1164 4263 hodieque
1196 4190 1525 4246 fecunditas
1582 4194 1745 4246 terrae
1783 4199 2031 4247 veterem

389 4286 749 4342 affluentiam
808 4284 1139 4353 spontaneis
1194 4296 1303 4333 usu
1364 4277 1680 4334 fertilitatis
1737 4285 2028 4350 operatur.

390 4376 575 4438 Quam
609 4370 795 4426 multa
827 4373 972 4424 sunt
1002 4369 1156 4424 enim
1184 4383 1313 4438 quas
1359 4367 1551 4422 adhuc
1599 4372 1805 4439 sponte
1857 4383 2032 4439 gene-

389 4460 631 4517 rentur!
665 4460 774 4515 Sed
806 4458 986 4513 etiam
1017 4456 1075 4511 in
1106 4455 1198 4511 his
1228 4456 1373 4527 ipsis
1409 4472 1535 4527 quae
1567 4472 1745 4511 manu
1768 4472 2035 4527 quierun-

2135 3326 2340 3381 fraude
2367 3324 2686 3381 vernabat:
2720 3329 2926 3397 postea
2956 3326 3126 3397 spina
3155 3325 3340 3399 sepsit
3388 3325 3635 3399 gratiam
3676 3326 3789 3382 ﬂo-

2135 3414 2236 3480 ris,
2270 3416 2554 3485 tanquam
2602 3412 2873 3470 humanm
2921 3413 3227 3486 speculum
3278 3415 3592 3486 praeferens
3631 3414 3782 3483 vitae,

2137 3519 2263 3575 quia
2281 3502 2627 3558 suavitatem
2646 3502 3070 3574 perfunctionis
3092 3520 3211 3558 suae
3230 3503 3496 3560 finitimis
3510 3520 3787 3560 curarum

2137 3589 2397 3647 stimulis
2426 3607 2576 3663 saepe
2605 3594 2980 3663 compungat.
3009 3591 3240 3648 Vallata
3264 3597 3355 3648 est
3375 3592 3533 3648 enim
3559 3592 3792 3664 elegan-

2143 3680 2225 3735 tia
2253 3680 2381 3735 vitaa
2414 3684 2643 3748 nostrae,
2674 3684 2733 3736 et
2762 3679 3118 3752 quibusdam
3158 3680 3653 3738 sollicitudinibus
3684 3683 3789 3739 ob-

2142 3772 2328 3841 septa,
2357 3771 2424 3824 ut
2464 3767 2708 3824 tristitia
2737 3768 3017 3840 adjuncta
3065 3769 3142 3825 sit
3184 3769 3403 3843 gratim.
3458 3770 3622 3826 Unde
3652 3788 3789 3827 cum

2139 3856 2553 3929 unusquisque
2583 3861 2686 3913 aut
2713 3856 2997 3914 suavitate
3028 3858 3293 3925 rationis,
3325 3863 3427 3915 aut
3452 3861 3789 3932 prosperio-

2137 3945 2219 4000 ris
2250 3962 2459 4001 cursus
2489 3945 2863 4002 successibus
2881 3945 3213 4018 gratulatur
3233 3947 3575 4005 meminisse
3596 3949 3783 4023 culpas

2138 4050 2272 4089 eum
2304 4035 2594 4101 convenit,
2626 4050 2729 4107 per
2756 4050 2935 4106 quam
2976 4035 3145 4091 nobis
3191 4035 3250 4091 in
3297 4037 3557 4109 paradisi
3605 4054 3787 4095 amca-

2139 4121 2323 4177 nitate
2352 4122 2700 4177 ﬂorentibus
2730 4121 2911 4193 spinae
2941 4122 3178 4191 mentis,
3229 4125 3556 4196 animmque
3593 4130 3792 4183 sentes

2132 4210 2268 4282 jure
2297 4209 2803 4266 condemnationis
2825 4207 3067 4283 ascripti
3108 4216 3267 4268 sunt.
3320 4213 3583 4270 Irrutiles
3608 4214 3794 4287 igitur

2139 4298 2296 4364 licet,
2328 4315 2361 4353 ο
2390 4297 2587 4363 homo,
2621 4303 2724 4354 aut
2747 4297 3057 4371 splendore
3097 4300 3444 4369 nobilitatis,
3491 4308 3595 4357 aut
3623 4303 3790 4362 fasti-

2142 4387 2236 4459 gio
2281 4388 2610 4459 potestatis,
2667 4392 2771 4443 aut
2823 4387 3051 4461 fulgore
3106 4388 3362 4457 virtutis,
3423 4407 3656 4463 semper
3683 4392 3793 4448 tibi

2142 4476 2314 4549 spina
2343 4476 2607 4548 proxima
2635 4480 2743 4545 est,
2777 4491 3011 4549 semper
3037 4480 3127 4534 est
3174 4478 3358 4534 sentis
3386 4479 3521 4550 (10),
3555 4496 3794 4553 semper

386 4554 503 4643 tur,
538 4564 752 4643 magna
780 4563 849 4602 ex
878 4549 1041 4643 Part?
1089 4548 1329 4643 manet.“
1368 4544 1539 4643 Ποβίξ
1586 4544 1781 4643 divini}
1810 4545 2030 4643 δεινήν
2064 4578 2112 4643 D
2142 4544 2419 4621 inferiora
2444 4568 2550 4620 tua
2578 4544 2822 4637 respice,
2850 4544 3027 4637 super
3073 4566 3278 4638 spinas
3319 4544 3618 4639 germinas
3651 4544 3790 4641 (11),

390 4639 500 4705 cia,
541 4641 607 4692 ut
654 4637 946 4691 frumenta
1002 4634 1131 4705 ipsa
1191 4632 1630 4705 quiescentibus
1686 4632 2031 4690 inferantur.

388 4727 550 4791 Quod
584 4724 896 4797 propositae
926 4723 1094 4778 docet
1122 4721 1386 4778 lectionis
1429 4721 1783 4793 exemplum,
1810 4722 2038 4779 dicente

388 4815 669 4873 Domino:
704 4815 851 4884 Quia
886 4814 963 4866 sic
1018 4815 1095 4867 est
1150 4828 1381 4883 regnum
1438 4813 1537 4866 Dei
1587 4812 2038 4882 quemadmodum

388 4906 439 4959 si
466 4905 623 4959 homo
654 4904 820 4969 iaciat
864 4916 1048 4956 semen
1099 4916 1264 4972 super
1321 4904 1550 4964 terram,
1612 4908 1664 4955 et
1713 4899 2035 4967 obdormiat,

390 4992 600 5065 inquit,
635 4996 685 5047 et
718 4997 977 5059 exsurgat
1001 4992 1155 5044 nocte
1183 4998 1237 5044 et
1264 4989 1370 5055 die,
1420 4993 1469 5044 et
1521 5005 1700 5044 semen
1748 4992 2034 5061 germinet,

390 5090 445 5137 et
473 5084 758 5147 increscat,
792 5079 924 5134 dum
951 5079 1120 5133 nescit
1151 5078 1246 5133 ille
1285 5077 1470 5150 (Marc.
1530 5095 1606 5143 1v,
1665 5078 1757 5145 26,
1790 5080 1901 5151 ‘27).
1936 5079 2036 5135 Ul-

390 5174 479 5225 tro
511 5169 666 5224 enim
698 5172 853 5222 terra
893 5166 1224 5232 fructiﬁcat,
1271 5166 1460 5238 primo
1510 5166 1776 5231 herbam,
1826 5168 2037 5224 deinde

464 5302 538 5369 (7)
568 5299 758 5355 Codex
788 5300 977 5366 Dion.,
1012 5300 1159 5355 Vict.
1210 5316 1387 5366 unus,
1428 5299 1595 5355 Corb.
1647 5299 1822 5355 etiam
1856 5318 2035 5369 unus,

392 5376 448 5426 et
486 5370 668 5435 Colb.,
725 5372 843 5426 Soli
900 5372 1113 5426 ubertas
1162 5372 1475 5427 sterilitate.
1536 5371 1688 5424 Vict.
1753 5371 1922 5438 alter,
1982 5376 2040 5428 ct

392 5444 579 5498 Ceam:
614 5445 854 5514 corrupti
881 5445 1027 5497 aeris
1056 5444 1356 5497 sterilitate.

462 5513 656 5585 (8)7Sir
689 5512 889 5570 decem
936 5530 1077 5568 mss.
1127 5513 1358 5585 optimae
1401 5518 1571 5570 notae
1629 5512 1761 5580 Alii,
1795 5516 1853 5568 et
1874 5514 2035 5581 edit.,

392 5585 510 5639 sine
532 5584 733 5641 dolore.

463 5657 534 5728 (9)
566 5657 717 5713 Edit.
751 5669 993 5711 omnes:
1023 5657 1250 5726 ﬂoribus
1281 5657 1522 5711 immista
1562 5657 1781 5711 teneris.

2146 4670 2252 4709 nec
2282 4652 2504 4726 prolixa
2531 4653 2719 4726 gratia
2764 4658 2996 4710 manet:
3032 4655 3188 4709 brevi
3238 4656 3651 4729 unusquisque
3698 4659 3795 4713 de-

2145 4758 2318 4799 curso
2348 4741 2533 4798 laetatis
2564 4742 2704 4799 ﬂore
2733 4743 2848 4813 (12)
2879 4742 3208 4798 marcescit.

2785 4847 3016 4904 CAPUT
3054 4848 3151 4905 XII

2147 4936 2431 4993 Laudatur
2483 4938 2632 5023 vitis,
2682 4944 2744 5020 et
2785 4953 2913 4992 cum
2932 5007 2945 5023 .
2970 4937 3211 5023 Ecclesia
3266 4947 3649 5023 comparatur:
3697 4958 3797 4999 nec

2216 5026 2327 5136 netu
2357 5010 2667 5081 exemplum
2692 5009 2811 5077 eius
2850 5007 3007 5065 nobis
3062 5009 3133 5065 ad
3185 5007 3553 5069 imitationem
3595 5029 3795 5086 propo—

2218 5097 2256 5135 n
2304 5096 2387 5136 ur.
3393 5124 3400 5130 .

2218 5169 2305 5224 49.
2338 5169 2489 5225 Sane
2518 5172 2587 5224 ut
2616 5168 2834 5224 caduca
2861 5167 2969 5225 tibi
3001 5170 3233 5227 noveris
3281 5173 3619 5229 communia
3665 5189 3797 5230 esse

2218 5302 2329 5372 (10)
2388 5300 2540 5377 Edit.
2599 5317 2826 5377 omnes.
2888 5307 2948 5358 et
2980 5319 3148 5377 Amss.
3216 5305 3441 5377 aliquot
3515 5305 3796 5363 omittunt

2148 5388 2362 5456 semper
2382 5376 2463 5428 est
2483 5373 2693 5456 sentis,-
2722 5388 2849 5445 quaa
2877 5374 3055 5431 verba
3084 5392 3115 5431 e
3155 5392 3299 5432 mss.
3318 5373 3551 5433 'decem
3583 5378 3792 5450 proba-

2147 5448 2399 5500 tissimis
2439 5448 2827 5501 restituimus.
3588 5448 3601 5450 “

2219 5515 2331 5597 (11)
2372 5514 2510 5572 Mss.
2559 5515 2714 5572 Cmn.
2776 5518 2834 5571 et
2888 5515 3039 5572 Vict.
3099 5533 3286 5585 unus;
3347 5534 3557 5592 semper
3604 5520 3795 5592 spinas

2146 5602 2448 5659 germznas.

2220 5656 2334 5729 (12)
2363 5661 2501 5715 Tres
2539 5673 2684 5715 mss.
2739 5656 2841 5714 aevi
2900 5657 3262 5717 remotioris:
3294 5662 3453 5718 decor
3505 5662 3795 5719 suavitatis
