4158 6168
165 355 289 422 189

1455 352 2023 422 HEXAEMERON
2069 360 2228 427 LIB.
2273 362 2385 427 III.

3536 385 3656 450 190

164 509 309 549 cum
346 489 626 590 ﬂoribus,
659 486 957 563 itafetiam
1002 484 1129 590 laeta
1352 486 1595 590 vitibps,
1631 490 1854 562 quibus
1890 495 1946 557 Α
1982 498 2073 551 tos
2104 496 2286 553 fuisse
2334 498 2734 570 demonstrat,
2796 501 3012 574 quibus
3050 504 3170 566 ait:
3211 512 3393 571 Venite
3440 519 3511 575 ad
3539 538 3646 590 me,

160 584 501 660 generatur
528 579 762 649 vinum,
794 596 910 652 quo
941 596 1035 636 cor
1061 577 1318 634 hominis
1359 576 1715 635 laetiﬁcatur.
1746 583 1851 632 At-

161 688 285 745 que
320 671 585 737 utinam,
616 687 652 726 o
682 669 880 735 homo,
912 668 1084 740 hujus
1105 665 1333 741 generis
1362 666 1620 723 imiteris
1650 683 1856 724 exem—

161 761 447 835 plum,ut
477 762 608 832 ipse
637 759 742 813 tibi
765 757 1022 813 letitiam
1064 755 1621 828 jucunditatemque
1648 753 1856 811 fructi-

161 849 359 907 ﬁces!
398 854 465 904 ln
494 853 552 904 te
584 848 714 920 ipso
766 845 1019 901 suavitas
1071 849 1182 900 tua:
1234 844 1433 917 gratia:
1480 848 1578 900 est
1610 846 1749 913 (l3),
1792 858 1862 895 ex

158 945 221 995 te
255 937 556 1012 pullulat,
587 935 649 990 in
680 940 737 990 te
768 938 980 1005 manet,
1011 934 1166 989 intus
1189 933 1287 990 52
1319 932 1424 989 tibi
1456 932 1704 999 inest,id
1740 934 1860 995 est,

158 1027 223 1083 in
248 1032 318 1083 te
342 1027 479 1098 ipso
498 1022 1161 1096 quaerendajueunditas
1181 1025 1292 1076 tuae
1315 1025 1406 1076 est
1444 1018 1859 1077 conscientia.

160 1116 319 1171 Ideo
347 1114 467 1170 ait:
498 1113 641 1168 Bibe
671 1128 869 1183 aquam
899 1111 962 1166 de
1010 1112 1115 1165 tuis
1155 1112 1319 1175 vasis,
1351 1117 1404 1165 et
1451 1110 1520 1165 de
1558 1115 1863 1183 puteorum

160 1214 399 1261 tuorum
456 1202 711 1273 fontibus
770 1200 946 1272 (Prov.
979 1217 1032 1267 v,
1084 1200 1189 1269 15).
1248 1197 1522 1254 Primum
1586 1198 1860 1254 omnium

161 1291 323 1349 nihil
344 1291 588 1365 gratius
612 1288 874 1345 ﬂorentis
894 1288 1061 1344 odore
1079 1287 1231 1343 vitis.
1266 1287 1587 1360 Siquidem
1625 1288 1697 1343 de
1718 1287 1861 1343 ﬂore

162 1397 381 1439 earum
400 1396 629 1435 succus
663 1393 969 1450 expressus
986 1376 1170 1449 poculi
1193 1393 1383 1449 genus
1406 1376 1675 1444 conﬁcit,
1701 1378 1859 1449 quod

164 1475 224 1526 et
246 1467 554 1540 voluptati
584 1471 647 1523 et
676 1465 849 1522 saluti
878 1466 969 1520 sit.
1000 1464 1214 1521 Deinde
1245 1465 1379 1537 quis
1431 1482 1557 1520 non
1613 1466 1860 1521 miretur

164 1576 236 1616 ex
267 1558 433 1614 acini
467 1554 706 1611 vinacio
737 1555 905 1609 vitem
939 1572 1120 1627 usque
1168 1553 1227 1609 in
1278 1553 1515 1610 arboris
1549 1570 1857 1609 summum

165 1662 467 1705 cacumen
498 1660 904 1717 prorumpere,
919 1660 1088 1714 quam
1111 1642 1555 1715 velutquodam
1583 1643 1853 1713 amplexu

165 1738 353 1803 fovet,
387 1740 449 1791 et
496 1732 863 1805 quibusdam
916 1731 1165 1788 brachiis
1220 1731 1389 1804 ligat,
1424 1735 1485 1786 et
1525 1730 1857 1786 circumdat

1972 597 2166 681 omnes
2195 587 2292 659 qui
2321 588 2596 645 laboratis
2627 596 2680 645 et
2716 594 2930 649 onerati
2966 598 3112 666 estis,
3157 606 3211 657 et
3247 621 3342 674 ego
3403 624 3490 663 vos
3520 587 3647 681 reﬂ;

1971 672 2128 728 ciam
2176 676 2385 742 (Matth.
2447 695 2531 733 x1.
2591 680 2707 750 28).
2769 682 2917 755 Ergo
2976 685 3076 741 illa
3128 672 3327 750 anima
3384 672 3645 758 mulieris

1976 762 2150 830 quasi
2186 764 2580 822 circumfossa
2612 769 2938 838 respiravit,
2969 777 3025 827 et
3055 785 3245 835 erecta
3273 788 3379 839 est.

2052 850 2139 942 51.
2172 853 2278 907 Sed
2314 855 2521 910 eadem
2556 855 2700 910 vitis
2734 858 2831 912 ubi
2874 860 3250 923 circumfossa
3282 872 3473 942 fuerit,
3509 878 3640 932 reli-

1975 940 2154 1009 gatur
2177 944 2234 995 et
2258 942 2524 1014 erigitur,
2557 960 2632 999 ne
2660 944 2990 1003 reﬂectatur
3020 951 3076 1006 in
3110 958 3341 1013 terram.
3361 940 3642 1022 Recidun-

1976 1027 2216 1083 turalia
2259 1035 2585 1099 sarmenta,
2644 1032 2763 1088 alia
2810 1048 3244 1109 propagentur:
3292 1050 3633 1109 reciduntur

1975 1130 2105 1213 quas
2137 1117 2293 1173 inani
2329 1121 2621 1177 effusione
2645 1121 2967 1191 luxuriant,
2985 1140 3380 1204 propagentur
3408 1155 3476 1194 ea
3507 1158 3634 1213 quea

1973 1202 2468 1303 bonus-agricola
2519 1210 2884 1303 judicaverit
2943 1202 3259 1277 fructuosa.
3320 1226 3468 1289 Quid
3523 1202 3633 1303 ego

1970 1293 2467 1354 adminiculorum
2508 1300 2775 1366 ordines,
2801 1302 3245 1381 jugationisque
3302 1293 3632 1375 describam

1968 1383 2241 1472 gratiam,
2273 1401 2399 1456 quae
2445 1404 2581 1442 vere
2637 1392 2819 1458 atque
2872 1392 3178 1452 manifeste
3235 1402 3629 1472 mqualitatem

1968 1470 2263 1526 doccntin
2317 1475 2579 1531 Ecclesia
2634 1493 2767 1531 esse
2815 1484 3182 1555 servandam,
3230 1470 3512 1549 utinemo
3568 1513 3632 1552 se

1966 1558 2128 1653 dives
2142 1561 2580 1653 authonoratus
2611 1565 2880 1630 extollat,
2916 1585 3086 1627 nemo
3110 1592 3331 1650 pauper
3375 1581 3628 1653 dejiciat,

1963 1645 2375 1745 ignobilisque
2386 1653 2709 1745 desperet?
2732 1654 3017 1714 Omnibus
3049 1645 3123 1717 sit
3154 1645 3496 1727 in-Ecclesia
3528 1645 3635 1745 par

1964 1740 2149 1807 atque
2180 1754 2299 1829 una
2340 1739 2603 1810 libertas,
2641 1745 2927 1802 omnibus
2983 1747 3350 1823 impertiatur
3396 1739 3634 1829 justitia

164 1824 441 1893 lacertis,
477 1819 785 1895 pampinis
830 1820 1013 1884 vestit,
1044 1820 1212 1875 sertis
1266 1836 1524 1875 uvarum
1570 1820 1854 1874 coronat?
1884 1859 1930 1922 B
1966 1826 2306 1881 communis
2338 1828 2436 1884 53
2466 1830 2523 1885 et
2553 1832 2768 1903 gratia.
2806 1835 2940 1892 Ideo
2973 1819 3151 1897 turris
3191 1844 3248 1899 in
3301 1819 3493 1905 medio
3522 1857 3631 1922 est,

165 1916 315 1980 Quae
349 1912 426 1967 ad
460 1909 855 1965 imitationem
894 1908 1017 1963 vitae
1068 1915 1277 1964 nostrae
1338 1908 1609 1980 primum
1662 1908 1849 1962 vivam

165 2002 388 2073 deﬁgit
439 1998 726 2059 radicem,
768 1996 967 2052 deinde
1023 1998 1160 2068 quia
1211 2001 1430 2052 natura
1491 1995 1767 2050 ﬂexibilis
1798 1999 1854 2050 ct

164 2090 407 2147 caduca
439 2091 553 2151 est,
586 2085 759 2158 quasi
805 2085 1056 2142 brachiis
1113 2085 1479 2157 quibusdam
1516 2084 1566 2154 (1
1589 2083 1654 2153 i),
1688 2083 1767 2138 ita
1799 2087 1854 2139 et

164 2176 493 2234 claviculis
523 2173 817 2247 quidquid
846 2174 1310 2246 apprehenderit,
1347 2171 1615 2244 stringit,
1644 2171 1855 2244 hisque

167 2283 239 2323 se
273 2265 460 2338 erigit
489 2268 547 2320 et
578 2261 810 2317 attollit.

248 2355 357 2409 50.
390 2352 584 2423 Hujus
613 2355 700 2406 est
730 2349 935 2405 similis
964 2349 1123 2422 plebs
1175 2350 1475 2413 Ecclesia,
1512 2365 1640 2420 quae
1698 2348 1855 2404 velut

166 2442 464 2516 quadam
496 2440 631 2494 ﬁdei
661 2439 845 2493 radice
875 2438 1249 2510 plantatur,et
1279 2437 1635 2510 reprimitur
1664 2435 1854 2491 humi-

164 2528 383 2586 litatis
443 2528 779 2599 propagine,
813 2527 881 2581 de
938 2544 1052 2599 qua
1095 2526 1342 2599 pulchre
1376 2525 1462 2581 ait
1522 2524 1848 2595 Propheta:

69 2648 79 2661 ο
172 2621 421 2676 Vineam
459 2632 533 2671 ea:
562 2618 789 2685 Aigypto
832 2617 1180 2683 transtulisti,
1229 2619 1281 2671 et
1315 2614 1598 2686 plantasti
1645 2613 1853 2669 radices

170 2709 327 2779 ejus,
352 2710 407 2761 et
428 2704 657 2775 replesti
686 2707 885 2758 terram
931 2704 947 2775 (
963 2705 1040 2775 '5)
1068 2723 1080 2760 :
1108 2706 1327 2776 operuit
1386 2706 1601 2758 montes
1658 2702 1853 2757 umbra

171 2798 327 2867 ejus,
360 2801 414 2848 et
440 2794 671 2848 arbusta
696 2793 810 2863 ejus
861 2793 1036 2848 cedros
1074 2796 1216 2849 Dei:
1254 2792 1559 2848 extendisli
1594 2792 1852 2862 palmites

172 2887 307 2958 ejus
332 2898 507 2954 usque
537 2880 609 2935 ad
638 2897 805 2945 mare,
847 2886 897 2936 et
938 2898 1103 2953 usque
1150 2882 1221 2937 ad
1262 2885 1495 2957 ﬂumen
1520 2882 1850 2951 prOpagines

169 2976 312 3045 ejus
343 2970 523 3039 (Psal.
558 2986 742 3035 uxlx,
775 2968 943 3040 9-12).
976 2970 1046 3024 Et
1092 2986 1195 3041 per
1234 2969 1452 3026 Isaiam
1500 2967 1627 3040 ipse
1652 2966 1847 3023 Domi-

175 3077 309 3116 nus
337 3058 578 3115 locutus
621 3059 709 3112 est
753 3055 982 3114 dicens:
1038 3059 1205 3114 Vinea
1244 3062 1397 3131 facta
1438 3061 1519 3111 est
1565 3056 1760 3111 dilecto
1789 3058 1848 3110 in

172 3164 385 3214 cornu,
449 3148 511 3199 in
570 3146 683 3200 loco
739 3146 927 3201 uberi:
955 3154 1006 3202 et
1050 3149 1347 3203 maceriam
1408 3144 1768 3212 circumdedi,
1802 3153 1853 3200 et

1964 1927 2101 1983 quae
2133 1915 2462 1987 exemplum
2489 1919 2561 1974 de
2610 1920 2737 1977 illis
2767 1924 3106 1992 rusticanis.
3139 1933 3208 1987 de
3234 1933 3353 1991 illis
3385 1915 3634 1996 circum;

1964 2003 2120 2057 ferat
2149 2003 2560 2074 piscatoribus,
2596 2010 2701 2080 qui
2735 2012 3021 2072 virtutum
3061 2036 3252 2077 arcem
3283 2028 3480 2084 tenere
3510 2046 3630 2087 me-

1966 2096 2215 2192 ruerunt
2239 2108 2250 2145 :
2278 2109 2528 2192 quorum
2554 2098 2846 2172 exemplis
2870 2111 3069 2161 noster
3084 2110 3340 2184 erigatur
3363 2117 3628 2192 affectus,

1966 2195 2157 2278 neque
2188 2180 2354 2278 humi
2405 2182 2536 2239 vilis
2567 2190 2624 2240 et
2684 2188 3068 2278 despicabilis
3119 2180 3308 2269 jaceat
3338 2207 3450 2277 (16)
3483 2226 3494 2275 ;
3529 2180 3629 2267 sed

1966 2271 2439 2366 unius-cujusque
2468 2289 2633 2328 mens
2647 2276 2720 2330 ad
2748 2281 3054 2351 superiora
3076 2303 3137 2342 se
3150 2271 3507 2366 subrigat,u't
3527 2315 3627 2355 au-

1965 2356 2100 2445 deat
2130 2358 2352 2413 dicere:
2382 2360 2592 2416 Nostra
2618 2369 2823 2420 autem
2850 2377 3211 2434 conversatio
3233 2380 3291 2435 in
3317 2356 3486 2443 caelis
3516 2393 3624 2445 est.

1965 2443 2128 2538 Unde
2153 2463 2223 2501 ne
2256 2446 2559 2538 aliquibus
2592 2454 2871 2521 procellis
2926 2463 3121 2518 saeculi
3170 2471 3355 2538 possit
3386 2443 3599 2533 reﬂecti

1965 2536 2022 2587 et
2069 2538 2422 2624 tempestate
2473 2537 2706 2603 deduci,
2741 2542 3043 2606 claviculis
3101 2522 3218 2610 illis
3276 2564 3331 2615 et
3389 2522 3624 2624 circulis,

1966 2623 2153 2726 quasi‘
2189 2623 2561 2696 amplexibus
2619 2628 3282 2711 charitatisrproximos
3359 2667 3622 2726 quosque

1963 2711 2396 2812 complectitur,
2429 2717 2485 2812 et
2517 2713 2576 2768 in
2608 2732 2814 2776 eorum
2850 2728 3262 2797 conjunctione
3284 2711 3616 2812 requiescit.

1962 2797 2226 2891 Charitas
2252 2806 2344 2891 est
2375 2801 2557 2891 igitur
2614 2821 2743 2876 qua:
2792 2828 2901 2869 nos
2958 2797 3385 2891 superioribus‘
3419 2797 3597 2888 nectit

1963 2886 2224 2989 ξωῙοίῖξιθ
2274 2890 2499 2945 inserit
2561 2893 2666 2957 Ωοἱ
2728 2900 2884 2972 enim
2946 2879 3142 2964 manet
3197 2911 3253 2967 in
3314 2879 3618 2989 charitate:

1961 2974 2117 3068 Deus
2147 2977 2206 3031 in
2240 2995 2306 3033 eo
2346 2987 2558 3068 manet.
2613 2981 2776 3040 Unde
2826 2995 2883 3044 et
2933 2993 3217 3055 Dominus
3261 3003 3378 3061 ait:

2181 3074 2243 3171 (et
2271 3082 2365 3137 ego
2392 3066 2452 3121 in
2483 3069 2648 3169 vobis.
2668 3161 2677 3171 .
2701 3073 2861 3132 Sicut
2901 3083 3116 3151 palmes
3156 3106 3265 3144 non
3300 3102 3476 3164 potest

1959 3155 2108 3252 ctam
2136 3156 2337 3225 afferre
2366 3172 2398 3208 a
2444 3171 2517 3221 se,
2564 3159 2677 3213 nisi
2716 3171 2988 3225 manserit
3034 3175 3096 3228 in
3145 3155 3397 3245 vitm-sic
3424 3191 3474 3241 et
3501 3155 3613 3254 'vos,

173 3234 525 3305 circumfodi
571 3236 788 3289 vineam
838 3233 1050 3304 Soreeh,
1085 3241 1139 3292 et
1193 3235 1474 3307 aediﬁcavi
1529 3234 1731 3289 turrim
1784 3235 1840 3288 in
1877 3224 1919 3288 C
1954 3241 2006 3295 si
2036 3224 2201 3296 inme
2229 3258 2342 3298 non
2371 3248 2708 3302 mnseritis.
2734 3251 2842 3322 Ego
2881 3224 3002 3313 suin
3037 3224 3616 3342 ’ὖι-ιιῖέξνυξὶξῖαἳηέἵέἓ

567 3322 668 3342 ,.__
742 3340 773 3342 __
835 3323 848 3342 .
922 3327 976 3342 ω
1061 3324 1119 3342 η.
1527 3321 1669 3342 ,ηεμ
1723 3338 1838 3342 ____
2025 3330 2061 3342 ..
2118 3330 2165 3342 ι.
2467 3332 2481 3342 .
2544 3334 2592 3342 -ι

171 3324 371 3380 medio
399 3325 520 3395 ejus
564 3322 691 3393 (Isa.
742 3340 793 3389 ν,
826 3323 878 3392 4,
922 3327 999 3391 2).
1059 3324 1464 3381 Circumdedit
1519 3321 1674 3378 enim
1718 3338 1846 3378 eam

169 3412 354 3469 velut
384 3410 543 3466 vallo
566 3410 814 3482 quodam
847 3412 1168 3469 caelestium
1202 3414 1721 3485 prmeeptorum,et
1750 3428 1849 3466 an-

167 3502 455 3576 gelorum
488 3498 774 3554 custodia.
809 3500 1088 3556 Immittet
1135 3502 1295 3556 enim
1326 3500 1572 3572 angelus
1614 3498 1845 3553 Domini

166 3591 237 3646 in
274 3587 531 3643 circuitu
561 3586 890 3643 timentium
932 3607 1089 3645 eum.
1119 3589 1321 3645 Posuit
1370 3589 1429 3642 in
1476 3586 1732 3643 Ecclesia
1759 3603 1849 3643 ve-

168 3679 272 3734 lut
304 3676 526 3732 turrim
558 3675 951 3747 apostolorum
992 3682 1049 3734 et
1080 3678 1503 3751 prophetarum
1535 3679 1712 3747 atque
1743 3676 1845 3731 do-

167 3771 443 3833 ctorum,
472 3764 573 3837 qui
609 3762 795 3820 solent
822 3783 924 3837 pro
969 3766 1240 3823 Ecclesia
1293 3782 1434 3839 pace
1462 3764 1843 3837 praetendere.

167 3851 581 3911 Circumfodit
628 3868 774 3922 eam,
816 3856 1048 3926 quando
1096 3854 1431 3911 exoneravit
1475 3857 1845 3908 terrenarum

169 3943 343 3999 mole
391 3957 693 3997 curarum.
723 3940 873 3997 Nihil
904 3943 1061 3999 enim
1106 3944 1296 4016 magis
1337 3944 1593 3997 mentem
1621 3944 1843 4008 onerat,

168 4047 368 4103 quam
400 4030 578 4085 istius
610 4031 810 4085 mundi
840 4031 1173 4088 sollicitudo
1203 4036 1261 4088 et
1312 4029 1606 4103 cupiditas
1635 4027 1723 4083 vel
1756 4045 1847 4100 pe-

170 4120 374 4176 cunizs
432 4116 527 4173 vel
576 4119 859 4189 potentiae.
919 4121 1083 4184 Quod
1140 4120 1247 4175 tibi
1305 4120 1747 4174 demonstratur
1785 4118 1844 4173 in

166 4204 508 4279 Evangelio
540 4205 688 4277 (Luc.
720 4224 838 4275 xm,
892 4209 1101 4281 11-43),
1134 4224 1269 4264 cum
1320 4206 1490 4279 legis,
1551 4204 1690 4276 quia
1746 4204 1844 4260 illa

168 4294 407 4353 mulier
425 4311 558 4366 quae
579 4293 828 4351 habebat
850 4297 1123 4368 spiritum
1150 4294 1535 4362 inﬁrmitatis,
1561 4291 1845 4349 inclinata

168 4388 311 4441 erat
338 4387 409 4438 ut
437 4399 679 4439 sursum
710 4385 993 4456 respicere
1024 4402 1141 4440 non
1175 4388 1388 4457 posset.
1406 4383 1658 4439 Curvata
1686 4381 1841 4438 enim

166 4472 535 4529 eratanima
563 4472 855 4544 ejus,quae
886 4473 1282 4529 inclinabatur
1322 4473 1392 4529 ad
1423 4476 1656 4527 terrena
1686 4486 1842 4526 com-

1958 3330 2085 3383 estis
2111 3330 2288 3400 (Joa-n.
2322 3347 2414 3398 xv,
2456 3332 2508 3401 4,
2541 3334 2618 3406 5).

1956 4127 2260 4223 quibus-et
2298 4129 2608 4186 adversum
2668 4133 2873 4208 frigus,
2910 4127 3263 4217 omnemque
3322 4127 3598 4223 injuriam

1955 4230 2071 4269 non
2103 4216 2309 4288 exiguo
2342 4219 2611 4275 munitur
2641 4223 2926 4296 subsidio,
2947 4235 3005 4285 et
3035 4249 3068 4286 a
3100 4216 3241 4291 solis
3272 4216 3477 4300 ardore
3507 4245 3603 4300 de-

1954 4303 2230 4403 fenditur.
2277 4306 2444 4403 Quid
2476 4314 2670 4403 autem
2719 4329 2784 4403 eo
2842 4316 2929 4372 vel
2988 4324 3321 4392 spectaculo
3351 4333 3597 4403 gratius,

1945 4391 2030 4447 vel
2070 4392 2258 4448 fructu
2293 4398 2381 4450 est
2412 4396 2874 4467 dulcius,videre
2906 4391 3063 4465 serta
3092 4391 3409 4481 pendentia
3438 4391 3598 4480 velut

1954 4481 2499 4572 quedamgspeciosi
2532 4486 2685 4542 ruris
2734 4492 2994 4562 monilia,
3030 4514 3266 4572 carpere
3327 4523 3468 4566 uvas
3512 4514 3598 4569 vel

164 4560 425 4666 pendi'a,
458 4564 518 4615 et
546 4559 1262 4666 ctelestemngratialmnnon
1292 4561 1544 4666 videbat.
1569 4559 1843 4666 Respexit
1872 4588 1917 4653 Β
1952 4585 2126 4625 ωηιεο
2158 4569 2346 4626 colore
2374 4573 2462 4628 vel
2510 4591 2803 4648 purpureo
2846 4559 3165 4643 remi—tento;
3186 4590 3212 4643 ?
3243 4559 3597 4666 Ηϊπῖῐῖὠᾶ

163 4665 313 4706 eam
345 4648 548 4715 Jesus,
579 4651 636 4703 et
665 4650 901 4717 vocavit,
932 4654 989 4705 et
1015 4651 1214 4705 statim
1260 4649 1471 4705 mulier
1520 4662 1697 4702 onera
1724 4650 1840 4701 ter-

160 4754 328 4794 rena
359 4735 653 4808 deposuit.
678 4736 778 4792 His
810 4738 1236 4811 cupiditatibus
1266 4738 1443 4794 etiam
1477 4736 1613 4791 illos
1643 4751 1842 4791 onera-

156 4864 336 4988 ἕπε,
371 4862 485 4940 etc.
543 4857 658 4941 Alii
712 4860 993 4942 quinque,
1025 4861 1254 4917 decursu
1307 4863 1481 4917 aetatis
1537 4861 1693 4931 ﬂore,
1726 4868 1834 4916 etc.

267 4931 445 4988 haut.
481 4932 540 4984 et
568 4929 706 4984 edit.
740 4934 805 4985 ut
834 4948 893 4985 in
925 4936 1108 4987 textu.

267 4929 447 5002 liqui,
471 4932 540 5002 et
568 4928 706 4984 edit.
726 4928 805 4985 ‘ut
834 4928 894 4985 in
925 4936 1108 4987 textu.

251 4999 370 5071 (13)
408 4999 539 5055 Edit
568 5016 791 5068 omnes,
820 5004 1110 5058 suavitatis
1137 5007 1252 5060 tua?
1279 5007 1465 5072 gratia
1502 5010 1599 5058 est.

245 5074 370 5146 (ίρ)
422 5071 595 5146 R9_r_n..
654 5073 791 5128 edit.
820 5075 1149 5146 :_claviculis
1206 5071 1364 5146 quasi
1408 5077 1665 5135 manibus
1720 5084 1836 5146 qui-

160 5141 437 5200 busdam.
473 5141 583 5197 Ubi
629 5144 957 5216 respexisse
990 5141 1256 5216 editores
1300 5147 1372 5201 ad
1429 5146 1622 5203 locum
1656 5167 1686 5206 e
1724 5141 1832 5207 lib.

156 5216 295 5291 Cic.
326 5218 419 5270 De
440 5222 640 5291 seneet.
671 5215 825 5291 satis
844 5215 1246 5291 credibileest.
1280 5217 1477 5291 Neque
1502 5223 1833 5291 negaverim

154 5284 563 5361 gmbrosium
595 5287 831 5361 et__qu_od
860 5286 955 5361 hic
981 5288 1053 5342 de
1078 5288 1214 5361 vite,
1238 5292 1295 5343 et
1324 5284 1478 5354 quod
1516 5284 1686 5361 paulo
1701 5299 1834 5350 ante

156 5359 245 5413 de
274 5358 586 5412 frumento
625 5355 928 5424 dietitavit,
960 5374 1029 5413 ex
1076 5359 1279 5414 eodem
1330 5355 1554 5415 oratore
1605 5370 1833 5420 mutua-

155 5436 302 5484 tum
335 5442 498 5483 esse.
530 5425 745 5481 Verum
777 5433 982 5484 contra
1011 5429 1147 5485 edit.
1171 5433 1228 5484 et
1259 5446 1400 5485 mss.
1430 5433 1832 5490 auctoritatem

157 5498 321 5555 nihil
359 5502 552 5553 muto.

244 5570 360 5641 (15)
394 5569 487 5625 Ita
517 5569 804 5641 ve_t1_edit.
836 5573 893 5625 et
922 5586 1125 5626 novem
1159 5586 1302 5641 mss.
1335 5574 1409 5625 At
1438 5572 1628 5641 Carn.,
1662 5576 1827 5632 Corb.

155 5644 233 5697 et
254 5638 525 5718 'Th.cu_m_
578 5638 717 5694 LXX
766 5645 825 5718 et
881 5641 1048 5718 Rom.
1085 5639 1478 5718 _Psalterium,
1526 5638 1728 5718 repleta
1756 5651 1829 5704 est

155 5722 346 5768 terra.
406 5709 529 5769 Alii
590 5726 736 5768 mss.
767 5717 827 5768 et
882 5712 1021 5769 edit.
1084 5713 1277 5784 Rom.,
1334 5709 1823 5787 replevit'terram.

1950 4661 2303 4748 paterasque
2332 4676 2598 4732 gemmas
2653 4665 2876 4740 fulgere
2934 4673 3252 4748 existimes,
3292 4661 3597 4745 coruscare

1948 4745 2178 4801 Indicos
2209 4747 2255 4816 (4
2270 4748 2342 4819 7),
2376 4749 2643 4807 albarum
2676 4757 2925 4815 emicare
2952 4745 3372 4834 gratiameNec
3399 4776 3596 4830 adver-

1946 4870 2407 4963 lt-ursus‘eodem
2434 4873 2572 4963 loco
2615 4878 3287 4963 edit.-‘I.tom.:e.rtendit
3333 4896 3592 4963 palmites

2129 4941 2332 5068 fpilcures
2363 4962 2530 5016 mss.,
2571 4950 2710 5019 ejus.
2744 4950 2852 5006 Alii
2908 4961 2967 5011 et
3023 4941 3587 5027 νεξςνέἆηεηᾶὶὲἇῖ

1979 5083 2307 5172 ηαςῑλῌόὶῐ..
2342 5094 2634 5172 omnes‘et
2663 5108 2805 5172 m_s_s.
2835 5112 2951 5157 non
2973 5098 3151 5172 pauci
3176 5116 3383 5172 ineque
3411 5104 3589 5162 humi-

1945 5153 2064 5239 Iis.“
2070 5155 2308 5210 Addunt
2355 5160 2660 5239 nonnulli:
2694 5155 2909 5239 diues...
2951 5153 3151 5239 jaceat.
3187 5153 3372 5239 BééI,
3411 5153 3583 5235 ea};

1942 5229 1998 5279 et
2022 5225 2262 5303 Germ._:_
2279 5243 2458 5303 neque
2485 5231 2641 5287 humi
2667 5235 2811 5303 vilis,
2846 5227 2957 5291 etc:

2015 5296 2134 5376 (l7)
2164 5298 2312 5353 Edit.
2349 5296 2512 5355 Rom.
2546 5307 2604 5376 et
2633 5321 2773 5376 mss.
2798 5296 3114 5376 'nonnulli,
3166 5312 3395 5370 indicas.
3431 5317 3580 5375 Edit.

1940 5371 2053 5421 vet.
2087 5383 2219 5449 cum
2254 5386 2397 5449 mss:
2462 5373 2751 5440 undecim,
2810 5378 3032 5433 indicas.
3095 5371 3251 5438 Cum.
3287 5371 3469 5443 codex
3487 5371 3580 5445 ad

1941 5442 2264 5520 marginem
2296 5442 2497 5496 eadem
2543 5460 2753 5527 manu,
2776 5464 2891 5517 qua
2920 5455 3130 5513 textus.
3167 5442 3579 5528 haec'przbt‘edt:

1938 5509 2150 5597 indices
2182 5521 2330 5597 vpcat
2391 5512 2621 5597 lapides,
2653 5532 2750 5586 qui
2793 5518 2858 5573 de
2903 5521 3063 5597 India
3088 5527 3371 5597 feruntur;
3407 5532 3578 5597 albas,

1936 5596 2071 5665 quas
2100 5586 2166 5638 Β.
2202 5582 2353 5665 Greg.
2402 5575 2673 5665 albulas,'
2702 5604 2827 5665 quae
2873 5575 3578 5665 mimio'hdﬁiigé’vi'ciiﬁl

1936 5658 2027 5733 tur
2055 5656 2377 5733 margaritae
2422 5657 2475 5709 et
2519 5656 2721 5733 perlata;
2764 5663 3018 5733 Legimus
3046 5669 3099 5722 et
3142 5670 3328 5727 albam
3368 5656 3577 5733 statim.

1934 5723 2118 5795 gdum,
2149 5723 2199 5782 et
2225 5726 2409 5783 albam
2435 5723 2796 5791 sardonicem.
