4158 6168
494 334 604 399 191
1947 316 2016 381 S.
2058 318 2136 382 Al

2254 319 2439 387 {OSII
3775 327 3896 395 192

489 470 568 527 tis
594 484 663 526 ex
690 464 785 523 his
816 457 1117 521 admoneri
1144 455 1501 532 te,homo,ne
1526 447 1875 512 immaturos
1902 451 2129 511 fructus
2158 457 2215 525 Α
2247 454 2653 531 unusquisque
2683 454 2808 517 suis
2834 453 3085 519 vinculis
3104 455 3407 537 glorietur,
3425 456 3578 518 sicut
3606 456 3893 536 gloriaba-

490 564 623 616 tuos
653 555 779 612 dies
822 568 1136 627 supremus
1194 546 1470 613 inveniat,
1504 548 1605 601 aut
1661 544 1846 618 plena:
1898 548 2131 618 tempus
2240 551 2338 603 tur
2355 552 2412 603 et
2452 547 2692 619 Paulus,
2726 548 3196 607 dicenszPaulus
3223 552 3461 616 vinctus,
3517 552 3641 607 Jesu
3687 550 3898 608 Christi

490 643 1169 718 aatatisoperaimperata
1193 636 1508 690 dedeceant
1538 634 1670 706 (l8).
1697 635 1955 690 Acerbus
1975 634 2130 689 enim
2241 636 2495 708 (Philem.
2538 637 2639 709 l)?
2694 638 2795 695 His
2852 638 3066 712 ligatus
3117 639 3368 696 vinculis
3426 639 3692 696 dicebat:
3756 642 3894 710 Quis

490 738 715 793 fructus
747 731 998 789 amarior
1044 742 1171 783 esse
1230 724 1564 791 consuevit;
1600 740 1702 779 nec
1748 727 1937 795 potest
1965 723 2132 778 dulce
2239 742 2337 781 nos
2364 728 2643 798 separabit
2695 744 2730 782 a
2784 726 3049 783 charitate
3108 727 3313 783 Christi
3368 727 3543 800 (Rom.
3593 745 3719 798 vm,
3750 729 3894 801 35)?

493 842 640 891 esse,
662 823 775 879 nisi
805 819 958 892 quod
985 816 1052 871 ad
1089 810 1485 868 maturitatem
1535 811 1905 884 perfectionis
1936 810 2129 867 adole-
2238 814 2503 872 Vinculis
2523 814 2886 871 abstinentiae
2908 815 3159 872 vinculis
3179 816 3505 872 charitatis.
3540 816 3641 873 His
3671 815 3891 891 ligatus

489 914 653 971 verit.
688 910 831 966 Huic
861 908 980 962 viro
1014 903 1264 976 perfecto
1294 918 1398 958 nec
1421 901 1606 973 frigus
1627 900 1876 956 horrida;
1900 900 2128 967 mortis,
2238 902 2487 959 vinculis
2518 903 2694 960 etiam
2750 904 2930 961 David
2983 905 3102 960 ait:
3158 906 3224 961 In
3272 906 3554 973 salicibus,
3592 908 3655 960 in
3713 905 3892 964 medio

493 1020 594 1059 nec
620 999 703 1056 sol
726 992 1049 1067 iniquitatis
1074 1008 1281 1048 nocere
1301 990 1627 1057 consuevit;
1658 989 1795 1062 quia
1818 988 2131 1045 obumbrat
2236 992 2354 1064 ejus
2382 992 2757 1064 suspendimus
2798 1010 3000 1065 orgena
3054 1000 3243 1050 nostra
3297 995 3470 1068 (Psal.
3530 1009 3756 1062 CXXXVI,
3808 997 3886 1068 2).

490 1106 622 1147 eum
654 1086 839 1159 gratia
868 1081 1172 1155 spiritalis,
1207 1086 1264 1136 et
1307 1080 1501 1135 omnia
1547 1080 1857 1134 mundana:
1902 1077 2129 1150 cupidi-
2239 1082 2438 1137 Buxus
2463 1098 2697 1155 quoque
2726 1081 3150 1139 elementorum
3183 1081 3450 1155 apicibus
3497 1084 3663 1139 utilis
3694 1083 3890 1156 expri-

488 1176 623 1233 tatis
649 1179 706 1229 et
730 1188 1014 1244 corporeae
1051 1169 1312 1225 libidinis
1359 1168 1671 1241 restinguit
1699 1167 1990 1235 incendia,
2025 1168 2127 1223 de-
2238 1170 2489 1241 mendis,
2525 1170 2633 1227 levi
2663 1170 2908 1228 materia
2945 1187 3119 1228 usum
3171 1188 3385 1228 manus
3428 1171 3671 1245 puerilis
3703 1173 3887 1229 infor-

487 1264 668 1322 l‘endit
699 1262 956 1317 ardores.
989 1260 1255 1315 Laudent
1286 1264 1340 1313 te
1372 1257 1707 1329 quicunque
1739 1255 2126 1328 conspiciunt,
2237 1264 2377 1315 mat.
2435 1259 2596 1315 Unde
2652 1260 2734 1315 ait
2789 1259 3129 1333 Scriptura:
3162 1260 3353 1316 Scribe
3408 1263 3469 1315 in
3529 1260 3671 1318 buxo
3730 1262 3886 1334 (Isa.,

486 1358 543 1409 et
573 1352 811 1425 agmina
834 1349 1101 1405 Ecclesiae
1132 1346 1289 1403 velut
1316 1347 1585 1419 quaedam
1632 1344 1942 1417 palmitum
1974 1350 2129 1401 serta
2237 1365 2367 1416 xxx,
2399 1350 2475 1419 8).
2510 1348 2697 1405 Simul
2725 1352 2789 1405 ut
2826 1349 3139 1405 admoneat
3186 1353 3244 1405 te
3300 1350 3431 1423 ipsa
3480 1350 3726 1406 materia
3756 1367 3886 1424 quas

485 1442 809 1499 mirentur:
844 1441 1108 1511 spectent
1137 1434 1355 1508 singuli
1409 1432 1669 1490 ﬁdelium
1721 1433 1964 1506 pulchra
2001 1434 2126 1489 ani-
2237 1452 2468 1509 semper
2494 1437 2659 1503 viret,
2692 1454 2797 1494 nec
2831 1455 3093 1511 unquam
3135 1436 3290 1494 foliis
3345 1438 3579 1494 exuitur
3630 1439 3776 1508 suis,
3812 1456 3887 1496 ne

484 1546 713 1587 marum
745 1527 1015 1583 monilia:
1039 1524 1398 1581 delectentur
1429 1522 1763 1578 maturitate
1784 1523 2123 1595 prudentiae,
2236 1542 2498 1599 unquam
2530 1526 2654 1599 spei
2687 1530 2799 1582 tua:
2832 1526 3302 1583 dissimulatione
3333 1526 3703 1596 nuderis,sed
3735 1544 3887 1585 sem-

482 1618 791 1692 splendore
819 1616 949 1671 fidei
962 1658 974 1681 ,
1008 1613 1394 1670 confessionis
1447 1612 1675 1682 decore,
1700 1611 1945 1683 justitias
1995 1612 2125 1685 pul-
2235 1631 2338 1687 per
2358 1615 2466 1671 tibi
2496 1631 2600 1689 per
2628 1614 2805 1672 ﬁdem
2836 1615 3125 1689 germinet
3156 1632 3290 1688 spes
3322 1615 3550 1672 salutis.

482 1706 835 1772 chritudine,
870 1705 1135 1759 ubertate
1165 1701 1599 1770 misericordiae,
1634 1705 1698 1756 ut
1721 1701 1949 1757 dicatur
1977 1700 2082 1757 tibi
2108 1718 2120 1755 :
2303 1706 2394 1761 55.
2418 1703 2566 1768 Quid
2587 1720 2693 1776 ego
2714 1720 3051 1761 enumerem
3076 1708 3296 1777 quanta
3314 1703 3565 1761 varietas
3582 1704 3885 1778 arborum,

485 1798 630 1853 Uxor
666 1802 759 1850 tua
804 1795 946 1848 sicut
1000 1792 1126 1846 vitis
1173 1790 1459 1845 abundans
1512 1791 1571 1844 in
1631 1790 1892 1846 lateribus
1935 1791 2125 1847 domus
2155 1828 2204 1893 Β
2235 1809 2412 1865 quam
2435 1792 2698 1848 diversus
2720 1791 2781 1847 in
2804 1791 3056 1865 singulis
3077 1795 3135 1848 et
3163 1791 3405 1865 pulcher
3423 1795 3686 1861 ornatus,
3702 1811 3884 1866 quam

479 1888 592 1941 tuae
621 1883 791 1955 (Psal.
824 1897 1035 1947 cxxvn,
1059 1879 1119 1951 3)
1145 1896 1157 1946 ;
1191 1895 1259 1934 eo
1307 1879 1461 1949 quod
1506 1877 1960 1934 redundantiam
1990 1878 2124 1934 vitis
2155 1877 2204 1893 "
2234 1881 2446 1955 patulas
2478 1881 2800 1955 fagi,quam
2829 1896 3080 1954 proceras
3110 1880 3351 1950 abietes,
3372 1898 3549 1953 quam
3581 1887 3884 1939 comantes

480 1972 813 2038 fructiferae,
842 1969 1088 2042 copiosae
1121 1966 1749 2023 munereliberalitatis
1781 1967 2050 2023 imiteris.
2234 1971 2429 2043 pinus,
2463 1987 2640 2045 quam
2685 1970 2973 2027 umbrosas
3018 1968 3204 2041 ilices,
3249 1984 3427 2043 quam
3476 1969 3681 2043 populi
3722 1969 3882 2028 bico-

1092 2083 1324 2139 CAPUT
1362 2082 1508 2138 x111.
2233 2059 2408 2129 lores,
2443 2076 2619 2133 quam
2652 2076 2962 2116 nemorosa
3008 2061 3066 2115 et
3114 2057 3371 2115 rediviva
3419 2062 3718 2130 castanea,
3749 2076 3881 2133 qua

475 2180 551 2235 De
582 2177 844 2233 arborum
871 2175 1133 2242 utilitate,
1167 2189 1230 2226 ac
1275 2172 1625 2237 diversitate;
1652 2172 1717 2227 de
1754 2173 1969 2228 ratione
1998 2167 2117 2227 illas

2240 2147 2411 2205 simul
2440 2152 2506 2204 ut
2534 2148 2727 2205 excisa
2755 2147 3237 2219 fuerit,tanquam
3271 2146 3477 2203 silvam
3500 2164 3568 2203 ex
3600 2164 3661 2204 se
3692 2147 3882 2220 pullu-

538 2248 784 2321 jugandi
839 2262 903 2301 ac
946 2234 1256 2321 medicandi
1278 2259 1291 2298 :
1334 2234 1611 2315 postremo
1658 2242 2125 2321 dearboreorurn
2232 2236 2353 2293 lare
2382 2237 2718 2305 consuevit;
2751 2235 3250 2307 quemadmodum
3289 2234 3349 2290 in
3381 2235 3691 2292 arboribus
3732 2237 3880 2309 ipsis

544 2314 829 2397 suasorum
876 2314 1345 2388 praprietatibus,‘
1375 2331 1499 2370 cum
1546 2314 1749 2371 morali
1789 2314 1859 2369 ad
1904 2315 2125 2385 singula

2237 2330 2373 2382 aetas
2402 2329 2504 2382 aut
2530 2324 2733 2381 senilis
2762 2328 2863 2382 aut
2892 2323 3119 2397 novella
3159 2323 3652 2396 deprehenditur:
3678 2325 3879 2397 junio-

546 2398 900 2463 expositione.

2239 2415 2398 2471 ribus
2428 2414 2583 2471 enim
2614 2413 2882 2470 exiliores
2914 2413 3084 2481 rami,
3119 2412 3550 2484 antiquioribus
3595 2413 3881 2471 validiora

544 2508 633 2562 55.
657 2506 766 2561 Sed
790 2504 930 2577 quid
951 2519 1057 2575 ego
1092 2503 1149 2557 in
1170 2501 1295 2558 sola
1315 2502 1743 2564 viteimmoror.
1764 2517 1898 2557 cum
1925 2500 2123 2557 omnia
2233 2508 2291 2560 et
2319 2505 2540 2560 nodosa
2571 2507 2709 2560 sunt
2741 2501 3017 2559 brachia:
3048 2500 3168 2579 illis
3216 2501 3354 2557 folia
3410 2501 3656 2576 levigata
3703 2507 3882 2575 atque

473 2611 690 2668 genera
739 2594 1013 2650 arborum
1063 2590 1231 2647 utilia
1260 2591 1402 2659 sint,
1432 2590 1544 2646 alia
1602 2591 1703 2647 Μ
1760 2591 1832 2647 ad
1862 2591 2120 2646 fructum
2232 2592 2466 2660 diffusa,
2520 2594 2649 2649 istis
2683 2591 3074 2649 contractiora
3118 2594 3177 2647 et
3220 2607 3447 2662 aspera.
3509 2591 3654 2646 Sunt
3693 2592 3882 2648 etiam

472 2689 631 2754 nata,
664 2683 778 2740 alia
807 2684 878 2739 ad
914 2698 1089 2738 usum
1140 2681 1320 2736 data?
1346 2681 1493 2736 Nam
1524 2685 1581 2736 et
1625 2680 1839 2752 quibus
1885 2698 2000 2737 non
2032 2685 2122 2737 est
2231 2683 2468 2739 arbores
2490 2699 2615 2755 quae
2637 2681 2807 2739 senili
2842 2686 3018 2754 atque
3034 2683 3300 2737 emortua
3334 2679 3524 2735 radice
3545 2680 3882 2737 successio-

470 2778 697 2839 fructus
727 2771 981 2837 uberior,
1014 2775 1210 2826 tamen
1242 2786 1386 2825 usus
1428 2768 1737 2842 pretiosior
1759 2774 1866 2825 est.
1900 2770 2119 2826 Cedrus
2231 2789 2364 2829 nem
2393 2771 2562 2841 sui,si
2580 2770 2725 2827 forte
2746 2770 3064 2838 caedantur,
3096 2783 3365 2842 reparare
3412 2784 3530 2824 non
3566 2768 3882 2840 noverint;

471 2860 901 2935 suspendendis
947 2863 1234 2915 tectorum
1286 2862 1421 2931 apta
1449 2857 1828 2927 culminibus,
1863 2874 1930 2914 eo
1962 2860 2119 2931 quod
2230 2860 2354 2918 alia;
2386 2860 2603 2933 quibus
2623 2860 3019 2930 autjuventus
3037 2858 3312 2927 viret,aut
3333 2860 3546 2913 natura
3576 2856 3883 2915 fecundior

471 2949 814 3022 hujusmodi
846 2948 1122 3004 materies
1153 2951 1210 3002 et
1240 2963 1479 3019 procera
1509 2945 1586 3002 sit
1616 2946 1953 3018 spatiis,nec
1982 2964 2120 3004 one-
2230 2954 2338 3017 est,
2372 2949 2590 3022 quibus
2620 2947 2832 3004 excisio
2888 2946 3053 3003 lucro
3094 2947 3290 3019 potius
3319 2962 3499 3019 quam
3529 2945 3879 3002 detrimento

472 3057 605 3096 rosa
635 3038 976 3112 parietibus.
1002 3036 1407 3093 Lacunaribus
1438 3051 1671 3106 quoque
1703 3036 2119 3109 comendisque
2229 3039 2325 3109 sit,
2360 3042 2424 3095 ut
2451 3054 2556 3111 per
2585 3036 2782 3110 plures
2830 3034 2921 3091 sui
2967 3034 3223 3093 rediviva
3275 3034 3648 3091 successione
3685 3050 3879 3091 remo-

470 3128 720 3201 fastigiis
753 3126 967 3182 habilis
994 3126 1105 3198 (19)
1127 3127 1216 3179 est
1237 3138 1575 3195 cupressus.
1601 3122 1763 3178 Unde
1780 3127 1836 3179 et
1866 3123 2119 3181 Ecclesia
2158 3192 2192 3201 _
2227 3131 2437 3185 ventur
2465 3126 2742 3183 heredes.

472 3192 686 3273 dicitvin
704 3192 1214 3271 CanticisrTr'abes
1258 3192 1547 3267 domorum
1582 3219 1897 3267 nostrarum
1940 3212 2117 3268 cedri-
2149 3192 2192 3262 (ἶ
2298 3218 2389 3273 55,
2422 3218 2522 3272 Est
2550 3213 2912 3287 etiam,quod
2942 3210 3356 3284 mireris,ipsis
3383 3227 3556 3268 sexus
3577 3209 3637 3267 in
3658 3210 3874 3283 pomis,

471 3322 582 3373 me,
634 3306 923 3361 lacunaria
968 3310 1153 3358 nostra
1202 3301 1531 3373 cupressima
1582 3299 1761 3371 (Cant.
1802 3318 1840 3369 1,
1898 3301 2019 3373 16);
2054 3303 2114 3357 in
2224 3309 2313 3362 est
2344 3303 2615 3361 discretio
2664 3319 2839 3360 sexus
2863 3301 2924 3357 in
2971 3299 3300 3358 arboribus.
3328 3300 3477 3356 Nam
3523 3299 3717 3355 videas
3747 3298 3876 3372 pal-

471 3394 567 3451 his
597 3410 726 3449 esse
756 3391 1062 3447 declarans
1093 3390 1304 3445 decora
1334 3388 1426 3443 sui
1481 3393 1825 3444 ornamenta
1874 3389 2114 3463 fastigii,
2225 3410 2384 3450 mam
2406 3410 2531 3465 qua:
2557 3389 2818 3464 dactylos
2839 3393 3097 3464 generat,
3124 3387 3473 3461 plerumque
3492 3384 3880 3444 inclinantem

473 3482 572 3553 qui
606 3479 774 3552 quasi
798 3479 993 3534 trabes
1020 3479 1134 3549 (20)
1164 3476 1441 3532 verticem
1476 3475 1740 3532 Ecclesia:
1772 3494 1879 3533 sua
1901 3477 2118 3535 virtute
2225 3499 2421 3540 ramos
2479 3497 2620 3538 suos
2675 3484 2732 3536 et
2789 3478 3219 3550 subjicientem,
3276 3481 3335 3532 et
3382 3475 3878 3548 concupiscentiae

472 3569 823 3633 sustineant,
858 3572 916 3623 et
953 3566 1252 3639 fastigium
1301 3566 1430 3637 ejus
1477 3570 1775 3621 exornent.
1811 3567 2036 3624 Laurus
2061 3573 2119 3624 et
2226 3576 2402 3645 atque
2428 3569 2731 3644 amplexus
2763 3567 3019 3641 speciem
3071 3566 3527 3639 praetendentem
3563 3565 3657 3622 55
3693 3568 3753 3622 et
3783 3582 3878 3622 ar-

472 3658 671 3732 palma
699 3658 770 3713 ad
801 3656 1031 3729 insigne
1077 3654 1351 3711 victoriae.
1384 3655 1574 3710 Lauro
1610 3654 1895 3712 victorum
1926 3657 2118 3729 capita
2224 3661 2375 3731 bori,
2408 3675 2589 3731 quam
2619 3673 2842 3714 marem
2872 3655 3131 3729 palmam
3176 3652 3474 3727 appellant
3501 3653 3663 3727 pueri
3696 3653 3877 3709 rusti-

473 3753 842 3811 coronantur,
888 3744 1083 3817 palma
1143 3761 1356 3800 manus
1407 3743 1662 3800 victricis
1718 3749 1960 3801 ornatus
2007 3749 2114 3803 est.
2228 3766 2451 3806 corum.
2486 3748 2620 3819 (22).
2652 3744 2756 3803 Illa
2785 3761 2922 3819 ergo
2947 3744 3146 3818 palma
3168 3741 3419 3799 feminea
3440 3746 3546 3810 est,
3580 3745 3637 3797 et
3665 3758 3877 3797 sexum

474 3836 634 3892 Unde
664 3839 721 3891 et
750 3833 1007 3891 Ecclesia
1056 3834 1178 3888 ait:
1211 3835 1360 3897 Dixi.
1411 3833 1698 3889 ascendam
1746 3835 1807 3888 in
1850 3835 2114 3905 palmam,
2228 3855 2405 3895 suum
2436 3835 2817 3908 subjectionis
2839 3833 3031 3908 specie
3069 3832 3395 3890 conﬁtetur.
3428 3830 3588 3887 Unde
3609 3828 3877 3887 locorum

474 3925 658 3981 tenebo
686 3923 1005 3979 altitudines
1033 3923 1151 3995 ejus
1181 3923 1371 3991 (Cant.
1404 3939 1503 3989 vn,
1543 3921 1619 3991 8).
1672 3922 1805 3985 Quae
1857 3923 2117 3978 eminen-
2228 3926 2479 3983 cultores
2508 3924 2853 3997 praejaciunt
2880 3922 3062 3979 ramis
3091 3922 3219 3993 ejus
3246 3918 3609 3993 dactylorum
3634 3917 3724 3974 vel
3747 3918 3877 3991 pal-

472 4014 614 4069 tiam
646 4012 850 4068 videns
880 4012 1078 4081 Verbi,
1112 4015 1169 4066 et
1193 4026 1435 4082 sperans
1467 4010 1621 4081 quod
1657 4011 1730 4065 ad
1762 4011 1890 4082 ejus
1920 4010 2118 4067 altitu-
2229 4015 2440 4071 mitum
2473 4012 2701 4070 semina
2745 4011 3140 4068 masculorum
3173 4008 3307 4080 (23),
3341 4006 3556 4080 quibus
3584 4004 3673 4062 illi
3703 4005 3876 4063 femi—

474 4103 672 4159 dinem
704 4101 890 4173 possit
929 4099 1239 4154 ascendere
1284 4102 1341 4152 et
1389 4096 1644 4153 scientia:
1693 4099 2115 4170 summitatem,
2229 4120 2349 4160 neas
2382 4101 2575 4159 arbori
2605 4101 2764 4158 velut
2794 4100 3035 4173 quidam
3088 4113 3300 4153 sensus
3334 4095 3763 4170 perfunctionis
3792 4096 3890 4152 in-

475 4192 651 4249 dicit:
686 4188 983 4245 Ascendam
1029 4188 1090 4241 in
1132 4186 1414 4257 palmam;
1474 4189 1539 4240 ut
1592 4186 1790 4243 omnia
1846 4187 2121 4246 inferiora
2229 4192 2520 4257 funditur,
2555 4194 2611 4247 et
2650 4187 2885 4261 expetiti
2943 4185 3290 4244 concubitus
3320 4185 3508 4259 gratia
3562 4200 3889 4257 reprtesen-

476 4278 788 4349 relinquat,
819 4280 878 4331 et
911 4274 978 4329 ad
1028 4272 1330 4346 superiora
1372 4275 1701 4344 contendat,
1733 4276 1804 4331 ad
1851 4277 2118 4333 bravium
2228 4284 2408 4337 tatur.
2441 4281 2566 4347 Quo
2596 4294 2838 4334 munere
2859 4278 3074 4333 donata
3103 4291 3308 4331 rursus
3330 4274 3598 4349 erigitur,
3622 4276 3681 4329 et
3700 4272 3891 4330 elevat

477 4366 689 4424 Christi
709 4365 843 4435 (21),
876 4367 941 4417 ut
964 4379 1169 4419 suaves
1191 4364 1320 4434 ejus
1353 4363 1579 4419 fructus
1610 4368 1811 4437 carpat
1840 4369 1897 4421 et
1926 4370 2123 4439 gustet
2230 4386 2427 4426 ramos
2456 4385 2620 4435 suos,
2651 4370 2709 4423 et
2759 4366 2821 4421 in
2859 4369 3115 4421 veterem
3174 4366 3395 4420 statum
3453 4378 3683 4418 comam
3715 4377 3893 4417 suam

477 4453 681 4510 Suavis
712 4452 867 4508 enim
897 4451 1130 4507 virtutis
1169 4455 1257 4507 est
1314 4452 1559 4508 fructus.
1594 4453 1849 4526 Populus
1887 4440 2123 4528 quoque
2233 4475 2443 4515 rursus
2491 4456 2724 4513 attollit.
2756 4452 2837 4512 De
2884 4453 2999 4510 ﬁcu
3044 4468 3279 4525 quoque
3316 4452 3518 4509 eadem
3550 4449 3749 4524 opinio
3778 4455 3890 4507 est.

478 4541 707 4599 coronis
737 4542 911 4597 arbor
958 4541 1237 4597 umbrosa
1293 4541 1649 4610 victricibus,
1683 4546 1740 4598 et
1796 4543 1945 4599 salix
1972 4545 2129 4602 lenta
2158 4555 2204 4621 ι)
2238 4549 2487 4619 Ideoque
2518 4545 2782 4619 plerique
2811 4543 3140 4600 secundum
3179 4539 3563 4597 domesticam
3594 4542 3654 4595 et
3683 4537 3893 4595 fructi-

476 4631 693 4687 vitibus
724 4629 941 4686 habilis
962 4629 1304 4698 vinciendis,
1327 4630 1466 4702 quid
1491 4628 1647 4685 aliud
1671 4632 1917 4704 mystice
1933 4634 2123 4690 decla-
2234 4637 2419 4692 feram
2447 4635 2624 4691 ficum
2642 4636 2932 4707 agrestem
2974 4630 3285 4686 ficulneam
3316 4628 3586 4686 feruntur
3605 4627 3895 4695 inserere,

478 4725 629 4789 rant,
663 4720 776 4775 nisi
805 4719 960 4775 bona
1007 4735 1135 4775 esse
1182 4717 1398 4775 Christi
1455 4718 1709 4790 vincula,
1747 4738 1874 4793 qua».
1918 4739 2125 4780 nocere
2237 4740 2303 4781 eo
2334 4724 2492 4797 quod
2524 4723 2638 4780 cito
2664 4722 2895 4778 fructus
2943 4719 3203 4777 fecundas
3235 4717 3396 4775 illius
3445 4722 3503 4774 et
3557 4714 3895 4773 domestica:

478 4827 595 4867 non
627 4809 871 4879 soleant,
904 4808 1137 4864 vincula
1161 4809 1382 4881 gratiae,
1432 4807 1666 4864 vincula
1704 4809 2028 4883 charitatis,
2061 4815 2127 4868 ut
2236 4814 2384 4870 ﬁcus
2404 4811 2495 4869 vel
2512 4810 2875 4869 auratentati
2893 4807 3112 4881 aliqua,
3130 4807 3219 4863 vel
3250 4811 3396 4863 aestu
3425 4805 3679 4863 deﬂuere
3699 4804 3895 4861 feran-

549 5051 662 5124 (18)
694 5051 836 5107 Mss.
888 5051 1389 5125 quinque,__opera
1432 5064 1605 5125 parva
1660 5048 1908 5125 deducat.
1959 5052 2122 5125 Tres,
2306 5052 2420 5125 (21)
2450 5050 2599 5125 Yide
2631 5050 2835 5125 notam
2854 5047 3093 5125 pagina
3125 5046 3236 5125 l8_2
3261 5045 3605 5125 subjectum.

549 5067 836 5124 (16)Mss.
888 5067 1171 5177 quinque,
1222 5067 1389 5121 opera
1432 5067 1605 5119 parva
1660 5067 1908 5107 aeaucat.
1959 5067 2122 5122 Tres,
2306 5067 2393 5125 (21
2461 5067 2599 5106 Viue
2631 5067 2832 5105 nciam
2864 5067 3093 5121 pagina:
3125 5067 3236 5103 wz
3261 5067 3605 5126 sunJectam.

480 5139 646 5194 opera
666 5140 839 5205 prava
902 5122 1140 5205 _educat.
1185 5119 1366 5187 Unus,
1425 5120 1706 5175 deducant.
1756 5122 1920 5178 Alius
1962 5123 2125 5180 deni-
2306 5067 2689 5205 (22inHocest
2970 5120 3041 5174 Et
3088 5135 3156 5174 ea
3158 5116 3460 5205 loquendi
3493 5111 3903 5205 formagetita

482 5186 615 5265 que,
646 5186 932 5249 delectent.
1355 5186 1359 5187 ν

492 5335 503 5344 _
730 5263 871 5318 Mss.
933 5264 1178 5336 aliquot,
1245 5262 1791 5335 commendandisque
1857 5267 2123 5337 fastigiis,

2260 5186 2325 5251 ist
2355 5186 2655 5262 a'Graecis,
2710 5191 2868 5264 apud
2909 5205 3057 5262 quos
3088 5186 3561 5261 παῖδες-φιλοσόφων
3592 5186 3749 5240 idem
3798 5200 3901 5240 so-

2260 5270 2337 5344 iat
2379 5281 2446 5320 ac
2477 5270 2765 5344 φιλόσρφοιε
2797 5262 2916 5318 imo
2947 5266 3004 5343 et
3032 5262 3186 5344 apud
3216 5258 3502 5344 Eebraaos
3533 5256 3699 5344 Atilius

576 5288 662 5333 τυ)
732 5288 871 5318 ινιδδ.
933 5288 1178 5336 anquuu,
1245 5288 1791 5335 συπιιιισηίιιιηαιδιμιϐ
1857 5288 2123 5337 Ιαῦτῖςῖιδ,
2236 5288 2337 5322 nat
2379 5288 2446 5320 ΕΟ
2515 5288 2765 5336 ιΛοσοφοι;
2798 5288 2916 5318 ιιιιυ
2947 5288 3004 5317 Ub
3032 5288 3065 5316 ﬂ
3112 5288 3186 5316 uu
3232 5288 3502 5314 Πυυϊωυῠ
3543 5288 3692 5327 [metuo
3719 5288 3903 5336 ιιξηηι-

483 5288 744 5416 ἢπὲἰξίέδκ.
1472 5405 1483 5416 ,
1763 5406 1799 5416 η
1878 5408 1911 5416 η
2236 5340 2322 5416 nis
2352 5288 2727 5416 profliomine
2756 5349 2910 5416 saepe
2946 5332 3006 5416 in
3034 5288 3164 5416 vet.
3216 5330 3587 5416 Testamento
3637 5330 3907 5400 ponitur,

556 5404 667 5474 (20)
710 5404 871 5457 Rom.
932 5406 1069 5490 edit.
1092 5405 1519 5490 .cumupaucis
1585 5406 2128 5490 recentioribusque
2237 5413 2296 5465 et
2316 5400 2810 5490 [alia'bujusm‘odi
2839 5400 3076 5490 exstant
3103 5400 3651 5490 δεοθλωιυιεᾳᾈλψ
3691 5468 3830 5490 um:

483 5468 660 5553 mss,
702 5485 1023 5553 ornamenta
1076 5477 1296 5553 fastigii
1317 5468 1460 5553 'qua;
1515 5479 1859 5553 quasiuetc.
1920 5468 2127 5553 Melius
2310 5468 2620 5553 (23)‘Ror'n.
2654 5477 2819 5553 edit,
2848 5477 3169 5553 palmarum
3184 5472 3364 5553 petat.
3399 5468 3656 5553 quaedam
3684 5468 3915 5524 semina

483 5544 611 5625 alite
642 5562 777 5627 cum
811 5542 1119 5620 reliquis...
1169 5542 1267 5627 qui
1294 5542 1473 5619 quasi,
1523 5542 1639 5604 'etc.
1681 5542 1993 5627 ’Syllepsis
2039 5555 2129 5627 est
2236 5542 2630 5627 mascularum.
2656 5542 2813 5604 Aliaa'
2844 5542 2909 5627 et
2951 5564 3093 5604 mss.
3149 5542 3770 5627 aliquot,‘pa‘l3narum
3812 5555 3913 5627 ἔςε.

482 5614 732 5698 enim‘in
760 5630 899 5672 voce
928 5612 1269 5689 ornamenta,
1299 5612 1402 5691 per
1453 5612 1631 5692 quam
1672 5612 1919 5693 apostéli
1946 5623 2125 5698 signi-
2237 5619 2812 5698 minamasculorum.
2844 5621 2920 5679 At
2961 5634 3105 5677 mss.
3168 5612 3372 5673 decem
3429 5612 3674 5687 optimas
3725 5612 3912 5683 notae,

480 5688 747 5748 ficantur.
1256 5688 1260 5689 ⁷
1299 5688 1319 5691 “
1472 5688 1489 5692 “
1709 5688 1729 5693 “
2000 5688 2033 5698 “’
2235 5694 2552 5768 palmitum,
2596 5694 2704 5753 etc.
