4158 6168
110 236 365 344 ἰι93

1519 276 2074 348 HEXAEME‘RON
2121 286 2277 350 LIB.
2325 287 2437 350 III.

3600 299 3718 366 194

222 421 335 474 tur
365 416 430 472 in
463 418 713 473 terram.
750 412 917 473 Unde
962 412 1123 490 gnari
1166 413 1348 503 hujus
1386 417 1637 472 remedii
1687 420 1918 491 grossis
1948 419 2007 486 Α
2037 422 2418 495 gratiamque
2450 437 2798 495 pomorum,
2829 422 3202 496 singulorum
3232 443 3465 503 quoque
3495 432 3711 493 utilita-

226 506 473 563 arboris
491 504 749 580 agrestis
780 503 1033 578 alligatis
1058 503 1128 561 ad
1155 502 1319 560 illam
1339 503 1597 561 feracem
1621 507 1919 575 arborem,

222 596 703 668 medenturejus
716 593 1036 651 inﬁrmitati
1055 612 1069 663 ;
1097 597 1162 650 ut
1181 592 1369 666 possit
1397 594 1595 651 fructu
1612 596 1924 669 sproprios

219 700 563 754 reservare,
570 685 945 757 jamjamque
962 682 1009 740 si
1024 683 1285 739 deforent
1304 684 1594 751 remedia,
1617 684 1920 757 lapsuros.

223 777 364 842 Quo
397 776 801 831 admonemur
839 772 994 830 velut
1044 771 1295 845 quodam
1326 772 1646 845 aenigmate
1690 776 1924 830 natura;

223 881 357 921 non
412 865 691 937 refugere
739 880 861 929 eos,
912 862 1074 935 quia
1100 865 1302 917 nostra
1356 861 1475 917 ﬁde
1528 868 1591 919 et
1619 861 1924 919 consortio
1966 910 1973 914 .

222 953 503 1026 separati
535 957 714 1019 sunt;
748 968 814 1008 eo
845 951 996 1024 quod
1020 955 1075 1006 et
1103 948 1337 1024 gentilis
1367 950 1473 1022 qui
1504 950 1690 1008 fuerit
1719 949 1928 1022 acqui-

225 1042 421 1111 situs,
449 1058 565 1113 quo
595 1040 831 1113 gravior
870 1038 1040 1096 fuerit
1067 1043 1319 1095 assertor
1346 1041 1594 1108 erroris,
1649 1057 1715 1097 eo
1747 1038 1924 1095 vehe-

226 1130 503 1187 mentior
531 1129 727 1202 possit
767 1128 900 1185 ﬁdei
949 1128 1211 1184 defensor
1257 1128 1578 1196 exsistere;
1613 1133 1671 1185 et
1699 1129 1753 1185 si
1792 1129 1926 1200 quis

222 1220 304 1276 de
336 1219 644 1276 haereticis
676 1221 1057 1284 convertatur,
1087 1216 1245 1273 velut
1274 1218 1597 1275 conﬁrmet
1628 1236 1761 1275 eam
1796 1235 1926 1290 par-

222 1313 355 1365 tem
386 1310 454 1365 in
509 1325 697 1381 quam
731 1324 793 1363 se
841 1310 1190 1363 commutata
1240 1306 1523 1378 opinione
1582 1306 1922 1377 contulerit,

223 1398 500 1454 maxime
528 1398 585 1453 si
642 1396 860 1451 habeat
911 1393 1125 1466 aliquid
1180 1399 1407 1451 natura;
1471 1395 1799 1469 directum,
1858 1403 1925 1454 ut

224 1486 435 1542 vivida
465 1484 666 1558 possit
704 1499 832 1540 esse
858 1484 983 1555 ejus
1026 1483 1334 1551 sententia,
1367 1483 1420 1541 si
1452 1485 1925 1543 adminiculetur

226 1577 285 1632 ei
321 1575 582 1631 attentio
613 1572 965 1640 sobrietatis,
998 1572 1364 1629 observantia
1408 1573 1730 1631 castitatis.
1782 1576 1921 1633 Pro-

232 1665 425 1721 funde
455 1680 603 1737 ergo
635 1662 793 1717 circa
821 1677 950 1717 eum
982 1661 1240 1717 studium
1259 1665 1471 1731 'tuum,
1522 1666 1595 1718 ut
1643 1663 1917 1721 similitu-

233 1754 380 1809 dine
412 1751 740 1809 fructiferae
771 1748 925 1806 illius
955 1750 1100 1806 ﬁcus
1130 1751 1200 1807 de
1230 1750 1557 1822 presentia
1588 1755 1646 1807 et
1676 1754 1916 1824 conjun-

236 1843 441 1899 ctione
453 1840 716 1914 agrestis
728 1838 883 1895 illius
896 1838 1113 1895 arboris
1140 1843 1304 1896 tuam
1328 1840 1533 1912 possis
1546 1842 1922 1899 corroborare

232 1933 559 1989 virtutem.
598 1930 687 1985 Ita
716 1928 869 1984 enim
906 1932 1007 1984 tua
1036 1944 1141 1985 nec
1167 1927 1539 1985 dissolvetur
1569 1929 1836 2001 intentio,
1869 1935 1927 1988 et

241 2020 576 2094 diligentiae
609 2019 836 2073 fructus
865 2020 921 2072 et
947 2017 1140 2091 gratia
1172 2017 1600 2074 reservabitur.

320 2111 416 2166 56.
450 2111 645 2176 Quam
676 2105 863 2161 multa
881 2109 1016 2162 sunt
1040 2110 1232 2163 autem
1256 2123 1388 2178 quae
1411 2106 1667 2162 doceant
1687 2112 1923 2166 natura-

240 2199 370 2256 lem
402 2196 690 2253 duritiam
722 2210 891 2267 posse
945 2195 1259 2269 diligentiae
1318 2195 1527 2252 studio
1584 2199 1923 2270 temperari,

244 2288 479 2360 quibus
528 2286 695 2341 affert
737 2282 925 2340 cultus
954 2285 1164 2342 ruralis
1199 2284 1583 2358 exemplum!
1623 2286 1771 2341 Nam
1801 2287 1926 2359 ple-

245 2392 520 2447 rumque
541 2375 653 2430 cito
670 2374 876 2431 ﬂorent
892 2373 1042 2430 mala
1061 2377 1330 2448 grauata,
1359 2377 1421 2430 et
1441 2373 1702 2431 fructum
1721 2377 1927 2433 afferre

244 2482 382 2521 non
436 2468 704 2537 possunt,
757 2462 869 2518 nisi
924 2463 1196 2536 congruis
1253 2463 1589 2536 peritorum
1649 2465 1926 2523 remediis

245 2552 634 2611 excolantur:
684 2547 1023 2624 plerumque
1073 2569 1287 2609 succus
1334 2551 1604 2608 vanescit
1660 2552 1921 2624 interior,

247 2649 315 2700 et
344 2642 517 2699 fortis
576 2640 798 2713 species
853 2642 978 2712 ejus
1031 2641 1279 2713 pulchra
1325 2640 1734 2714 prmtenditur.
1787 2643 1923 2707 Quae

247 2748 378 2790 non
418 2731 721 2787 immerito
775 2734 1137 2803 comparatur
1181 2729 1482 2796 Ecclesiae,
1537 2734 1604 2785 ut
1650 2729 1834 2788 habes
1860 2733 1922 2789 in

251 2819 521 2876 Canticis
554 2819 627 2874 ad
682 2817 989 2875 Ecclesiam
1034 2819 1256 2875 dictum
1284 2836 1297 2874 :
1345 2821 1411 2876 Ut
1441 2826 1626 2875 cortex
1648 2822 1791 2876 mali
1813 2839 1921 2894 pu-

249 2910 377 2964 nici
404 2922 571 2978 genae
600 2906 906 2977 tuae(Cant.
938 2924 1013 2975 rv,
1044 2907 1120 2979 3).
1151 2908 1222 2964 Et
1246 2906 1434 2963 infra:
1468 2908 1533 2963 Si
1547 2908 1743 2977 ﬂoruit
1768 2912 1924 2983 vitis,

254 2999 573 3067 floruerunt
631 2996 779 3051 mala
831 3005 1061 3067 grauata
1099 2995 1303 3068 (Cant.,
1334 3012 1441 3064 vn,
1494 2996 1603 3067 12).
1664 2998 1925 3058 Ecclesia

2040 511 2164 566 tem
2223 511 2553 583 fructuum,
2619 528 3050 585 succorumque
3105 517 3541 590 proprietatem,
3584 540 3711 595 quae

2044 599 2259 671 cuique
2312 601 2393 656 rei
2449 604 2594 673 apta
2642 601 2972 669 videantur,
3007 608 3507 676 quemadmodum
3540 613 3710 685 aegris

2042 687 2369 745 visceribus
2398 689 2721 745 hominum
2769 690 3059 747 amariora
3102 712 3275 767 poma
3322 700 3708 769 medicentur,

2047 779 2106 829 et
2136 776 2496 834 inﬂationem
2552 777 3053 852 asperitatemque
3104 782 3439 843 interiorem
3488 793 3709 863 tempe-

2046 868 2716 938 rent,quemadmodum
2736 885 2943 924 rursus
2964 869 3276 929 humorum
3295 893 3708 950 asperapomo-

2046 969 2176 1009 rum
2208 954 2485 1011 dulcibus
2526 961 2935 1028 temperentur
2957 958 2983 1012 ?
3014 960 3277 1033 Denique
3308 980 3375 1019 ea
3418 968 3711 1024 medicina

2045 1041 2356 1115 antiquior,
2407 1062 2541 1117 quae
2591 1044 2796 1100 herbis
2828 1061 3030 1101 curare
3060 1052 3358 1106 consuevit
3386 1057 3443 1108 et
3473 1056 3663 1111 succis
3689 1075 3704 1125 ;

2041 1147 2145 1187 nec
2194 1130 2311 1187 ulla
2359 1134 2592 1189 firmior
2652 1132 2897 1197 sanitas,
2952 1152 3128 1205 quam
3180 1156 3308 1209 quae
3367 1140 3705 1198 salubribus

2038 1218 2390 1274 reformatur
2436 1220 2765 1275 alimentis.
2828 1221 2988 1275 Unde
3046 1228 3370 1283 secundum
3420 1234 3699 1287 naturam

2037 1307 2332 1371 docemur,
2358 1309 2500 1380 quia
2532 1308 2665 1364 sola
2689 1308 2859 1364 nobis
2881 1327 3014 1365 esca
3044 1315 3333 1372 medicina
3352 1321 3458 1373 est.
3494 1318 3702 1375 Herbis

2033 1399 2188 1450 certe
2234 1395 2432 1453 ulcera
2479 1402 2689 1470 aperta
2741 1396 3120 1469 clauduntur,
3169 1402 3365 1459 herbis
3422 1411 3704 1464 curantur

2031 1482 2279 1540 interna.
2320 1486 2574 1559 Ideoque
2626 1485 2997 1542 medicorum
3050 1494 3138 1544 est
3188 1508 3334 1562 opus
3382 1493 3699 1553 herbarum

2032 1574 2353 1642 potestates
2370 1590 2634 1630 noscere.
2653 1574 2803 1629 Hinc
2821 1574 2975 1630 enim
2996 1577 3266 1635 medendi
3280 1597 3425 1638 usus
3444 1581 3699 1642 inolevit.

2662 1681 2902 1737 CAPUT
2941 1683 3082 1739 XIV.

2040 1767 2115 1822 De
2141 1768 2808 1850 simpliciumpomorum
2841 1771 3173 1850 (Ιὶίῖὶηνεηίιίιξ
3205 1777 3572 1850 foliorumque
3616 1782 3703 1837 di-

2114 1842 2368 1924 uersitate
2388 1844 2863 1924 :ybiprazcipue
2882 1842 2946 1924 ac
2982 1842 3263 1924 pampino,
3294 1852 3345 1903 et
3366 1842 3501 1920 folio
3531 1852 3664 1924 ﬁcus
3681 1872 3703 1918 ,-

2111 1909 2281 1981 deque
2306 1913 2479 1967 variis
2507 1909 2757 1968 aliorum
2784 1909 3049 1984 foliorum
3076 1909 3285 1989 ﬁguris.

2110 2016 2201 2071 58.
2230 2017 2340 2072 Sed
2371 2021 2437 2072 ut
2457 2018 2528 2073 ad
2562 2018 2867 2091 simplicia
2887 2038 3058 2093 poma
3091 2042 3430 2086 revocemus
3461 2030 3702 2104 stylum,

2037 2102 2153 2159 alia
2187 2108 2326 2161 sunt
2356 2122 2482 2177 quae
2514 2113 2860 2179 coquuntur
2909 2112 3048 2180 sole,
3081 2113 3196 2172 alia
3225 2133 3351 2189 quae
3404 2102 3575 2178 testis
3605 2102 3708 2180 aut

2037 2193 2355 2250 corticibus
2377 2194 2578 2251 clausa
2599 2197 2999 2270 complentur.
3025 2203 3173 2261 Mala
3189 2210 3246 2262 et
3267 2224 3429 2281 pyra,
3455 2227 3704 2268 uvarum

2037 2298 2272 2355 quoque
2301 2300 2517 2356 genera
2552 2286 2757 2342 omnia
2791 2291 2946 2345 nuda
2987 2292 3215 2364 objecta
3245 2303 3383 2354 sunt
3414 2299 3559 2356 soli:
3594 2319 3704 2359 nu-

2037 2371 2121 2427 cis
2148 2375 2346 2427 autem
2380 2376 2437 2427 et
2468 2372 2707 2444 111101633,
2747 2376 2939 2434 nuclei
2989 2397 3222 2455 quoque
3270 2386 3494 2445 fructus
3525 2395 3582 2447 et
3618 2396 3701 2448 te-

2036 2463 2127 2548 sta
2156 2465 2396 2533 opertus
2426 2465 2484 2516 et
2533 2462 2773 2531 cortice,
2808 2465 2984 2523 alitur
3014 2475 3210 2529 tamen
3243 2478 3299 2530 et
3337 2476 3462 2548 ipse
3511 2480 3702 2538 calore

2032 2547 2177 2605 solis
2208 2553 2387 2621 atque
2417 2549 2711 2620 nutritur;
2743 2558 2803 2609 et
2833 2562 3119 2627 quantum
3171 2547 3376 2633 pineae
3410 2567 3699 2625 densitate

2033 2636 2282 2694 nucleus
2342 2638 2748 2707 absconditur,
2813 2647 3046 2703 tantum
3086 2649 3226 2705 solis
3273 2653 3465 2711 calore
3509 2658 3696 2714 nutri-

2031 2728 2130 2780 tur
2155 2726 2290 2799 (25).

2101 2816 2191 2870 59.
2226 2817 2457 2882 Quanta
2506 2814 2717 2873 deinde
2764 2822 2997 2879 Domini
3046 2827 3430 2899 providentia,
3482 2837 3547 2889 ut
3594 2834 3695 2891 ubi

2031 2903 2261 2960 mollior
2293 2905 2540 2998 fructus,
2574 2904 2653 2959 ibi
2683 2906 2808 2963 folii
2850 2914 3176 2972 crassitudo
3224 2918 3477 2978 validius
3528 2926 3694 2998 tegu-

2032 2998 2301 3049 mentum
2346 2993 2564 3048 tuendo
2623 2995 2849 3055 deferat
2898 3018 3094 3074 pomo,
3146 3008 3302 3078 quod
3334 2993 3693 3070 videmus‘in

256 3087 423 3143 enim
456 3085 684 3141 bonum
715 3084 845 3140 fidei
885 3084 1168 3158 fulgorem
1218 3078 1728 3159 confessionisque
1770 3105 1922 3161 pm-
1962 3160 1993 3165 Α
2034 3081 2226 3137 fructu
2286 3080 2567 3137 ﬁculneae.
2634 3083 2986 3148 Delicaticra
3040 3092 3238 3165 itaque
3313 3099 3696 3160 validioribus

252 3173 476 3240 tendit,
506 3176 596 3228 tot
624 3176 939 3244 martyrum
990 3173 1281 3247 sanguine
1329 3172 1619 3246 speciosa,
1653 3181 1727 3243 et,
1763 3160 1919 3248 quod
1951 3160 1994 3227 C
2033 3170 2353 3264 munienda
2394 3173 2744 3264 sunt,ut_et
2796 3176 2924 3249 ipse
2971 3160 3205 3254 quoque
3252 3186 3540 3246 Dominus
3588 3207 3693 3264 per

258 3267 359 3319 est
390 3258 670 3334 amplius,
696 3259 901 3317 Christi
929 3278 1133 3319 cruore
1164 3263 1400 3333 dotata;
1425 3261 1606 3318 simul
1637 3261 1927 3334 plurimos

208 3357 223 3364 ‘
253 3354 421 3407 intra
451 3367 515 3407 se
545 3350 772 3406 fructus
819 3367 928 3407 usu
976 3350 1152 3407 istius
1202 3351 1365 3423 pomi
1396 3350 1512 3418 sub
1562 3367 1682 3406 una
1729 3355 1923 3410 muni-

256 3441 426 3497 tione
455 3455 827 3508 conservans,
859 3443 914 3496 et
939 3439 1224 3496 virtutum
1267 3439 1503 3513 negotia
1551 3439 1739 3497 multa
1786 3459 1924 3501 con-

256 3529 553 3603 plectens.
586 3527 826 3600 Sapiens
855 3528 1009 3584 enim
1044 3528 1259 3601 spiritu
1290 3527 1440 3585 celat
1465 3529 1715 3601 negotia.
1749 3534 1923 3606 Amy-

258 3617 462 3692 gdalis
491 3632 726 3690 quoque
755 3616 861 3673 hoc
907 3634 1120 3691 genere
1151 3617 1435 3674 medicari
1466 3618 1738 3674 feruntur
1763 3621 1924 3693 agri-

259 3706 429 3773 cola,
466 3710 537 3761 ut
565 3722 635 3762 ex
662 3706 872 3762 amaris
902 3706 1103 3763 dulces
1132 3707 1280 3763 ﬁant
1310 3707 1561 3774 fructus,
1595 3710 1659 3762 ut
1688 3713 1745 3764 et
1773 3713 1920 3768 tere-

258 3796 440 3852 brent
470 3795 603 3866 ejus
633 3794 881 3851 radicem
908 3796 1157 3864 arboris,
1184 3800 1242 3852 et
1270 3797 1331 3852 in
1364 3796 1628 3852 medium
1660 3801 1923 3857 inserant

259 3882 579 3941 surculum
633 3882 758 3954 ejus
813 3883 1039 3940 arboris
1095 3901 1273 3957 quam
1333 3883 1515 3941 Graeci
1552 3893 1759 3956 πεύκην,
1812 3907 1919 3948 nos

257 3974 493 4046 piceam
527 3971 805 4039 dicimus;
830 3989 943 4044 quo
964 3964 1302 4030 factosucci
1323 3973 1655 4031 amaritudo
1685 3975 1921 4049 deponi-

256 4066 381 4116 tur.
418 4061 569 4131 Ergo
600 4057 651 4114 si
688 4058 1042 4132 agricultura
1088 4061 1375 4119 convertit
1420 4062 1696 4135 stirpium
1729 4067 1917 4138 quali-

256 4154 438 4215 tates,
464 4163 660 4202 nonne
682 4147 874 4204 studia
903 4149 1201 4219 doctrinae,
1229 4154 1287 4206 et
1315 4149 1641 4223 disciplinae
1673 4157 1916 4215 attentio

262 4238 541 4310 mitigare
598 4241 843 4308 possunt
898 4236 1193 4310 quaslibet
1249 4238 1626 4312 egritudines
1690 4244 1915 4314 passio-

258 4342 408 4383 num
438 4323 586 4397 (24)?
607 4324 705 4380 50
733 4325 911 4382 Nemo
933 4342 1071 4399 ergo
1101 4326 1329 4400 positus
1357 4327 1445 4383 vel
1475 4328 1536 4384 in
1582 4329 1912 4390 adolescen-

256 4414 353 4470 tia:
381 4411 472 4469 vel
503 4412 964 4485 intemperantiae
1014 4413 1259 4484 lubrico,
1293 4417 1363 4472 de
1393 4416 1487 4472 sui
1537 4421 1912 4480 conversione

2033 3258 2348 3315 Jeremiam
2408 3259 2593 3329 docet,
2646 3261 2880 3323 dicens:
2940 3269 3097 3325 Sicut
3148 3273 3285 3342 ﬁcus
3340 3278 3471 3334 istas
3528 3258 3692 3335 bonas

2032 3363 2415 3417 recognoscam
2446 3348 2558 3419 (26)
2590 3352 2888 3411 translatos
2933 3358 3095 3429 Iuda,
3130 3377 3260 3432 quos
3289 3367 3452 3422 emisi
3496 3367 3561 3424 de
3610 3369 3688 3424 lo-

2031 3452 2090 3492 co
2119 3437 2222 3492 isto
2248 3439 2308 3492 in
2340 3439 2543 3492 terram
2576 3437 2964 3500 Chaldaeorum
2992 3448 3054 3502 in
3087 3448 3243 3517 bona,
3277 3455 3328 3507 et
3356 3456 3689 3526 conﬁrmabo

2031 3525 2212 3581 oculos
2243 3541 2387 3581 meos
2410 3542 2573 3597 super
2596 3528 2723 3583 illos
2745 3530 2804 3584 in
2831 3534 2971 3589 bona
3002 3535 3217 3606 (Jercm.
3243 3556 3399 3610 xxxv,
3422 3525 3498 3618 5).
3533 3546 3686 3601 Tan-

2032 3629 2209 3685 quam
2242 3613 2519 3669 delicatos
2549 3614 2705 3669 enim
2748 3618 2910 3677 velut
2955 3625 3210 3693 quodam
3269 3613 3686 3690 misericordias

2031 3719 2148 3757 suae
2180 3702 2445 3759 validiori
2474 3703 2655 3775 sepsit
2686 3708 2963 3777 tegmine,
2998 3728 3070 3767 ne
3100 3715 3286 3770 teneri
3318 3719 3544 3777 fructus
3568 3739 3686 3777 ma-

2027 3789 2220 3846 turius
2276 3791 2599 3847 interirent.
2660 3792 2922 3867 Denique
2975 3798 3046 3854 de
3075 3799 3221 3871 ipsis
3260 3805 3438 3863 etiam
3488 3810 3548 3864 in
3579 3826 3680 3881 po-

2029 3878 2372 3935 sterioribus
2428 3880 2596 3937 dicit:
2647 3881 2879 3938 Delicati
2933 3888 3045 3941 mei
3099 3888 3522 3950 ambulaverunt
3562 3878 3680 3951 uias

2028 3983 2245 4038 asperas
2292 3968 2549 4039 (Baruch.
2598 3985 2671 4039 Iv,
2719 3970 2834 4042 26).
2892 3974 3116 4039 Quibus
3159 3975 3313 4034 infra
3360 3982 3478 4039 ait:
3515 3983 3677 4040 Cons-

2023 4059 2227 4146 stantes
2257 4060 2437 4126 estote,
2470 4057 2601 4127 ﬁlii,
2632 4066 2683 4114 et
2736 4061 2971 4118 clamate
3006 4064 3077 4119 ad
3130 4065 3301 4122 Deum
3354 4070 3512 4141 (Ibid.
3561 4073 3673 4146 27).

2025 4145 2143 4201 Hoc
2173 4146 2328 4203 enim
2354 4146 2548 4203 solum
2566 4148 2845 4206 adversus
2867 4167 3072 4209 omnes
3093 4155 3377 4226 procellas
3399 4164 3573 4233 atque
3595 4145 3679 4219 in-

2018 4233 2206 4303 jurias
2236 4234 2832 4311 inviolabiletegmen,
2867 4239 3311 4313 impenetrabile
3340 4250 3673 4307 munimen-

2022 4328 2147 4379 tum
2177 4327 2281 4380 est.
2318 4323 2427 4379 Ubi
2458 4341 2593 4398 ergo
2633 4328 2816 4382 teneri
2850 4328 3093 4399 fructus,
3126 4332 3205 4386 ibi
3237 4337 3526 4395 crassiora
3555 4344 3675 4415 teg-

2021 4411 2185 4468 mina
2224 4416 2282 4468 et
2328 4414 2695 4471 munimenta
2752 4414 3045 4474 foliorum.
3080 4419 3295 4478 Contra
3339 4431 3539 4485 autem
3571 4411 3671 4488 ubi

257 4502 555 4574 desperet,
591 4500 772 4574 Ligna
801 4501 1151 4574 plerumque
1197 4502 1258 4559 in
1290 4504 1560 4562 meliores
1607 4512 1914 4570 vertuntur
1938 4524 1988 4589 Β
2020 4500 2245 4556 fructus
2274 4501 2603 4573 validiores,
2637 4503 2729 4560 57
2758 4503 2838 4559 ibi
2869 4508 3162 4565 teneriora
3191 4510 3348 4583 folia,
3385 4520 3451 4572 ut
3475 4520 3669 4578 malus

255 4606 429 4657 usus,
460 4593 520 4645 et
549 4606 665 4646 non
695 4594 942 4663 possunt
973 4590 1278 4649 hominum
1313 4594 1490 4651 corda
1519 4598 1781 4655 mutari?

325 4681 419 4735 57.
453 4678 770 4736 Docuimus
812 4696 927 4736 non
976 4680 1171 4737 solum
1220 4681 1373 4739 inter
1426 4684 1639 4741 diversi
1677 4691 1909 4761 generis

252 4768 501 4825 arbores
525 4783 651 4824 esse
679 4768 977 4825 fructuum
1011 4770 1392 4842 diversitates,
1424 4774 1530 4829 sed
1560 4773 1909 4852 plerumque

250 4857 311 4914 in
343 4857 556 4913 eadem
585 4856 776 4929 specie
806 4858 1085 4915 arborum
1107 4875 1503 4936 compugnare
1523 4862 1634 4919 sibi
1657 4864 1902 4926 fructus.

249 4944 389 5001 Alia
418 4943 579 5001 enim
617 4945 837 5018 species
885 4946 1305 5021 masculorum,
1356 4950 1473 5008 alia
1518 4952 1905 5014 femineorum

243 5035 580 5105 fructuum,
629 5033 782 5090 sicut
832 5036 907 5091 de
937 5035 1183 5109 dactylis
1227 5053 1408 5112 supra
1436 5039 1712 5099 diximus.
1764 5046 1905 5110 Quis

238 5128 455 5182 autem
486 5122 674 5195 possit
725 5123 1217 5196 comprehendere
1258 5127 1617 5197 varietatem,
1650 5133 1903 5205 speciem

335 5248 437 5321 ’24)
454 5247 626 5321 Rom.
655 5248 792 5305 edit.
816 5247 964 5321 sola,
986 5250 1254 5321 quaslibet
1271 5254 1587 5311 animarum
1598 5260 1899 5321 passiones.

337 5318 436 5395 25)
467 5318 733 5395 Antiquae
754 5319 927 5395 edit.,
975 5318 1133 5376 nucis
1179 5328 1383 5392 autem,
1425 5329 1477 5380 et
1502 5318 1662 5395 node,
1690 5330 1900 5386 nuclei-

238 5407 349 5465 que
375 5393 619 5466 fructus,
665 5399 718 5447 et
743 5392 881 5466 testa
927 5395 1146 5463 opertus
1190 5396 1243 5448 et
1268 5397 1463 5452 cortice
1492 5392 1684 5466 alitur,
1718 5405 1903 5457 tamen

239 5461 294 5519 et
327 5461 446 5536 ipse
503 5461 685 5536 calore
737 5461 879 5519 solis
928 5461 1176 5536 nascitur
1228 5468 1391 5536 atque
1445 5461 1712 5525 nutritur.
1766 5471 1897 5529 Vat.

240 5530 375 5614 ουδ’.
408 5548 531 5614 non
591 5530 786 5614 habet,
818 5538 874 5591 et
928 5534 1089 5614 node,
1143 5530 1445 5614 nucleique.
1509 5537 1676 5597 Rom.
1734 5542 1896 5614 edit.,

239 5608 401 5667 nucis
425 5608 621 5667 autem
639 5606 853 5682 pineae,
899 5608 1229 5686 nmisque
1270 5606 1480 5689 fructus
1506 5613 1559 5674 et
1585 5616 1717 5677 tosta
1744 5606 1898 5697 oper;

2018 4589 2192 4645 arbor
2250 4590 2435 4647 docet.
2498 4591 2741 4648 Pomum
2798 4594 2955 4651 enim
3005 4597 3258 4656 validius
3308 4619 3425 4659 non
3484 4608 3668 4665 multo

2015 4677 2240 4750 indiget
2272 4679 2645 4751 protectionis
2675 4682 2888 4740 auxilio
2917 4702 2929 4752 ;
2964 4703 3101 4743 nam
3133 4688 3261 4760 ipsa
3287 4697 3665 4763 protectionis

2016 4766 2321 4824 crassioris
2352 4770 2561 4826 umbra
2591 4788 2762 4842 pomo
2794 4790 3002 4831 nocere
3030 4775 3164 4848 plus
3195 4783 3410 4849 posset.

2084 4857 2174 4911 60.
2208 4856 2470 4930 Denique
2500 4858 2703 4916 doceat
2754 4878 2863 4917 nos
2895 4864 3213 4937 pampinus
3261 4870 3483 4922 naturae
3526 4885 3658 4941 gra-

2012 4944 2180 5012 tiam,
2211 4948 2268 5000 et
2297 4946 2502 5001 divinae
2543 4948 2838 5020 sapientiae
2872 4950 3102 5008 interna
3145 4953 3436 5024 mysteria.
3486 4956 3656 5015 Vide-

2015 5047 2149 5086 mus
2180 5033 2336 5088 enim
2367 5034 2449 5089 ita
2475 5036 2729 5092 scissum
2762 5043 2935 5110 atque
2957 5040 3230 5108 divisum,
3265 5044 3331 5095 ut
3360 5042 3539 5100 trium
3570 5046 3654 5102 fo-

2012 5119 2227 5176 liorum
2258 5123 2511 5193 speciem
2542 5124 2808 5182 videatur
2836 5129 3165 5184 ostendere:
3218 5128 3298 5183 ita
3350 5146 3484 5202 pars
3533 5151 3653 5192 me-

2011 5248 2399 5333 tus1etlcort‘ice
2426 5249 2628 5333 alitur,
2654 5253 2835 5306 tamen
2859 5254 2911 5306 et
2954 5254 3066 5333 ipse
3106 5252 3284 5308 calore
3326 5256 3460 5333 solis
3501 5275 3654 5333 aeque

2008 5319 2277 5397 nutritur.
2312 5319 2447 5397 Mss.
2483 5323 2719 5397 partim,
2746 5337 2932 5397 _nuces
2958 5319 3174 5386 autem;
3213 5325 3447 5397 partim,
3494 5319 3653 5390 micis

2010 5389 2573 5463 autcereliqua—Aut
2602 5389 2711 5463 nos
2741 5392 2801 5448 in
2831 5396 3009 5448 textu.

2080 5462 2193 5533 (26)
2224 5461 2396 5519 Rom;
2422 5461 2584 5532 edit.,
2643 5461 2795 5520 Sicut
2849 5464 2983 5536 ﬁcus
3038 5466 3161 5526 istae
3217 5470 3393 5542 bonae,
3446 5474 3526 5532 sic
3563 5490 3650 5533 re-

2006 5563 2338 5625 cognoscam,
2369 5552 2475 5608 etc.
