4084 6188
521 295 637 354 195

1976 297 2044 357 S.
2087 294 2470 358 AMBROSII

3810 301 3928 365 196

518 428 614 482 dia
670 426 946 481 distincta
1000 430 1108 495 est,
1166 430 1231 481 ut
1281 427 1395 482 nisi
1453 428 1827 484 inferioribus
1899 428 2160 495 haereret,
2191 428 2503 496 Adulcior
2527 444 2629 500 pro
2674 429 3001 501 specierum
3050 429 3264 502 quibus
3316 429 3512 487 infusa
3559 429 3734 487 fuerit
3782 448 3931 505 qua-

517 518 789 589 scparata
827 515 1230 588 spectantibus
1277 516 1588 573 videretur.
1639 518 1719 573 Ea
1762 520 1957 572 autem
2018 516 2164 572 ratio

518 606 743 662 videtur
772 608 1000 660 servata
1030 607 1269 671 naturae,
1294 610 1357 659 ut
1394 609 1448 660 et
1478 605 1659 661 solem
1694 604 1921 660 facilius
1952 605 2162 660 admit-

516 700 618 763 tat,
651 698 708 750 et
737 693 1008 749 umbram
1041 692 1292 748 obtexat.
1345 694 1607 766 Denique
1638 694 1939 766 procerius
1973 692 2166 749 media

515 800 651 856 pars
681 784 808 853 ejus
857 782 1210 850 extenditur,
1251 786 1309 837 et
1340 783 1397 836 in
1431 783 1560 854 ipsa
1591 783 1933 839 summitate
1961 788 2163 838 tenua-

514 879 630 942 tur,
658 877 722 926 ut
754 870 886 942 plus
917 869 1373 940 pulchritudinis
1394 887 1573 941 quam
1608 871 1930 943 tegumenti
1962 871 2164 941 praefe-

513 967 620 1017 rat.
656 959 884 1015 Etenim
934 957 1118 1013 bravii
1158 960 1269 1030 (27)
1301 960 1555 1032 speciem
1588 961 1818 1015 videtur
1863 959 2161 1030 efﬁngere,

512 1048 851 1122 significans
883 1049 1037 1117 quod
1072 1064 1181 1101 uva
1212 1047 1364 1103 inter
1412 1048 1732 1120 pendentes
1772 1052 2008 1103 caeteros
2041 1048 2159 1102 fru-

510 1145 639 1194 ctus
665 1137 877 1192 habeat
907 1135 1324 1207 principatum,
1349 1137 1441 1191 cui
1468 1136 1644 1192 tacito
1667 1137 1919 1208 quodam
1933 1134 2160 1206 judicio

510 1232 752 1291 naturae,
786 1225 886 1280 sed
920 1225 1167 1280 evidenti
1216 1225 1428 1280 indicio
1476 1225 1806 1280 innascitur
1853 1225 2077 1296 species
2105 1228 2162 1279 et

508 1313 889 1389 praerogativa
918 1313 1193 1368 victoriae.
1229 1314 1439 1368 Secum
1472 1314 1658 1386 igitur
1688 1314 1867 1370 habet
1894 1312 2159 1368 bravium

544 1421 705 1471 num,
739 1418 853 1473 quo
913 1406 968 1456 et
1016 1400 1318 1456 munimen
1369 1402 1480 1457 sibi
1534 1404 1822 1474 praabetur
1851 1402 2159 1457 adversum

506 1490 754 1565 injurias
804 1490 974 1558 aeris,
1010 1490 1343 1561 pariterque
1384 1491 1663 1546 imbrium
1716 1490 2071 1555 violentiam,
2104 1494 2161 1544 et

506 1580 994 1655 impedimentum
1044 1595 1158 1633 non
1192 1580 1430 1633 affertur
1459 1580 1530 1634 ad
1566 1580 1964 1651 recipiendum
2014 1577 2157 1634 solis

506 1670 780 1733 calorem,
809 1683 923 1739 quo
952 1667 1239 1738 tepefacta
1278 1666 1474 1732 alitur,
1525 1667 1838 1734 celeratur,
1888 1671 2152 1739 augetur.

507 1758 791 1816 Ficulneee
822 1772 1055 1827 quoque
1084 1754 1309 1821 folium,
1334 1772 1497 1826 teque
1519 1772 1696 1827 prope
1730 1761 1793 1809 ut
1820 1754 2152 1826 pampinus,

506 1846 834 1920 quadrifida
854 1842 1296 1899 interscinditur
1315 1844 1629 1912 divisione;
1655 1844 1809 1915 quod
1841 1861 1906 1899 eo
1937 1842 2153 1898 clarius

505 1938 750 2001 videtur,
794 1926 927 2004 "quo
986 1932 1181 2001 majus
1237 1937 1326 1987 est
1387 1930 1615 1998 folium,
1646 1949 1787 1988 sane
1831 1949 1946 1987 non
1980 1933 2059 1986 ita
2088 1935 2153 1986 ut

509 2023 819 2098 pampinus
846 2019 933 2076 vel
961 2037 1062 2075 ora
1091 2020 1273 2087 omni,
1324 2021 1411 2075 vel
1459 2021 1802 2076 summitate
1849 2020 2153 2093 crispanti.

506 2104 669 2172 Sicut
714 2110 868 2167 enim
919 2109 976 2163 in
1012 2108 1269 2164 ficulneae
1329 2109 1465 2165 tolio
1505 2110 1833 2165 crassitudo
1888 2108 2152 2178 validior,

506 2206 586 2260 ita
618 2203 675 2257 in
697 2199 975 2272 pampino
997 2197 1220 2269 species
1241 2196 1583 2270 elegantior.
1608 2198 1953 2253 Crassitudo
1976 2198 2155 2270 igitur

504 2291 627 2348 folii
657 2287 887 2362 proﬁcit
918 2287 988 2342 ad
1022 2288 1391 2357 tempestatis
1422 2286 1701 2358 injuriam
1734 2285 2152 2358 repellendam,

501 2377 798 2437 intercisio
830 2377 901 2432 ad
956 2381 1181 2430 fruetus
1212 2375 1460 2447 gratiam
1503 2375 1839 2446 vaporandi.
1891 2375 2151 2449 Denique

501 2471 612 2526 hoc
640 2483 825 2541 genus
857 2463 1013 2536 pomi
1044 2464 1388 2534 grandinem
1420 2480 1534 2518 non
1567 2464 1702 2529 cito,
1753 2463 2150 2519 maturitatem

501 2560 614 2615 cito
645 2554 851 2621 sentit;
886 2552 1025 2624 quia
1054 2555 1113 2606 et
1157 2551 1335 2607 latere
1363 2552 1594 2607 videtur
1623 2553 1938 2608 adversum
1991 2553 2148 2623 inju-

499 2648 635 2715 rias,
669 2648 725 2699 et
754 2646 952 2714 patere
984 2640 1054 2695 ad
1089 2640 1360 2711 gratiam.

565 2737 654 2790 6t.
688 2731 835 2796 Quid
876 2746 980 2801 ego
1040 2728 1311 2783 foliorum
1369 2729 1696 2785 describam
1757 2729 2146 2795 diversitates,

496 2820 994 2896 quemadmodum
1050 2816 1163 2871 alia
1221 2817 1491 2882 rotunda,
1553 2817 1669 2872 alia
1718 2816 2001 2888 longiora,
2035 2816 2150 2872 alia

498 2910 793 2974 ﬂexibilia,
823 2906 938 2961 alia
969 2905 1247 2976 rigidiora
1277 2906 1416 2972 sint,
1441 2905 1555 2960 alia
1585 2906 1765 2960 nullis
1811 2905 1977 2961 facile
2007 2923 2146 2961 ven-

496 3002 574 3055 tis
606 2994 882 3060 labentia,
915 2994 1029 3049 alia
1059 3010 1186 3064 quae
1218 2993 1324 3048 levi
1359 2998 1519 3049 metu
1571 2994 1945 3050 decutiantur
1972 3012 2144 3051 aura-

500 3105 632 3143 rum
654 3087 681 3141 ‘?

1128 3196 1361 3252 CAPUT
1399 3198 1511 3253 XV.

499 3290 775 3365 Stupenda
818 3286 1320 3365 aquaediversitas.
1379 3286 1515 3365 Inde
1550 3290 1602 3342 et
1644 3288 1929 3365 fructuarii
1960 3290 2054 3365 qui
2081 3304 2145 3343 ea

568 3358 917 3425 iiutriuntur,
977 3358 1293 3427 diﬂerentia
1346 3360 1631 3423 nascitur;
1694 3366 1744 3413 et
1812 3360 2143 3414 stillantiam

566 3452 636 3490 ea:
690 3431 979 3488 arboribus
1037 3429 1413 3502 lacrymarum
1461 3429 1885 3502 discrepantia;
1947 3431 2143 3502 quibus

566 3503 920 3561 accaratioris
943 3501 1401 3573 perscrutationis
1446 3503 1724 3557 excusatio
1768 3501 2139 3572 subjurigitur.

564 3623 653 3676 62.
691 3614 1096 3690 Inexplicabile
1128 3620 1217 3671 est
1264 3615 1630 3688 singularum
1692 3633 1888 3672 rerum
1948 3616 2143 3688 exqui-

497 3725 620 3766 rere
666 3707 810 3763 velle
857 3706 1264 3778 proprietates,
1313 3710 1371 3761 et
1399 3705 1486 3761 vel
1540 3705 1906 3761 diversitates
1938 3721 2141 3761 earum

496 3796 807 3853 manifesta
858 3794 1265 3849 testiﬁcatione
1324 3793 1704 3866 distinguere,
1763 3794 1847 3850 vel
1895 3794 2142 3850 latentes

493 3885 869 3956 occultasque
906 3900 1116 3938 causas
1165 3881 1635 3937 indeﬁcientibus
1689 3882 1913 3953 aperire
1971 3883 2137 3937 docu-

494 3974 727 4031 mentis.
762 3972 888 4027 Una
918 3986 1128 4043 nempe
1179 3975 1354 4041 atque
1401 3970 1605 4026 eadem
1654 3976 1745 4025 est
1791 3987 1963 4041 aqua,
1994 3976 2052 4026 et
2080 3970 2141 4025 in

492 4063 750 4118 diversas
780 4060 1125 4132 plerumque
1157 4075 1284 4114 sese
1316 4063 1506 4113 mutat
1535 4057 1795 4129 species:
1849 4063 1951 4114 aut
1992 4059 2144 4115 inter

492 4166 700 4207 arenas
733 4148 898 4215 flava,
933 4151 1033 4202 aut
1091 4145 1242 4201 inter
1298 4151 1496 4202 cautes
1559 4164 1827 4219 spumea,
1859 4152 1962 4202 aut
1991 4147 2143 4203 inter

492 4254 731 4296 nemora
760 4234 1127 4300 viridantior,
1161 4238 1262 4289 aut
1304 4233 1459 4290 inter
1504 4233 1815 4290 florulenta
1865 4235 2137 4305 discolor,

492 4333 593 4384 aut
622 4329 775 4382 inter
802 4323 927 4380 lilia
974 4322 1308 4396 fulgentior,
1361 4327 1463 4378 aut
1511 4323 1663 4379 inter
1700 4341 1864 4380 rosas
1894 4324 2139 4381 rutilan-

494 4417 625 4483 tior,
659 4418 761 4470 aut
790 4414 849 4468 in
881 4412 1144 4486 gramine
1171 4411 1468 4484 liquidior,
1500 4416 1602 4467 aut
1630 4412 1688 4467 in
1722 4413 1932 4485 palude
1960 4414 2141 4469 turbi-

2274 517 2436 573 litate
2466 518 2764 573 varietur?
2792 522 3113 590 Asperatur
3152 519 3660 577 immaturioribus
3708 522 3929 589 succis,

2274 609 2446 660 tunso
2477 605 2689 660 cortice
2718 605 2906 672 nucis,
2938 605 3208 678 foliisque
3234 606 3555 672 contristis,
3589 608 3849 664 amarior
3864 609 3933 665 ﬁt

2273 693 2591 763 absinthio,
2668 695 2801 749 vino
2884 694 3302 759 vehementior,
3382 695 3671 752 austerior
3733 695 3925 754 alliis:

2271 780 2558 849 gravescit
2586 797 2831 851 veneno,
2882 779 3053 837 melle
3093 781 3394 837 dulcescit.
3428 782 3489 838 Si
3541 799 3675 838 vero
3717 783 3770 839 ei
3801 784 3928 840 len-

2270 869 2507 937 tiscum,
2539 869 2853 925 terebinthi
2905 887 3137 943 quoque
3169 872 3415 939 fructus,
3448 871 3535 926 vel
3568 871 3736 929 nucis
3778 872 3924 929 inte-

2272 958 2388 1012 rior
2418 976 2553 1030 pars
2586 958 2919 1029 misceatur,
2953 958 3013 1013 in
3038 958 3146 1014 olei
3181 959 3416 1015 mollem
3448 964 3720 1017 naturam
3755 962 3923 1018 facile

2270 1047 2721 1102 transfunditur.
2777 1046 2920 1102 Cum
2971 1047 3048 1103 sit
3092 1052 3289 1103 autem
3317 1047 3490 1103 altrix
3518 1050 3789 1105 omnium
3813 1051 3923 1106 vir-

2270 1134 2590 1207 gultorum,
2623 1135 2880 1191 diversos
2912 1135 3163 1208 singulis
3212 1153 3356 1192 usus
3388 1136 3707 1205 ministrat.
3743 1138 3804 1194 Si
3835 1156 3922 1195 ra-

2269 1223 2426 1279 dices
2456 1223 2639 1278 alluat
2667 1223 2780 1295 (28)
2811 1224 2897 1279 vel
2953 1224 3210 1280 nubibus
3256 1226 3386 1280 fusa
3409 1226 3746 1295 descendat,
3797 1227 3923 1284 dis-

2269 1316 2455 1366 cretas
2511 1311 2612 1366 dat
2671 1311 2944 1366 omnibus
3014 1311 3185 1379 vires,
3247 1312 3504 1367 radicem
3563 1314 3920 1387 impingunt,

2268 1398 2567 1455 caudicem
2598 1399 2881 1471 provehit,
2912 1416 3104 1454 ramus
3138 1400 3433 1468 diffundit,
3468 1400 3604 1456 folia
3638 1402 3923 1460 virescere

2268 1488 2423 1556 facit,
2477 1487 2776 1543 fructuum
2827 1487 2931 1543 alit
2976 1488 3223 1556 semina,
3274 1505 3517 1560 pomum
3565 1505 3781 1563 augere
3810 1493 3923 1564 (29)

2267 1578 2588 1632 consuevit.
2640 1577 2787 1647 Ergo
2837 1593 2971 1632 cum
3020 1577 3224 1632 eadem
3274 1577 3352 1632 sit
3402 1578 3667 1634 omnium
3697 1583 3921 1648 nutrix,

2267 1664 2382 1719 alia
2413 1666 2688 1720 arborum
2719 1681 2933 1737 genera
2979 1665 3267 1721 tristiores
3317 1667 3513 1721 ferunt
3542 1684 3771 1737 succos,
3807 1668 3925 1725 alia

2267 1752 2577 1821 dulciores,
2604 1754 2721 1809 alia
2751 1754 2967 1822 tardos,
3009 1752 3123 1809 alia
3168 1761 3569 1826 praematuras.
3603 1757 3748 1829 Ipsae
3780 1774 3926 1830 quo-

2264 1858 2378 1913 que
2404 1843 2555 1898 inter
2584 1860 2646 1898 se
2677 1842 3014 1913 discrepant
3041 1843 3348 1898 suavitate.
3379 1843 3508 1899 Alia
3539 1845 3803 1902 suavitas
3834 1851 3924 1903 est

2263 1932 2322 1986 in
2353 1930 2539 2001 vinea,
2573 1931 2686 1985 alia
2718 1931 2776 1985 in
2827 1930 2976 1997 olea,
3007 1930 3119 1987 alia
3162 1931 3218 1988 in
3251 1931 3491 2000 cerasis,
3537 1932 3654 1989 alia
3682 1934 3744 1988 in
3779 1935 3921 2005 ﬁcu,

2263 2020 2514 2075 discreta
2543 2021 2601 2075 in
2634 2018 2812 2087 malo,
2845 2019 3046 2091 dispar
3075 2018 3133 2074 in
3166 2020 3410 2092 dactylo.

2332 2109 2421 2164 63.
2455 2110 2666 2164 Tactus
2698 2108 2824 2180 ipse
2854 2126 3017 2179 aqua:
3048 2107 3187 2165 alibi
3219 2108 3389 2178 lenis,
3439 2108 3582 2165 alibi
3627 2113 3921 2183 asperior,

2262 2197 2611 2269 plerumque
2640 2196 2913 2270 pinguior
2933 2201 3041 2253 est.
3070 2197 3327 2254 Pondere
3353 2215 3589 2271 quoque
3607 2199 3790 2257 distat
3808 2202 3929 2258 fre-

2261 2290 2506 2357 quenter
2537 2292 2602 2341 ut
2642 2286 2854 2359 specie.
2903 2287 3053 2343 Nam
3108 2284 3403 2359 plerisque
3460 2287 3605 2344 locis
3657 2290 3923 2362 gravior,

2261 2374 2555 2446 plerisque
2601 2374 2783 2430 levior
2831 2375 3176 2430 aestimatur.
3217 2376 3344 2430 Non
3375 2377 3593 2433 mirum
3634 2377 3821 2450 igitur
3868 2380 3924 2435 si

2259 2479 2395 2519 cum
2425 2463 2555 2535 ipsa
2582 2463 2641 2518 in
2669 2480 2731 2519 se
2762 2462 3071 2535 discrepet,
3104 2464 3440 2535 discrepent
3469 2465 3646 2523 etiam
3669 2465 3829 2522 inter
3857 2484 3926 2524 se

2259 2551 2526 2624 lacrymaa
2557 2553 2852 2619 arborum,
2913 2568 3039 2624 quae
3096 2552 3362 2623 ejusdem
3392 2569 3557 2625 aqua:
3614 2553 3929 2614 alluvione

2257 2647 2629 2714 generantur.
2663 2642 2732 2696 Et
2761 2657 2897 2696 cum
2940 2658 3060 2697 una
3090 2643 3166 2696 sit
3196 2643 3459 2697 omnium
3489 2659 3687 2709 causa,
3719 2644 3927 2701 diver-

2257 2747 2359 2786 sus
2390 2730 2756 2802 singularum
2807 2747 2971 2799 usus,
3025 2731 3256 2786 diversa
3303 2735 3511 2787 natura
3556 2737 3665 2787 est.
3711 2732 3921 2791 Aliam

2255 2819 2370 2873 vim
2401 2818 2578 2875 habet
2608 2819 2790 2874 cerasi
2823 2818 3047 2874 arboris
3097 2818 3374 2892 lacryma,
3427 2818 3603 2874 aliam
3649 2819 3916 2878 lentisci.

2256 2907 2559 2979 Disparem
2590 2922 2820 2979 quoque
2851 2906 3100 2962 balsami
3131 2912 3358 2979 guttam
3389 2907 3632 2964 odorata
3654 2907 3918 2967 Orientis

2254 2995 2414 3068 ligna
2443 2995 2655 3051 sudare
2693 2995 3048 3066 produntur:
3084 2995 3378 3051 diversum
3438 3012 3672 3069 quoque
3718 2998 3916 3072 lacry-

2255 3101 2485 3139 marum
2517 3099 2704 3156 genus
2734 3082 2986 3155 virgulta
3026 3081 3345 3138 ferularum
3374 3083 3433 3137 in
3459 3084 3700 3157 {Egypto
3729 3102 3799 3141 ac
3819 3086 3920 3141 Li-

2174 3156 2215 3221 C
2254 3172 2366 3244 bya
2389 3171 2643 3242 quadam
2664 3171 2719 3224 vi
2742 3177 2962 3226 natura:
2985 3171 3316 3227 secretioris
3337 3156 3728 3245 illacrymant.
3752 3174 3913 3240 Quid

2253 3265 2450 3317 autem
2481 3259 2587 3316 tibi
2617 3260 2886 3326 referam,
2940 3259 3285 3316 clementem
3322 3259 3459 3316 licet
3505 3278 3633 3318 esse
3678 3278 3912 3319 sermo-

2254 3369 2408 3420 nem,
2441 3352 2597 3423 quod
2628 3349 2909 3406 electrum
2939 3349 3197 3423 lacryma
3217 3350 3456 3422 virgulti
3486 3351 3583 3418 sit,
3604 3354 3661 3407 et
3682 3351 3744 3408 in
3777 3358 3913 3409 tan-

2253 3445 2322 3495 tm
2356 3440 2608 3495 materiae
2641 3438 2998 3496 soliditatem
3028 3439 3286 3511 lacryma
3310 3439 3583 3495 durescat
3611 3439 3760 3513 (30)?
3787 3440 3913 3498 Nec

2251 3527 2477 3584 levibus
2520 3527 2578 3582 id
2621 3526 2907 3582 astruitur
2958 3524 3332 3591 testimoniis,
3366 3525 3598 3597 quando
3631 3525 3772 3582 folia
3800 3532 3914 3584 aut

2253 3616 2621 3671 surculorum
2681 3613 3090 3671 minutissime
3169 3613 3489 3687 portiones,
3540 3618 3645 3670 aut
3690 3615 3913 3688 exigua

2252 3705 2518 3777 quaedam
2548 3701 2935 3759 animantium
2984 3719 3199 3775 genera
3230 3703 3286 3757 in
3318 3702 3529 3759 electro
3555 3720 3703 3777 saepe
3735 3722 3910 3777 repe-

2253 3794 2497 3861 riantur,
2531 3810 2657 3865 quae
2686 3792 2914 3847 videtur
2940 3808 3071 3847 cum
3103 3792 3296 3847 adhuc
3353 3798 3518 3865 gutta
3569 3797 3726 3849 esset
3756 3793 3914 3850 mol-

2251 3882 2377 3949 lior,
2411 3880 2699 3954 recepisse
2727 3884 2784 3936 et
2815 3878 3066 3935 solidata
3095 3880 3374 3936 tenuisse.

2319 3972 2408 4025 64.
2444 3970 2554 4025 Sed
2586 3968 2726 4042 quid
2759 3985 2864 4041 ego
2894 3967 2995 4023 vili
3027 3985 3295 4025 sermone
3335 3969 3582 4024 decerno
3612 3985 3748 4025 cum
3780 3968 3912 4027 alta

2251 4065 2426 4131 atque
2455 4057 2711 4130 pretiosa
2739 4058 2960 4113 ratione
2990 4061 3233 4128 natura,
3266 4074 3399 4113 cum
3429 4057 3540 4114 iste
3571 4074 3766 4115 sermo
3790 4058 3915 4115 hu-

2251 4164 2425 4203 mano
2457 4146 2647 4203 alatur
2676 4145 2910 4220 ingenio
2942 4145 3075 4218 (31),
3104 4149 3377 4202 naturam
3408 4150 3603 4202 autem
3632 4147 3914 4204 omnium

2250 4235 2613 4309 providentia
2642 4235 2841 4290 divina
2870 4233 3252 4290 formaverit?
3286 4234 3448 4290 Unde
3476 4234 3635 4290 velut
3653 4233 3915 4292 habenis

2251 4325 2606 4398 quibusdam
2650 4323 2963 4380 verborum
3012 4322 3341 4379 cohibenda
3396 4321 3630 4380 diffusio
3669 4328 3798 4381 est:
3835 4341 3915 4382 ne

2249 4415 2402 4486 quod
2443 4413 2742 4470 Salomoni
2773 4411 3105 4485 specialiter
3136 4411 3431 4484 sapientia
3480 4428 3723 4469 munere
3755 4411 3914 4469 divi-

491 4502 639 4569 dior,
672 4504 774 4557 aut
803 4501 863 4555 in
895 4501 1052 4557 fonte
1082 4500 1492 4574 perspicacior,
1526 4505 1629 4557 aut
1656 4500 1714 4555 in
1750 4502 1898 4557 mari
1928 4503 2136 4558 obscu-
2169 4524 2217 4588 D
2249 4504 2407 4559 nitus
2438 4503 2668 4558 videtur
2696 4518 2826 4559 esse
2857 4500 3154 4569 collatum,
3197 4500 3568 4573 usurpatorie
3595 4500 3919 4558 videamur

492 4590 629 4661 rior,
664 4595 966 4661 assumpto
1010 4588 1271 4645 locorum
1311 4590 1528 4661 quibus
1575 4590 1770 4645 inﬂuit
1798 4591 2007 4659 colore,
2042 4592 2139 4647 de-

491 4678 690 4736 currit.
725 4677 995 4750 Rigorem
1054 4694 1287 4749 quoque
1342 4678 1466 4751 pari
1516 4679 1741 4751 ratione
1792 4685 2135 4750 commutat,

491 4773 557 4825 ut
614 4768 767 4823 inter
799 4749 896 4822 58
954 4765 1293 4838 vaporantia
1344 4749 1590 4836 vierveat,
1652 4769 1803 4823 inter
1860 4749 2141 4826 umbrosa

491 4855 912 4931 frigescat,sole
942 4872 1283 4928 repercussa
1313 4861 1607 4928 exaestuet,
1641 4858 1874 4914 nivibus
1898 4858 2141 4932 irrigata

488 4946 719 5021 glaciali
770 4946 1015 5002 humore
1055 4949 1342 5001 canescat.
1397 4947 1902 5012 Quemadmodum
1941 4954 2138 5004 autem

489 5054 663 5109 sapor
691 5037 819 5108 ejus
848 5036 972 5107 ipse
996 5035 1370 5101 convertitur,
1396 5041 1459 5090 ut
1488 5052 1643 5090 nunc
1674 5036 1952 5107 asperior,
1982 5053 2138 5092 nunc

490 5125 778 5186 amarior,‘
795 5141 953 5179 nunc
983 5123 1403 5191 vehementior,
1438 5141 1593 5179 nunc
1621 5124 1927 5194 austerior,
1981 5143 2139 5182 nunc

564 5231 676 5304 (27)
708 5231 898 5304 graece
952 5239 1192 5303 βραϐεῖον,
1252 5247 1471 5304 corona
1527 5247 1630 5304 seu
1685 5230 1935 5304 victoriae
1993 5249 2139 5304 prae-

492 5300 699 5355 mium.
731 5300 993 5356 Dabatur
1021 5306 1216 5357 autem
1248 5300 1394 5357 illud
1427 5318 1457 5357 e
1489 5301 1668 5357 ramis
1720 5300 2013 5358 variarum
2046 5321 2137 5358 ar-

493 5372 724 5446 borum,
775 5389 1024 5446 quarum
1079 5372 1285 5446 aliqua;
1322 5389 1461 5446 cap.
1496 5372 1805 5446 superiori,
1848 5391 2011 5429 num.
2045 5377 2135 5440 55,

493 5441 876 5513 explicantur.
919 5441 1515 5520 \’i(lesis_'L11cian'um
1566 5441 1622 5499 in
1658 5443 1793 5499 dial.
1830 5452 2135 5520 Ἀνάχαρσις,

493 5522 527 5581 ἣ
555 5537 657 5585 οερι
683 5520 980 5585 γυμνασίων,
1012 5518 1066 5569 et
1096 5514 1259 5570 alios.

586 5584 678 5657 28)
705 5584 840 5657 Mss.
889 5602 1005 5657 non
1051 5587 1221 5657 pauci
1253 5590 1311 5642 et
1336 5591 1449 5644 vet.
1482 5587 1648 5657 edit.,
1679 5587 1740 5644 Si
1768 5588 1978 5644 radices
2003 5589 2134 5645 alat.

586 5585 656 5638 28
705 5584 840 5641 Mss.
889 5602 1005 5640 non
1051 5587 1221 5657 pauci
1253 5590 1311 5642 et
1336 5591 1449 5644 vet.
1482 5587 1648 5657 edit.,
1679 5587 1740 5644 Si
1768 5588 1978 5644 radices
2003 5589 2134 5645 alat.

564 5584 678 5738 2293
706 5655 845 5717 Mss.
904 5656 1147 5736 aliquot,
1196 5660 1444 5734 fructum
1485 5659 1607 5730 alit,
1641 5675 1934 5736 pomorum
1973 5662 2136 5723 semi-

2249 4608 2533 4666 exponere
2563 4590 2919 4647 diﬂ‘erentias
2941 4590 3217 4646 arborum
3247 4594 3304 4645 et
3331 4589 3578 4646 virtutes
3607 4589 3913 4659 radicum,

2246 4686 2304 4739 et
2334 4696 2695 4754 quaecunque
2725 4684 2863 4736 sunt
2887 4679 3231 4735 abscondita
3261 4682 3319 4734 et
3355 4678 3693 4750 improvisa,
3746 4678 3918 4735 sicut

2248 4770 2532 4843 scriptum
2564 4774 2655 4826 est
2685 4769 2834 4842 (Sap.
2866 4786 2968 4836 vn,
3001 4769 3091 4836 20,
3141 4767 3253 4836 24),
3287 4784 3413 4840 quae
3474 4783 3577 4823 nec
3625 4767 3755 4838 ipso
3813 4771 3915 4824 ta-

2248 4876 2381 4916 men
2415 4858 2787 4915 manifestata
2829 4858 3188 4931 produntur;
3222 4860 3289 4911 ut
3320 4854 3467 4910 mihi
3499 4854 3769 4913 videatur
3798 4870 3917 4926 po-

2244 4949 2428 5004 tuisse
2488 4963 2622 5003 eum
2682 4947 2981 5019 disputare
3012 4946 3083 5001 de
3139 4944 3531 5018 virgultorum
3584 4943 3918 5017 generibus

2246 5038 2342 5110 (III
2370 5038 2493 5109 Ri'g.
2527 5054 2604 5103 1v,
2637 5035 2749 5107 33),
2784 5051 2899 5091 non
2940 5034 3202 5107 potuisse
3250 5038 3448 5089 tamen
3495 5030 3726 5105 plenius
3779 5050 3920 5092 om-

2248 5142 2350 5182 nes
2381 5129 2661 5181 creaturae
2687 5123 2973 5197 explicare
3006 5122 3261 5179 rationes
3293 5122 3428 5193 (32).

2244 5251 2318 5290 na
2348 5248 2565 5303 augere,
2599 5236 2708 5287 etc.

2315 5297 2441 5376 (30)
2461 5297 2633 5359 Rom.
2693 5301 2854 5371 edit.,
2915 5310 2968 5358 et
3004 5300 3235 5374 lapideae
3289 5304 3513 5357 natura?
3567 5297 3918 5357 soliditatem

2245 5375 2511 5430 durescat.

2316 5447 2428 5518 (3t)
2486 5446 2636 5518 Edit.
2709 5449 2846 5514 vet.,
2922 5461 3045 5500 cum
3111 5446 3219 5518 isto
3288 5457 3535 5518 sermone
3616 5441 3915 5514 humano,-

2245 5515 2489 5574 ρωποι
2522 5516 2680 5583 Gill.,
2713 5518 3034 5582 humanum,
3067 5515 3252 5569 alatur
3279 5516 3582 5586 ingenium).

2319 5590 2436 5665 (32)
2467 5589 2553 5646 Ita
2581 5605 2724 5665 mss.
2758 5587 2955 5665 plures
2984 5590 3041 5644 et
3068 5584 3446 5665 poptiores.‘Ali_
3475 5584 3575 5657 qui
3607 5600 3748 5665 cum
3764 5585 3916 5665 edi-

2244 5657 2343 5739 tie,
2375 5657 2552 5734 arma,
2585 5660 2674 5721 vel
2727 5657 2925 5734 οῑηηίε,
2978 5657 3247 5723 secretum
3297 5661 3568 5720 creaturae
3618 5657 3916 5737 explicare
