4084 6188
399 299 534 360 199

1008 426 1242 483 CAPUT
1281 425 1452 482 XVII.

413 500 689 558 Surditate
748 499 980 555 humani
1036 499 1212 556 cordis
1268 501 1567 569 increpata,
1625 495 1900 550 mirabilis
1959 495 2056 569 Dei

477 572 822 645 providentia
877 574 935 626 in
971 572 1242 645 (minimis
1282 564 1644 645 declaratur;
1673 569 1942 645 praecipue
1990 564 2055 618 de

483 639 768 699 arboribus
825 643 1037 714 semper
1092 641 1389 714 virentibus
1433 649 1483 696 et
1523 641 1750 714 illarum
1797 639 2052 714 eti/feren-

483 718 594 784 tiis,
626 720 744 770 tum
772 715 838 770 de
860 709 1037 787 primo
1068 715 1195 768 vitis
1225 712 1446 778 cultore,
1479 728 1541 767 ac
1589 713 1709 765 vini
1755 726 1856 764 usu
1886 709 2052 763 disse-

515 789 648 843 itur.

483 805 648 844 mur.

481 878 569 932 70.
603 877 896 941 Germinet,
946 873 1155 944 inquit,
1207 881 1352 927 terra
1404 872 1628 926 herbam
1672 872 1957 936 virentem,
1999 872 2056 923 et

410 967 610 1024 statim
642 965 802 1020 omni
833 966 1106 1035 surgente
1136 962 1398 1033 germine
1425 965 1580 1016 terra
1610 958 1898 1030 completa
1944 961 2052 1012 est.

410 1057 478 1112 Et
506 1053 730 1110 homini
778 1053 992 1107 dicitur
1042 1068 1053 1105 :
1105 1051 1312 1119 Diliges
1343 1051 1633 1105 Dominum
1677 1050 1843 1103 Deum
1901 1054 2054 1102 tuum

410 1147 587 1217 (Deut.
620 1159 695 1209 vx,
728 1143 808 1212 5),
841 1145 896 1196 et
924 1158 1037 1196 non
1071 1144 1160 1194 est
1201 1139 1458 1194 charitas
1501 1139 1601 1194 Dei
1651 1137 1915 1193 omnium
1966 1135 2054 1190 in-

407 1234 538 1289 fusa
593 1230 935 1286 visceribus.
988 1229 1265 1284 Surdiora
1314 1229 1490 1284 corda
1538 1227 1843 1282 hominum
1895 1229 2051 1292 sunt,

407 1337 583 1394 quam
617 1321 763 1375 dura
793 1319 1282 1374 saxorum.Terra
1309 1316 1600 1372 indebitos
1632 1316 1855 1370 fructus
1886 1312 2054 1368 nobis

406 1409 721 1478 ministrat,
757 1409 898 1464 dum
931 1407 1288 1462 obseeundat
1341 1403 1563 1460 auctori
1598 1422 1610 1459 :
1645 1420 1751 1460 nos
1791 1403 2053 1458 debitum

407 1516 625 1556 munus
657 1513 964 1570 negamus,
997 1496 1138 1550 dum
1171 1511 1286 1549 non
1318 1510 1670 1549 veneramur
1699 1497 2015 1548 auctorem.

472 1589 562 1646 74.
598 1587 740 1642 Vide
770 1587 827 1641 in
861 1585 1052 1657 parvis
1083 1602 1208 1656 qum
1239 1583 1596 1655 providentia
1626 1583 1702 1638 sit
1731 1581 1852 1648 Dei,
1873 1585 1929 1636 et
1953 1581 2047 1636 6|

405 1679 543 1751 quia
581 1675 1070 1747 comprehendere
1120 1692 1234 1729 non
1282 1678 1466 1745 potes,
1502 1671 1714 1728 mirare
1761 1670 2053 1742 quomodo

403 1767 518 1823 alia
541 1781 774 1837 semper
805 1764 1068 1820 ﬂorentia
1101 1761 1499 1826 reservaverit,
1533 1760 1649 1816 alia
1700 1760 2054 1814 mutationes
2083 1792 2131 1858 B

403 1857 616 1912 habere
673 1853 920 1909 voluerit
977 1851 1436 1924 e_xspoliationis,
1489 1854 1545 1905 et
1587 1849 1855 1904 amictus.
1897 1847 2052 1903 Inter

403 1963 550 2002 cana
580 1945 826 2010 nivium,
860 1920 1102 2013 pruibas
1144 1940 1445 2012 frigorum,
1481 1938 1831 1994 viriditatem
1880 1953 2050 1992 suam

402 2052 538 2091 arva
563 2035 905 2089 conservant
938 2048 950 2085 :
987 2035 1044 2085 et
1073 2047 1207 2085 cum
1239 2029 1369 2100 ipsa
1395 2031 1547 2082 tecta
1589 2027 1710 2083 sint
1729 2025 1882 2099 gelu,
1919 2043 2048 2098 par-

402 2129 498 2178 tus
530 2123 621 2179 sui
651 2125 847 2178 tamen
896 2119 1052 2174 haud
1107 2119 1374 2190 exiguam
1430 2115 1682 2188 speciem
1738 2114 2052 2170 viriditatis

405 2213 702 2268 obtexunt.
737 2210 800 2265 In
832 2208 978 2280 ipsis
1009 2223 1240 2278 quoque
1266 2206 1578 2278 generibus
1607 2206 2051 2275 arborum,qu:e

403 2300 699 2357 diuturnis
775 2298 1080 2354 frondibus
1149 2296 1500 2362 vestiuntur,
1557 2311 1672 2350 non
1741 2293 2050 2349 mediocris

403 2389 683 2446 distantia
701 2389 1018 2444 est.Servat
1035 2385 1444 2439 indumentum
1464 2399 1638 2438 suum
1657 2399 1888 2454 semper
1903 2382 2047 2451 olea,

402 2477 489 2533 vel
520 2476 716 2548 pinus,
750 2475 850 2530 sed
887 2479 1079 2529 tamen
1109 2470 1245 2526 folia
1285 2487 1392 2526 sua
1439 2487 1590 2542 saepe
1645 2474 2047 2538 commutant;

403 2582 508 2623 nec
533 2581 602 2622 ea
631 2564 800 2636 quasi
833 2562 1131 2628 diuturna,
1163 2561 1262 2616 sed
1296 2560 1466 2630 quasi
1507 2559 1868 2616 succedanea
1905 2576 2048 2631 prte-

401 2656 651 2712 tendunt
679 2669 798 2709 suas
830 2650 1054 2706 arboris
1096 2649 1542 2722 pulchritudini,
1595 2649 1858 2721 perpetui
1902 2649 2047 2704 inte-

400 2743 609 2817 gritate
640 2742 885 2798 vestitus
914 2738 1038 2794 vice
1069 2739 1332 2794 muneris
1376 2738 1815 2793 obumbrantes.
1849 2737 2050 2794 Palma

401 2837 600 2888 autem
629 2831 823 2886 virens
855 2845 1086 2900 semper
1130 2832 1326 2883 manet
1357 2826 1794 2882 conservatione
1826 2831 1884 2881 et
1913 2827 2047 2882 diu-

399 2921 703 2985 turnitate,
745 2936 861 2974 non
918 2917 1330 2972 immutatione
1381 2913 1674 2970 foliorum.
1727 2915 1872 2970 Nam
1923 2933 2049 2988 quas

405 3009 594 3082 primo
625 3005 1039 3080 germinaverit
1070 3003 1301 3071 folia,ea
1323 3005 1449 3060 sine
1469 3003 1589 3060 ulla
1608 3004 2050 3061 substitutionis

404 3097 771 3154 successione
801 3098 1121 3150 conservat.
1157 3093 1390 3148 Imitare
1423 3109 1560 3165 ergo
1585 3109 1736 3159 eam,
1771 3110 1803 3148 ο
1851 3094 2046 3163 homo,

1867 291 1932 352 S.
1979 287 2357 352 AMBROSII

2083 421 2138 486 Α
2169 427 2224 477 et
2254 423 2516 480 ﬂorentia
2544 423 2754 480 merita
2779 423 3079 480 virtutum.
3117 423 3287 480 Mane
3328 438 3465 496 ergo
3515 423 3819 495 plantatus

3691 291 3820 354 200

2164 512 2222 566 in
2257 514 2429 570 domo
2462 513 2714 582 Domini,
2749 519 2814 569 ut
2841 515 2902 569 in
2933 514 3098 570 atriis
3133 515 3260 585 ejus
3291 513 3445 569 sicut
3473 513 3669 586 palma
3710 515 3817 571 ﬂo-

2163 618 2312 673 reas,
2345 607 2400 658 et
2431 604 2708 658 ascendat
2739 605 2798 658 in
2829 607 2884 659 te
2931 603 3118 676 gratia
3149 601 3436 670 Ecclesiaa,
3470 607 3528 658 et
3567 603 3646 660 sit
3675 603 3822 660 odor

2163 691 2395 747 narium
2425 695 2660 747 tuarum
2693 692 2845 748 sicut
2875 692 3054 758 mala,
3085 695 3141 748 et
3169 693 3364 748 fauces
3394 697 3507 747 tua:
3539 691 3692 748 sicut
3721 693 3818 747 vi-

2163 796 2304 834 num
2363 779 2650 852 optimum
2721 781 2901 851 (Cant.
2973 797 3073 850 vn,
3127 781 3204 848 9),
3265 784 3330 835 ut
3386 779 3695 837 inebrieris
3756 781 3815 836 in

2162 868 2414 924 Christo.

2231 959 2321 1011 72.
2355 961 2504 1012 Bene
2535 957 2840 1012 admonuit
2871 958 2980 1013 iste
3009 958 3334 1014 versiculus
3366 961 3624 1030 repetere
3667 976 3817 1031 pene

2165 1045 2588 1112 intermissum,
2625 1046 2764 1118 quia
2794 1047 3049 1102 diximus
3094 1033 3378 1119 pitecepto
3422 1048 3522 1103 02
3574 1047 3814 1103 Domini

2162 1133 2337 1189 vitem
2368 1135 2541 1190 etiam
2574 1133 3100 1206 pullulasse,quam
3132 1140 3332 1208 postea
3363 1139 3496 1208 post
3525 1135 3814 1193 diluvium

2164 1240 2197 1277 a
2254 1223 2372 1278 Noe
2429 1222 2751 1294 plantatam
2810 1240 2938 1279 esse
2994 1225 3374 1296 cognovimus
3403 1224 3559 1293 (Gen.
3589 1242 3665 1293 ix,
3696 1225 3811 1296 20).

2164 1313 2257 1367 Sic
2288 1313 2442 1368 enim
2477 1312 2676 1379 babes,
2710 1313 2847 1385 quia
2875 1314 2994 1369 Noe
3041 1313 3298 1386 agricola
3345 1318 3470 1370 erat
3517 1318 3706 1382 terras,
3757 1320 3816 1372 et

2163 1399 2450 1472 plantavit
2489 1401 2686 1470 vitem,
2718 1406 2774 1456 et
2822 1401 2970 1457 bibit
3012 1403 3082 1458 de
3130 1403 3262 1457 vino
3319 1403 3467 1473 ejus,
3501 1408 3556 1458 et
3598 1405 3810 1460 obdor-

2163 1490 2346 1546 mivit.
2381 1490 2506 1545 Non
2539 1507 2674 1563 ergo
2703 1489 2820 1546 Noe
2871 1495 3073 1547 auctor
3124 1496 3213 1547 est
3255 1491 3412 1559 vitis,
3445 1493 3546 1548 sed
3578 1492 3809 1565 planta-

2162 1579 2358 1635 tionis.
2393 1580 2587 1651 Neque
2618 1579 2774 1635 enim
2807 1579 2918 1635 nisi
2951 1596 3079 1636 eam
3111 1581 3422 1653 reperisset
3453 1585 3588 1638 ante
3635 1598 3811 1655 gene~

2162 1672 2372 1734 ratam,
2404 1669 2665 1740 plantare
2692 1668 2992 1740 potuisset.
3026 1669 3228 1726 Cultor
3257 1686 3414 1742 ergo,
3448 1688 3564 1727 non
3608 1677 3814 1729 auctor

2162 1761 2251 1813 est
2279 1757 2506 1812 vitium.
2541 1757 2696 1814 Deus
2725 1762 2918 1814 autem
2951 1759 3050 1830 qui
3083 1759 3258 1815 sciret
3287 1760 3442 1831 quod
3471 1759 3676 1816 vinum
3715 1779 3810 1818 so-

2162 1847 2284 1902 brie
2315 1850 2574 1918 potatum
2604 1848 2913 1902 sanitatem
2946 1848 3381 1920 daret,augeret
3410 1849 3808 1920 prudentiam,

2161 1936 2472 1991 immodice
2490 1939 2794 2007 sumptum
2812 1937 2885 1991 ad
2907 1936 3045 1992 vitia
3061 1953 3272 1993 causas
3290 1938 3809 2008 daret,creaturam

2160 2025 2341 2090 dedit,
2384 2025 2806 2080 abundantiam
2857 2025 3115 2081 humano
3171 2025 3411 2082 arbitrio
3460 2029 3806 2096 reservavit;

2161 2119 2224 2169 ut
2274 2114 2635 2185 parcimonia
2665 2118 2884 2170 naturae
2928 2120 3084 2171 esset
3131 2116 3533 2188 magisterium
3587 2117 3806 2173 sobrie-

2159 2204 2320 2272 tatis,
2355 2203 2722 2258 abundantiae
2771 2205 3003 2260 noxiam
3052 2204 3401 2277 lapsumque
3448 2205 3805 2262 temulentis

2159 2292 2268 2350 sibi
2302 2293 2620 2349 ascriberet
2668 2293 2926 2350 humana
2973 2294 3246 2350 conditio.
3280 2293 3542 2367 Denique
3588 2299 3643 2350 et
3679 2295 3809 2368 ipse

2159 2381 2480 2438 inebriatus
2513 2386 2604 2438 est
2631 2382 2834 2450 Noe,et
2859 2382 3210 2438 obdormivit
3230 2384 3569 2456 consopitus
3595 2400 3629 2440 a
3648 2383 3805 2440 vino.

2158 2473 2358 2543 Itaque
2385 2487 2486 2543 per
2513 2471 2714 2527 vinum
2747 2472 2935 2544 patuit
2966 2471 3321 2529 deformitati
3368 2474 3468 2544 qui
3521 2490 3625 2546 per
3652 2473 3808 2530 dilu-

2156 2561 2316 2616 vium
2347 2561 2590 2616 excrevil
2623 2562 2692 2616 ad
2723 2561 2970 2632 gloriam
3007 2579 3019 2616 :
3055 2563 3157 2618 sed
3197 2561 3482 2618 Dominus
3529 2569 3585 2619 et
3625 2563 3685 2617 in
3737 2579 3808 2619 eo

2159 2655 2437 2706 creaturas
2467 2667 2585 2706 sua
2613 2650 2859 2722 gratiam
2891 2651 3224 2718 reservavit,
3259 2656 3324 2706 ut
3368 2652 3492 2722 ejus
3543 2651 3809 2706 fructum

2161 2739 2328 2796 nobis
2377 2743 2734 2795 converteret
2785 2741 2856 2796 ad
2907 2739 3179 2807 salutem,
3215 2757 3280 2796 ac
3311 2756 3412 2812 per
3452 2756 3585 2797 eum
3633 2740 3812 2796 nobis

2160 2828 2422 2885 remissio
2470 2832 2841 2900 peccatorum
2892 2829 3240 2901 proveniret.
3295 2828 3458 2885 Unde
3503 2829 3596 2901 pie
3645 2829 3811 2885 Isaac

2159 2919 2305 2974 dixit
2338 2935 2353 2974 :
2385 2917 2540 2973 Odor
2585 2918 2786 2984 Jocob,
2837 2919 2980 2974 odor
3029 2918 3152 2991 agri
3202 2918 3380 2990 pleni,
3413 2919 3471 2973 id
3503 2923 3594 2974 est
3633 2922 3806 2974 natu-

2159 3006 2297 3063 ralis
2327 3007 2470 3062 odor
2500 3007 2658 3078 (Gen.
2688 3023 2863 3074 xxvn,
2895 3007 3006 3079 27).
3041 3007 3187 3073 Quid
3239 3007 3394 3063 enim
3447 3006 3620 3079 pleno
3669 3022 3808 3063 rure

2162 3095 2439 3152 suavius?
2485 3095 2633 3160 Quid
2680 3095 2815 3150 vitis
2861 3096 3035 3152 odore
3075 3096 3440 3167 jucundius?
3474 3095 3621 3160 Quid
3661 3097 3808 3152 faba

404 3191 470 3242 ut
500 3186 728 3241 dicatur
757 3188 814 3239 et
845 3184 948 3238 tibi
983 3202 995 3239 :
1031 3184 1252 3238 Statura
1279 3185 1373 3236 tua
1421 3161 1622 3237 similis
1662 3185 1811 3252 facta
1831 3186 1907 3239 est
1922 3161 2048 3254 put?
2081 3161 2125 3230 (οἶ
2163 3185 2304 3240 ﬂore
2347 3183 2611 3257 gratius?
2643 3183 2805 3240 Unde
2839 3161 3105 3256 quamvis
3153 3184 3453 3256 ingeniose
3498 3185 3633 3257 quis
3673 3189 3811 3241 ante

400 3291 504 3332 mw
531 3274 709 3346 (Cant.
739 3291 837 3340 vn,
871 3274 943 3342 7).
987 3273 1162 3327 Serva
1203 3270 1556 3327 viriditatem
1605 3272 1863 3343 pueritiae
1911 3278 2045 3340 tuae,

403 3369 460 3422 et
490 3364 650 3418 illius
683 3362 1025 3417 innocentiae
1073 3359 1358 3415 naturalis
1407 3376 1586 3432 quam
1635 3377 1668 3415 a
1729 3362 2048 3432 primordio

404 3451 694 3524 recepisti,
727 3456 811 3519 ut,
846 3450 1142 3521 plantatus
1186 3466 1354 3504 secus
1403 3449 1687 3505 decursus
1736 3467 2048 3521 aquarum,

402 3542 658 3596 fructum
693 3543 859 3594 tuum
893 3539 950 3592 in
982 3543 1242 3609 tempore
1266 3542 1366 3592 tuo
1389 3537 1606 3594 habeas
1637 3544 2046 3611 praeparatum,

404 3634 461 3686 et
491 3629 694 3685 folium
725 3632 892 3684 tuum
927 3644 1041 3682 non
1072 3627 1310 3682 deﬂuat.
1340 3631 1500 3682 Hanc
1529 3627 1884 3684 viriditatem
1918 3645 2049 3700 gra-

405 3719 495 3774 tias
541 3734 772 3790 semper
823 3717 1081 3773 ﬂorentis
1139 3716 1197 3770 in
1257 3715 1486 3771 Christo
1543 3722 1743 3772 secuta
1801 3717 2052 3774 Ecclesia

405 3808 546 3864 dicit
580 3825 592 3863 :
625 3809 687 3863 In
716 3807 911 3862 umbra
942 3807 1056 3878 ejus
1087 3807 1392 3876 concupivi,
1424 3809 1475 3860 et
1503 3805 1616 3861 sedi
1665 3807 1843 3876 (Cant.
1879 3823 1939 3876 II,
1970 3807 2048 3878 3).

405 3898 562 3954 Hanc
607 3895 1042 3969 praerogativam
1102 3894 1237 3949 doni
1295 3893 1535 3948 virentis
1593 3899 1944 3966 acceperunt
1997 3900 2056 3952 et

405 3984 673 4058 apostoli,
707 4001 958 4056 quorum
993 4001 1098 4039 nec
1128 3982 1331 4038 folium
1360 3999 1622 4054 unquam
1654 3983 1842 4054 potuit
1880 3984 2050 4052 elabi,

406 4080 470 4130 ut
507 4091 711 4131 eorum
765 4073 941 4128 etiam
990 4072 1202 4127 umbra
1250 4074 1483 4126 curaret
1531 4077 1793 4143 aegrotos.
1837 4071 2054 4129 Obum-

405 4165 535 4220 brat
585 4162 742 4218 enim
789 4161 1162 4216 infirmitates
1195 4160 1306 4231 (41)
1352 4159 1611 4231 corporis
1641 4161 1785 4218 ﬁdes
1814 4163 2050 4231 mentis,

2158 3290 2265 3329 nos
2297 3273 2508 3328 dixerit
2532 3291 2544 3328 :
2569 3273 2692 3328 Non
2712 3273 2886 3328 vitem
2913 3277 3014 3328 aut
3036 3274 3212 3329 ficum
3245 3273 3581 3345 patriarcha
3615 3273 3815 3330 olebat

2159 3367 2261 3418 aut
2318 3363 2567 3434 frugem,
2597 3362 2696 3417 sed
2744 3362 3027 3418 virtutum
3075 3362 3338 3433 spirabat
3392 3363 3662 3434 gratiam,
3695 3377 3812 3434 ego

2157 3455 2354 3507 tamen
2409 3455 2467 3506 et
2525 3451 2762 3507 odorem
2821 3451 3018 3522 ipsum
3061 3455 3226 3506 terrai
3261 3451 3587 3523 simplicem
3625 3455 3808 3524 atque

2159 3541 2449 3597 sincerum
2482 3556 2585 3612 pro
2615 3539 2800 3612 gratia
2831 3540 3255 3596 benedictionis
3284 3540 3586 3613 accipiam,
3633 3557 3814 3612 quem

2159 3631 2319 3685 fraus
2351 3628 2511 3685 nulla
2545 3629 2890 3700 composuit,
2915 3630 3016 3684 sed
3047 3629 3260 3685 veritas
3290 3629 3664 3703 indulgentiae
3695 3646 3815 3686 cm-

2162 3719 2327 3775 lestis
2376 3719 2608 3773 infudit.
2666 3719 2925 3790 Denique
2954 3718 3106 3773 inter
3135 3718 3568 3774 benedictiones
3615 3735 3815 3775 sacra-

2160 3807 2423 3864 tissimas
2453 3811 2845 3879 computatur,
2879 3811 2943 3862 ut
2974 3807 3195 3862 tribuat
3242 3808 3410 3863 nobis
3457 3807 3744 3864 Dominus
3778 3824 3816 3865 a

2163 3913 2290 3953 rore
2338 3895 2464 3952 cceli
2513 3895 2628 3950 vim
2683 3894 2821 3962 vini,
2855 3893 2965 3950 olei
3020 3899 3195 3966 atque
3242 3896 3518 3952 frumenti
3551 3913 3564 3951 :
3597 3897 3691 3952 cui
3721 3901 3816 3953 est

2162 3986 2369 4054 honor,
2410 3983 2562 4050 laus,
2611 3987 2669 4039 et
2723 3983 2926 4056 gloria,
2961 3985 3316 4056 perpetuitas
3376 4003 3409 4040 a
3462 3984 3711 4052 saeculis,
3754 3989 3817 4041 et

2165 4091 2322 4130 nunc
2352 4078 2409 4129 et
2439 4089 2689 4146 semper,
2723 4077 2780 4129 et
2827 4072 2887 4128 in
2938 4073 3136 4130 omnia
3175 4073 3386 4130 saecula
3434 4073 3808 4131 saeculorum.

2163 4166 2367 4219 Amen.

473 4281 586 4350 (41)
617 4277 832 4333 Omnes
863 4277 965 4331 dit.
999 4280 1054 4331 et
1086 4292 1229 4330 mss.
1265 4274 1486 4346 aliquot
1516 4276 1804 4349 sequioris
1827 4281 1996 4346 notae,
2057 4277 2422 4338 Obumbrabat
2446 4279 2594 4334 enim
2619 4278 2953 4350 inﬁrmitati.

1629 4523 1953 4608 LIBER
2009 4523 2593 4635 QUARTUS.

1482 4672 1603 4732 DE
1665 4675 1996 4737 OPERE
2055 4675 2438 4746 QUARTI
2497 4673 2731 4734 DIEI.

741 4909 972 4967 CAPUT
1014 4908 1302 4965 PRIMUM
1344 4909 1567 4980 (Sermo
1599 4910 1718 4981 v1.)

407 5004 681 5056 Lectorem
709 5003 869 5071 parat
901 5001 969 5054 ad
1009 5000 1345 5055 creationem
1391 5000 1521 5054 solis
1559 5002 1702 5054 recte
1743 5001 2054 5071 intelligen-

475 5073 623 5144 dam,
681 5071 1169 5144 dectinandamque
1237 5073 1292 5124 in
1333 5085 1392 5125 eo
1456 5071 1884 5131 idolomaniam:
1945 5088 2052 5144 qua

477 5142 542 5196 de
571 5158 628 5195 re
657 5143 894 5212 ejusdem
921 5159 1046 5197 cum
1074 5147 1292 5197 auctore
1320 5157 1416 5195 suo
1445 5145 1906 5213 comparationem
1936 5142 2050 5196 ins-

480 5214 652 5285 tituit,
682 5223 731 5285 et
761 5213 1005 5268 ordinem
1039 5230 1141 5284 quo
1172 5216 1317 5268 inter
1346 5214 1458 5267 alia
1488 5218 1702 5268 creatus
1731 5223 1826 5279 est,
1858 5228 2054 5285 emperi-

479 5283 579 5347 dit,
610 5283 849 5354 subjecta
879 5283 1115 5355 etegahti
1141 5291 1311 5340 terra?
1326 5288 1722 5356 prosapopaeia.

488 5373 532 5423 ι.
567 5371 672 5434 Qui
704 5371 1056 5428 vindemiam
1087 5372 1328 5446 colligit,
1360 5389 1499 5428 vasa
1526 5374 1690 5445 prius
1723 5373 1936 5444 quibus
1966 5372 2055 5427 vi-

483 5511 774 5636 (422uEdit.
809 5517 1094 5581 omnes,et
1125 5532 1267 5572 mss.
1301 5515 1542 5588 aliquot,
1576 5514 1811 5588 partim,
1841 5531 1911 5568 ne
1938 5529 2056 5569 sor-

483 5599 498 5636 s
529 5599 562 5636 a
589 5597 801 5636 muas...
835 5585 1167 5636 decolorent:
1202 5591 1433 5636 nartim.
1465 5603 1535 5636 ne
1579 5587 1759 5636 sordes
1797 5586 2054 5636 aliena...

409 5582 498 5660 des
529 5582 801 5660 aliquae,”
835 5585 1167 5653 decolorent;
1201 5582 1434 5660 partim,
1465 5582 1535 5642 ne
1578 5582 1774 5660 sordes
1797 5586 2054 5659 aliqua...

410 5654 692 5715 decolorat.
728 5654 958 5714 Decem.
993 5672 1136 5715 mss.
1164 5654 1426 5732 probatae
1450 5658 1833 5734 auctoritatis,
1857 5654 1924 5720 ne
1942 5673 2058 5720 sors

2082 4915 2130 4978 D
2165 4929 2307 4968 num
2338 4911 2694 4980 infunditur,
2725 4912 3011 4968 mundare
3059 4911 3375 4979 consuevit,
3409 4926 3481 4966 ne
3527 4925 3656 4965 sors
3705 4908 3824 4964 ali-

2165 5018 2281 5072 qua
2312 5001 2422 5071 (42)
2453 5001 2569 5056 vini
2601 5001 2847 5073 gratiam
2875 5000 3182 5057 decoloret.
3209 5001 3355 5065 Quid
3387 5000 3544 5055 enim
3574 4997 3825 5071 prodest

2161 5107 2374 5161 ponere
2405 5091 2580 5145 vitem
2612 5091 2833 5158 ordine,
2868 5090 3061 5146 fodere
3091 5089 3428 5162 quotannis,
3461 5092 3563 5144 aut
3601 5086 3823 5143 aratris

2161 5177 2353 5232 sulcos
2385 5178 3231 5250 ducere,putare,subrigere,si
3262 5179 3584 5249 adjungere
3608 5173 3819 5243 ulmis,

2161 5270 2218 5321 et
2248 5266 2500 5336 quodam
2533 5267 2823 5322 connubio
2855 5266 3147 5338 copulare,
3172 5267 3220 5322 si
3251 5272 3412 5321 tanto
3453 5265 3649 5320 labore
3676 5263 3824 5319 vina

2163 5354 2406 5426 quaesita
2464 5354 2523 5410 in
2581 5371 2716 5412 vase
2775 5355 3155 5412 coacescant‘?
3212 5355 3528 5412 Matutinos
3581 5367 3822 5424 quoque

2165 5515 2374 5587 aliqua,
2407 5519 2513 5571 etc.
2549 5515 2708 5587 Bona
2745 5514 2935 5581 lectio,
2966 5516 3136 5587 cujus
3186 5515 3472 5587 rationem
3520 5510 3822 5587 intelliges

2166 5602 2196 5646 θ
2223 5582 2422 5646 Franc.
2458 5586 2677 5646 Sanctii
2704 5587 2962 5645 Minerva
2991 5582 3059 5644 de
3089 5602 3212 5646 voc.
3245 5586 3508 5658 homon.,
3540 5582 3815 5660 pag.408.
