4158 6168
261 292 404 355 εθιδ

1554 293 2132 358 HEXAEMERON'
2157 300 2314 363 LIB.
2361 301 2471 362 IV.

263 422 420 524 solis
453 425 627 480 ortus
686 421 740 479 si
797 423 954 524 quis;
984 425 1242 524 spectare
1302 422 1622 524 desiderat,
1666 428 1957 484 smundat
1987 428 2045 496 Α
2078 429 2254 524 illum
2280 436 2439 524 terra
2460 432 2778 524 abscondit
2802 454 2816 505 ;
2837 436 3010 496 istius
3028 448 3255 503 motum
3278 464 3392 505 non
3418 457 3607 524 potest
3622 473 3749 514 sus‘

263 512 486 570 oculos
501 529 648 570 suos
673 529 686 570 :
715 529 786 569 ne
817 514 957 586 quid
979 513 1253 586 pulveris,
1303 531 1376 569 ne
1407 514 1553 586 quid
1583 533 1954 589 purgamen-

263 608 470 660 torum
493 601 690 659 oculis
710 603 840 674 ejus
860 603 1073 660 insidat
1094 603 1227 674 (43),
1253 621 1371 675 quo
1387 605 1617 661 tuentis
1643 606 1962 660 hebetetur

263 694 562 760 obtutus;
599 708 746 748 neve
805 692 999 765 aliqua
1049 692 1231 764 caligo
1292 692 1589 750 nebulosa
1639 709 1962 765 corporeos

260 783 439 841 visus
488 782 819 855 spectantis
869 783 1132 839 obducat.
1183 781 1362 837 Nobis
1415 783 1477 836 in
1529 782 1790 839 lectione
1822 797 1962 836 exo-

261 871 520 928 riendus
571 875 665 927 est
695 871 805 939 sol,
839 871 938 942 qui
969 875 1098 926 ante
1138 887 1253 926 non
1288 871 1486 927 fuerit.
1525 872 1806 928 Primum
1829 869 1964 940 jam

263 961 436 1018 diem
469 961 600 1016 sine
632 960 758 1016 sole
804 959 1174 1016 transivimus
1217 976 1231 1015 :
1281 961 1622 1017 secundum
1669 961 1808 1016 sine
1838 958 1965 1016 sole

264 1050 719 1123 transegimus:
755 1051 989 1105 tertium
1011 1049 1132 1104 sine
1153 1048 1274 1105 sole
1291 1050 1668 1106 confecimus
1698 1067 1711 1104 :
1743 1052 1964 1120 quarto

265 1139 367 1195 die
383 1141 558 1211 jubet
587 1139 748 1196 Deus
801 1138 924 1193 ﬁeri
956 1138 1264 1194 luminaria
1289 1138 1506 1205 solem,
1543 1145 1605 1194 et
1634 1139 1868 1205 lunam,
1903 1143 1962 1194 et

262 1228 499 1285 stellas.
527 1227 630 1284 Sol
650 1227 854 1300 incipit
877 1245 890 1295 ;
914 1227 1164 1283 emunda
1194 1227 1396 1282 oculos
1411 1229 1660 1295 mentis,
1685 1244 1719 1283 ο
1754 1225 1956 1296 homo,

262 1317 586 1390 animique
645 1316 946 1373 interiores
977 1317 1231 1386 obtutus,
1289 1331 1364 1372 ne
1396 1333 1524 1388 qua
1557 1316 1791 1374 festuca
1822 1333 1956 1389 pec-

261 1409 382 1466 cati
418 1406 615 1464 aciem
652 1406 737 1461 tui
786 1406 1147 1477 praestringat
1201 1405 1449 1477 ingenii,
1502 1410 1564 1461 et
1593 1406 1726 1476 puri
1759 1407 1958 1464 cordis

261 1486 474 1554 turbet
504 1499 836 1568 aspectum.
873 1494 1128 1550 Emunda
1173 1510 1403 1562 aurem,
1449 1499 1519 1548 ut
1551 1511 1690 1550 vase
1721 1494 1950 1552 sincero

264 1587 599 1659 Scriptura
633 1583 840 1638 divina
870 1582 1050 1638 nitida
1096 1582 1317 1638 ﬂuenta
1368 1583 1696 1654 suscipias,
1729 1599 1801 1638 ne
1832 1601 1952 1656 qua

263 1675 654 1749 ingrediatur
703 1671 979 1744 contagio.
1031 1671 1296 1728 Procedit
1345 1671 1436 1727 sol
1489 1688 1710 1744 magno
1735 1673 1948 1742 jubere

2077 519 2288 588 tinere,
2324 523 2439 579 nisi
2473 522 2802 582 voluntatis
2833 528 2961 598 ejus
2992 519 3648 602 substantia'fulciatur.
3686 548 3746 603 Si

2079 624 2231 666 caeco
2266 613 2560 667 damnum
2601 617 2691 668 est
2711 613 2892 686 hujus
2921 618 3064 676 solis
3095 626 3490 696 gratiam‘fnon
3511 633 3742 705 videre;

2081 703 2301 768 quanto
2334 701 2529 773 magis
2555 705 2846 774 peccatori
2875 706 3181 778 damnum,
3210 717 3326 772 veri
3354 717 3595 778 luminis
3617 701 3745 780 mu.

2083 801 2217 842 nere
2243 788 2707 930 ?dcfraudatum,
2737 799 3239 865 perpetuaeﬁuoctis
3262 809 3531 866 tenebras
3565 813 3741 869 susti-

2083 891 2214 930 nere

2081 891 2214 931 nere

2148 964 2200 1064 ξ.
2237 967 2384 1064 {Ergo
2416 985 2556 1064 cum
2581 1061 2587 1064 Δ
2614 969 2778 1064 vides
2827 972 3035 1064 solem,
3077 982 3309 1038 attende
3339 989 3575 1059 terram,
3610 1007 3738 1064 qua

2076 1057 2210 1146 ante
2231 1053 2479 1146 fundata
2502 1061 2596 1146 est
2621 1074 2634 1112 :
2663 1059 2895 1115 attende
2917 1060 3156 1121 herbam
3180 1068 3316 1138 feni,
3352 1089 3478 1144 quas
3501 1053 3739 1146 prestat

2073 1141 2294 1234 ordinis
2333 1145 2702 1234 privilegio:
2765 1150 2999 1205 attende
3045 1151 3221 1226 ligna,
3273 1141 3400 1230 quae
3445 1141 3738 1234 plaudunt

2071 1231 2224 1300 quod
2256 1232 2453 1303 priora
2514 1235 2858 1292 luminibus
2888 1239 3014 1294 cceli
3045 1257 3170 1300 esse
3199 1231 3515 1318 coeperunt.
3547 1253 3733 1311 Numa

2067 1318 2206 1415 quid
2237 1322 2444 1415 merita
2471 1324 2594 1380 feni
2625 1325 2853 1415 majora
2875 1344 3052 1398 quam
3084 1332 3223 1390 solis
3247 1337 3275 1391 ?
3301 1340 3417 1394 Aut
3436 1344 3732 1415 numquid

2067 1409 2254 1477 potior
2285 1410 2430 1482 ligni
2452 1413 2884 1484 praerogativa?
2899 1418 3064 1474 Absit
3084 1427 3147 1476 ut
3165 1423 3222 1478 in
3247 1428 3552 1487 sensibilis
3573 1409 3733 1490 tanti

2062 1498 2325 1591 muneris
2356 1504 2751 1591 praaferamus
2805 1504 3095 1563 ministro.
3129 1511 3726 1591 Quid}igitur,'pr&vi-

2060 1583 2150 1677 dit
2179 1585 2422 1677 altitudo
2453 1590 2767 1662 sapientiae
2800 1596 2857 1646 et
2889 1595 3144 1653 scientia:
3175 1583 3298 1670 Dei,
3333 1583 3407 1660 ut
3433 1583 3599 1677 prius
3627 1611 3726 1671 in-

2061 1673 2320 1744 ciperent
2350 1676 2510 1749 ligna
2539 1696 2694 1745 esse,
2731 1697 2909 1751 quam
2943 1683 3042 1741 illa
3079 1689 3194 1744 duo
3224 1673 3724 1759 mundi—lumina-

264 1767 454 1830 diem,
491 1779 712 1835 magno
742 1761 1018 1816 mundum
1040 1760 1342 1832 complens
1365 1759 1629 1825 lumine,
1655 1777 1945 1834 vaporans
1974 1793 2028 1859 B
2062 1761 2169 1828 ria,
2202 1768 2260 1818 et
2291 1766 2532 1836 quidam
2588 1767 2853 1826 cmlestis
2901 1773 3051 1828 oculi
3083 1775 3476 1840 ﬁrmamenti:
3512 1786 3626 1844 nisi
3657 1796 3724 1847 ut

263 1854 486 1911 calore.
524 1852 696 1918 Cave,
729 1867 762 1906 ο
791 1849 978 1916 homo,
1027 1849 1211 1905 solam
1241 1851 1378 1922 ejus
1421 1851 1789 1922 perpendere
1820 1867 1944 1906 ma-

265 1942 689 2018 gnitudinem;
713 1955 786 1994 ne
801 1938 1012 1995 nimius
1033 1938 1224 2012 fulgor
1253 1941 1388 2010 ejus
1409 1939 1707 1995 visustuie
1730 1939 1945 1996 mentis

266 2035 566 2090 obcacet:
596 2034 664 2084 ut
683 2027 783 2100 qui
807 2044 835 2084 θ
885 2028 1111 2099 regione
1140 2028 1202 2084 in
1225 2029 1468 2084 radium
1516 2027 1646 2098 ejus
1667 2027 1940 2098 intendit,

266 2135 628 2194 repercusso
657 2116 875 2172 lumine
891 2133 1117 2174 omnem
1137 2117 1335 2174 subito
1359 2116 1584 2172 amittit
1602 2121 1939 2188 aspectum;

270 2228 340 2268 ac
372 2209 492 2266 nisi
523 2208 586 2264 in
617 2211 849 2261 caeteras
879 2211 1066 2277 partes
1121 2205 1352 2261 vultum
1409 2221 1590 2260 suum
1623 2205 1941 2278 oculosque

270 2301 601 2364 convertat,
634 2295 878 2350 aestimat
931 2311 990 2350 se
1022 2294 1165 2350 nihil
1217 2295 1444 2360 videre,
1477 2297 1535 2348 et
1572 2294 1773 2348 tuendi
1807 2310 1938 2349 mu-

273 2404 425 2443 nere
445 2401 575 2442 esse
597 2383 922 2439 fraudatum
946 2399 958 2436 :
985 2383 1032 2438 si
1063 2400 1195 2439 vero
1219 2385 1322 2439 63
1348 2382 1933 2453 deﬂectatobtutum,

273 2477 582 2546 integrum
614 2471 720 2527 sibi
775 2471 1025 2527 ofﬁcium
1075 2478 1434 2544 perseverat.
1471 2471 1621 2526 Cave
1652 2470 1834 2543 igitur
1862 2490 1936 2530 ne

269 2571 333 2638 et
365 2569 538 2620 tuum
570 2561 766 2616 radius
805 2561 929 2632 ejus
957 2561 1219 2617 exoriens
1239 2560 1572 2617 confundat
1603 2565 1930 2632 aspectum.

268 2656 344 2711 Et
377 2655 510 2710 ideo
546 2650 709 2724 prius
751 2649 1179 2707 ﬁrmamentum
1211 2650 1342 2706 coeli
1375 2648 1595 2720 aspice,
1621 2650 1775 2720 quod
1796 2656 1931 2709 ante

270 2742 464 2800 solem
497 2741 717 2796 factum
741 2743 830 2794 est
862 2757 874 2794 :
909 2744 1118 2794 terram
1171 2741 1396 2811 aspice,
1452 2755 1580 2810 quae
1613 2742 1926 2811 antequam

270 2831 362 2888 sol
397 2829 754 2904 procederet,
775 2829 1077 2900 cmpitesse
1096 2827 1347 2884 visibilis
1366 2831 1545 2898 atque
1566 2829 1925 2900 composita:

268 2920 550 2995 germina
594 2918 722 2988 ejus
751 2916 936 2989 aspice
975 2917 1264 2974 anteriora
1295 2916 1442 2972 solis
1477 2915 1718 2971 lumine.
1750 2919 1927 2975 Ante-

271 3010 393 3066 rior
417 3006 685 3063 bruchus
719 3007 828 3076 (44)
857 3022 1031 3078 quam
1063 3005 1170 3075 sol,
1205 3004 1509 3077 antiquior
1538 3005 1719 3060 herba
1748 3023 1929 3079 quam

270 3098 439 3154 luna.
473 3094 608 3151 Noli
638 3109 771 3166 ergo
799 3094 977 3151 Deum
1010 3096 1262 3164 credere,
1297 3095 1393 3149 cui
1444 3093 1606 3148 vides
1665 3093 1764 3150 Dei
1798 3113 1929 3152 mu-

2067 1860 2486 1923 cognoscerent
2542 1874 2755 1914 omnes
2817 1860 3022 1918 divinae
3070 1868 3731 1942 testimonioalectionis

2064 1944 2281 2041 terram
2314 1942 2440 2041 sine
2486 1945 2608 2041 sole
2663 1965 2840 2018 posse
2877 1967 3004 2008 esse
3031 1954 3341 2016 fecundam
3356 1961 3562 2034 ?,Nam
3591 1983 3732 2041 quis:

2059 2031 2252 2101 potuit
2281 2031 2408 2087 sine
2439 2032 2559 2089 sole
2589 2037 2792 2107 prima
2848 2057 3041 2098 rerum
3099 2048 3325 2108 semina
3365 2031 3720 2131 germina-re,

2058 2123 2258 2221 potest.
2280 2121 2481 2221 utique
2521 2125 2758 2221 semina
2809 2133 3325 2208 accepta'nutrire,
3357 2121 3434 2214 [et
3462 2121 3728 2221 {proprio-

2056 2209 2178 2263 fotu
2210 2208 2339 2264 sine
2361 2209 2551 2266 calore
2581 2213 2728 2268 solis
2761 2222 2968 2287 partus
2997 2223 3186 2281 edere.

2125 2299 2177 2352 4.
2207 2298 2326 2353 Hac
2350 2298 2530 2369 igitur
2548 2316 2688 2358 voce
2717 2307 2976 2375 quadam
3000 2329 3241 2371 suorum
3256 2335 3569 2382 munerum
3591 2327 3714 2385 cla-'-

2053 2392 2177 2441 mat
2203 2391 2458 2487 natura:
2519 2389 2720 2491 bonus
2785 2397 3023 2467 quidem
3083 2404 3189 2474 sol,
3223 2409 3324 2464 sed
3356 2413 3728 2491 ministerio,

2050 2491 2166 2531 non
2201 2476 2711 2573 imperim-bonus
2744 2500 2888 2541 meae
2913 2488 3288 2554 fecunditatis
3315 2501 3568 2573 adjutor,
3603 2476 3732 2565 sedi

2047 2581 2161 2621 non
2191 2569 2448 2632 creator;
2502 2567 2696 2625 bonus
2745 2589 3006 2634 meorum
3064 2567 3580 2661 altor;fructum,;‘.
3601 2597 3728 2653 sed'

2043 2671 2158 2750 non
2191 2659 2414 2750 auctor.
2443 2655 2747 2750 Interdum
2780 2671 2985 2733 partus
3017 2687 3179 2728 meos
3223 2680 3278 2730 et
3305 2677 3431 2750 ipse
3461 2655 3693 2741 adurit:

2007 2740 2384 2843 frequenter
2409 2743 2554 2843 mihi
2585 2747 2822 2843 etnipse
2853 2756 3065 2814 damno
3118 2767 3225 2830 est,
3274 2740 3572 2843 plerisque
3601 2740 3696 2831 me
3722 2792 3727 2810 -.

2038 2833 2182 2930 locis
2226 2833 2551 2931 indotatam
2585 2835 2896 2931 relinquit.
2952 2845 3076 2904 Non
3121 2867 3254 2910 sum
3274 2833 3530 2931 ingrata
3560 2876 3698 2919 con-

2041 2928 2230 2989 servo,
2266 2921 2412 2976 mihi
2461 2927 2552 2977 est
2581 2923 2638 2978 in
2674 2943 2853 2987 usum
2885 2934 3077 3008 datus,
3115 2921 3484 3005 mecumv04
3512 2948 3698 3008 labori

2040 3015 2129 3067 est
2161 3011 2814 3110 mancipatum-mecum
2841 3023 3142 3096 subjectus
3172 3036 3263 3088 est
3290 3037 3556 3110 vanitati,
3576 3058 3701 3098 me-

2044 3117 2177 3155 cum
2210 3099 2604 3171 corruptionis
2654 3105 2933 3168 subditus
2982 3118 3267 3176 servituti.
3301 3099 3701 3186 Mecum'con-

277 3202 433 3243 uerae
447 3198 585 3241 esse
617 3165 866 3255 praelata.
899 3184 1040 3240 Tres
1072 3184 1198 3239 dies
1226 3181 1511 3238 transacti
1552 3186 1711 3249 sunt,
1746 3187 1802 3238 et
1830 3201 1930 3241 so-
1964 3165 2005 3230 (ἶ
2043 3189 2334 3261 gemiscit,
2369 3204 2597 3244 mecum
2630 3198 2905 3265 parturit,
2939 3206 3002 3258 ut
3053 3165 3530 3286 veniat
3553 3165 3703 3274 ari:-

274 3274 398 3337 lem
427 3288 602 3328 nemo
633 3271 907 3342 qumsivit,
938 3276 995 3327 et
1026 3271 1272 3327 luminis
1321 3269 1560 3326 claritas
1591 3270 1929 3349 abundavit.

279 3363 468 3418 Habet
498 3359 657 3421 enim
690 3363 744 3414 et
773 3359 891 3416 dies
948 3376 1119 3416 suam
1176 3359 1394 3427 lucem,
1459 3375 1586 3430 quae
1618 3376 1936 3431 praecessor

281 3455 370 3507 est
399 3449 565 3505 solis.
599 3447 721 3503 Non
753 3448 925 3520 igitur
956 3457 1006 3504 le
1037 3453 1201 3505 tanto
1225 3448 1528 3521 Splendori
1553 3448 1694 3504 solis
1714 3452 1932 3508 temere

277 3537 643 3593 committas.
693 3534 898 3593 Oculus
949 3542 1039 3594 est
1090 3537 1246 3592 enim
1303 3537 1536 3604 mundi,
1587 3537 1932 3608 jucunditas

279 3625 420 3694 diei,
454 3625 584 3681 cmli
617 3623 1006 3696 pulchritudo,
1068 3631 1290 3682 natura:
1351 3625 1562 3698 gratia,
1595 3629 1933 3698 praestantia

277 3718 581 3772 creaturae.

348 3806 406 3858 2.
436 3802 551 3857 Sed
583 3803 811 3873 quando
842 3803 994 3860 hunc
1025 3803 1208 3871 vides,
1245 3808 1545 3860 auctorem
1578 3805 1705 3875 ejus
1737 3808 1930 3863 consi-

279 3894 426 3948 dera
449 3909 462 3947 :
501 3890 731 3963 quando
753 3891 904 3948 hunc
921 3892 1361 3962 miraris,lauda
1381 3893 1546 3965 prius
1569 3893 1756 3965 ipsius
1775 3911 1933 3953 crea-

279 3986 494 4038 torem.
529 3979 589 4035 Si
619 3983 735 4036 tam
763 3985 961 4053 gratus
1008 3986 1100 4038 est
1147 3981 1232 4038 sol
1275 3999 1518 4038 consors
1551 3986 1610 4037 et
1641 3983 1930 4058 particeps

280 4073 586 4137 creaturae,
619 4085 791 4140 quam
839 4071 1028 4127 bonus
1049 4075 1141 4126 est
1162 4071 1246 4127 sol
1266 4071 1362 4126 ille
1384 4070 1664 4142 justitiael
1717 4072 1777 4128 Si
1807 4077 1929 4131 tam

278 4158 451 4215 velox
479 4157 611 4223 iste,
663 4162 724 4213 ut
769 4159 986 4231 rapidis
1019 4160 1292 4216 cursibus
1327 4160 1386 4215 in
1410 4161 1504 4216 die
1536 4175 1602 4215 ac
1633 4165 1802 4217 nocte
1839 4162 1928 4219 lu-

283 4249 433 4302 stret
463 4245 681 4312 omnia,
703 4251 954 4318 quantus
985 4247 1084 4304 ille
1117 4247 1217 4320 qui
1245 4249 1464 4321 ubique
1494 4265 1727 4322 semper
1747 4255 1857 4320 est,
1876 4257 1934 4308 et

284 4335 598 4405 majestate
615 4351 719 4390 sua
737 4335 987 4408 complet
1006 4337 1204 4393 omnia
1221 4337 1248 4392 ?
1267 4337 1324 4393 Si
1338 4337 1704 4395 admirabilis
1725 4341 1824 4411 qui
1839 4342 1934 4412 ju-

283 4423 464 4478 betur
514 4421 683 4491 exire,
728 4441 903 4495 quam
964 4438 1145 4497 supra
1203 4426 1592 4482 admiratione
1641 4427 1742 4499 qui
1792 4431 1933 4487 dicit

2043 3293 2196 3345 rum,
2230 3282 2288 3332 et
2333 3276 2574 3375 humani
2609 3286 2842 3352 generis
2867 3291 3210 3366 redemptio,
3246 3315 3360 3370 quo
3398 3276 3701 3375 possimus

2042 3371 2096 3420 et
2132 3382 2236 3421 nos
2269 3383 2302 3421 a
2333 3366 2566 3423 servitio
2599 3368 2854 3430 liberari.
2910 3379 3137 3438 Mecum
3179 3366 3469 3448 assistens
3498 3392 3702 3450 laudat

2041 3647 2354 3687 commune
2385 3634 2766 3692 consortium.
2802 3639 2908 3696 Ubi
2952 3645 3038 3700 sol
3081 3648 3394 3722 benedicit,
3429 3659 3509 3715 ibi
3541 3665 3724 3716 terra'

2041 3721 2352 3776 benedicit.
2386 3720 2744 3779 Benedicunt
2775 3727 2936 3800 ligna
2968 3734 3287 3807 fructifera,
3337 3720 3696 3804 benedicunt

2042 3825 2271 3880 pecora,
2294 3809 2647 3866 benedicunt
2675 3813 2940 3874 volucres
2973 3838 3204 3881 mecum
3256 3830 3430 3900 (Psal.
3463 3851 3691 3892 chvm.

2040 3897 2214 3989 3‘40).
2253 3900 2312 3954 In
2342 3900 2492 3989 mari
2528 3900 2755 3972 positus
2786 3903 2955 3962 illum
2978 3916 3156 3966 nauta
3178 3897 3438 3989 accusat,
3475 3939 3568 3978 me
3598 3923 3696 3978 de-
3723 3942 3726 3944 ‘

2042 3986 2260 4043 siderat
2287 4005 2299 4043 :
2335 3988 2393 4042 in
2416 3989 2714 4046 montibus
2737 3991 2903 4050 illum
2934 4005 3134 4069 pastor
3155 3986 3432 4075 declinat,
3457 4011 3529 4066 ad
3562 4027 3723 4067 meai

2038 4076 2333 4168 germina,
2385 4078 2456 4132 ad
2513 4094 2671 4134 meas
2716 4081 2955 4141 festinat
3004 4090 3511 4168 arbores,.quibus
3548 4115 3692 4156 exe-

2049 4169 2256 4221 stuans
2285 4166 2688 4237 obumbratur,
2721 4172 2792 4226 ad
2843 4191 3006 4233 meos
3037 4179 3226 4238 fontes
3257 4166 3466 4245 sitiens
3494 4193 3552 4246 et
3578 4187 3698 4246 las-

2041 4270 2142 4308 sus
2174 4256 2443 4310 accurrit.

2042 4431 2223 4513 Solem
2251 4435 2520 4513 Deijilio
2564 4348 3036 4513 sereiggpgTqiE).
3071 4446 3140 4502 ad
3169 4463 3554 4512 ornamentum
3588 4473 3698 4513 σω.

285 4510 421 4578 soli,
456 4514 514 4566 et
569 4528 681 4568 non
727 4514 1003 4581 exoritur,
1055 4519 1119 4568 ut
1168 4513 1421 4588 legimus
1472 4516 1586 4587 (Job
1617 4533 1694 4584 1x,
1725 4518 1842 4590 7)?
1871 4520 1931 4576 Si
1965 4532 2012 4596 Ι)
2116 4504 2283 4596 ζίετιξῖη
2311 4504 2780 4596 immiti-bus
2828 4504 3046 4573 θνθίῖιαδ
3094 4520 3226 4596 Mt-

286 4615 547 4672 magnus
567 4604 654 4656 est
675 4601 773 4672 qui
793 4618 897 4674 per
915 4601 1190 4658 horarum
1226 4604 1376 4660 vices
1406 4604 1549 4660 locis
1570 4609 1671 4660 aut
1693 4609 1932 4679 accedit,

285 4694 396 4744 aut
423 4688 651 4745 decedit
679 4691 962 4760 quotidie,
993 4691 1185 4762 qualis
1240 4691 1337 4748 ille
1368 4693 1470 4765 qui
1500 4693 1676 4749 etiam
1706 4713 1839 4752 cum
1874 4715 1936 4755 se

285 4776 635 4845 exinaniret,
651 4783 716 4833 ut
736 4795 843 4835 nos
864 4796 1000 4834 eum
1024 4796 1340 4851 possumus
1357 4783 1572 4849 videre,
1591 4789 1714 4840 erat
1735 4784 1933 4843 lumen

283 4881 519 4930 verum,
542 4867 693 4936 quod
713 4866 1014 4923 illuminat
1035 4885 1266 4926 omnem
1289 4871 1587 4927 hominem
1609 4875 1934 4932 venientem

285 4956 349 5009 in
381 4953 540 5009 hunc
573 4956 855 5011 mundum
876 4955 904 5010 ‘?
935 4957 992 5013 Si
1016 4960 1558 5031 praestantissimus,
1585 4964 1682 5034 qui
1705 4965 1935 5036 objectu

283 5050 460 5099 terra:
488 5043 703 5114 patitur
731 5063 883 5117 saepe
905 5046 1198 5114 defectus;
1233 5055 1463 5119 quanta:
1486 5053 1808 5123 majestatis
1837 5056 1939 5126 qui

282 5132 407 5187 ait:
462 5131 647 5187 Adhuc
690 5135 854 5190 semel
903 5150 997 5205 ego
1045 5137 1260 5193 movebo
1308 5147 1508 5194 terram
1552 5142 1701 5212 (Agg.
1741 5161 1795 5210 ll,
1827 5145 1940 5216 7)?

367 5309 482 5435 843)
513 5308 662 5390 Edit.
723 5329 789 5368 ac
841 5313 1013 5385 pauci
1068 5331 1233 5384 mss.,
1295 5319 1465 5374 oculis
1523 5321 1639 5391 ejus
1687 5323 1937 5380 insideat.

287 5381 376 5465 ΒΕ
401 5396 550 5465 iqui,
604 5383 827 5452 insidat,
863 5401 978 5440 non
1011 5385 1161 5441 male
1190 5405 1203 5456 ;
1239 5388 1351 5443 nisi
1384 5390 1633 5447 scribere
1663 5394 1940 5451 malueris

285 5456 621 5656 Ἴὶῗῖίὺω
653 5524 789 5581 edit.
817 5541 1019 5583 omnes
1051 5532 1106 5582 et
1137 5546 1281 5584 mss.
1306 5547 1416 5586 non
1452 5532 1654 5602 pauci:
1687 5535 1942 5595 Anterior

286 5591 364 5656 πὶ
400 5607 502 5656 us;
529 5593 616 5652 ibi
643 5602 742 5652 Sex
774 5597 1172 5656 antiquissimi
1204 5617 1371 5656 mss..
1398 5603 1651 5656 Anterior
1682 5607 1938 5656 bmchm_

286 5591 475 5656 nibus
489 5612 502 5665 ;
529 5593 616 5652 ibi
643 5602 742 5652 sex
774 5597 1172 5670 antiquissimi
1204 5617 1371 5674 mss.,
1398 5591 1651 5665 Anterior
1682 5591 1940 5686 bnis/iiii,

619 5721 890 5792 ΡΑτιιοι.
932 5725 1098 5800 XIV.

2115 4576 2479 4669 {iDeolterLris
2532 4580 2767 4669 inditam
2813 4599 2925 4666 non.
2972 4605 3007 4643 a
3055 4576 3205 4645 sole:

2199 4651 2754 4740 ‘potest‘atemjrdiei,
2779 4657 2948 4740 "sicut
2990 4664 3040 4714 et
3069 4662 3231 4740 tgna
3253 4665 3312 4740 in
3345 4651 3690 4740 potestatem

2113 4717 2301 4843 Soletis
2327 4736 2338 4774 ⁵
2373 4720 2511 4791 σῑιθιῖ
2547 4723 2712 4777 etiam
2743 4717 2981 4785 'Christo
3027 4736 3081 4787 et
3110 4717 3377 4795 Εεεώέῗέὲ

2150 4806 2180 4843 (ι
2208 4806 2294 4843 ur.

2113 4879 2167 4932 5.
2201 4879 2310 4933 Sed
2370 4897 2440 4935 ne
2488 4882 2789 4939 oculorum
2821 4888 2926 4943 tibi
2959 4892 3231 4965 exiguum
3265 4896 3533 4953 videatur
3560 4913 3690 4955 esse

2045 4965 2466 5036 testimonium,
2527 4975 2780 5030 emunda
2832 4995 3052 5047 aurem,
3089 4985 3328 5040 admove
3361 5002 3489 5043 eam
3521 4987 3693 5044 caele-

2046 5056 2236 5112 stibus
2265 5058 2535 5116 oraculis.
2561 5063 2798 5121 Duobus
2823 5068 2984 5124 enim
3017 5075 3073 5125 et
3094 5072 3282 5128 tribus
3303 5075 3555 5132 testibus
3579 5082 3697 5134 stat

2047 5162 2217 5201 omne
2247 5149 2507 5203 verbum.
2540 5151 2687 5205 Audi
2719 5152 3043 5212 dicentem:
3100 5161 3266 5215 Fiant
3295 5162 3604 5222 luminaria
3633 5167 3696 5222 in

2049 5325 2105 5416 id
2136 5325 2396 5416 est‘forte
2426 5344 2675 5416 ram'us,‘
2690 5333 3044 5416 unde‘facta
3073 5352 3178 5416 vox
3209 5337 3410 5416 Italica
3439 5343 3694 5416 broncho,

2049 5397 2799 5490 e:tLgallic_a~qu‘nc‘lzejfide
2822 5404 2923 5458 Ald
2935 5409 3276 5490 rovandum,
3298 5397 3696 5490 Dendrologiie

2049 5468 2160 5570 lib.—
2189 5488 2226 5536 1,
2257 5485 2387 5570 pag.
2416 5474 2504 5524 22.
2527 5471 2874 5570 Ambrosius
2899 5493 3030 5570 vero
3053 5468 3344 5570 superiori
3369 5468 3694 5570 captiin".
3731 5521 3735 5524 -

2049 5542 2140 5627 (‘37,
2173 5539 2454 5627 perbene
2484 5558 2680 5600 vocem
2713 5545 3020 5608 arbustum
3053 5539 3291 5627 aliquod
3321 5539 3699 5622 sterile-vid};

2049 5616 2147 5672 tur
2177 5613 2456 5672 indicare.
3124 5642 3126 5644 τ

3341 5760 3382 5840 1
