4158 6168
444 310 563 371 203

1892 298 1956 362 S.
2006 298 2386 363 AMBROSIl

3722 303 3844 364 204

444 441 784 512 firmamento
806 439 930 495 cali
956 438 1025 494 ad
1053 433 1874 505 illuminationemterrMGen.
1900 450 1940 502 ι,
1974 433 2082 503 14).
2115 437 2168 500 Α
2198 448 2354 500 nam,
2388 432 2489 504 qui
2521 436 2814 505 perpetuze
2860 433 3068 490 mortis
3105 433 3470 508 urgebantur
3498 449 3708 490 occasu
3736 453 3749 490 :
3786 439 3848 491 et

444 527 584 595 Quis
614 527 725 584 hoc
754 527 939 584 dicit?
966 527 1121 584 Deus
1148 524 1304 581 dicit.
1338 524 1408 578 Et
1437 522 1530 587 cui
1564 522 1709 577 dicit
1737 521 1853 577 nisi
1885 521 2027 576 Filio
2057 521 2085 575 ?

444 616 599 673 Deus
629 629 765 691 ergo
794 617 965 673 Pater
1017 615 1159 671 dicit
1203 629 1215 667 :
1272 612 1397 667 Fiat
1436 610 1520 667 sol
1563 627 1576 666 :
1630 615 1688 667 et
1732 610 1914 666 Filius
1954 609 2090 664 fecit

445 704 653 762 solem.
684 706 940 780 Dignum
970 704 1126 761 enim
1156 704 1297 769 erat,
1330 704 1396 755 ut
1421 699 1602 757 solem
1636 699 1841 755 mundi
1875 699 2090 754 faceret

446 793 543 851 Sol
566 794 832 867 justitiaa.
868 794 993 865 Ipse
1022 807 1157 862 ergo
1188 806 1320 846 eum
1344 788 1404 845 in
1434 788 1633 845 lumen
1669 788 1931 853 adduxit,
1963 788 2088 859 ipse

446 899 583 940 eum
611 880 982 950 illuminavit,
1015 880 1138 950 ipse
1164 877 1213 933 ei
1248 877 1483 933 donavit
1528 877 1811 933 fundendi
1845 874 2089 931 luminis

447 976 814 1045 potestatem.
840 970 1047 1025 Factus
1068 970 1157 1023 est
1175 983 1308 1039 ergo
1331 967 1451 1035 sol;
1475 967 1604 1022 ideo
1635 970 1691 1022 et
1736 966 1859 1038 ipse
1886 964 2085 1033 servit,

447 1060 727 1132 quoniam
767 1057 989 1112 dictum
1038 1060 1162 1111 est:
1196 1055 1460 1111 F-undasti
1503 1060 1727 1123 terram,
1779 1059 1828 1109 et
1866 1070 2087 1124 perma-

443 1154 573 1205 net:
601 1148 954 1217 dispositione
1005 1150 1100 1201 tua
1139 1148 1421 1216 permanet
1466 1143 1605 1209 dies,
1656 1145 1917 1215 quoniam
1960 1143 2088 1197 uni-

444 1253 598 1293 versa
625 1236 873 1291 serviunt
902 1234 1005 1289 tibi
1063 1234 1233 1305 (Psal.
1294 1250 1484 1301 cxvm,
1543 1234 1614 1285 90
1637 1243 1685 1287 et
1714 1232 1825 1302 91).
1859 1232 2087 1285 Etenim

444 1342 577 1381 cum
609 1325 734 1381 dies
766 1323 997 1394 serviat,
1030 1323 1320 1394 quomodo
1352 1339 1466 1377 non
1520 1321 1699 1376 servit
1727 1319 1834 1386 sol,
1868 1319 1967 1391 qui
2000 1318 2089 1373 fa-

444 1418 574 1472 ctus
603 1417 695 1471 est
722 1412 783 1469 in
815 1416 1158 1484 potestatem
1193 1409 1354 1466 diei?
1408 1410 1706 1475 Quomodo
1765 1425 1880 1463 non
1913 1407 2091 1463 servit

443 1504 584 1561 luna
603 1508 662 1559 et
682 1502 1015 1573 stellae,quae
1038 1500 1200 1556 factae
1222 1504 1362 1555 sunt
1382 1498 1444 1553 in
1477 1502 1821 1570 potestatem
1845 1496 2030 1551 noctis
2061 1495 2089 1550 ?

443 1593 673 1650 Etenim
703 1594 925 1663 quanto
954 1590 1235 1661 majorem
1257 1588 1351 1644 his
1371 1587 1622 1659 gratiam
1653 1588 1887 1642 Creator
1909 1586 2088 1640 dona-

444 1684 545 1750 vit,
576 1685 642 1739 ut
670 1698 767 1737 aer
819 1680 989 1736 solito
1038 1677 1294 1750 amplius
1338 1676 1479 1732 solis
1522 1674 1783 1731 claritate
1832 1672 2090 1746 resplen~

446 1772 598 1840 deat,
634 1770 759 1828 dies
779 1768 1041 1826 screnius
1062 1767 1274 1834 luceat,
1302 1765 1490 1821 noctis
1510 1763 1919 1819 illuminentur
1937 1767 2092 1818 tene-
2120 1803 2168 1869 Β

444 1862 560 1917 brae
592 1877 693 1933 per
722 1860 873 1915 luna:
904 1857 1324 1928 stellarumque
1352 1854 1658 1926 fulgorem,
1692 1852 1902 1907 ccelum
1931 1851 2090 1907 velut

446 1950 803 2024 quibusdam
835 1947 1077 2002 floribus
1103 1943 1555 2010 coronatum,ita
1575 1941 1773 2014 ignitis
1789 1939 2091 1995 luminari-

445 2041 557 2097 bus
585 2039 777 2106 micet,
796 2040 863 2092 ut
889 2035 1160 2109 paradiso
1191 2037 1358 2106 putes
1378 2030 1958 2102 vernantedepictum
1981 2028 2092 2099 spi-

446 2128 703 2184 rantium
735 2142 1002 2182 rosarum
1023 2123 1169 2179 vivis
1201 2121 1520 2177 monilibus
1560 2119 1833 2175 renitere:
1868 2122 2087 2189 quanto

444 2217 625 2291 igitur
654 2214 909 2287 amplius
965 2213 1058 2269 his
1106 2210 1332 2267 decoris
1361 2210 1591 2265 videtur
1628 2224 1756 2264 esse
1788 2205 2085 2271 collatum,

443 2310 606 2363 tanto
637 2304 893 2377 amplius
923 2302 1154 2358 debent.
1189 2300 1292 2355 Cui
1323 2299 1479 2355 enim
1511 2297 1646 2370 plus
1678 2295 2083 2361 committitur,

444 2394 579 2468 plus
630 2394 820 2449 debet.
852 2393 922 2447 Et
952 2391 1081 2446 ideo
1115 2391 1260 2445 bene
1290 2405 1325 2443 a
1351 2386 1646 2460 plerisque
1675 2387 2086 2440 ornamentum

444 2483 571 2540 caeli
602 2487 692 2540 est
711 2483 1137 2552 nuncupatum,
1164 2494 1230 2533 eo
1251 2476 1409 2548 quod
1440 2475 1516 2531 sit
1537 2474 1839 2530 stellarum
1870 2472 2086 2529 monile

445 2573 787 2646 pretiosum.

486 2663 566 2717 ~6.
598 2664 789 2732 Atque
819 2663 885 2715 ut
916 2658 1174 2714 sciamus
1204 2656 1344 2727 quia
1364 2652 1633 2710 fertilitas
1658 2656 1947 2707 terrarum
1970 2666 2086 2705 non

443 2750 622 2808 calori
652 2749 795 2805 solis
826 2746 1159 2812 ascribitur,
1193 2744 1295 2799 sed
1333 2742 1539 2797 divinae
1576 2738 1955 2812 indulgentiae
1987 2738 2087 2792 de-

442 2843 701 2913 putatur,
733 2837 815 2892 ait
843 2835 1130 2907 Propheta
1155 2849 1167 2887 :
1203 2832 1399 2887 Omnia
1421 2848 1454 2885 a
1483 2834 1532 2884 te
1559 2831 1889 2900 exspecta-nt,
1920 2830 1980 2882 ut
2000 2825 2089 2881 des

443 2930 560 2985 illis
589 2928 773 2983 cibum
802 2927 865 2980 in
891 2933 1164 2995 tempore:
1205 2921 1369 2976 dante
1399 2926 1448 2973 te
1485 2918 1624 2983 illis,
1674 2917 1931 2985 eolligent
1958 2916 2083 2983 sibi,

2198 520 2455 577 Ecclesia
2481 525 2746 594 tempore
2795 539 2904 579 sua
2950 522 3184 594 habeat,
3225 522 3651 596 persecutionis
3681 523 3848 579 vide-

2195 607 2331 663 licet
2358 613 2415 664 ct
2444 610 2622 681 pacis.
2652 610 2796 666 Nam
2829 610 3059 666 videtur
3088 613 3242 668 sicut
3269 611 3412 668 luna
3442 611 3707 679 deficere,
3739 612 3849 669 sed

2198 714 2310 753 non
2349 698 2932 755 deﬁcit.0bumbrari
2951 703 3162 772 potest,
3195 701 3444 757 deiicere
3468 717 3581 756 non
3617 704 3850 773 potest;

2199 787 2336 857 quia
2368 786 2701 858 aliquorum
2734 787 2971 859 quidem
3002 788 3061 844 in
3097 789 3604 862 persecutionibus
3625 789 3852 847 disces-

2198 874 2360 928 sione
2393 873 2700 942 minuitur,
2735 878 2801 929 ut
2839 879 3161 948 martyrum
3219 875 3686 932 confessionibus
3735 876 3854 931 im-

2198 961 2444 1034 pleatur,
2478 967 2536 1017 et
2564 962 2733 1019 effusi
2767 980 2871 1035 pro
2902 964 3129 1020 Christo
3186 964 3493 1038 sanguinis
3533 964 3854 1020 clarificata

2197 1050 2457 1106 victoriis
2503 1051 2700 1122 majus
2749 1051 3071 1107 devotionis
3131 1070 3249 1108 suae
3300 1057 3358 1109 et
3387 1053 3523 1109 ﬁdei
3556 1057 3676 1108 toto
3709 1053 3853 1109 orbe

2198 1139 2398 1194 lumen
2431 1140 2707 1195 effundat.
2742 1140 3006 1211 Namque
3034 1141 3175 1197 luna
3202 1141 3450 1197 luminis
3479 1142 3853 1198 imminutio-

2198 1244 2331 1283 nem
2385 1228 2561 1283 habet
2608 1246 2725 1284 non
2776 1230 3057 1301 corporis,
3106 1231 3340 1302 quando
3372 1248 3476 1303 per
3502 1231 3656 1287 vices
3685 1248 3853 1287 men-

2199 1322 2394 1372 struas
2424 1318 2709 1389 deponere
2741 1318 3185 1374 videturlumen
3219 1336 3415 1387 suum,
3449 1324 3515 1374 ut
3544 1324 3857 1375 mutuetur

2198 1405 2421 1473 asole;
2456 1407 2612 1478 quod
2672 1406 2841 1461 facile
2893 1424 3038 1478 puro
3099 1423 3228 1463 acre
3287 1412 3463 1480 atque
3514 1408 3851 1480 perspicuo,

2200 1494 2432 1565 quando
2469 1493 2630 1549 nulla
2657 1510 2787 1550 eam
2809 1495 3061 1551 obducta
3083 1495 3300 1551 nebula
3319 1495 3668 1569 caligantem
3688 1496 3850 1564 facit,

2200 1581 2394 1654 colligi
2445 1586 2654 1654 potest.
2696 1582 2866 1639 Orbis
2924 1583 3081 1638 enim
3148 1583 3298 1640 lunae
3348 1584 3575 1657 integer
3624 1589 3848 1651 manet,

2201 1670 2307 1725 etsi
2371 1688 2484 1725 non
2545 1670 2816 1726 similiter
2871 1675 3050 1740 totus,
3085 1676 3151 1727 ut
3207 1689 3342 1745 pars
3394 1673 3522 1743 ejus
3552 1672 3851 1746 eﬂ‘ulgeat.

2200 1760 2270 1814 Et
2299 1759 2492 1830 qualis
2525 1759 2707 1814 videri
2739 1760 2887 1816 solet
2916 1777 3052 1816 cum
3084 1760 3295 1833 plenus
3324 1766 3416 1817 est
3462 1761 3726 1827 luminis,
3762 1765 3855 1817 ta-

2202 1846 2276 1903 lis
2307 1854 2396 1903 est
2449 1848 2854 1920 magnitudine
2889 1865 2902 1903 :
2957 1850 3059 1905 sed
3093 1865 3196 1921 per
3224 1850 3495 1905 umbram
3528 1850 3852 1922 quamdam

2198 1936 2419 1991 lumine
2475 1954 2583 1991 suo
2643 1936 2917 1992 viduatus
2964 1942 3227 2009 apparet.
3294 1938 3363 1993 Et
3428 1937 3565 1994 inde
3625 1955 3851 1996 cornua

2198 2027 2325 2093 ejus
2356 2025 2679 2097 refulgent;
2713 2025 2853 2098 quia
2882 2042 3093 2097 corpus
3130 2027 3260 2097 ejus
3287 2026 3348 2081 in
3394 2026 3595 2083 orbem
3624 2027 3851 2083 diffun-

2199 2115 2376 2183 ditur,
2409 2120 2468 2169 et
2496 2112 2653 2169 velut
2682 2114 2985 2170 deﬁciente
3030 2114 3313 2187 portionis
3352 2113 3482 2172 luce
3512 2116 3851 2173 insinuatur

2199 2204 2331 2274 (47).

2829 2328 3065 2384 CAPUT
3119 2329 3211 2385 III.

2197 2434 2365 2491 Aliud
2420 2450 2535 2489 esse
2580 2434 2771 2489 lumen
2824 2433 2957 2500 diei,
3015 2435 3170 2490 aliud
3228 2434 3491 2491 siderum.
3541 2437 3850 2495 Discrimen

2268 2506 2531 2560 diurnum
2577 2522 2641 2560 ac
2685 2514 3017 2561 nocturnum
3057 2508 3232 2577 signis
3278 2506 3489 2563 duobus
3535 2512 3735 2578 notari,
3779 2527 3850 2567 ac

2267 2578 2541 2648 duplicem
2595 2593 2705 2632 esse
2771 2578 2918 2647 ignis
2983 2579 3369 2648 operationem,
3436 2580 3753 2635 illuminare
3791 2591 3849 2637 et

2268 2664 2446 2721 urere.
2480 2663 2605 2719 quae
2633 2650 2693 2721 in
2741 2648 3097 2704 retributione
3134 2651 3456 2704 meritorum
3501 2652 3845 2721 separaban-

2270 2724 2379 2773 tur.
2414 2720 2581 2774 Deum
2635 2720 2750 2773 dici
2795 2721 2980 2787 ignem
3030 2728 3365 2787 exurentem,
3409 2730 3460 2776 et
3508 2720 3614 2787 qua
3642 2738 3843 2781 causa.

2267 2792 2541 2845 Postremo
2565 2792 2717 2845 omni
2739 2792 2954 2861 corpori
2975 2807 3133 2846 suam
3155 2792 3409 2847 umbram
3436 2792 3729 2850 adhaerere.

2267 2917 2320 2969 8.
2355 2914 2579 2969 Movere
2610 2918 2807 2968 autem
2857 2918 3048 2985 potest
3083 2915 3238 2986 quod
3292 2914 3409 2971 ait:
3456 2918 3619 2971 Fiant
3665 2917 3844 2973 lumi-

443 3018 722 3090 aperiente
752 3016 804 3069 te
846 3028 1092 3079 manum,
1140 3010 1398 3064 universa
1426 3006 1801 3078 implebantur
1851 3005 2088 3060 bonitate
2194 3005 2355 3058 naria
2404 3002 2474 3057 ad
2526 3003 2993 3057 illuminationem
3046 3018 3210 3074 super
3265 3011 3471 3059 terram
3525 3005 3657 3075 (48),
3717 3020 3847 3078 quae

443 3106 559 3180 (45)
589 3104 756 3178 (Psal.
802 3118 924 3169 om,
970 3103 1062 3167 27,
1112 3100 1223 3167 28).
1270 3098 1339 3152 Et
1369 3096 1555 3150 infra:
1592 3095 1786 3150 Emitte
1815 3093 2087 3166 Spiritum
2123 3169 2157 3180 κ
2195 3092 2509 3175 discernunt
2540 3092 2684 3146 inter
2706 3090 2851 3180 diem
2880 3099 2933 3146 et
2962 3095 3169 3147 noctem
3200 3090 3351 3162 (Gen.
3391 3107 3432 3157 ι,
3467 3093 3576 3165 14).
3610 3093 3757 3158 Quia
3787 3098 3847 3151 et

442 3169 679 3253 tuamet
705 3192 1055 3254 creabuntur,
1077 3195 1129 3244 et
1169 3186 1454 3242 renovabis
1480 3186 1680 3256 faciem
1711 3187 1872 3239 terrm
1920 3182 2079 3251 (Ibid.
2116 3169 2157 3235 C
2198 3197 2378 3253 supra
2421 3172 2568 3251 jam,
2621 3178 2722 3235 ubi
2770 3179 2968 3235 lumen
3022 3180 3178 3249 fecit,
3230 3180 3456 3236 dixerat
3496 3197 3509 3236 :
3561 3181 3844 3254 Separavit

446 3285 579 3359 (30).
639 3283 709 3352 Et
750 3280 811 3337 in
858 3277 1202 3350 Evangelio:
1257 3274 1599 3331 Ot‘nsiderate
1644 3272 1892 3327 volatilia
1940 3272 2083 3340 cwli,
2193 3271 2333 3325 Deus
2363 3271 2509 3324 inter
2537 3269 2711 3323 lucem
2728 3270 3093 3359 acte-nebras,
3120 3273 3176 3359 et
3195 3270 3404 3359 factum
3422 3274 3499 3326 est
3522 3286 3757 3342 vespere,
3791 3275 3843 3327 et

444 3357 577 3445 quia
600 3386 772 3443 neque
805 3370 1013 3433 serunt,
1046 3382 1143 3421 nec
1169 3368 1398 3430 metunt,
1430 3365 1481 3418 et
1510 3363 1675 3417 Pater
1701 3366 1876 3417 vester
1903 3362 2084 3417 caeles-
2190 3361 2400 3430 factum
2449 3362 2528 3413 est
2571 3374 2735 3413 mane
2779 3358 2894 3414 dies
2924 3374 3065 3413 unus
3112 3357 3269 3428 (Ibid.
3302 3362 3355 3424 4,
3386 3360 3468 3430 5).
3510 3359 3619 3415 Sed
3650 3360 3842 3416 consi-

442 3465 512 3520 tis
536 3463 712 3534 pascit
737 3459 841 3514 illa
871 3456 1079 3529 (Matth.
1110 3471 1187 3521 v1,
1220 3454 1332 3525 26).
1388 3451 1514 3507 Non
1569 3450 1667 3506 σε
1700 3467 1836 3522 ergo
1869 3449 1952 3505 sol
1984 3454 2085 3505 aut
2192 3449 2466 3503 deremus
2496 3446 2635 3519 quia
2679 3446 2837 3502 aliud
2885 3451 2975 3502 est
3005 3446 3202 3501 lumen
3249 3446 3386 3516 diei,
3446 3447 3603 3503 aliud
3636 3448 3839 3504 lumen

440 3552 584 3607 luna
614 3546 988 3605 fecunditatis
1045 3547 1312 3600 auctores
1369 3545 1545 3608 sunt;
1597 3540 1697 3595 sed
1735 3541 1883 3595 Deus
1915 3539 2084 3595 Pater

439 3656 543 3714 per
570 3638 885 3696 Dominum
934 3634 1045 3707 (46)
1101 3632 1302 3687 Jesum
1355 3629 1629 3685 omnibus
1671 3626 2080 3684 liberalitatem

437 3726 755 3785 fertilitatis
785 3723 1065 3796 impertit.

504 3820 560 3874 7.
594 3815 841 3872 Pulchre
871 3816 1060 3869 autem
1096 3809 1365 3882 exposuit
1394 3807 1563 3863 nobis
1618 3805 1906 3877 Propheta
1936 3806 2077 3877 quid

435 3907 512 3964 sit
540 3906 693 3980 quod
721 3905 848 3978 ipse
877 3903 993 3958 ait:
1028 3902 1170 3970 Quia
1195 3900 1326 3970 fecit
1372 3898 1512 3952 Deus
1540 3895 1708 3950 solem
1750 3897 1812 3949 in
1836 3898 2078 3967 potesta-

437 4000 545 4053 tem
565 3997 681 4052 diei
725 4002 776 4051 et
813 3995 1005 4049 lunam
1044 3993 1105 4045 in
1131 3989 1448 4060 potestatem
1467 3985 1639 4039 noctis
1671 3985 1838 4055 (Psal.
1874 4001 2075 4051 cxxxv,

431 4088 485 4152 8,
515 4084 751 4157 9).Nam
781 4081 909 4138 etin
930 4079 1058 4150 ipso
1082 4076 1307 4149 psalmo
1328 4073 1644 4130 centesimo
1669 4075 1838 4128 tertio
1861 4074 1930 4129 de
1962 4090 2076 4145 quo

431 4190 612 4246 supra
631 4170 909 4233 diximus,
933 4164 1171 4237 scripsit
1195 4181 1207 4219 :
1232 4165 1372 4219 Fecit
1413 4163 1607 4217 lunam
1628 4163 1687 4216 in
1710 4166 1973 4233 tempora,
1996 4162 2076 4217 sol

427 4262 670 4334 cognovit
688 4274 937 4316 occasum
954 4271 1115 4311 suum
1137 4254 1307 4327 (Psal.
1330 4269 1447 4318 cm,
1475 4252 1583 4322 19).
1610 4250 1754 4306 Cum
1774 4250 1930 4306 enim
1952 4251 2075 4306 dies

428 4351 604 4407 horas
617 4366 755 4406 suas
777 4345 1066 4417 complere
1082 4342 1337 4414 coeperit,
1358 4340 1444 4396 sol
1463 4339 1724 4395 debitum
1740 4339 1849 4395 sibi
1870 4355 2076 4411 cogno-

429 4439 542 4493 scit
570 4452 865 4493 occasum.
891 4434 989 4488 Est
1024 4449 1160 4505 ergo
1182 4432 1241 4485 in
1264 4431 1373 4485 diei
1405 4433 1691 4502 potestate
1715 4427 1821 4492 sol,
1845 4431 1903 4483 et
1932 4428 2074 4483 luna

2192 3537 2333 3593 solis
2363 3540 2420 3591 et
2448 3535 2620 3603 Iunis,
2654 3540 2712 3590 et
2739 3535 2939 3591 lumen
2972 3533 3296 3603 stellarum,
3330 3553 3396 3592 eo
3418 3537 3573 3608 quod
3595 3536 3682 3592 sol
3715 3537 3841 3610 ipse

2191 3626 2371 3681 radiis
2402 3624 2526 3681 suis
2557 3623 2843 3697 fulgorem
2871 3624 3079 3679 diurno
3108 3624 3318 3680 lumini
3350 3626 3615 3681 videatur
3634 3626 3843 3697 adjun-

2188 3730 2345 3787 gere,
2377 3715 2533 3785 quod
2564 3714 2651 3767 vel
2682 3718 2844 3769 ortus
2875 3714 2988 3768 diei
3021 3717 3208 3785 potest
3256 3715 3518 3785 prodere,
3549 3714 3637 3771 vel
3669 3731 3839 3772 occa-

2189 3820 2311 3859 sus.
2346 3802 2492 3858 Nam
2520 3807 2653 3857 ante
2677 3801 2860 3858 solem
2883 3800 3039 3858 lucet
3057 3801 3424 3873 quidem,sed
3447 3819 3561 3858 non
3586 3802 3837 3876 refulget

2187 3893 2343 3960 dies;
2379 3892 2516 3964 quia
2545 3890 2799 3963 amplius
2831 3907 3065 3963 quoque
3087 3890 3409 3947 meridiano
3433 3890 3554 3947 sole
3573 3891 3836 3964 resplen-

2186 3982 2299 4037 det.
2355 3982 2517 4049 Quod
2567 3980 2824 4037 ostendit
2877 3980 3182 4052 Propheta,
3231 3980 3478 4036 dicens:
3537 3982 3604 4035 Et
3648 3980 3842 4037 educet

2184 4071 2343 4142 quasi
2372 4070 2548 4125 lucem
2584 4070 2855 4130 iustitiam
2884 4076 3054 4137 tuam,
3087 4077 3141 4124 et
3161 4067 3437 4141 judicium
3482 4072 3638 4124 tuum
3695 4073 3844 4126 sicut

2184 4158 2470 4214 meridiem
2494 4158 2660 4229 (Psal.
2696 4173 2888 4225 xxxvi,
2921 4157 2995 4228 6).
3028 4157 3155 4213 Non
3187 4156 3380 4213 solum
3411 4157 3566 4214 enim
3597 4157 3837 4227 lumini,

2185 4249 2286 4303 60
2317 4247 2416 4303 sed
2450 4247 2626 4302 etiam
2686 4245 3009 4302 meridiano
3068 4244 3281 4302 lumini
3331 4246 3515 4303 sancti
3540 4248 3841 4318 justitiam

2183 4335 2558 4408 comparavit.

2251 4425 2306 4480 9.
2339 4424 2557 4480 Deinde
2588 4442 2705 4480 non
2763 4424 2955 4480 solum
3008 4441 3193 4479 unum
3227 4425 3492 4497 signum,
3525 4427 3628 4482 sed
3661 4427 3844 4484 etiam

428 4526 488 4581 in
511 4528 798 4597 potestate
830 4523 1039 4590 noctis,
1071 4539 1197 4593 quae
1228 4525 1560 4591 temporum
1583 4517 1808 4573 vicibus
1838 4515 2071 4572 obedire
2100 4541 2149 4605 D
2183 4514 2296 4569 duo
2356 4512 2541 4569 voluit
2589 4530 2719 4605 esse
2764 4513 2987 4605 diurna
3032 4512 3430 4605 discretionis
3494 4519 3674 4605 atque
3742 4532 3846 4571 no-

430 4612 820 4687 compellitur,
844 4615 901 4667 et
923 4627 1076 4666 nunc
1098 4608 1374 4681 impletur
1391 4606 1632 4672 lumine,
1667 4612 1839 4678 atque
1860 4622 2070 4660 vacua-

426 4709 561 4760 tur:
596 4702 734 4758 licet
763 4701 1024 4774 plerique
1054 4699 1211 4754 hunc
1241 4697 1434 4753 locum
1467 4695 1709 4767 mystice
1740 4695 1811 4750 de
1842 4694 2072 4749 Christo

424 4797 482 4849 et
513 4791 768 4849 Ecclesia
821 4790 1128 4845 videantur
1184 4785 1479 4859 accipere;
1539 4784 1696 4854 quod
1772 4784 2072 4854 agnoverit

422 4882 691 4938 Christus
722 4878 940 4953 proprii
970 4876 1228 4948 corporis
1261 4872 1615 4946 passionem,
1667 4871 1767 4943 qui
1801 4871 1881 4925 ait
1912 4888 1924 4926 :
1959 4876 2068 4927 Pa-

421 4974 520 5040 ter,
549 4972 699 5027 venit
727 4970 883 5035 hora,
916 4968 1161 5036 clari/ica
1190 4965 1394 5020 Filium
1424 4966 1580 5015 tuum
1609 4962 1785 5029 (Joan.
1819 4976 1957 5026 xvn,
1992 4960 2068 5031 1),

421 5066 486 5115 ut
512 5059 613 5116 illo
670 5075 879 5115 occasu
939 5073 1044 5112 suo
1102 5052 1377 5110 omnibus
1421 5051 1664 5106 donaret
1691 5049 1871 5104 vitam
1904 5054 2066 5105 aeter-

489 5203 601 5276 (45)
637 5203 854 5276 omnes
882 5200 1020 5255 edit.
1064 5202 1120 5253 et
1148 5214 1291 5276 mss.
1325 5193 1656 5276 nonpauci,
1678 5193 2066 5276 ‘ivl‘nplebuntur

418 5263 682 5355 ubertate.
708 5273 848 5327 Mss.
874 5277 1096 5343 septem
1118 5268 1348 5341 optimae
1367 5263 1535 5334 notae,
1558 5269 1611 5319 et
1635 5263 1771 5319 LXX
1792 5263 2061 5335 Interpr.,

420 5345 783 5486 ὸθῗιῖξξῖίῖἱάίι.
819 5414 1086 5484 quaedam
1146 5411 1354 5479 Paris.,
1407 5407 1500 5464 sed
1536 5412 1675 5464 Deus
1709 5408 1930 5477 prapter
1957 5406 2061 5460 Do-

411 5488 652 5550 minum,
694 5491 803 5541 etc.

485 5556 866 5629 (47)70mnes
916 5555 1078 5629 edit.,
1129 5556 1247 5629 luce
1288 5556 1561 5609 sinuatur.
1629 5549 1860 5629 Contra,
1912 5565 2054 5629 mss.

2184 4606 2402 4657 cturnaa
2429 4620 2442 4670 ;
2476 4606 2540 4657 ut
2570 4606 2626 4657 et
2654 4602 2754 4657 lux
2808 4601 3220 4658 discretionem
3256 4603 3447 4670 faciat,
3476 4608 3534 4659 et
3561 4603 3705 4660 solis
3736 4619 3840 4660 ex-

2182 4695 2365 4761 ortus,
2398 4697 2457 4747 et
2485 4691 2697 4746 iterum
2746 4689 2894 4745 lucis
2926 4690 3206 4759 defectus,
3235 4695 3290 4746 et
3321 4691 3625 4748 stellarum
3672 4697 3841 4750 ortus

2180 4781 2331 4836 inter
2359 4797 2631 4836 occasum
2663 4778 2779 4834 diei
2812 4778 3154 4852 distinguat,
3191 4784 3249 4835 et
3280 4780 3466 4836 noctis
3505 4781 3834 4837 exordium.

2179 4870 2324 4925 Nam
2359 4868 2454 4924 ubi
2488 4867 2765 4924 occiderit
2794 4866 2902 4935 sol,
2924 4873 3123 4923 manet
3152 4871 3352 4925 tamen
3387 4869 3577 4925 adhuc
3605 4868 3834 4941 aliquid

2177 4957 2558 5029 reliquiarum
2586 4956 2721 5022 diei,
2754 4956 2938 5011 donec
2976 4957 3229 5012 tenebrae
3275 4961 3492 5014 terram
3520 4957 3788 5030 operiant
3815 4977 3829 5015 :

2176 5051 2234 5101 et
2263 5052 2403 5101 tunc
2434 5044 2576 5101 luna
2622 5044 2827 5113 oritur,
2859 5045 3147 5101 et‘stellze.
3183 5048 3251 5103 Et
3281 5047 3352 5103 de
3384 5051 3553 5103 nocte
3583 5048 3830 5119 quidem

2174 5188 2537 5344 :Ifﬂféilfiizit.
2593 5259 2760 5314 Rom.
2792 5258 2957 5344 .sola,
3124 5262 3592 5344 illuminationem
3633 5266 3830 5321 terrae.

2173 5332 2238 5387 Et
2266 5336 2576 5403 certecap.
2610 5332 2896 5403 superiori
2918 5332 2999 5403 ita
3027 5333 3242 5388 citatur
3271 5333 3329 5388 in
3362 5334 3640 5389 omnibus
3672 5350 3824 5390 mss.

2170 5408 2229 5458 et
2258 5402 2393 5477 edit.
2417 5400 2799 5477 Sed‘utraque
2821 5400 2989 5459 lectio
3014 5404 3245 5475 probari
3270 5410 3477 5477 potest.
3511 5405 3632 5460 Etsi
3662 5405 3829 5461 enim

2170 5474 2391 5545 passim
2421 5475 2573 5546 apud
2628 5473 2783 5548 LXX,
2816 5480 2881 5542 εἰς
2910 5473 3095 5548 pauc—{tv
3119 5481 3197 5548 ἐπὶ
3222 5473 3309 5544 sic
3337 5487 3447 5547 γῆς,
3481 5477 3538 5531 in
3580 5492 3697 5531 uno
3728 5480 3829 5532 ta-

2168 5544 2301 5602 men
2333 5544 2556 5605 vetusto
2601 5544 2816 5617 codice,
2877 5544 2942 5619 ut
2997 5544 3186 5604 Nobil.
3241 5544 3514 5621 testatur,
3547 5554 3611 5618 εἰς
3634 5556 3819 5624 «panum

408 5620 529 5699 fere
558 5620 630 5689 ad
662 5643 874 5698 unum,
934 5620 1071 5687 luce’
1104 5627 1441 5697 insinuatur,
1500 5620 1893 5698 compositum
1931 5620 2057 5680 loco
2163 5628 2250 5694 τῆς
2277 5629 2382 5699 γῆς.
