4158 6168
243 352 369 417 205

1523 346 2085 411 HEXAEMERON
2133 349 2288 412 LIB.
2334 350 2446 414 IV.

3598 328 3720 423 206

242 488 453 561 aperte
482 483 700 556 liquet,
733 481 873 556 quia
900 481 1048 538 lunai
1066 483 1124 536 et
1181 478 1492 537 stellarum
1552 479 1919 536 illuminatio
1961 480 2010 546 Α
2047 498 2185 536 eum
2217 497 2248 536 e
2280 481 2525 554 regione
2568 478 2711 535 solis
2763 479 3001 551 aliquod
3057 498 3271 555 corpus
3318 488 3590 559 occurrit,
3650 506 3720 545 ex

241 576 441 633 noctis
473 573 673 647 spatia
701 576 967 629 testatur.
992 569 1292 642 Siquidem
1340 586 1446 642 per
1505 570 1666 626 diem
1728 568 1930 640 fulgo-

242 683 374 723 rem
409 664 587 720 illum
616 662 906 731 lunarem,
940 659 1359 730 stellarumque
1391 658 1669 714 omnium
1703 657 1795 713 sol
1829 672 1931 711 ex-

242 760 419 812 ortus
450 751 791 809 abscondit.
826 751 903 806 De
935 748 1023 804 die
1057 752 1252 802 autem
1283 746 1371 801 vel
1430 746 1568 819 ipsa
1624 746 1773 803 solis
1825 743 1933 798 ﬂa-

240 842 487 919 grantia
518 842 731 897 docere
763 856 870 895 nos
899 841 1082 911 potest
1111 836 1403 892 diversam
1428 835 1639 891 diurni
1674 830 1935 888 luminis

242 939 308 990 et
337 931 487 989 solis
513 948 645 987 esse
675 935 965 994 naturam,
999 930 1055 982 et
1082 925 1273 998 ipsam
1305 941 1437 981 esse
1450 924 1720 996 speciem
1750 919 1940 974 disco-

244 1023 469 1079 lorem.
502 1017 765 1091 Simplex
804 1021 891 1073 est
918 1016 1070 1072 enim
1110 1013 1258 1069 lueis
1308 1012 1565 1084 species,
1601 1016 1668 1067 ut
1727 1008 1937 1063 lumen

244 1112 537 1185 praebeat.
568 1109 645 1162 At
671 1123 805 1162 vero
835 1105 919 1160 sol
955 1121 1066 1160 non
1113 1102 1303 1158 solum
1361 1102 1651 1157 virtutem
1706 1096 1935 1152 illumi-

248 1200 442 1257 nandi
474 1198 683 1264 habet,
699 1194 985 1251 sedetiam
1000 1191 1350 1265 vaporandi;
1387 1192 1608 1262 igneus
1634 1192 1728 1244 est
1750 1187 1933 1243 enim.

244 1288 414 1362 Ignis
438 1290 646 1343 autem
678 1289 735 1340 et
764 1282 1050 1338 illuminat
1077 1285 1133 1336 et
1177 1279 1388 1335 exurit.
1448 1279 1621 1334 Unde
1646 1276 1933 1333 Dominus

244 1377 461 1436 volens
490 1373 682 1446 Moysi
715 1371 1010 1427 ostendere
1068 1386 1185 1424 suae
1237 1366 1613 1439 operationis
1670 1366 1932 1421 miracu-

245 1468 406 1535 lum,
442 1480 566 1536 quo
601 1462 838 1533 Moysen
853 1459 921 1514 ad
943 1457 1244 1513 obediendi
1268 1457 1550 1512 studium
1571 1459 1930 1526 provocaret,

247 1562 438 1627 atque
461 1551 537 1607 ad
570 1550 750 1605 ﬁdem
782 1547 1164 1602 inﬂammaret
1192 1546 1321 1617 ejus
1344 1544 1656 1609 atfectum,
1679 1542 1741 1597 in
1797 1542 1933 1615 igne

246 1644 421 1699 visus
454 1644 552 1697 est
585 1639 646 1693 in
680 1637 844 1703 rubo,
878 1640 932 1691 et
976 1636 1156 1691 rubus
1198 1651 1316 1690 non
1376 1631 1765 1701 exurebatur,
1827 1633 1929 1687 sed

248 1736 492 1789 tantum
531 1726 840 1799 splendere
868 1723 1014 1796 ignis
1045 1722 1237 1795 specie
1266 1721 1611 1777 videbatur.
1667 1718 1929 1774 Alterum

2052 586 2122 624 ea
2150 574 2315 641 parte
2347 587 2469 641 qua
2494 568 2702 623 lumen
2730 570 3123 641 repercutitur
3152 574 3288 645 (51),
3330 576 3541 633 umbra
3578 578 3717 633 sub-

2053 656 2246 713 sistit:
2280 658 2362 713 sic
2393 674 2537 712 cum
2573 656 2893 713 decedente
2945 658 3037 713 die
3093 676 3124 715 e
3182 663 3416 736 regione
3470 666 3717 722 luminis

2054 747 2183 817 ejus
2216 753 2315 801 aut
2345 746 2492 802 solis
2527 750 2700 801 terrae
2720 746 2984 817 objectus
3015 752 3286 818 occurrit,
3330 753 3719 810 obumbratur

2055 852 2170 889 aer.
2201 835 2363 891 Unde
2388 835 2588 906 liquet
2618 835 2775 905 quod
2817 839 3043 891 noctem
3099 839 3274 895 faciat
3331 844 3543 899 umbra
3597 848 3712 899 ter-

2053 940 2247 979 rarum
2259 966 2270 979 .

2706 994 2937 1049 CAPUT
2976 996 3067 1051 1V.

2053 1066 2375 1121 Luminaria
2402 1068 2557 1138 facta
2589 1069 2721 1120 sunt
2753 1067 2813 1118 in
2844 1067 3012 1137 ligna,
3044 1069 3136 1123 sed
3163 1087 3273 1126 non
3329 1074 3704 1129 nativitatum.

2118 1139 2641 1216 illailienzatieorum
2700 1139 2927 1216 scientia
2985 1140 3199 1216 inutilis
3246 1146 3325 1196 est
3379 1160 3443 1196 ae
3500 1145 3705 1216 impos-

2116 1209 2309 1290 sibilis.
2344 1211 2523 1290 Quam
2576 1211 2763 1290 inepte
2808 1211 3183 1290 proprietates
3213 1215 3544 1269 animalium
3576 1209 3706 1270 ἰαν-

2115 1282 2379 1335 restrium
2409 1282 2482 1335 ad
2510 1282 2782 1343 caelestia,
2816 1288 2867 1334 et
2898 1280 3093 1336 horum
3114 1283 3183 1337 ad
3224 1285 3467 1339 homines
3520 1292 3704 1341 trans-

2113 1352 2279 1420 ferat.
2338 1353 2523 1420 Quam
2577 1351 2817 1406 ridicule
2858 1352 3109 1407 stabilem
3180 1356 3311 1411 vitae
3393 1364 3591 1411 statum
3676 1373 3707 1413 ε

2113 1423 2284 1497 signis
2312 1425 2569 1478 erratieis
2599 1422 2839 1493 pendere
2870 1433 3095 1497 asserat.
3127 1429 3306 1494 Quam
3362 1428 3529 1497 impie
3586 1428 3705 1483 illis

2116 1493 2424 1562 qualitates,
2474 1509 2605 1563 quae
2667 1496 2899 1547 noceant
2952 1493 3348 1563 innocentibus,
3417 1493 3700 1556 attribuat.

2118 1564 2510 1641 Quam__s_tulte
2571 1564 2808 1641 tandem
2862 1576 3130 1641 proponat
3184 1570 3476 1641 manifeste
3530 1570 3702 1641 falsa,

2116 1643 2166 1688 et
2193 1637 2433 1692 malitia:
2461 1652 2527 1690 ae
2557 1636 2782 1690 inertia
2812 1639 3217 1693 excusationem
3244 1636 3567 1712 suppeditet.

2120 1722 2207 1777 l2.
2241 1722 2398 1778 Fecit
2428 1740 2566 1795 ergo
2619 1722 2831 1791 solem,
2874 1728 2934 1779 et
2986 1724 3209 1794 lunam,
3270 1733 3328 1783 et
3374 1728 3597 1800 stellas,
3648 1736 3709 1789 et

244 1822 439 1894 igitur
467 1813 875 1908 munusignis
922 1813 1178 1908 vacabat,
1211 1810 1507 1908 alterum.
1555 1808 1926 1907 operabatur.
1959 1844 2010 1908 B
2047 1811 2368 1881 praestituit
2393 1811 2509 1866 illis
2541 1828 2864 1867 mensuras
2895 1817 3246 1887 temporum,
3273 1817 3381 1873 soli
3438 1818 3705 1889 diurnas,

248 1908 523 1965 Vacabat
554 1901 872 1960 exustionis
893 1901 998 1969 vis,
1024 1901 1390 1973 Ioperabatur
1443 1895 1924 1952 illuminationis.

251 2001 394 2055 Ideo
429 1994 717 2067 stupebat
747 1991 988 2059 Moyses,
1021 1989 1156 2060 quia
1183 1992 1393 2045 contra
1421 1990 1701 2042 naturam
1755 2002 1927 2040 suam

249 2087 418 2163 ignis
450 2101 571 2142 non
604 2080 880 2138 exurebat
908 2081 1137 2149 rubum,
1189 2079 1291 2151 qui
1355 2078 1542 2133 etiam
1614 2074 1930 2131 vehemen-

252 2177 477 2235 tiorem
513 2170 817 2228 materiem
848 2169 1142 2224 consuevit
1184 2182 1455 2224 exurere.
1527 2165 1638 2220 Sed
1695 2164 1929 2220 Domini

256 2267 426 2341 ignis
450 2260 789 2318 illuminare
819 2256 977 2327 solet,
1009 2275 1246 2314 exurere
1278 2273 1400 2311 non
1444 2253 1614 2308 solet.

343 2356 436 2410 10.
468 2354 541 2407 At
571 2350 716 2405 forte
745 2347 902 2403 dicas
934 2364 945 2402 :
979 2346 1280 2412 Quomodo
1312 2343 1610 2414 scriptum
1641 2344 1731 2395 est
1758 2358 1770 2395 :
1820 2343 1932 2411 Ego

258 2462 401 2501 sum
430 2441 577 2513 ignis
604 2453 914 2494 consumens
960 2435 1134 2507 (Deut.
1198 2452 1276 2501 1v,
1308 2433 1407 2504 211)
1441 2434 1468 2485 .9
1526 2431 1681 2485 Bene
1727 2419 1931 2485 admo;

261 2531 486 2591 nuisti.
518 2528 640 2583 Non
663 2524 807 2582 solet
835 2541 1191 2592 consumere,
1227 2523 1346 2577 nisi
1372 2519 1504 2576 sola
1551 2522 1807 2591 peccata.
1866 2520 1929 2575 In

258 2618 659 2679 retributione
682 2630 909 2688 quoque
952 2614 1294 2668 meritorum
1349 2608 1689 2680 colligimus
1749 2606 1929 2661 dividi

260 2710 427 2785 ignis
460 2712 735 2763 naturam
752 2703 900 2773 (49);
932 2701 1151 2757 utalios
1174 2699 1500 2765 illuminet,
1534 2696 1679 2751 alios
1701 2701 1928 2763 exurat,

260 2797 576 2855 illuminet
598 2794 814 2864 justos,
846 2793 1046 2846 exurat
1076 2790 1311 2861 impios.
1346 2786 1478 2841 Non
1510 2785 1745 2840 eosdem
1779 2802 1930 2855 quos

262 2886 594 2948 illuminat,
618 2880 804 2937 exurit
835 2882 891 2934 et
919 2896 1065 2951 quos
1081 2878 1269 2934 exurit
1302 2874 1605 2931 illuminat
1630 2892 1642 2928 :
1670 2874 1769 2929 sed
1794 2873 1928 2929 illu-

264 2975 525 3033 minatio
552 2972 682 3043 ejus
716 2967 1203 3041 inexstinguibilis
1226 2970 1319 3023 est
1364 2964 1438 3020 ad
1462 2962 1930 3035 perfunctionem

268 3066 385 3137 (50)
426 3064 745 3127 bonorum,
807 3056 1028 3112 exustio
1076 3056 1397 3111 vehemens
1438 3052 1511 3108 ad
1570 3050 1929 3123 supplicium

266 3156 673 3228 peccatorum.

345 3241 434 3297 11.
459 3238 575 3295 Sed
606 3238 957 3292 revertamur
984 3235 1057 3290 ad
1090 3232 1508 3289 discretionem
1541 3227 1656 3284 diei
1699 3244 1765 3283 ac
1823 3246 1927 3285 no-
1960 3210 2002 3276 C

272 3332 410 3387 etis.
444 3326 681 3385 Oriente
711 3324 820 3380 diei
849 3324 1072 3379 lumine
1133 3340 1249 3378 nox
1308 3322 1567 3393 fugatur,
1617 3317 1930 3374 decedente

276 3419 374 3475 die
403 3434 520 3473 nox
551 3413 895 3469 infunditur.
920 3413 1045 3468 Non
1078 3414 1169 3467 est
1198 3410 1359 3466 enim
1389 3407 1507 3462 luci
1532 3405 1780 3461 societas
1810 3405 1933 3462 ulla

275 3524 418 3563 cum
445 3501 1043 3573 tenebriszsiquidem
1078 3497 1334 3555 naturali
1362 3497 1489 3568 lege
1506 3495 1615 3551 hoc
1646 3494 1933 3551 Dominus

273 3597 341 3652 in
373 3595 572 3667 prima
600 3591 926 3663 operatione
948 3608 1056 3647 sua
1078 3587 1404 3645 constituit.
1438 3582 1666 3640 Etenim
1698 3584 1933 3654 quando

273 3684 484 3740 lumen
517 3680 675 3748 fecit,
708 3682 762 3734 et
788 3679 1199 3735 discretionem
1234 3674 1370 3731 fecit
1412 3673 1567 3728 inter
1626 3670 1814 3726 lucem
1869 3690 1936 3728 ac

274 3772 577 3830 tenebras.
614 3768 864 3841 Denique
895 3769 953 3822 in
990 3768 1119 3840 ipso
1151 3765 1265 3833 die,
1292 3765 1419 3835 jam
1450 3760 1571 3817 sole
1619 3759 1790 3815 terris
1847 3761 1937 3816 in-

275 3863 433 3928 fuso,
464 3859 735 3914 videmus
764 3858 1031 3913 umbram
1076 3855 1171 3911 vel
1224 3852 1504 3919 hominis,
1554 3847 1645 3904 vel
1699 3848 1938 3922 virgulti

274 3950 539 4021 alicujus
570 3964 604 4001 a
633 3945 851 4002 lumine
882 3944 1163 4018 separari,
1198 3947 1264 3998 ut
1308 3956 1483 3998 mane
1537 3939 1611 3993 ad
1663 3953 1938 3994 occasum

283 4039 599 4111 dirigatur,
640 4035 856 4107 vesperi
902 4037 1309 4105 retorquentur
1366 4031 1426 4085 in
1458 4027 1764 4095 orientem,
1816 4044 1941 4083 me-

281 4125 538 4183 ridianis
565 4122 726 4179 horis
782 4124 853 4178 ad
904 4121 1334 4193 sptentrionem
1388 4116 1666 4173 inclinet:
1728 4114 1940 4171 lumini

288 4221 489 4270 tamen
521 4228 636 4267 non
667 4210 1043 4266 confunditur
1074 4219 1249 4280 atque
1280 4207 1583 4271 miscetur,
1628 4204 1727 4259 sed
1788 4205 1944 4260 cedit

288 4308 345 4360 et
373 4300 613 4373 refugit.
659 4298 937 4355 Similiter
981 4303 1040 4353 et
1098 4314 1211 4352 nox
1271 4295 1474 4351 cedere
1519 4291 1750 4347 videtur
1802 4293 1939 4362 diei,

288 4397 345 4448 et
370 4407 435 4447 se
466 4390 541 4445 ab
570 4390 697 4460 ejus
728 4386 948 4443 lumine
978 4385 1307 4451 declinare;
1339 4388 1430 4439 est
1461 4381 1644 4449 enim,
1680 4384 1744 4435 ut
1788 4382 1942 4453 peri-

289 4481 473 4536 tiores
504 4477 822 4549 probarunt
852 4475 953 4548 qui
987 4474 1158 4529 nohis
1198 4472 1284 4527 vel
1344 4475 1513 4527 tetate
1562 4468 1652 4524 vel
1702 4486 1943 4528 munere

2044 1897 2197 1953 lunae
2230 1899 2531 1971 stellisque
2560 1905 2889 1957 nocturnas
2919 1919 2931 1957 :
2969 1908 3031 1958 ut
3061 1905 3170 1960 iste
3200 1910 3410 1979 augeat
3440 1907 3554 1965 diei
3578 1924 3709 1982 gra-

2042 1987 2209 2054 tiam,
2244 1986 2357 2041 illze
2390 1988 2667 2043 umbram
2700 1990 3091 2063 tenebrasque
3122 1992 3477 2051 illuminent.
3500 1998 3571 2052 Et
3588 2000 3705 2055 sint

2042 2078 2102 2131 in
2133 2078 2313 2146 signa,
2342 2080 2393 2131 et
2423 2078 2483 2130 in
2513 2084 2781 2148 tempora,
2815 2087 2866 2134 et
2898 2081 2952 2134 in
2983 2081 3118 2148 dies,
3149 2087 3199 2137 et
3226 2084 3287 2138 in
3317 2101 3489 2141 annos
3546 2085 3700 2158 (Gen.

2043 2181 2081 2231 ι,
2121 2166 2226 2235 14).
2264 2164 2461 2219 Divisa
2484 2169 2757 2237 tempora
2787 2166 3007 2224 habent
3045 2187 3333 2245 paresque
3390 2191 3703 2234 mensuras

2042 2270 2147 2326 pro
2181 2252 2477 2308 mensium
2508 2253 2742 2310 vicibus
2776 2255 2865 2312 sol
2897 2265 2950 2312 et
2989 2257 3130 2315 luna
3187 2278 3321 2317 cum
3377 2262 3589 2333 stellis,
3646 2268 3706 2322 et

2043 2347 2183 2397 sunt
2214 2342 2274 2396 in
2308 2341 2479 2412 signa
2510 2358 2623 2397 non
2657 2359 2986 2413 possumus
3038 2366 3248 2421 negare
3277 2352 3434 2423 quod
3465 2370 3535 2409 ex
3581 2353 3703 2411 sole

2042 2436 2099 2487 et
2126 2430 2270 2486 luna
2300 2433 2471 2502 signa
2497 2429 2698 2500 aliqua
2738 2432 3129 2508 colligantur;
3164 2457 3300 2496 nam
3331 2445 3388 2497 et
3415 2443 3703 2500 Dominus

2043 2520 2218 2576 dixit:
2280 2522 2347 2575 Et
2395 2527 2555 2573 erant
2610 2521 2774 2589 signa
2828 2525 2887 2577 in
2935 2527 3066 2592 sole,
3117 2531 3169 2583 et
3210 2530 3368 2598 luna,
3426 2536 3478 2588 et
3529 2508 3706 2590 stellis

2043 2610 2192 2680 (Luc.
2227 2626 2342 2676 xxi,
2376 2608 2486 2677 25).
2549 2607 2619 2661 Et
2679 2613 3081 2680 quaerentibus
3137 2619 3416 2689 apostolis
3465 2620 3704 2693 signum

2043 2700 2332 2754 adventus
2366 2697 2516 2764 ejus,
2549 2699 2896 2767 respondit:
2934 2702 3024 2757 Sol
3053 2704 3452 2775 obseurabitur,
3484 2714 3537 2765 et
3567 2711 3705 2767 luna

2041 2804 2151 2843 non
2180 2788 2335 2842 dabit
2380 2786 2565 2839 lumen
2621 2801 2806 2858 suum,
2879 2795 2929 2844 et
2983 2793 3157 2849 stellae
3201 2795 3393 2852 cadent
3447 2797 3511 2853 de
3566 2799 3700 2855 ειειο

2041 2878 2249 2947 (ΜαιιΙι.
2272 2890 2427 2940 xxxv,
2460 2872 2573 2944 29.)
2606 2873 2737 2930 Haec
2768 2877 2916 2933 dixit
2936 2879 3058 2936 fore
3089 2883 3257 2955 signa
3314 2884 3523 2941 futuris
3560 2904 3697 2943 con-

2040 2962 2622 3020 summationis:sed
2657 2968 3011 3025 conveniens
3051 2972 3219 3028 debet
3276 2990 3426 3030 curaa
3483 2980 3699 3033 nostra:

2042 3070 2323 3109 mensura
2353 3067 2590 3106 servari.

2112 3142 2198 3196 13.
2260 3138 2522 3210 Denique
2574 3142 2819 3197 nonnuli
2874 3146 3245 3204 nativitatum
3329 3155 3697 3210 tentaverunt

2042 3230 2366 3301 exprimere
2400 3226 2735 3298 qualitates,
2770 3234 2963 3304 qualis
2991 3236 3048 3290 fu
3064 3242 3233 3293 turus
3264 3239 3343 3295 sit
3372 3243 3692 3314 unusquis-

2042 3336 2154 3390 que
2186 3318 2287 3389 qui
2322 3323 2494 3371 natus
2547 3317 2642 3384 sit,
2697 3334 2835 3376 cum
2877 3323 2985 3379 hoc
3030 3343 3143 3381 non
3202 3327 3397 3386 solum
3451 3348 3689 3398 vanum,

2042 3407 2141 3463 sed
2175 3407 2352 3462 etiam
2381 3404 2587 3494 inutile
2609 3407 2686 3459 sit
2707 3412 3127 3480 quaerentibus,
3150 3415 3497 3488 impossible
3526 3420 3695 3494 polli-

2043 3494 2331 3551 centibus.
2368 3493 2516 3559 Quid
2549 3494 2706 3548 enim
2741 3500 2863 3553 tam
2892 3500 3118 3571 inutile,
3153 3520 3333 3574 quam
3386 3513 3453 3564 ut
3508 3493 3697 3566 unus-

2046 3584 2297 3657 quisque
2326 3582 2677 3654 persuadeat
2710 3584 2823 3640 sibi
2855 3587 2962 3643 hoc
2995 3606 3123 3647 esse
3154 3596 3310 3663 quod
3357 3603 3530 3655 natus
3561 3597 3697 3655 est?

2043 3673 2226 3728 Nemo
2257 3687 2393 3744 ergo
2415 3671 2586 3726 debet
2616 3670 2792 3727 vitam
2838 3691 3030 3743 suam,
3099 3684 3321 3737 statum
3384 3702 3698 3759 moresque

2048 3766 2276 3817 mutare
2297 3766 2353 3815 et
2382 3759 2520 3815 eniti
2554 3777 2668 3831 quo
2697 3760 2904 3817 melior
2933 3765 3057 3831 ﬁat,
3085 3768 3186 3822 sed
3217 3768 3276 3823 in
3333 3789 3402 3828 ea
3458 3792 3700 3846 persua-

2048 3851 2211 3907 sione
2239 3865 2494 3905 manere.
2522 3850 2721 3921 Neque
2751 3852 3002 3921 probum
3054 3856 3164 3927 (52)
3213 3863 3380 3927 potes
3434 3860 3699 3930 laudare,

2050 3957 2153 3996 nec
2184 3940 2575 3996 condemnare
2595 3937 2952 4010 improbum,
2997 3944 3099 4014 qui
3155 3948 3490 4004 necessitati
3546 3949 3696 4005 nati-

2049 4030 2242 4084 vitatis
2296 4044 2417 4084 sua:
2502 4028 2853 4099 respondere
2932 4031 3214 4087 videatur.
3276 4034 3345 4090 Et
3405 4038 3698 4109 quomodo

2049 4118 2334 4173 Dominus
2365 4121 2467 4172 aut
2498 4117 2667 4171 bonis
2691 4117 3262 4191 prazmiaproposuit,
3297 4126 3699 4199 autimprobis

2050 4222 2272 4278 poenas,
2306 4206 2354 4259 si
2388 4205 2525 4259 facit
2556 4205 3285 4281 necessitasdisciplinam,
3319 4217 3377 4268 et
3393 4231 3700 4272 conversa-

2050 4296 2270 4350 tionem
2301 4292 2605 4349 stellarum
2638 4310 2849 4350 cursus
2907 4297 3225 4353 informat?
3286 4302 3357 4356 Et
3413 4304 3556 4376 quid
3613 4307 3705 4361 est

2052 4382 2208 4439 aliud
2243 4399 2420 4453 quam
2452 4381 2750 4437 hominem
2782 4384 2853 4438 de
2897 4384 3134 4459 homine
3180 4405 3411 4462 exuere,
3461 4393 3512 4448 si
3560 4392 3703 4450 nihil

2052 4471 2338 4537 moribus,
2374 4469 2519 4525 nihil
2550 4469 2926 4539 institutioni,
2962 4475 3105 4530 nihil
3124 4477 3705 4554 studiisderelinqui—

288 4568 738 4640 praecurrerunt,
764 4565 975 4619 umbra
1006 4568 1193 4618 terrae.
1219 4559 1576 4617 Naturaliter
1605 4557 1762 4613 enim
1810 4576 1937 4615 um-
1974 4575 2020 4638 D
2050 4560 2189 4616 tur?
2234 4559 2417 4622 Quam
2477 4559 2692 4614 multos
2744 4560 3013 4619 videmus
3068 4570 3298 4638 ereptos
3356 4569 3705 4628 criminibus

291 4657 404 4712 bra
438 4652 663 4726 corpori
722 4652 979 4708 adhaeret
1035 4654 1210 4721 atque
1269 4647 1633 4721 adjungitur,
1684 4646 1826 4702 adeo
1886 4652 1950 4703 ut

292 4744 475 4800 etiam
510 4741 758 4813 pictores
802 4740 1042 4795 umbras
1088 4754 1398 4810 corporum
1457 4753 1585 4808 qua:
1635 4735 1949 4807 pinxerint,

294 4833 567 4888 nitantur
593 4830 935 4902 exprimere,
969 4828 1147 4899 idque
1177 4827 1319 4882 artis
1354 4842 1484 4882 esse
1514 4830 1779 4881 asserant
1837 4844 1951 4881 non

292 4919 685 4977 intermittere
716 4919 809 4973 61
847 4918 964 4973 vim
1016 4919 1277 4971 naturae:
1327 4920 1383 4971 et
1441 4914 1613 4987 quasi
1668 4915 1955 4971 naturalis

290 5010 449 5081 iuris
509 5007 913 5080 praevaricator
963 5005 1270 5075 habeatur,
1332 5005 1507 5075 cujus
1557 5003 1787 5075 pictura
1839 5021 1954 5060 non

288 5100 480 5156 etiam
512 5096 778 5152 umbram
801 5109 975 5151 suam
1008 5092 1319 5165 exprimat.
1355 5094 1504 5165 Ergo
1549 5092 1701 5147 sicut
1758 5094 1817 5147 in
1863 5092 1957 5148 die

370 5228 489 5299 (49)
519 5228 656 5284 Mss.
691 5228 882 5295 Rem.,
915 5226 1073 5282 Cum.
1109 5242 1174 5281 ac
1206 5226 1367 5298 Reg,
1400 5226 1580 5281 divini
1611 5218 1760 5295 ignis
1790 5229 1958 5281 natu-

294 5317 490 5441 ναῗέὸ)
550 5370 807 5441 Quatuor
872 5369 1171 5441 mss.,gad
1220 5371 1607 5440 perfectionem
1679 5368 1956 5441 bonorum.

2062 4654 2235 4720 atque
2268 4647 2519 4720 peccatis
2550 4647 2607 4702 in
2642 4647 2941 4705 meliorem
2965 4656 3184 4709 statum
3216 4671 3344 4712 esse
3375 4674 3701 4714 conversos.

2064 4735 2366 4808 Redempti
2397 4740 2537 4792 sunt
2565 4736 2831 4808 apostoli,
2864 4744 2922 4795 et
2944 4746 3277 4815 congregati
3318 4761 3386 4800 ex
3443 4750 3703 4817 peccato-

2065 4826 2265 4881 ribus:
2330 4842 2445 4879 non
2534 4825 2737 4898 utique
2821 4829 3142 4886 nativitatis
3223 4849 3341 4886 suae
3385 4832 3542 4895 hora.
3600 4832 3703 4888 sed

2065 4914 2281 4971 Christi
2314 4930 2412 4968 eos
2441 4914 2825 4971 sanctiﬁcavit
2856 4918 3158 4988 adventus,
3207 4924 3263 4974 et
3305 4919 3448 4974 hora
3501 4919 3705 4975 Domi-

2066 5003 2205 5058 nicae
2239 5002 2530 5074 passionis
2561 5004 2807 5060 redemit
2836 5022 2870 5060 a
2896 5012 3099 5063 morte.
3160 5008 3325 5062 Latro
3365 5008 3702 5079 damnatus,

2066 5092 2163 5148 ille
2228 5091 2328 5163 qui
2384 5096 2474 5147 est
2529 5109 2662 5149 cum
2721 5092 2967 5151 Domino
3042 5096 3152 5167 (53)
3202 5095 3536 5167 cruciﬁxus,
3588 5115 3706 5155 non

2069 5231 2363 5301 quatuor,
2396 5244 2505 5298 qua
2536 5228 2744 5301 lumine
2773 5232 3128 5301 repereutiur,
3163 5230 3360 5286 minus
3382 5233 3704 5289 commode.

2160 5299 2356 5381 52)l_ta
2387 5315 2530 5381 mss.
2567 5299 2861 5354 undecim.
3032 5318 3095 5355 ac
3136 5302 3312 5381 eni_t_.:
3363 5303 3706 5381 enitih(t_}il_l.

2066 5371 2157 5426 sed
2184 5372 2323 5425 eniti
2340 5387 2359 5430 ;
2390 5371 2579 5433 Rom.,
2614 5385 2784 5440 neque
2812 5374 2971 5441 eniti)
2993 5388 3095 5441 quo
3124 5375 3321 5427 melior
3348 5376 3464 5443 ﬁat.
3498 5371 3599 5430 sed
3646 5377 3708 5432 in

295 5436 517 5498 melius
561 5439 680 5513 alii,
714 5458 779 5497 ac
810 5442 975 5509 edit.,
1010 5436 1080 5496 ad
1113 5436 1571 5512 periunctionem,
1603 5443 1734 5505 etc.,
1768 5439 1827 5493 id
1847 5445 1964 5513 _est
2070 5459 2135 5498 ea
2165 5444 2514 5513 persuasione
2541 5436 2715 5513 neque
2734 5436 3124 5511 probant-etc.

298 5515 376 5570 ad
426 5512 785 5568 fruitionem.
838 5513 1040 5581 Basil.,
1072 5510 1135 5575 et;
1164 5510 1436 5567 dnd‘muctv
1464 5516 1561 5571 τοῖς
1594 5515 1804 5573 δίκαίοις.
1846 5510 1962 5567 Hoc

299 5585 482 5646 verbo
515 5600 631 5641 non
664 5583 845 5641 semel
876 5584 1058 5639 utitur
1086 5583 1455 5638 Ambrosius.

375 5656 491 5740 (51)
523 5656 676 5717 Edit.
707 5656 947 5717 Amerb.
981 5660 1038 5714 et
1064 5654 1248 5717 Paris.
1282 5650 1578 5713 nonnullae
1623 5668 1757 5713 cum
1814 5669 1959 5718 mss.

2132 5511 2243 5585 (53)
2278 5512 2424 5567 Edit.
2459 5515 2516 5566 et
2545 5511 2712 5585 pauci
2746 5529 2915 5579 mss.,
2951 5514 3090 5569 latro
3128 5514 3225 5570 ille
3273 5514 3564 5571 damnatus
3608 5533 3711 5583 ea-

2130 5580 2234 5651 tis,
2253 5585 2348 5666 ille
2376 5598 2501 5638 eum
2533 5580 2786 5656 Domino,
2819 5588 2929 5645 etc.
2958 5586 3071 5644 Alii
3100 5586 3300 5656 decem
3328 5587 3588 5650 melioris
3608 5580 3714 5656 cavi

2113 5660 2138 5721 t
2162 5673 2270 5719 nos
2300 5672 2361 5717 in
2393 5657 2575 5718 textu.
