4158 6168
1892 289 1958 350 s.
2004 286 2379 369 AMBROSII
2411 354 2415 359 .

3716 289 3853 379 Μ

430 405 716 507 beneﬁcio
730 428 1055 489 nativitatis
1086 444 1227 495 suae,
1259 426 1363 501 sed
1391 423 1525 494 fidei
1576 402 1940 479 confessione
1997 422 2069 477 ad
2099 422 2154 488 Α
2185 421 2331 477 Nam
2360 425 2418 477 et
2447 421 2561 494 ipsi
2581 421 2816 480 vitalem
2844 421 3013 482 illum
3035 424 3345 499 signorum
3385 384 3839 507 duodecimeir-

430 507 688 597 paradisi
718 517 829 578 68'
850 519 1062 576 mterna
1092 514 1380 581 transivit,
1414 513 1626 569 Jonam
1656 511 1717 567 in
1757 510 1905 566 mari
1958 527 2072 566 non

429 611 518 669 vis
548 607 889 680 nativitatis,
925 608 1027 664 sed
1058 600 1443 662 dissimulata;
1474 600 1680 656 divina
1741 597 2075 673 praeceptio-

431 700 526 758 nis
581 699 847 774 praecipit
906 697 1145 760 offensa,
1231 691 1622 762 eamdemque
1678 691 1840 745 cetus
1925 686 2076 744 exci-

431 788 624 862 piens,
658 789 730 846 ad
761 786 1043 844 indicium
1076 779 1258 839 futuri
1310 778 1570 852 mysterii
1626 782 1758 851 post
1812 776 2076 832 triduum

433 879 740 944 revomuit,
767 882 825 935 et
860 871 1207 948 prophetica:
1250 869 1456 926 merito
1503 868 1701 941 gratiae
1744 866 2074 923 reservavit.

432 969 667 1026 Petrum
696 969 768 1023 de
795 979 1022 1021 carcere
1051 959 1383 1016 imminenti
1419 961 1605 1014 morte
1666 955 2075 1030 perimendum

435 1057 678 1133 angelus
709 1052 949 1121 Christi,
1008 1067 1125 1106 non
1185 1047 1489 1105 stellarum
1547 1045 1730 1103 series
1787 1043 2073 1100 liberavit.

434 1130 934 1215 Paulumjcaeeitas
965 1138 1249 1197 convertit
1297 1137 1367 1192 ad
1417 1135 1688 1208 gratiam,
1737 1138 1795 1189 et
1834 1148 2077 1205 percus-

432 1246 571 1291 sum’
595 1250 630 1289 a
655 1232 874 1304 vipera,
904 1229 1324 1299 turbatumque
1356 1224 1680 1296 naufragio,
1714 1238 1829 1278 non
1885 1237 2077 1277 reme—

432 1319 528 1403 dia
558 1320 899 1391 nativitatis,
929 1318 1032 1376 sed
1065 1316 1388 1375 devotionis
1430 1314 1640 1370 merita
1679 1314 2074 1368 servaverunt.

612 1412 683 1468 de
723 1410 1158 1484 illisjdicemus,
1191 1405 1292 1478 qui
1338 1421 1539 1461 eorum
1597 1401 1893 1475 precibus,
1942 1415 2077 1454 cum

439 1488 693 1565 {uideant
723 1497 1438 1567 mortui,{'resurrexerunt
1457 1491 1723 1562 ‘LUtrum
1780 1488 1912 1545 illos
1971 1504 2080 1544 sua

432 1588 729 1656 nativitas,
765 1604 837 1645 an
870 1584 1192 1660 apostolica
1210 1583 1399 1656 gratia
1454 1578 1872 1637 resuscitavit‘?
1928 1577 2076 1641 Quid

434 1677 742 1760 opustuit,
776 1680 843 1733 ut
875 1672 1189 1747 sejejuniis
1210 1670 1605 1744 periculisque
1625 1668 2076 1734 committerent,

434 1758 628 1840 sizquo
656 1761 1282 1837 volebantfnativitatis
1314 1758 1593 1853 beneficio
1630 1760 1898 1831 poterant
1948 1772 2078 1828 per—
2111 1789 2158 1853 Β

430 1854 626 1915 venire
645 1856 674 1912 ‘l
695 1856 859 1923 Quod
889 1855 941 1911 si
970 1853 1355 1911 credidissent
1380 1850 1512 1923 (54),
1563 1848 1704 1903 dum
1771 1847 2081 1917 expectant

434 1950 688 2009 fatorum
720 1946 1150 2009 necessitatem,
1179 1956 1486 2013 nunquam
1516 1938 1588 1994 ad
1612 1940 1835 1992 tantam
1878 1950 2078 2006 perve-

433 2040 664 2098 nissent
684 2037 958 2112 gratiam.
988 2031 1432 2103 Inutilis,igitur
1459 2027 1574 2083 ista
1610 2024 1932 2099 persuasio.

482 2133 593 2188 ’14.
625 2129 775 2194 Quid
808 2127 961 2200 quod
980 2124 1157 2181 etiam
1174 2116 1562 2192 impossibilia
1582 2114 1611 2170 Ἰ
1635 2115 1782 2170 Nam
1801 2117 1867 2169 ut
1894 2113 1966 2168 de
1982 2129 2079 2200 eos

433 2206 565 2285 rum
597 2199 1254 2292 aliquididisputatione
1310 2222 1639 2271 sumamus,
1691 2199 2079 2275 redarguendi

432 2297 623 2385 gratia
651 2325 768 2367 non
800 2303 1108 2381 probandi,
1141 2314 1420 2374 magnam
1448 2294 1793 2351 vim’dicunt
1822 2306 2078 2385 essent»

433 2377 698 2466 tivitatis,
718 2377 965 2467 eamque
980 2389 1223 2448 minutis
1250 2384 1682 2461 quibusdamjet
1700 2380 1875 2467 certis
1887 2377 2080 2449 colligi

435 2472 703 2567 oportere
785 2466 1137 2543 momentis:
1214 2494 1281 2533 ac
1333 2471 1699 2541 nisiipverius
1747 2466 2079 2540 colligatur,

435 2557 732 2636 summam
798 2590 928 2630 esse
986 2567 1374 2626 distantiam:
1432 2559 1589 2618 brevi
1648 2557 1805 2615 enim
1862 2559 2078 2622 atomo,

431 2670 758 2747 exiguoque
789 2664 1084 2723 momento
1124 2657 1344 2713 distare
1372 2650 1731 2708 nativitatem
1774 2645 1967 2746 inopis
2024 2647 2082 2700 et

431 2734 706 2834 potentis,
739 2753 964 2829 egentis
996 2745 1301 2820 etidivitis,
1330 2739 1661 2797 innocentis
1689 2741 1758 2808 ;et
1784 2734 1949 2834 noxii
1965 2752 2006 2834 ;.
2025 2736 2082 2834 et

432 2822 1203 2922 plerumqueveademmora
1228 2830 1494 2907 generari
1535 2823 1886 2922 longaevitati
1918 2822 2080 2922 debi-

431 2911 583 3005 tum,
601 2940 658 2992 et
683 2911 881 3006 prima
910 2926 1173 3002 pueritiae
1202 2926 1366 2979 aetate
1388 2918 1761 2983 moriturum,
1786 2912 1835 2969 si
1854 2911 2081 2984 reliqua

434 3002 862 3099 disparia—sint,
889 3023 947 3074 et
972 3016 1170 3087 aliquo
1202 3014 1419 3084 puncto
1451 3006 1724 3099 discreta.
1759 3002 1879 3058 Hoc
1934 3016 2077 3099 que-

432 3089 819 3181 madmodum
850 3100 1401 3181 possintfcolligere,
1424 3092 1868 3168 frespondeant.
1929 3089 2078 3181 Con-

434 3158 819 3181 ιυμυι-ιινν--σο-
896 3158 1095 3174 ν-ηηη,
1122 3158 1129 3159 κ
1245 3158 1278 3174 υ
1385 3158 1395 3164 ,
1426 3158 1437 3168 ,
1553 3158 1573 3166 _

432 3198 607 3277 stitue
635 3158 883 3275 partum:
900 3193 1156 3260 feminae;
1191 3186 1475 3246 obstetrix
1500 3184 1700 3254 utique
1730 3197 1865 3236 eum
1889 3178 2078 3251 primo
2109 3158 2153 3225 C

430 3266 751 3369 cognoscit,
783 3286 1045 3361 explorat
1061 3280 1347 3354 vagitum,
1382 3292 1498 3369 quo
1529 3271 1648 3330 nati
1666 3270 1815 3369 “vita
1855 3266 2078 3369 colligi:

430 3358 549 3451 ιωῖ,
579 3378 828 3439 attendit
855 3358 1392 3443 utrumzmasculus
1424 3364 1520 3433 sit,
1555 3378 1628 3416 an
1660 3358 1897 3451 femina.
1926 3358 2082 3451 Quot

430 3444 719 3531 visfinter
764 3467 873 3523 has
930 3477 1125 3519 moras
1175 3454 1468 3530 praeterire
1500 3447 1843 3506 momenta?
1926 3444 2080 3500 Pone

432 3550 1362 3629 mathematicumﬁpraeparatum.
1396 3541 1697 3613 Numquid
1738 3541 1932 3614 potest
1989 3536 2080 3629 vir

430 3626 715 3711 interesse
744 3632 1053 3723 puerperio
1071 3642 1099 3697 ‘I
1128 3639 1279 3696 Dum
1311 3633 1553 3690 mandat
1579 3629 1883 3723 obstetrix,
1915 3626 2080 3684 audit

428 3715 765 3810 Chaldaeus,
818 3715 985 3810 ponit
1037 3725 1451 3799 horoscopium
1514 3720 1662 3810 (55):;
1715 3719 1776 3774 in
1834 3715 2077 3810 alterius

428 3806 644 3889 sortem
670 3830 796 3903 jam
820 3805 947 3883 nati
979 3822 1097 3878 fata
1129 3816 1477 3889 migrarunt,
1501 3811 1572 3866 de
1601 3807 1780 3864 altero
1799 3805 2079 3879 quaeritur

425 3922 491 3979 et‘
511 3901 753 3978 alterius
784 3914 1053 3990 genitura
1082 3903 1447 3982 proponitur.
1497 3901 1652 3956 Pone
1699 3912 1899 3952 veram
1947 3911 2076 3952 esse

419 3996 624 4069 eorum
655 3985 991 4080 opinionem
1044 3999 1115 4053 de
1168 3992 1541 4050 nativitatum
1601 3985 2070 4052 necessitatibus,

418 4075 760 4173 non-potest
788 4108 922 4149 vera
942 4103 1069 4145 esse
1122 4080 1402 4140 collectio.
1470 4079 1692 4133 Puncta
1738 4075 2068 4140 transeunt,

416 4160 838 4263 fulgitjtempus
886 4171 1281 4247 irreparabile.
1319 4170 1446 4226 Non
1475 4170 1566 4223 est
1595 4160 2069 4263 .dubiumﬁquod

412 4252 649 4349 tempus
679 4252 752 4328 ir;
771 4273 966 4326 atomo
992 4268 1050 4320 et
1079 4264 1137 4318 in
1160 4261 1455 4318 momento
1487 4253 1636 4311 oculi
1669 4253 1766 4308 sit.
1798 4252 2071 4307 Adducor

421 4369 489 4422 ut
506 4343 762 4429 credam,
796 4355 1031 4431 quando
1056 4367 1259 4409 omnes
1289 4349 1362 4430 inl
1391 4351 1605 4412 atomo,
1638 4343 1695 4398 in
1749 4343 2067 4406 momento,

414 4452 475 4510 in
509 4451 629 4506 ictu
653 4446 810 4505 oculi
835 4442 1275 4505 resuscitamur,
1325 4441 1390 4492 ut
1447 4433 1759 4506 Apostolus
1781 4433 2066 4503 protesta-

2186 509 2409 566 cuitum
2443 511 2499 565 in
2533 511 2841 567 duodecim
2873 517 3067 585 partes
3097 513 3500 570 dividuntz’et
3554 508 3709 585 quia
3730 509 3839 567 tri-

2185 598 2350 672 ginta
2419 600 2625 656 diebus
2709 600 2796 656 sol
2845 601 3257 659 duodecimam
3330 605 3557 675 partem
3614 600 3861 674 sphera,

2186 689 2315 760 ejus
2353 705 2480 761 quae
2537 688 2950 746 inenarrabilis
3015 690 3268 747 habetur
3314 691 3661 765 regreditur,
3722 705 3842 763 quo

2186 794 2365 850 gyrus
2386 777 2528 833 solis
2551 776 2689 833 anni
2723 778 2975 834 circuitu
3033 779 3421 853 compleatur,
3483 779 3543 834 in
3601 775 3863 853 triginta

2188 865 2608 939 portiunculas,
2672 883 2821 939 quas
2846 875 3017 940 μοίρας
3061 867 3243 925 Graeci
3310 870 3538 941 vocant,
3625 882 3846 922 unam-

2186 972 2482 1028 quamque
2524 955 2833 1012 duodecim
2865 957 2965 1013 09
2996 955 3233 1012 illarum
3290 956 3660 1013 distribuunt
3707 951 3845 1027 por-

2185 1044 2405 1100 tionem
2435 1063 2448 1112 ;
2479 1044 2671 1117 ipsam
2704 1061 2937 1117 quoque
2968 1030 3399 1118 portiunculam
3432 1044 3493 1099 in
3538 1043 3866 1119 sexaginta.

2184 1132 2342 1188 vices
2397 1133 2720 1188 conferunt.
2781 1133 3009 1190 Rursus
3078 1133 3546 1207 unumquodque
3602 1131 3675 1187 de
3723 1124 3866 1207 illis:

2186 1221 2487 1293 sexaginta
2516 1221 2779 1294 sexagies
2810 1226 3030 1277 secant.
3100 1202 3303 1286 Quam-
3342 1202 3863 1297 i‘ned'mprehensi-j

2187 1309 2303 1365 bile
2332 1315 2440 1377 est,
2476 1310 2631 1381 quod
2667 1310 3031 1384 sexagesimo
3051 1310 3432 1385 sexagesima;
3452 1296 3868 1383 portiunculae.

2187 1397 2507 1454 nativitatis
2537 1403 2832 1454 momenta
2885 1398 3245 1454 constituant
3298 1397 3435 1471 (57),
3470 1401 3529 1454 et
3558 1394 3847 1469 quissin:

2186 1484 2458 1559 gulorum
2492 1486 2794 1559 signorum
2827 1486 2905 1542 sit
2935 1492 3036 1542 aut
3066 1490 3284 1552 motus,
3340 1489 3445 1541 aut
3498 1485 3723 1559 species
3772 1483 3867 1557 in“

2188 1576 2489 1631 nativitate
2541 1572 2864 1631 nascentis!
2953 1574 3116 1631 Unde
3184 1590 3319 1630 cum
3380 1572 3725 1646 impossible
3765 1572 3848 1629 sit

2184 1670 2307 1720 tam
2351 1663 2597 1720 subtiles
2654 1663 2938 1719 minutias
2989 1663 3275 1736 temporis
3323 1646 3865 1736 comprehendere;

2186 1754 2395 1826 exigua
2454 1756 2648 1808 autem
2724 1752 3061 1809 immutatio
3138 1751 3375 1809 invehat
3444 1750 3873 1825 universitatis,

2189 1858 2466 1910 errorem,
2498 1845 2689 1897 totum
2749 1841 3051 1913 negotium
3097 1838 3338 1913 plenum
3396 1844 3486 1897 est
3541 1839 3844 1913 vanitatis.

2188 1933 2589 2003 Disputatores
2671 1945 2874 1985 eorum
2951 1946 3079 2000 quae
3167 1945 3279 1985 sua
3338 1933 3499 1999 sunt,
3548 1929 3843 1997 nesciunt,

2189 2021 2483 2093 quomodo
2524 2018 2717 2075 aliena
2771 2017 3105 2074 noverunt?
3162 2018 3312 2084 Quid
3366 2018 3479 2093 sibi
3538 2002 3873 2089 imminenti

2189 2111 2479 2183 ignorant,
2515 2108 2807 2181 quomodo
2833 2110 3086 2179 possunt
3140 2105 3273 2163 aliis
3303 2125 3428 2181 quae
3472 2106 3586 2165 sibi
3642 2106 3875 2163 futura'

2191 2204 2351 2267 sunt,
2385 2196 2735 2254 denuntiare
2760 2195 2788 2250 ?
2820 2194 3157 2252 Ridiculum
3190 2198 3280 2252 est
3317 2195 3571 2264 credere,
3603 2195 3742 2268 quia
3787 2195 3871 2252 si'

2189 2292 2449 2361 possent,
2484 2286 2597 2343 sibi
2632 2285 2832 2358 potius
2861 2284 3249 2359 providerent.
3848 2302 3851 2303 '

2262 2378 2348 2433 15.
2381 2377 2513 2433 Jam
2543 2374 2689 2430 illud
2720 2389 2899 2447 quam
2930 2373 3216 2446 ineptum,
3261 2377 3328 2429 ut
3384 2373 3433 2430 si
3481 2372 3614 2446 quis
3668 2374 3847 2448 signo

2190 2467 2389 2524 arietis
2415 2469 2609 2522 ortum
2640 2480 2769 2519 esse
2799 2478 2861 2519 se
2894 2462 3070 2533 dicat,
3102 2479 3171 2518 ex
3219 2479 3335 2518 usu
3393 2461 3635 2535 pecudis
3684 2462 3842 2533 aesti-

2190 2561 2386 2612 metur
2409 2551 2931 2627 praestantissimus
2964 2551 3229 2619 consilio,
3265 2551 3420 2623 quod
3454 2551 3511 2607 in
3534 2567 3703 2625 grege
3723 2551 3841 2608 hu-

2180 2641 2445 2716 jusmodi
2481 2642 2735 2696 emineat
2759 2655 2970 2711 pecus:
3005 2642 3107 2694 aut
3127 2637 3492 2715 locupletior,
3553 2655 3619 2695 eo
3676 2639 3840 2711 quod

2187 2733 2465 2789 vestitum
2492 2730 2705 2785 habeat
2733 2729 2883 2785 aries
2915 2727 3269 2797 naturalem,
3300 2734 3359 2783 et
3400 2726 3716 2799 quotannis
3744 2726 3855 2785 lu-.

2189 2838 2355 2877 crum
2386 2819 2579 2891 capiat
2606 2817 2957 2884 indumenti,
2992 2833 3181 2889 eoque
3212 2816 3337 2872 viro
3377 2815 3462 2871 illi
3523 2814 3859 2891 familiaria.

2188 2911 2496 2965 videantur
2523 2912 2855 2980 quaestuum
2887 2922 3017 2962 esse
3060 2904 3442 2978 compendia!
3478 2903 3758 2962 Similiter
3786 2905 3847 2962 et

2187 3000 2260 3055 de
2283 2998 2439 3054 tauri
2469 3001 2526 3053 et
2553 2999 2624 3053 de
2665 2995 2917 3068 piscium
2975 2993 3163 3068 signis
3223 2998 3721 3066 argumentatur;
3776 2996 3881 3067 αις

2189 3105 2259 3145 ex
2286 3091 2495 3143 natura
2523 3084 2726 3141 vilium
2760 3083 3159 3161 animantium
3190 3081 3316 3138 cceli
3376 3087 3595 3156 motus,
3640 3080 3699 3138 et
3760 3081 3841 3139 si-

2189 3193 2440 3251 gnorum
2472 3173 2951 3246 interpretandas
2980 3158 3316 3228 existiment
3346 3174 3687 3244 potestates.
3747 3158 3857 3228 Ci-I

2191 3266 2303 3321 bus
2333 3280 2469 3338 ergo
2500 3267 2698 3318 noster
2726 3261 2954 3317 vivendi
2988 3260 3159 3316 nobis
3216 3260 3452 3315 decreta
3514 3258 3843 3328 constituit,

2190 3360 2247 3411 et
2272 3353 2552 3410 alimenta
2581 3355 2783 3407 nostra
2813 3349 3003 3417 nobis,
3028 3349 3086 3404 id
3132 3352 3222 3403 est
3267 3348 3439 3417 aries,
3502 3352 3730 3416 taurus,
3782 3350 3865 3405 et.

2188 3444 2388 3517 piscis,
2423 3457 2656 3497 morum
2687 3438 3037 3512 imprimunt
3077 3435 3473 3513 disciplinam.
3534 3436 3836 3501 Quomodo

2188 3533 2368 3606 igitur
2393 3532 2464 3587 de
2494 3529 2636 3586 coelo
2668 3527 2836 3586 nobis
2866 3543 3076 3584 causas
3103 3542 3319 3595 rerum,
3352 3530 3410 3581 et
3439 3525 3845 3601 substantiam!

2180 3623 2316 3679 vitaa
2346 3622 2525 3693 hujus
2548 3620 2872 3685 arcessunt,
2905 3633 3041 3673 eum
3084 3615 3228 3688 ipsis
3260 3614 3591 3672 ccelestibus
3648 3614 3839 3688 signis

2187 3728 2366 3768 causa
2412 3714 2608 3765 motus
2652 3708 2742 3762 sui
2794 3723 2861 3762 ex
2893 3704 3280 3778 qualitatibus
3329 3720 3472 3760 escae
3528 3702 3662 3759 vilis
3722 3702 3834 3758 im-

2184 3801 2441 3872 pertiant
2461 3799 2488 3853 ?
2512 3796 2839 3852 Liberalem
2862 3794 3029 3851 aiunt
3054 3793 3223 3866 signo
3253 3797 3454 3849 natum
3495 3791 3714 3860 arietis,
3765 3807 3833 3848 eo

2185 3889 2340 3962 quod
2370 3888 2566 3943 lanam
2597 3901 2769 3941 suam
2800 3883 2949 3939 aries
2981 3900 3098 3940 non
3157 3881 3378 3938 invitus
3430 3881 3714 3955 deponat:
3745 3884 3835 3937 'et

2182 3975 2525 4051 hujusmodi
2551 3974 2826 4030 virtutem
2864 3972 2998 4029 vilis
3055 3971 3375 4028 animantis
3436 3968 3667 4026 malunt
3726 3985 3834 4025 na-

2181 4071 2325 4123 turae
2403 4067 2704 4137 deputare,
2766 4079 2946 4134 quam
2989 4059 3151 4128 caelo,
3208 4060 3363 4116 unde
3424 4062 3482 4115 et
3539 4058 3831 4115 serenitas

2181 4156 2351 4213 nobis
2382 4154 2585 4227 fulget,
2625 4157 2681 4208 et
2734 4151 2934 4224 pluvia
2973 4166 3125 4224 saepe
3175 4147 3497 4207 descendit.
3549 4146 3829 4203 Laborio-

2181 4262 2278 4303 sos
2324 4249 2380 4301 et
2423 4242 2711 4316 patientes
2771 4240 3011 4308 servitii,
3046 4255 3194 4311 quos
3247 4240 3558 4294 nascentes
3619 4238 3830 4291 taurus

2178 4332 2485 4407 aspexerit,
2529 4332 2669 4404 quia
2724 4328 2944 4386 animal
2994 4328 3358 4385 laboriosum
3406 4330 3464 4382 et
3518 4326 3851 4381 assuetum'

2168 4424 2311 4498 jugo
2341 4425 2676 4495 spontaneis
2709 4417 2976 4476 servituti
3007 4416 3156 4473 colla
3181 4415 3482 4473 submittit
3521 4415 3655 4486 (58).
3690 4412 3828 4470 Per-

415 4544 514 4596 tur
570 4538 817 4594 dicens:
877 4534 1009 4589 Ecce
1064 4528 1392 4601 mysterium
1446 4501 1596 4580 vobis
1652 4501 1811 4581 dico}
1872 4517 2066 4574 Omnes
2096 4531 2143 4595 Ι)
2174 4528 2477 4569 cussorem
2509 4525 2769 4583 quoque,
2800 4508 2969 4579 cujus
3028 4506 3396 4562 nativitatem
3457 4501 3721 4576 scorpius
3764 4501 3825 4557 in

418 4618 638 4704 quidem
670 4636 1053 4694 resurgemus;
1107 4635 1219 4675 non
1273 4629 1457 4673 omnes
1502 4614 1687 4667 autem
1712 4640 1721 4653 ε
1742 4606 2063 4664 immutabi-

413 4697 560 4795 mar,
589 4719 650 4775 in
677 4717 881 4783 atomo,
912 4713 975 4768 in
1002 4709 1272 4766 momento
1295 4705 1444 4763 oculi
1473 4702 1607 4775 (56),
1649 4700 1710 4755 in
1764 4697 2065 4752 novissima.

410 4788 571 4867 tuba»:
606 4809 763 4864 canet
804 4800 958 4862 enim
986 4800 1137 4865 tuba,
1167 4804 1217 4853 et
1257 4793 1465 4851 mortui
1513 4790 1799 4859 resurgent
1883 4788 2060 4852 incor-

408 4888 582 4974 rupti,
645 4898 695 4952 et
749 4910 848 4950 nos
908 4886 1409 4974 immutabimuru
1470 4880 1590 4974 cor.
1645 4894 1761 4974 xv,-
1793 4874 1884 4941 51,
1943 4873 2057 4945 52).

408 4965 575 5045 Inter
588 4983 955 5049 effusionem,
970 4982 1026 5034 et
1038 4973 1492 5046 susceptionem,
1517 4965 2060 5038 depositionemque

408 5070 692 5151 pignoris,
724 5073 878 5128 inter
907 5070 1109 5125 ﬂetum
1141 5065 1269 5136 ejus
1298 5065 1353 5116 et
1382 5057 1655 5114 nuntium
1691 5057 1833 5126 quot
1879 5050 2059 5150 atomi

408 5141 803 5222 transierunt!
839 5159 910 5213 Et
938 5157 1046 5211 hoc
1080 5158 1145 5209 ut
1175 5148 1522 5222 simpliciter
1580 5146 1693 5202 ista
1749 5141 2054 5198 texuerim.

407 5288 594 5416 (1.554)
626 5285 768 5411 Ntlss.
801 5286 930 5338 octo
962 5296 1077 5336 non
1110 5275 1274 5333 malae
1304 5277 1473 5340 nota},
1506 5268 1719 5340 Quodsi
1772 5283 1882 5321 non
1934 5279 2056 5320 ονε-

448 5377 466 5414 z
506 5374 647 5414 men
681 5396 694 5411 .

448 5377 466 5414 ῑ

479 5359 1107 5500 gygfﬁetrumentum’
1117 5421 1189 5477 ad
1213 5416 1533 5500 notandam
1546 5407 2052 5500 boramﬁn‘atal‘eg}.

611 5478 833 5554 E—ditiet
864 5510 1007 5549 mss.
1040 5494 1156 5550 duo
1192 5494 1302 5572 :_in
1331 5492 1620 5572 momento,
1642 5484 1717 5572 Vin
1745 5478 2050 5572 ictuocuji‘:

398 5556 517 5644 Άιξί
569 5556 781 5644 inagna
834 5580 1193 5644 consensu;
1211 5565 1271 5619 in
1306 5569 1530 5644 atomo,
1568 5560 1715 5639 etc.;
1765 5556 2052 5644 graee‘eﬁj

397 5621 822 5719 ﬂaminia
851 5621 1120 5716 ὀφθαὶξμοῦ.
1151 5633 1327 5693 Deest
1354 5621 1534 5688 etiam
1564 5628 1625 5709 in
1658 5621 1828 5711 mssi,
1888 5621 2057 5709 Cane:

2174 4618 2284 4657 sua
2310 4603 2473 4673 parte
2490 4598 2832 4670 complexus
2860 4596 2956 4663 sit,
2989 4598 3048 4651 et
3096 4593 3334 4652 malitia:
3381 4608 3605 4650 venena
3666 4607 3829 4648 revo-

2174 4694 2454 4756 mentem,
2481 4705 2547 4745 eo
2560 4687 2715 4760 quod
2735 4683 2956 4741 animal
2980 4688 3337 4740 venenatum
3363 4680 3621 4746 sit.Quid
3640 4679 3857 4754 igitur.

2172 4779 2575 4835 auctoritatem
2606 4773 2835 4831 vivendi
2868 4774 3147 4829 daturum
3177 4777 3234 4828 te
3286 4771 3591 4845 signorum
3647 4766 3825 4839 ccele-

2171 4870 2350 4925 stium
2381 4864 2669 4939 dignitate
2701 4862 3037 4936 praetendis,
3067 4866 3127 4919 et
3155 4862 3228 4918 de
3246 4861 3422 4935 nugis
3462 4858 3824 4932 quibusdam
3859 4924 3866 4931 υ

2169 4959 2584 5031 argumentum
2615 4951 2956 5031 assertionis
2980 4951 3275 5008 assumis?
3305 4950 3453 5007 Nam
3493 4949 3542 5006 si
3574 4948 3645 5004 de
3691 4947 3821 5003 ani-

2170 5029 2427 5102 malibus
2459 5029 2772 5115 assumptas
2802 5040 3147 5113 hujusmodi
3175 5057 3405 5097 morum
3433 5037 3824 5113 proprietates

2169 5135 2291 5191 coeli
2324 5135 2579 5190 motibus
2609 5130 3054 5205 imprimuntur,
3086 5134 3142 5187 et
3171 5129 3367 5203 ipsum
3425 5128 3656 5184 videtur
3711 5125 3821 5181 be-

2166 5262 2315 5317 em'm
2347 5260 2495 5327 tuba,
2519 5257 2676 5331 quod
2707 5255 2947 5331 in_edit.
2976 5254 3253 5331 omnibus
3280 5253 3472 5331 legere
3495 5323 3506 5331 _
3528 5254 3638 5331 est.
3685 5248 3820 5331 erc

2165 5336 2360 5387 autem
2388 5320 2564 5386 verba
2589 5345 2656 5385 eo
2688 5326 3063 5395 retinuimus,
3098 5327 3253 5398 quod
3297 5320 3368 5382 iri
3384 5323 3687 5398 Scriptura
3719 5320 3824 5376 ha-

2166 5405 2441 5467 beantur,
2475 5417 2581 5456 nec
2611 5401 2882 5455 videatur
2911 5394 3133 5454 sensus
3141 5396 3308 5453 aliter
3329 5394 3637 5465 cohaerere.

2234 5474 2346 5545 (57)
2377 5464 2529 5528 Edit.
2558 5487 2785 5540 omnes,
2803 5472 2861 5525 in
2874 5486 2978 5545 quo
2997 5470 3331 5545 sexagesimo
3359 5475 3435 5525 tot
3457 5464 3833 5545 sexagesima

2166 5586 2179 5602 .
2231 5540 2249 5602 .’
2408 5587 2422 5600 .
2454 5545 2737 5600 momenta
2763 5540 3086 5599 consistant.
3828 5540 3831 5545 ’

2237 5617 2350 5693 (58)
2382 5613 2803 5697 Antiquissimi
2849 5629 3013 5697 mss.
3045 5610 3219 5697 Cara,
3277 5612 3335 5695 et
3390 5608 3585 5696 ϐοτὴρ,
3636 5610 3709 5679 et,
