4158 6168
458 332 577 399 911

1932 317 1999 382 S.
2044 310 2427 380 AMBROSII

3736 307 3860 379 212

440 470 741 555 flantibus
776 465 934 525 euris
986 463 1179 520 intuto
1222 459 1566 535 plerumque
1616 453 1845 527 navigio
1906 428 2098 508 sulcat
2130 452 2185 517 Α
2214 451 2333 506 aeri
2360 451 2495 507 huic
2525 448 2834 523 copulatur
2863 452 3035 524 atque
3066 447 3366 520 miscetur,
3396 463 3464 505 eo
3513 445 3769 521 amplius
3801 452 3863 504 et

461 542 643 618 mare.
676 559 838 615 Unde
868 553 1369 629 importunitatem
1410 562 1632 609 eorum,
1683 542 2102 598 temeritatem-

466 666 579 723 que
624 648 1020 705 condemnans
1069 640 1351 714 propheta
1397 636 1513 690 ait:
1567 633 1850 696 Erubesce,
1904 629 2100 694 Sidon;

356 744 367 749 “
464 718 610 796 dixit
636 753 790 793 mare
818 736 946 805 (Isa.
979 748 1136 797 xxm,
1172 730 1249 794 4),
1280 726 1391 780 hoc
1436 727 1541 789 est,
1596 724 1645 777 si
1698 718 1957 792 pericula
2002 733 2106 773 vos

466 846 585 884 non
644 827 892 891 movent,
962 819 1048 874 vel
1098 817 1287 888 pudor
1333 812 1701 884 comprimat,
1757 805 2107 863 verecundia

468 916 800 974 confundat.
837 910 1122 973 Erubesce,
1157 904 1341 972 Sidon,
1398 902 1456 955 in
1502 917 1618 971 qua
1665 896 1864 953 nullus
1903 892 2105 949 virtuti

470 1006 654 1070 locus,
688 998 847 1056 nulla
875 996 1082 1053 salutis
1113 1010 1270 1060 cura,
1305 989 1465 1045 nulla
1488 990 1767 1060 juventus
1799 1001 1902 1056 pro
1933 999 2109 1039 exeu-

469 1093 583 1148 biis
629 1088 826 1161 patria:
867 1084 1019 1140 bello
1069 1081 1285 1145 dedita,
1333 1077 1631 1147 armisque
1679 1073 1949 1137 exercita,
2004 1070 2107 1126 sed

469 1177 661 1237 omnis
692 1173 1023 1232 sollicitudo
1055 1172 1124 1226 de
1155 1172 1403 1241 quaestu,
1438 1181 1610 1221 omne
1641 1161 1906 1219 studium
1950 1175 2107 1214 mer-

467 1271 699 1324 caturae.
755 1264 966 1329 Semen,
1018 1259 1228 1329 inquit,
1274 1257 1640 1311 mercatorum
1712 1252 1856 1305 sicut
1918 1248 2112 1303 messis

467 1356 624 1428 (Ibid.
657 1354 733 1425 3).
776 1355 914 1418 Qum
962 1354 1154 1405 autem
1205 1361 1428 1400 merces
1469 1338 1693 1396 homini
1751 1336 2105 1403 Christiano,

468 1446 517 1503 si
548 1461 666 1501 non
696 1459 765 1499 ex
786 1439 1105 1504 voluntate,
1141 1436 1243 1491 sed
1276 1451 1344 1489 ex
1372 1429 1716 1487 necessitate
1747 1442 1920 1482 curas
1969 1440 2109 1480 suas

466 1537 523 1591 et
550 1548 727 1606 opera
768 1524 1104 1599 componit?
1152 1522 1257 1579 Ubi
1304 1521 1460 1577 enim
1508 1521 1739 1573 decreta
1785 1512 2104 1570 necessitas

469 1626 604 1699 (62),
637 1621 719 1679 ibi
751 1618 1101 1675 inhonorata
1128 1609 1441 1667 industria.

1120 1699 1354 1758 CAPUT
1391 1697 1461 1751 V.

2215 542 2411 613 ipsum
2456 557 2648 597 aerem
2690 546 2951 612 vaporat,
2996 545 3053 596 et
3098 545 3389 596 terrarum
3456 538 3708 594 exsiccet
3746 537 3862 592 hu-

2218 646 2460 695 morem,
2522 630 2849 685 adolescere
2892 629 3031 684 facit
3078 628 3326 695 semina,
3359 631 3419 683 et
3463 630 3745 699 tanquam
3800 626 3863 680 in

2218 735 2421 774 succos
2449 718 2645 774 viriles
2679 723 3065 774 maturescere
3123 733 3298 789 poma
3344 716 3646 772 silvarum.
3696 716 3868 770 Tunc

2219 808 2357 878 quia
2386 807 2725 879 ﬂagrantior
2753 812 2861 874 est,
2897 807 3154 862 minores
3184 807 3429 861 umbras
3462 805 3600 860 facit
3630 804 3688 858 in
3749 820 3869 859 me-

2218 895 2466 963 ridiano,
2522 895 2798 967 quoniam
2841 912 2911 951 ex
2958 894 3074 950 alto
3120 895 3279 950 hunc
3324 893 3627 949 illuminat
3670 891 3865 948 locum

2287 987 2378 1038 22.
2413 984 2573 1039 Unde
2625 989 2683 1039 et
2727 985 3032 1057 Synagoga
3080 982 3225 1039 dicit
3268 983 3327 1037 in
3371 980 3627 1038 Canticis
3677 981 3869 1037 canti-

2219 1090 2422 1129 corum
2456 1074 2773 1128 :Annuntia
2821 1074 2963 1128 mihi
3027 1089 3188 1144 quem
3250 1071 3447 1128 dilexit
3494 1072 3683 1126 anima
3743 1086 3870 1126 mea

2218 1164 2318 1218 ubi
2342 1165 2542 1234 pascis,
2574 1163 2672 1217 ubi
2708 1178 2898 1218 manes
2944 1164 3006 1217 in
3054 1160 3382 1227 meridiano,
3429 1176 3499 1215 ne
3547 1162 3686 1231 [orte
3734 1158 3871 1228 ﬁam

2219 1253 2630 1308 circumamicta
2656 1268 2821 1323 super
2860 1266 3046 1322 greges
3098 1250 3369 1305 sodalium
3418 1256 3639 1304 tuorum
3682 1247 3869 1319 (Cant.

2222 1359 2255 1396 ι.
2290 1342 2366 1411 6),
2427 1340 2536 1395 hoc
2566 1344 2684 1395 est:
2718 1340 3018 1395 Annuntia
3048 1338 3218 1407 mihi,
3252 1336 3505 1402 Christe,
3559 1353 3734 1408 quem
3784 1337 3874 1391 di-

2220 1428 2360 1485 lexit
2395 1429 2593 1485 anima
2642 1445 2790 1484 mea.
2840 1429 2956 1484 Cur
3002 1443 3120 1481 non
3165 1426 3362 1498 potius
3411 1440 3590 1497 quem
3638 1422 3873 1496 diligit?

2220 1518 2331 1574 Sed
2383 1519 2690 1591 Synagoga
2736 1516 2958 1583 dilexit,
3004 1513 3261 1571 Ecclesia
3314 1513 3528 1586 diligit,
3593 1528 3699 1568 nec
3761 1528 3874 1567 un-

2221 1624 2399 1680 quam
2429 1608 2583 1663 eirca
2611 1606 2906 1662 Christum
2933 1621 3108 1660 suum
3160 1606 3351 1658 mutat
3394 1602 3688 1657 affectum.
3744 1601 3867 1668 Ubi,

2216 1695 2429 1768 inquit,
2478 1697 2680 1767 pascis,
2702 1695 2798 1750 ubi
2843 1709 3031 1748 manes
3077 1694 3139 1748 in
3190 1690 3520 1747 meridiano.
3582 1688 3762 1762 Sequi
3811 1693 3871 1745 te

470 1801 859 1877 Luminariun}
888 1788 1613 1877 viduitateyeln
1648 1797 1863 1877 αηξιξξίξξ
1912 1784 2109 1877 1631176:
2140 1811 2188 1877 B
2222 1785 2394 1857 cupio
2420 1784 2587 1856 quasi
2618 1784 2882 1847 alumna,
2915 1797 3042 1853 quae
3078 1779 3248 1852 quasi
3281 1778 3554 1852 copulata
3590 1782 3724 1834 ante
3774 1794 3872 1834 re-

545 1855 707 1930 stales
753 1868 1004 1938 definiri:
1060 1861 1211 1938 quod
1256 1858 1491 1938 Christo,
1558 1855 1881 1938 Sqnagogae,
1950 1860 2107 1933 atque

544 1924 1305 2001 Eeelesié'aceommodatur.
1365 1928 1475 1983 Cur
1515 1924 1722 2001 umbrae
1763 1924 2000 2001 majores
2046 1924 2109 1976 in

861 2013 1051 2066 wstate
1079 2006 1351 2080 minores!
1383 2005 1436 2080 εἴ
1465 1998 1728 2080 quiadd?"
1773 1996 1889 2078 qua
2017 2008 2111 2076 gq-

542 2066 969 2153 nasi-'bmique
1023 2073 1282 2150 quomodo
1329 2066 1517 2127 eadem
1548 2068 1854 2123 luminaria
1883 2067 1994 2121 sint
2051 2066 2112 2119 in

709 2241 893 2298 Multa
923 2237 1200 2305 diximus,
1232 2232 1401 2305 plura
1432 2228 1736 2295 nolumus;
1773 2242 1846 2281 ne
1878 2224 2011 2297 quis
2042 2241 2110 2280 ea

472 2317 601 2412 qua:
628 2353 662 2392 a
690 2332 858 2390 nobis
884 2326 1232 2395 deiillorum
1276 2319 1699 2378 assertionibus
1746 2317 2111 2386 usurpantur

471 2408 544 2484 ad
587 2421 992 2487 refellendum,
1043 2416 1113 2470 ad
1133 2409 1669 2484 recognoscendum
1694 2408 2000 2475 assumpta
2018 2419 2111 2457 ar-

466 2515 736 2572 bitretur.
769 2511 915 2565 Nam
947 2522 1071 2578 quae
1103 2501 1268 2575 pueri
1302 2499 1562 2564 risimus,
1620 2511 1690 2549 ea
1740 2509 1910 2548 senes
1964 2508 2117 2546 com-

533 2780 623 2836 24.
656 2779 800 2843 Sint,
830 2771 1043 2844 inquit,
1077 2765 1378 2823 luminaria
1422 2763 1483 2815 in
1529 2762 1709 2830 signa,
1760 2766 1814 2811 et
1869 2758 1929 2811 in
1978 2758 2113 2809 tem-

462 2886 622 2945 pora,
655 2867 753 2922 72
786 2842 835 2919 et
864 2842 932 2916 in
956 2861 1091 2925 dies,
1115 2859 1164 2912 et
1188 2857 1245 2909 in
1266 2867 1439 2908 annos
1458 2850 1608 2920 (Gen.
1634 2846 1805 2915 1,14).
1828 2850 1905 2898 De
1928 2842 2113 2914 signis

470 2930 748 3015 diximus.
776 2953 1066 3019 Tempora
1096 2948 1293 2999 autem
1325 2956 1452 3010 quae
1484 2940 1644 3000 sunt,
1677 2934 1789 2988 nisi
1833 2930 2113 2987 mutatio-

471 3062 616 3104 num
660 3042 836 3105 vices,
884 3035 1095 3097 hiems,
1141 3046 1257 3095 ver,
1308 3032 1481 3082 aestas
1529 3032 1701 3095 atque
1752 3019 2114 3076 autumnus?

473 3141 537 3196 In
568 3133 698 3193 istis
727 3129 909 3203 igitur
937 3118 1300 3193 temporibus
1331 3119 1432 3170 aut
1474 3112 1724 3169 velocior
1765 3113 1853 3166 est
1899 3107 2111 3163 transi-

465 3233 564 3286 tus
594 3197 782 3289 solis:
792 3219 894 3273 aut
936 3210 1176 3267 tardior.
1224 3204 1352 3260 Alia
1398 3202 1553 3258 enim
1607 3197 1965 3272 praestringit
2014 3212 2105 3251 ra-

468 3317 583 3375 diis
622 3312 769 3374 suis,
819 3303 936 3361 alia
983 3298 1312 3354 inﬂammat
1358 3290 1669 3348 caloribus.
1722 3288 1924 3358 Itaque
1974 3301 2109 3339 cum

467 3406 555 3464 sol
588 3371 929 3458 meridianis
968 3386 1231 3460 partibus
1278 3382 1646 3444 immoratur,
1694 3375 1884 3431 hiems
1933 3371 2104 3429 nobis

466 3462 555 3551 est
584 3489 717 3563 (63).
750 3484 897 3541 Nam
929 3492 1062 3533 cum
1095 3472 1181 3529 sol
1230 3468 1462 3542 longius
1508 3468 1692 3532 abest,
1744 3468 1900 3519 terra
1952 3462 2103 3535 rige-

464 3550 777 3650 scit‘gelu,
827 3565 1136 3637 stringitur
1181 3560 1416 3631 frigore,
1463 3560 1522 3611 et
1591 3553 1849 3626 plurima
1918 3550 2105 3606 noctis

462 3640 675 3726 umbra
699 3640 887 3718 terras
917 3652 1124 3727 operit,
1156 3653 1221 3705 ut
1249 3647 1435 3702 multo
1466 3643 1777 3717 prolixiora
1830 3640 1949 3696 sint
1997 3656 2099 3694 no~

461 3758 571 3814 etis
603 3751 791 3827 spatia
828 3760 1007 3819 quam
1054 3739 1186 3797 diei.
1234 3737 1380 3792 Hinc
1418 3733 1600 3790 oritur
1649 3746 1845 3797 causa,
1898 3733 1962 3784 ut
2009 3727 2097 3784 hi-

457 3819 656 3905 bernis
702 3838 939 3896 ﬂatibus
987 3829 1171 3887 nimia
1216 3826 1333 3897 vis}
1354 3823 1597 3886 nivium,
1650 3819 2098 3890 pluviarumque

454 4084 745 4182 tempora}
779 4107 837 4159 et
866 4116 980 4172 quo
1013 4096 1200 4167 magis
1232 4106 1427 4146 moras
1472 4086 1596 4142 suis
1646 4084 1917 4156 abjungit
1965 4100 2095 4137 cur-

455 4171 717 4267 sibu‘s,eo
752 4171 1037 4265 paulatim
1068 4180 1407 4253 temperiem
1435 4175 1585 4232 aeris
1616 4173 1796 4244 hujus
1845 4171 2091 4239 reducit,

455 4293 514 4346 et
539 4260 773 4344 revocat
791 4291 1070 4336 aurarum
1091 4266 1486 4331 clementiam,
1503 4280 1628 4335 quae
1651 4264 1850 4317 fovens
1872 4260 2091 4328 omnia,

453 4373 798 4448 repetendos
822 4366 975 4439 cogit
1002 4364 1062 4417 in
1094 4364 1317 4433 partus,
1372 4359 1435 4411 ut
1464 4360 1619 4408 terra
1672 4350 1977 4423 germinet,
2025 4366 2090 4404 ac

454 4439 711 4521 resoluta
761 4452 942 4513 sulcis
989 4450 1213 4508 semina
1260 4444 1627 4510 reviviscent,
1676 4439 1966 4494 virescant
2005 4454 2089 4491 ar-

2219 1874 2478 1932 tinebam
2510 1874 2646 1945 (64),
2677 1875 2733 1927 et
2763 1886 2967 1944 greges
3008 1875 3143 1924 tuos
3189 1883 3471 1940 quaerere,
3518 1866 3658 1939 quia
3695 1866 3871 1922 amisi

2221 1980 2403 2019 meos.
2453 1963 2513 2017 In
2564 1960 2886 2016 meridiano
2936 1957 3149 2031 pascis,
3195 1957 3305 2013 hoc
3354 1960 3446 2012 est
3492 1956 3553 2011 in
3600 1954 3872 2012 Ecclesia

2220 2052 2367 2119 loco,
2401 2050 2503 2106 ubi
2524 2049 2759 2122 justitia
2787 2046 3140 2120 resplendet,
3200 2044 3302 2101 ubi
3350 2044 3538 2117 fulget
3574 2043 3870 2115 judicium

2222 2142 2376 2198 sicut
2404 2140 2700 2205 meridies,
2732 2137 2833 2193 ubi
2865 2136 3076 2192 umbra.
3106 2152 3220 2191 non
3256 2132 3537 2199 cernitur,
3587 2132 3686 2188 ubi
3739 2149 3868 2188 ma-

2216 2232 2377 2303 jores
2421 2233 2561 2285 sunt
2609 2227 2755 2294 dies,
2803 2225 2959 2297 quod
3007 2223 3091 2281 eis
3138 2221 3233 2279 Sol
3273 2221 3520 2294 justitia:
3583 2224 3870 2292 tanquam

2223 2318 2435 2375 aestivis
2463 2316 2767 2373 mensibus
2797 2314 3022 2369 diutius
3053 2313 3420 2367 immoretur.
3453 2308 3714 2382 Denique
3748 2309 3876 2366 dies

2222 2408 2453 2464 Domini
2502 2422 2618 2461 non
2662 2409 2750 2460 est
2797 2401 3006 2471 brevis,
3059 2401 3160 2457 sed
3205 2416 3490 2471 magnus;
3538 2398 3674 2471 quia
3728 2398 3874 2453 scri-

2224 2501 2390 2569 ptum
2422 2499 2537 2551 est:
2570 2496 2747 2550 Donec
2794 2493 2977 2547 veniat
3033 2490 3146 2545 dies
3188 2489 3409 2543 Domini
3457 2503 3691 2556 magnus
3738 2487 3877 2557 (Joel

2223 2604 2285 2651 II,
2316 2588 2434 2653 31).
2466 2584 2631 2639 Unde
2660 2587 2719 2638 et
2745 2581 2924 2637 Jacob
2959 2579 3078 2635 ait:
3126 2582 3331 2636 Omnes
3383 2575 3500 2631 dies
3540 2577 3659 2630 vita
3728 2590 3878 2631 mese

2224 2691 2355 2746 quos
2402 2689 2524 2745 ago,
2572 2673 2757 2727 breves
2807 2674 2859 2726 et
2903 2669 3143 2739 maligni
3190 2666 3349 2737 (Gen.
3408 2681 3576 2732 xnvn,
3624 2662 3699 2735 9).
3767 2663 3878 2718 Est

2226 2763 2382 2819 enim
2416 2760 2675 2832 maligna
2703 2758 2803 2813 lux
2832 2756 3031 2812 dubia.
3065 2756 3214 2827 Ergo
3244 2753 3371 2808 dies
3425 2753 3624 2807 breves
3670 2750 3871 2806 dubia

2225 2852 2376 2908 lucis
2407 2855 2566 2917 sunt,
2599 2853 2656 2903 et
2702 2845 3005 2904 umbrosi:
3058 2845 3183 2899 dies
3233 2840 3434 2915 magni
3483 2841 3608 2896 sine
3657 2839 3875 2895 umbra

2226 2944 2384 3006 sunt,
2417 2943 2484 2993 ut
2513 2934 2834 3009 plurimiin
2880 2932 3177 3005 aliquibus
3225 2929 3369 2985 locis
3420 2926 3870 2984 ferventioribus

2224 3046 2358 3095 usu,
2384 3025 2763 3099 exemploque
2794 3024 3210 3095 cognoverunt.
3243 3019 3552 3091 Synagoga
3579 3017 3772 3088 itaque
3806 3017 3867 3072 in

2225 3118 2433 3174 diebus
2463 3114 2736 3170 brevibus
2765 3117 2823 3167 et
2852 3110 3145 3183 malignis,
3180 3107 3351 3178 cujus
3382 3111 3584 3178 typum
3609 3104 3866 3178 plerum-

2223 3224 2337 3279 que
2391 3205 2569 3260 Jacob
2621 3203 2681 3257 in
2727 3217 2976 3274 persona
3017 3215 3125 3254 sua
3170 3195 3467 3269 exprimit,
3526 3193 3614 3250 vel
3665 3193 3868 3266 populi

2221 3298 2350 3367 ejus
2395 3293 2606 3349 umbra
2660 3290 2913 3346 habebat
2963 3287 3303 3360 plurimam,
3355 3299 3484 3355 quae
3539 3281 3721 3337 solem
3761 3282 3867 3352 ju-

2220 3385 2391 3441 stitiae
2424 3399 2539 3438 non
2570 3380 2825 3446 videbat,
2858 3383 2915 3434 et
2956 3376 3189 3432 videbat
3234 3372 3403 3428 illum
3450 3387 3565 3426 non
3620 3386 3689 3425 ex
3747 3369 3867 3426 alto

2218 3489 2397 3545 super
2425 3475 2601 3543 caput
2649 3484 2846 3531 suum,
2894 3466 2997 3522 sed
3040 3482 3109 3520 ex
3152 3461 3476 3518 meridiano
3520 3457 3865 3514 illuminan-

2215 3567 2357 3631 tem,
2389 3561 2623 3634 quando
2655 3557 2737 3613 illi
2772 3557 2964 3612 hiems
3023 3557 3164 3611 erat.
3218 3550 3489 3607 Ecclesiae
3533 3552 3728 3604 autem
3778 3547 3865 3602 di-

2221 3652 2406 3707 citur:
2460 3652 2643 3705 Hiems
2689 3647 2852 3713 abiit,
2901 3641 3319 3720 discessit'sibi,
3370 3641 3532 3709 ﬂores
3593 3638 3692 3693 78
3752 3638 3866 3692 visi

2211 3745 2340 3795 sunt
2369 3742 2427 3795 in
2450 3743 2624 3805 terra,
2659 3744 2866 3807 tempus
2902 3733 3094 3789 messis
3126 3729 3347 3786 advenit
3396 3726 3599 3799 (Cant.,
3651 3742 3714 3791 ιι,
3764 3724 3856 3789 Η,

2210 3830 2321 3897 42).
2346 3831 2495 3884 Ante
2526 3827 2839 3882 adventum
2870 3821 3084 3877 Christi
3113 3819 3461 3883 hiemserat,
3485 3816 3618 3887 post
3645 3812 3860 3869 adven-

2207 3922 2336 3973 tum
2366 3916 2581 3972 Christi
2629 3914 2799 3968 ﬂores
2853 3914 2993 3966 sunt
3046 3908 3219 3972 veris,
3249 3910 3305 3960 et
3356 3902 3568 3959 messis
3611 3902 3852 3957 aestatis.

2209 4006 2291 4060 Ex
2321 3992 2645 4060 meridiano
2674 4016 2810 4071 ergo
2842 4003 2898 4053 et
2917 4014 2985 4053 ex
3005 3996 3275 4069 gentium
3292 3991 3665 4048 conversione
3682 3987 3856 4044 illum

2207 4093 2637 4149 illuminantem
2665 4088 2869 4142 videns
2899 4085 3305 4142 obumbratur.
3351 4078 3604 4152 Populus
3654 4082 3855 4132 autem

2206 4181 2470 4255 gentium
2520 4178 2619 4249 qui
2662 4180 2786 4232 erat
2833 4172 3196 4229 confusionis
3251 4168 3391 4239 (65),
3451 4164 3698 4239 gentiles
3749 4165 3853 4236 qui

2205 4271 2489 4327 sedebant
2535 4268 2591 4322 in
2641 4263 2920 4332 tenebris,
2975 4262 3166 4316 lucem
3204 4257 3476 4313 viderunt
3547 4270 3849 4326 magnam,

2204 4360 2303 4431 qui
2338 4357 2619 4414 sedebant
2646 4354 2705 4409 in
2739 4352 2972 4424 regione
3025 4349 3245 4405 umbraz
3297 4343 3526 4409 mortis,
3575 4339 3675 4397 lux
3724 4346 3854 4397 orta

2202 4428 2291 4503 est
2318 4446 2457 4501 illis.
2492 4445 2702 4516 Magna
2732 4440 2830 4495 lux
2860 4436 3210 4502 Divinitatis,
3244 4450 3422 4506 quam
3455 4428 3618 4486 nulla
3637 4429 3855 4485 umbra

452 4518 645 4618 ίὶλπθεν
711 4546 782 4601 ad
862 4538 1310 4615 PerPBtUitatem
1395 4547 1631 4603 (ἶυοίίιιθ
1706 4524 2088 4618 constiti/andi
2120 4537 2169 4600 D
2201 4536 2407 4592 mortis
2439 4531 2770 4605 interpolat.
2807 4528 3057 4599 Ideoque
3087 4542 3157 4615 en
3188 4523 3305 4579 alto
3338 4520 3658 4584 illuminat,
3708 4518 3853 4589 quia

447 4614 679 4715 generis
708 4614 911 4690 eorum
969 4645 1093 4698 quae
1124 4624 1211 4680 vel
1261 4624 1320 4676 in
1366 4618 1535 4676 terris
1580 4622 1737 4683 sunt,
1781 4615 1869 4669 vel
1918 4614 2088 4685 aquis

445 4703 725 4804 gaudent,
754 4720 927 4778 annis
959 4717 1171 4773 fetibus
1222 4709 1515 4768 successio
1568 4708 1936 4779 propagetur.
1981 4703 2086 4756 Ast

442 4794 543 4874 ubi
590 4816 664 4872 ad
695 4811 925 4867 aestivas
969 4802 1372 4862 conversiones
1413 4799 1471 4851 in
1495 4794 1959 4867 Septentrionem
2024 4807 2087 4845 se

442 4904 714 4979 subrigit,
777 4898 966 4973 spatia
1002 4888 1232 4951 'diurna
1311 4886 1598 4961 producit,
1673 4884 1871 4936 noctes
1950 4895 2083 4934 vero

444 4966 645 5052 arctat
661 4966 720 5048 et
749 4966 1043 5058 astringit.
1090 4982 1292 5051 Itaque
1340 4991 1455 5047 quo
1479 4970 1666 5044 magis
1696 4986 1806 5023 usu
1848 4966 2084 5023 assiduo

513 5214 627 5288 (62)
657 5212 926 5281 Quinque
953 5224 1095 5263 mss.
1129 5208 1187 5259 et
1210 5216 1413 5258 omnes
1445 5195 1605 5261 edit.,
1655 5192 1860 5248 directa
1904 5206 2083 5245 neces-

438 5290 619 5428 δῑιέέσ)
650 5353 845 5417 Carn.,
878 5351 1013 5406 Ben.
1048 5351 1104 5403 et
1130 5344 1229 5402 alii
1263 5336 1551 5405 nonnulli,
1584 5335 1695 5390 dies
1720 5331 2079 5405 proculnobis

434 5435 617 5622 “3.24)
645 5494 773 5549 Vat.
810 5491 949 5547 edit.
992 5506 1125 5574 cum
1154 5486 1352 5560 paucis
1380 5498 1571 5565 “mss,
1620 5489 1743 5549 qua?
1791 5472 1943 5547 quasi
1989 5487 2075 5526 co-

423 5585 504 5641 pu
564 5574 623 5641 ιαἱ
682 5563 1191 5641 ante__retinebar.
1291 5552 1738 5641 Egi-lt..1R(EI¥lL.:
1823 5561 2073 5641 que-12...,

564 5552 619 5621 td
682 5568 811 5620 ante
897 5552 1191 5618 retinebar.
1291 5554 1440 5612 Edit.
1485 5572 1499 5611 χ
1537 5552 1729 5614 Rom.,
1823 5561 2073 5617 quem...,

423 5623 743 5697 retinebam.
818 5632 961 5691 Mss.
1042 5639 1170 5689 octo
1238 5624 1499 5684 melioris
1593 5623 1761 5689 notae,
1857 5630 2070 5689 qua...

2200 4625 2393 4680 ethoc
2420 4604 2702 4693 scriptum
2746 4621 2856 4684 est,
2903 4604 3485 4670 dicente/Zacharia:
3534 4611 3603 4664 In
3647 4607 3850 4678 quibus

2200 4715 2441 4770 uisitauit
2470 4728 2564 4766 nos
2616 4708 2805 4764 Oriens
2849 4722 2919 4761 ea:
2958 4705 3102 4771 alto;
3155 4702 3481 4756 illuminare
3521 4698 3593 4752 iis
3638 4696 3737 4767 qui
3786 4697 3849 4749 in

2197 4802 2425 4858 tenebris
2454 4803 2502 4854 et
2534 4802 2594 4854 in
2618 4797 2813 4852 umbra
2842 4794 3033 4849 mortis
3075 4790 3261 4846 sedent
3315 4789 3468 4857 (Luc.
3523 4803 3564 4854 ι,
3608 4786 3679 4838 78
3738 4782 3845 4854 ὶ9).

2195 4891 2295 4945 Est
2321 4905 2462 4945 sane
2490 4892 2545 4943 et
2586 4884 2785 4956 aliqua
2833 4881 3042 4938 salutis
3089 4879 3302 4934 umbra
3349 4892 3465 4931 non
3499 4871 3728 4938 mortis,
3779 4875 3847 4925 ut

2194 4983 2284 5034 est
2329 4976 2457 5032 illa:
2508 4975 2618 5031 Sub
2664 4974 2863 5028 umbra
2913 4971 3133 5025 alarum
3182 4971 3404 5022 tuarum
3464 4969 3689 5036 protege
3754 4975 3848 5014 me

2190 5184 2509 5241 retinebam.
2546 5180 2727 5241 Unus,
2759 5190 2972 5248 quae...
3004 5175 3286 5229 retineret.

2262 5234 2676 5325 'lta'mss.
2699 5234 2815 5325 fere
2847 5247 2919 5301 ad
2948 5262 3154 5325 unum.
3204 5248 3343 5325 Eon.
3374 5245 3573 5325 tamen
3595 5234 3839 5325 habet;

2225 5310 2285 5382 ui
2312 5310 2430 5382 erat
2460 5326 2519 5379 in
2544 5322 2871 5392 confusione
2895 5319 3113 5387 gentili,
3144 5317 3241 5392 qui
3267 5322 3320 5392 et
3337 5311 3553 5392 sedebat
3581 5310 3640 5363 in
3689 5313 3843 5392 tene-

2223 5377 2513 5453 risjEdit.
2561 5377 2714 5457 vero,
2775 5391 2874 5463 qui
2896 5377 3045 5463 "erat
3101 5377 3441 5463 edn/"usionis
3497 5396 3562 5463 ae
3616 5377 3846 5463 gentilis

2187 5448 3001 5539 omittunt‘quaada'm'Paris.
3045 5476 3108 5514 ac
3154 5448 3400 5529 gentilis)
3448 5453 3543 5525 qui
3598 5448 3838 5514 sedebat,

2186 5545 2296 5597 etc.
