4084 6188
271 369 369 435 213
1521 358 2061 426 HEXAEMEBON
2104 355 2252 420 LIB.
2297 354 2405 421 IV.

3520 350 3643 419 2M

271 504 409 579 (Psal.
439 519 555 571 xvi,
584 502 662 577 8).
694 498 912 560 Umbra
942 497 1202 574 quidem,
1236 496 1374 572 quia
1425 497 1682 570 corporis
1739 501 1827 553 est
1862 513 1873 551 :
1905 494 1959 562 Α
1990 492 2081 550 sui
2114 490 2388 566 sumpsit,
2422 484 2690 547 recurrit.
2722 488 2931 547 Annua
2973 488 3155 548 fertur
3209 486 3262 548 ei
3291 486 3471 548 totius
3503 507 3637 564 spa-

269 595 470 662 umbra,
504 592 641 664 quia
672 591 884 663 crucis,
917 590 1017 647 sed
1050 590 1262 646 umbra
1318 586 1529 644 salutis
1562 605 1575 653 ;
1636 586 1775 658 quia
1820 585 1880 641 in

265 700 326 741 ea
346 687 457 740 erat
486 686 855 755 peccatorum
905 678 1175 735 remissio
1205 678 1339 751 (66),
1371 681 1427 733 et
1479 674 1881 735 rescuscitatio

264 776 604 829 mortuorum
616 813 629 824 .
1268 783 1273 787 -

326 872 399 926 23.
430 867 776 940 Exemplum
833 882 969 940 ergo
1028 882 1347 938 possumus
1376 864 1682 936 accipere:
1744 861 1884 934 quia

261 959 517 1017 hiemales
547 958 673 1013 dies
699 957 924 1024 breves,
950 959 1047 1011 sed
1086 954 1327 1011 umbras
1359 954 1611 1025 majores
1630 952 1878 1008 habent:

262 1048 421 1105 aestivi
450 1047 574 1103 dies
604 1045 881 1116 majores,
907 1043 1007 1099 sed
1039 1043 1278 1098 umbras
1324 1042 1582 1097 minores
1640 1039 1877 1095 habent.

262 1137 427 1195 Medio
456 1150 688 1207 quoque
721 1134 815 1189 die
844 1132 1037 1188 minor
1064 1132 1295 1198 umbra,
1331 1147 1509 1203 quam
1534 1129 1621 1185 vel
1645 1129 1701 1184 in
1721 1128 1880 1200 prin-

258 1226 391 1299 cipio
407 1229 496 1281 est
526 1221 642 1278 diei
672 1221 761 1278 vel
794 1222 910 1277 ﬁne
942 1240 955 1277 :
1006 1228 1061 1277 et
1110 1221 1221 1276 hoc
1260 1220 1415 1291 apud
1449 1236 1557 1274 nos
1616 1218 1676 1273 in
1709 1220 1877 1290 parte

258 1313 576 1371 occidentis.
609 1313 892 1368 Caeterum
926 1312 1065 1366 sunt
1094 1310 1194 1381 qui
1225 1324 1330 1381 per
1359 1309 1508 1364 duos
1540 1308 1652 1379 (67)
1700 1304 1882 1362 totius

260 1403 385 1459 anni
410 1401 537 1456 dies
567 1400 694 1457 sine
724 1399 937 1455 umbra
965 1397 1182 1453 fuerint
1216 1397 1277 1452 in
1309 1397 1574 1469 partibus
1609 1394 1879 1451 meridia-

253 1492 357 1558 nis,
381 1507 444 1546 eo
464 1489 621 1561 quod
655 1488 937 1544 habentes
968 1502 1145 1559 super
1171 1485 1445 1541 verticem
1469 1501 1644 1541 suum
1674 1482 1881 1551 solem,

253 1580 498 1651 undique
531 1595 635 1651 per
689 1576 1003 1634 circuitum
1046 1574 1472 1641 illuminentur,
1542 1573 1697 1629 unde
1727 1573 1887 1620 ἄσκιοι

250 1670 512 1725 dicuntur
541 1668 752 1723 Grece.
786 1664 1057 1737 Plerique
1086 1663 1262 1720 etiam
1322 1663 1519 1719 ferunt
1570 1661 1655 1737 sic
1710 1677 1741 1717 e
1793 1676 1881 1716 re-

247 1757 405 1831 gione
433 1772 501 1812 ex
530 1755 647 1811 alto
678 1753 804 1809 ﬁeri
832 1752 1045 1820 solem,
1070 1756 1136 1808 ut
1163 1768 1268 1825 per
1295 1754 1549 1825 angusta
1568 1753 1882 1823 puteorum

1990 583 2056 640 tii
2088 600 2217 640 esse
2248 581 2591 657 perfunctio.

2616 669 2850 726 CAPUT
2908 670 3001 726 VI.

1992 763 2132 819 Solis
2159 778 2223 817 ac
2253 762 2396 816 lunae
2426 758 2741 830 magnitudo
2775 759 2904 815 hinc
2932 760 3212 830 probatur,
3265 758 3405 830 quod
3455 760 3639 815 omni-

2064 835 2161 888 bus
2183 833 2369 889 eadem
2398 833 2677 902 appareat.
2708 830 2953 885 Solvitur
2981 831 3207 901 objectio
3261 839 3312 886 et
3340 830 3405 886 de
3459 846 3636 886 remo-

2060 909 2241 960 torum
2292 912 2510 974 aspectu
2566 902 2792 973 pulchre
2838 902 3153 973 disputatur
3182 919 3201 956 :
3254 910 3371 956 tum
3429 905 3639 958 asserta

2059 978 2189 1031 solis
2210 973 2607 1045 magnitudine,
2630 974 2886 1029 nonnihil
2927 973 2993 1028 de
3022 981 3443 1045 temperamento
3487 975 3632 1041 eius-

2062 1047 2181 1102 dem
2214 1046 2493 1118 adjicitur.

2062 1138 2150 1191 25.
2184 1134 2337 1190 Fecit
2366 1150 2503 1207 ergo
2534 1133 2689 1188 Deus
2719 1132 2841 1188 haec
2870 1133 2987 1188 duo
3029 1131 3343 1188 luminaria
3400 1148 3631 1206 magna.

1988 1225 2311 1280 Possumus
2342 1224 2601 1295 accipere
2632 1238 2746 1277 non
2774 1225 2896 1276 tam
2927 1221 3173 1277 aliorum
3195 1221 3630 1294 comparatione

1992 1329 2225 1385 magna,
2250 1329 2428 1384 quam
2457 1328 2562 1367 suo
2595 1326 2859 1377 munere,
2892 1315 2955 1365 ut
2984 1313 3072 1366 est
3096 1310 3305 1365 cmlum
3328 1327 3632 1383 magnum,

1991 1405 2049 1457 et
2078 1418 2237 1457 mare
2260 1417 2562 1473 magnum.
2593 1400 2739 1455 Nam
2772 1403 2829 1455 et
2876 1415 3128 1471 magnus
3177 1398 3284 1469 sol,
3318 1400 3419 1471 qui
3472 1417 3631 1456 com-

1991 1490 2109 1563 plet
2190 1491 2390 1546 orbem
2444 1492 2732 1544 terrarum
2791 1505 2897 1543 suo
2946 1487 3155 1556 calore,
3188 1487 3276 1543 vel
3336 1487 3477 1545 luna
3528 1506 3636 1545 suo

1989 1578 2234 1647 lumine,
2260 1595 2362 1633 nec
2386 1576 2576 1633 solum
2608 1580 2814 1645 terras,
2861 1577 2962 1633 sed
2994 1575 3169 1632 etiam
3220 1592 3413 1633 aerem
3478 1576 3636 1634 hunc

1992 1671 2049 1723 et
2103 1684 2284 1734 mare,
2347 1666 2593 1738 caelique
2647 1665 2875 1721 faciem.
2954 1668 3088 1731 Quae
3136 1664 3195 1720 in
3282 1682 3638 1739 quacunque

1992 1760 2157 1829 parte
2224 1756 2441 1812 fuerint
2486 1754 2636 1822 coeli,
2699 1753 3036 1809 illuminant
3094 1754 3311 1819 omnia,
3368 1758 3425 1810 et
3472 1771 3637 1827 aeque

249 1861 451 1918 aquam
481 1861 611 1916 qua
658 1843 718 1899 in
778 1842 1067 1931 profundo
1125 1845 1237 1931 est,
1260 1840 1516 1931 viderint
1568 1838 1880 1931 refulgere.
1911 1865 1961 1931 B
1993 1849 2332 1919 spectantur
2362 1862 2395 1901 a
2424 1844 2649 1900 cunctis
2682 1862 2697 1913 ;
2729 1848 2794 1899 ut
2824 1861 2890 1898 ca
2922 1846 3203 1914 tauquam
3225 1844 3350 1898 suis
3403 1847 3638 1900 tantum

248 1936 382 1992 Esse
424 1936 619 1990 autem
675 1932 951 1987 dicuntur
978 1930 1042 1986 in
1100 1929 1425 1986 meridiano
1480 1928 1583 2001 qui
1630 1927 1882 1992 ἀμφισιιοι

245 2027 543 2091 vocantur,
619 2038 685 2077 eo
735 2021 891 2093 quod
945 2020 1219 2075 umbram
1273 2034 1343 2073 ex
1398 2021 1647 2090 utroque
1702 2017 1884 2072 latere

243 2111 658 2168 transmittant.
694 2109 915 2165 Umbra
932 2107 1090 2164 enim
1114 2124 1145 2163 e
1167 2106 1406 2179 regione
1422 2105 1563 2163 solis
1581 2104 1883 2161 ambulan-

243 2201 396 2256 tibus
426 2201 555 2271 post
586 2202 817 2269 tergum
849 2200 937 2252 est
968 2213 981 2251 :
1007 2200 1072 2252 ut
1108 2200 1249 2268 puta
1280 2195 1329 2251 si
1365 2199 1572 2251 contra
1599 2195 1882 2249 orientem

243 2304 469 2362 pergas,
523 2285 831 2341 matutinis
874 2284 1079 2352 horis;
1133 2284 1183 2340 si
1236 2290 1442 2340 contra
1494 2282 1883 2339 meridianam

242 2376 471 2450 plagam
492 2374 830 2440 contendas,
863 2373 1053 2429 medio
1085 2373 1176 2430 die
1209 2391 1223 2441 ;
1278 2374 1325 2429 si
1358 2377 1559 2429 contra
1616 2371 1883 2426 occiden-

243 2470 383 2530 tem,
410 2464 473 2519 in
508 2480 715 2519 occasu
749 2463 885 2517 diei.
938 2462 1017 2517 Ex
1045 2463 1234 2518 tribus
1263 2462 1445 2534 igitur
1500 2461 1768 2532 partibus
1822 2459 1888 2513 ﬁt

239 2554 348 2610 tibi
405 2552 492 2608 sol
552 2551 778 2619 obvius,
837 2568 906 2607 ex
989 2550 1230 2616 oriente,
1284 2568 1353 2606 ex
1410 2548 1757 2615 meridiano,
1818 2564 1887 2603 ex

239 2642 560 2700 occidente.
591 2642 758 2697 Mane
789 2644 844 2696 et
875 2657 1005 2696 sero
1036 2644 1169 2712 post
1209 2643 1439 2712 tergum
1472 2643 1581 2706 est,
1644 2636 1887 2693 meridie

242 2747 475 2805 quoque
505 2748 539 2786 a
564 2730 744 2785 latere
777 2748 791 2797 ;
825 2732 884 2784 at
906 2746 1035 2785 vero
1071 2746 1106 2784 a
1134 2728 1533 2801 septentrione
1582 2742 1885 2798 nunquam

242 2826 335 2877 est
364 2818 473 2886 sol,
499 2824 556 2874 et
584 2818 712 2874 ideo
743 2818 956 2873 umbra
985 2818 1097 2888 (68)
1119 2817 1169 2872 si
1196 2820 1396 2872 contra
1432 2815 1886 2888 septentrionem

241 2908 487 2981 dirigas,
522 2906 644 2962 sive
674 2922 870 2972 mane,
930 2906 1052 2962 sive
1077 2922 1227 2970 sero,
1282 2905 1401 2961 sive
1457 2903 1719 2971 meridie,
1772 2919 1886 2957 non

237 2999 433 3068 potest
456 3011 590 3050 esse
622 2998 754 3068 post
800 2997 1052 3065 tergum.
1085 2992 1198 3049 Soli
1253 2998 1393 3048 sunt
1446 2993 1601 3048 enim
1659 2991 1720 3047 in
1775 2991 1886 3046 hoc

238 3100 417 3157 quem
448 3099 557 3138 nos
586 3081 898 3138 incolimus
919 3083 1057 3137 orbe
1077 3086 1365 3137 terrarum
1396 3081 1550 3138 circa
1580 3080 1884 3136 meridiem

238 3173 417 3246 positi
476 3172 612 3241 (69),
646 3171 747 3242 qui
804 3170 865 3225 in
912 3169 1230 3225 australem
1289 3169 1521 3241 plagam
1578 3168 1888 3224 videantur

235 3235 514 3317 umbram
574 3235 1004 3315 transmittere.
1060 3258 1178 3314 Hoc
1233 3235 1426 3313 autem
1486 3256 1610 3311 fieri
1671 3235 1957 3311 diciturC

234 3366 477 3407 summo
507 3352 675 3415 metu,
708 3364 842 3403 cum
872 3348 945 3403 ad
977 3346 1313 3418 aquilonem
1335 3346 1420 3401 sol
1446 3345 1665 3418 dirigit.
1721 3345 1883 3401 Post-

236 3456 309 3497 ea
372 3455 483 3494 nos
554 3442 877 3494 autumnus
951 3435 1269 3508 excipiens,
1327 3434 1598 3507 infringit
1645 3434 1883 3505 quidem

232 3532 495 3584 mtuum
524 3525 994 3599 magnitudinem
1029 3542 1041 3579 :
1094 3524 1196 3581 sed
1227 3523 1526 3596 paulisper
1555 3523 1808 3578 relaxato
1821 3537 1889 3577 ac

232 3616 509 3689 deposito
551 3614 761 3683 calore,
794 3630 897 3685 per
925 3613 1268 3686 temperiem
1301 3612 1477 3668 medii
1537 3611 1887 3666 moderami-

228 3705 328 3761 nis
362 3704 497 3759 sine
526 3703 730 3758 fraude
763 3719 870 3758 nos
900 3705 1078 3774 atque
1116 3700 1238 3756 ulla
1267 3717 1417 3757 noxa
1446 3699 1683 3755 ﬂatibus
1714 3700 1892 3755 tradit

226 3791 620 3850 hiemalibus.

300 3892 397 3946 2A.
459 3890 606 3954 Sint,
664 3888 878 3961 inquit,
919 3890 1087 3944 etiam
1120 3889 1181 3942 in
1210 3887 1345 3942 dies.
1398 3886 1522 3942 Non
1552 3890 1621 3941 ut
1676 3885 1892 3941 faciant

223 3979 383 4047 dies,
407 3978 516 4033 sed
552 3981 615 4032 ut
644 3977 703 4032 in
732 3976 816 4033 eis
848 3977 1106 4032 habeant
1134 3974 1551 4047 principatum,
1583 3978 1650 4029 ut
1696 3977 1890 4029 ortum

219 4068 350 4123 diei
383 4066 660 4122 uberiore
690 4065 775 4121 sol
825 4064 1121 4120 illuminat
1178 4064 1388 4136 gratia,
1443 4066 1510 4118 ut
1540 4079 1644 4135 per
1700 4066 1889 4118 totum

1990 1934 2327 2008 regionibus
2356 1933 2679 2002 immorari,
2711 1938 2767 1989 et
2788 1932 2901 1988 sibi
2932 1936 3162 1988 tantum
3194 1933 3399 1989 adesse
3453 1936 3633 2005 atque

1992 2025 2185 2081 lucere
2260 2022 2477 2095 singuli
2558 2021 2754 2096 populi
2797 2021 3083 2089 credant;
3166 2037 3301 2077 cum
3361 2020 3640 2078 similiter

1991 2113 2227 2169 luceant
2256 2111 2564 2176 universis,
2593 2115 2657 2166 ut
2686 2127 2857 2166 nemo
2889 2110 2985 2166 his
3041 2110 3371 2183 propiorem
3430 2110 3638 2180 alium,
3716 2116 3727 2119 “

1994 2219 2170 2275 quam
2200 2202 2324 2275 ipse
2344 2205 2451 2268 est,
2485 2200 2818 2255 arbitretur.
2851 2199 3194 2272 Exemplum
3217 2200 3641 2274 magnitudinis

1993 2307 2195 2346 eorum
2232 2290 2487 2358 evidens,
2541 2288 2694 2361 quod
2756 2289 3032 2344 omnibus
3082 2288 3424 2345 hominibus
3481 2288 3641 2345 orbis

1993 2380 2145 2435 lunae
2179 2380 2334 2434 idem
2383 2379 2629 2434 videtur.
2669 2379 2812 2434 Nam
2847 2378 2955 2433 etsi
3008 2378 3305 2434 interdum
3359 2381 3643 2451 augeatur

1994 2469 2193 2524 lumen
2226 2470 2353 2539 ejus
2379 2474 2553 2538 atque
2584 2468 2907 2535 minuatur,
2967 2470 3164 2523 tamen
3215 2468 3417 2523 eadem
3474 2472 3644 2525 nocte

1996 2557 2189 2630 qualis
2220 2556 2363 2611 mihi
2394 2560 2653 2629 apparet,
2678 2556 2810 2611 talis
2840 2560 2898 2611 et
2926 2556 3203 2612 omnibus
3238 2574 3251 2625 ;
3287 2573 3424 2612 nam
3455 2556 3646 2613 silon-

1995 2661 2064 2718 ge
2095 2644 2301 2717 positis
2333 2644 2527 2699 minor
2548 2644 2859 2715 videretur,
2884 2644 3125 2717 propius
3150 2644 3487 2701 constitutis
3517 2660 3642 2700 ma-

1989 2735 2086 2805 jor
2116 2732 2445 2805 refulgeret,
2479 2738 2533 2788 et
2566 2733 2834 2805 proderet
2873 2733 3282 2806 angustiarum
3313 2736 3371 2788 et
3418 2732 3641 2806 exigui-

1996 2821 2134 2877 tatis
2167 2820 2469 2876 indicium.
2502 2822 2733 2876 Etenim
2796 2820 3023 2893 reliqua
3079 2821 3194 2876 alia
3252 2822 3424 2895 longe
3467 2822 3643 2894 positi

1998 2912 2227 2966 minora
2277 2910 2653 2977 arbitramur,
2715 2910 2955 2983 propius
3015 2914 3359 2966 contuentes
3416 2912 3643 2981 majora

1996 3000 2339 3054 credimus:
2374 3016 2489 3072 quo
2547 2999 2735 3072 magis
2792 2998 3082 3055 ﬁnitimus
3143 3000 3347 3067 fueris,
3410 3016 3475 3056 eo
3532 2999 3641 3055 tibi

1997 3089 2125 3160 ejus
2157 3089 2235 3143 rei
2269 3105 2447 3159 quam
2481 3088 2669 3144 cernis
2701 3088 3046 3161 magnitudo
3079 3088 3436 3145 cumulatur.
3488 3087 3641 3145 Solis

1997 3177 2198 3233 radius
2228 3176 2373 3231 nulli
2402 3177 2639 3249 propior
2669 3178 2801 3248 (70),
2860 3176 3008 3232 nulli
3067 3177 3445 3250 longinquior
3501 3181 3590 3232 est
3624 3192 3636 3231 :

1997 3265 2269 3321 similiter
2298 3270 2354 3321 et
2382 3265 2533 3320 lunae
2563 3265 2774 3339 globus
2806 3265 3046 3338 aequalis
3076 3270 3165 3322 est
3220 3265 3515 3322 omnibus.
3548 3265 3655 3331 Si-,

1998 3354 2157 3410 milis
2187 3354 2273 3409 sol
2304 3359 2361 3410 et
2392 3355 2550 3410 Indis
2581 3360 2638 3411 et
2668 3356 2962 3410 Britannis
2987 3356 3192 3412 eodem
3223 3359 3523 3411 momento
3552 3353 3636 3409 vi-

1998 3445 2189 3513 detur,
2224 3460 2358 3498 cum
2390 3443 2595 3499 oritur.
2654 3445 2767 3499 Nec
2800 3461 2934 3499 cum
2986 3445 3175 3518 vergit
3230 3444 3289 3500 in
3346 3459 3637 3511 occasum,

2000 3531 2191 3587 minor
2221 3537 2460 3603 apparet
2488 3531 2884 3589 Orientalibus
2914 3549 3093 3604 quam
3120 3532 3590 3589 Occidentalibus
3624 3548 3638 3587 :

2000 3636 2107 3675 nec
2160 3619 2632 3675 Occidentalibus
2679 3636 2813 3675 cum
2875 3620 3080 3690 oritur,
3139 3621 3379 3677 inferior
3463 3637 3639 3694 quam

1999 3707 2391 3765 Orientalibus
2447 3707 2786 3764 aestimatur.
2855 3710 3130 3777 Quantum
3183 3709 3368 3777 distat,
3430 3708 3642 3781 inquit,

1998 3799 2179 3853 oriens
2209 3799 2283 3853 ab
2313 3796 2582 3852 occidente
2613 3798 2782 3869 (Psal.
2816 3814 2912 3865 cn,
2942 3798 3065 3860 12)!
3100 3797 3229 3853 Haec
3254 3797 3501 3854 invicem
3532 3798 3645 3853 sibi

2001 3887 2227 3942 distant
2259 3904 2272 3941 :
2307 3886 2409 3942 sed
2462 3882 2607 3942 sola
2636 3885 2796 3942 nullo
2836 3886 3038 3956 distat,
3072 3885 3218 3940 nulli
3277 3885 3643 3958 praesentior,

2003 3974 2147 4030 nulli
2180 3975 2454 4030 remotior
2484 3980 2591 4030 est.

2070 4067 2161 4119 26.
2196 4064 2394 4135 Neque
2434 4068 2489 4119 te
2539 4068 2765 4120 moveat
2820 4064 2974 4135 quod
3033 4067 3313 4135 tanquam
3372 4061 3646 4118 cubitalis

221 4156 394 4212 diem
438 4154 787 4227 designandi
841 4154 971 4224 ejus
1023 4152 1235 4208 habeat
1290 4156 1635 4224 potestatem
1682 4168 1891 4207 cursus
2001 4153 2107 4208 tibi
2137 4152 2292 4208 orbis
2323 4151 2761 4219 videatursolis,
2794 4169 2928 4207 cum
2960 4151 3145 4208 oritur
3177 4170 3190 4207 :
3220 4151 3320 4208 sed
3344 4149 3647 4207 considera

226 4244 332 4300 sui
366 4258 639 4298 munere.
673 4241 768 4298 Sic
798 4240 1093 4314 accipiunt
1122 4234 1389 4296 nonnulli
1420 4241 1573 4311 quod
1624 4240 1705 4295 ait
1759 4257 1890 4312 pro-
2004 4247 2292 4313 quantum
2323 4241 2555 4296 intersit
2585 4240 2756 4312 spatii
2790 4241 2941 4296 inter
2970 4240 3151 4297 solem
3175 4244 3232 4297 et
3264 4246 3465 4309 terras,
3492 4241 3648 4313 quod

221 4333 420 4405 pheta
457 4350 473 4386 :
506 4331 691 4387 Solem
738 4333 799 4386 in
848 4334 1167 4402 potestatem
1193 4328 1322 4394 diei,
1384 4329 1577 4383 lunam
1605 4331 1655 4383 et
1708 4329 1893 4384 stellas
2005 4334 2279 4401 aspectus
2310 4329 2493 4385 nostri
2528 4329 2840 4385 infirmitas
2871 4330 2999 4384 sine
3031 4345 3244 4401 magno
3274 4329 3366 4385 sui
3398 4346 3513 4385 non
3547 4346 3649 4402 po-

216 4424 285 4476 in
311 4424 650 4494 potestatem
676 4421 852 4476 noctis
887 4419 1059 4490 (Psal.
1083 4417 1431 4488 cxxxv,8,9).
1466 4416 1898 4472 Circumferunt
2006 4423 2121 4473 test
2151 4417 2398 4473 transire
2429 4418 2754 4489 dispendio.
2817 4417 3039 4491 Caligat
3096 4422 3368 4491 aspectus
3427 4423 3647 4486 noster,

211 4510 388 4565 enim
422 4509 654 4564 lumen.
681 4510 782 4563 ⁸14
814 4508 879 4563 In
913 4524 1100 4563 annos
1122 4522 1354 4578 quoque
1375 4505 1628 4561 ordinati
1650 4510 1790 4562 sunt
1811 4505 1897 4561 sol
2008 4506 2295 4578 numquid
2330 4505 2415 4560 sol
2466 4505 2696 4578 caligat,
2749 4510 2849 4560 aut
2873 4506 3014 4562 luna
3042 4506 3070 4560 ?
3116 4508 3417 4579 Augustus
3455 4511 3655 4563 noster

212 4603 276 4653 et
310 4598 468 4654 luna
502 4614 514 4652 :
547 4597 691 4652 luna
723 4614 824 4669 per
856 4600 1150 4652 trecentos
1180 4595 1306 4651 dies
1336 4595 1626 4651 duodenis
1667 4595 1894 4651 vicibus
1923 4602 1971 4667 Ι)
2004 4596 2267 4662 obtutus,
2295 4595 2585 4666 numquid
2616 4594 2745 4649 ideo
2803 4595 3145 4668 angustiora
3201 4595 3380 4651 efﬁcit
3410 4612 3537 4669 qua:
3568 4596 3652 4649 vi-

210 4703 412 4743 sunm
448 4703 695 4741 cursum
718 4685 1057 4753 conﬁciens,
1093 4689 1466 4739 consummat
1511 4701 1753 4752 annum,
1805 4702 1895 4740 se-
2007 4686 2220 4741 dentur
2251 4687 2274 4739 Ρ
2303 4685 2535 4756 Species
2567 4683 2872 4754 minuitur,
2905 4702 3020 4739 non
3050 4685 3146 4740 75
3180 4685 3523 4757 magnitudo
3553 4684 3652 4738 de-

211 4776 508 4831 cundum
537 4776 814 4841 Hebreos,
860 4773 1157 4845 aliquibus
1186 4772 1394 4828 diebus
1457 4773 1746 4845 adjectis;
1803 4791 1897 4829 se-
2007 4773 2281 4830 trahitur.
2309 4772 2506 4843 Neque
2528 4773 2683 4827 enim
2717 4773 3078 4828 infirmitatis
3109 4778 3323 4829 nostrae
3352 4771 3653 4844 passiones

2014 4863 2279 4935 passioni
2310 4862 2691 4917 luminarium
2723 4863 3004 4918 debemus
3037 4863 3345 4918 ascribere.
3378 4857 3656 4915 Mentitur

2011 4956 2207 5007 noster
2227 4956 2498 5023 aspectus
2524 4970 2535 5019 ;
2573 4951 2689 5007 noli
2724 4968 2858 5024 ergo
2886 4951 3052 5007 fidele
3083 4949 3370 5007 aestimare
3400 4947 3526 5018 ejus
3549 4947 3654 5017 ju-

2013 5038 2251 5094 dicium.
2275 5039 2365 5094 Fit
2382 5038 2702 5095 cmlestium
2735 5041 2928 5096 minor
2957 5036 3271 5110 spectaculi
3304 5036 3513 5107 figura,
3537 5051 3654 5091 non

2015 5128 2102 5184 sui
2126 5128 2312 5183 forma
2358 5129 2437 5184 De
2464 5146 2696 5185 summo
2713 5129 2924 5184 vertice
2943 5126 3232 5183 montium
3256 5124 3305 5180 si
3323 5124 3656 5196 subjectum

214 4863 509 4919 cundum
568 4863 886 4930 Romanos,
946 4862 1036 4917 bis
1078 4867 1237 4917 sexto
1287 4862 1465 4918 semel
1516 4863 1667 4917 intra
1726 4863 1899 4934 quin-

214 4950 572 5024 quennium
603 4951 780 5006 unius
811 4949 924 5007 diei
970 4950 1295 5022 adjectione
1338 4950 1645 5006 celebrato.
1696 4951 1898 5007 Solsti-

212 5040 394 5097 tialis
422 5057 666 5113 quoque
698 5056 891 5095 annus
925 5043 1032 5105 est,
1066 5055 1201 5095 cum
1235 5037 1341 5106 sol,
1375 5039 1603 5110 expleto
1644 5057 1745 5111 per
1775 5057 1899 5094 om-

212 5129 330 5185 nia
364 5130 549 5202 signa
578 5127 847 5194 circuitu,
908 5128 969 5183 in
1005 5127 1062 5183 id
1098 5127 1255 5182 unde
1287 5126 1644 5198 principium
1694 5145 1903 5183 cursus

2015 5324 2075 5379 Si
2105 5327 2293 5380 contra
2334 5324 2828 5395 Septentrionem...
2861 5338 2971 5377 non.
3024 5324 3198 5393 potest
3252 5337 3365 5377 esse
3389 5328 3509 5395 post
3555 5324 3661 5395 ter-

2015 5412 2143 5467 gum
2170 5396 2269 5451 sol.
2305 5393 2440 5451 Sunt
2469 5396 2636 5467 enirn,
2669 5396 3083 5467 etc.Attamen
3124 5410 3312 5463 voces,
3345 5393 3425 5450 sol
3457 5397 3514 5450 et
3530 5394 3656 5463 soli,

2019 5465 2376 5539 Quibusdam
2405 5467 2466 5539 in_
2488 5466 2618 5539 cod.
2643 5465 3067 5539 desiderantur.

2090 5540 2203 5619 (99}
2234 5538 2422 5619 ςέοάοχ
2454 5536 2579 5619 γει.
2615 5534 2902 5619 etIBas‘il:2
2935 5537 3083 5619 ultra
3114 5537 3376 5619 Aratiam
3400 5538 3586 5619 positi.

2090 5606 2203 5682 (70)
2236 5610 2400 5665 Rom.
2435 5607 2571 5662 edit.
2605 5606 2749 5677 sola,
2783 5608 2924 5665 Solis
2952 5609 3099 5665 orbis
3125 5609 3272 5665 nulli
3296 5606 3536 5682 propior.

295 5323 427 5394 (66)
463 5322 614 5378 Mss.
649 5321 820 5394 multi
854 5339 920 5378 ac
966 5322 1128 5389 boni,
1161 5324 1293 5394 quia
1350 5323 1620 5377 intererat
1664 5328 1904 5394 peccato-

217 5392 367 5448 rum
394 5392 683 5450 remissio.
714 5392 825 5449 Alii
860 5411 925 5449 ac
957 5394 1094 5450 edit.
1128 5392 1195 5448 ut
1223 5393 1281 5448 in
1309 5397 1492 5448 textu.

298 5466 431 5537 (67)
465 5465 624 5521 Edit.
656 5481 791 5537 cum
817 5482 960 5521 mss.
994 5465 1221 5537 aliquot
1245 5464 1462 5518 infimae
1508 5468 1676 5530 notae,
1739 5464 1906 5521 Caete-

214 5552 367 5610 rum
393 5535 535 5610 sunt
562 5537 662 5610 qui
678 5535 864 5592 dicant
896 5537 1033 5610 quod
1060 5535 1159 5609 per
1188 5535 1339 5610 duos,
1372 5539 1480 5610 cet:

299 5608 427 5680 (68)
462 5608 554 5663 Ita
571 5605 754 5680 Rom.
776 5605 919 5666 edit:
940 5605 1074 5665 cum
1093 5623 1242 5680 mss.
1269 5605 1432 5680 γαίη
1465 5606 1602 5661 Ben.
1626 5609 1680 5661 et
1714 5605 1908 5680 Germ.

217 5677 616 5748 quibuscum
650 5679 790 5737 facit
836 5680 1011 5739 Basil.
1044 5679 1181 5737 Alia
1219 5677 1355 5735 edit.
1387 5683 1446 5736 et
1475 5694 1644 5749 mss.,
1695 5679 1908 5736 umbra.
