4084 6188
425 332 552 418 ω

1895 352 1959 419 S.
2006 356 2351 422 AMBROSI
2355 358 2380 421 Ι

3712 355 3838 422 ιη

433 489 619 547 oculis
646 488 769 546 tuis
792 502 1068 562 campum
1100 491 1358 562 spectare
1387 488 1706 557 desideras,
1739 493 1916 562 atque
1949 488 2070 546 illic
2105 492 2156 559 Α
2186 496 2244 548 et
2272 509 2406 549 cum
2436 492 2515 550 sit
2542 493 2878 564 imminuta,
2911 493 3264 558 cumulatur.
3318 492 3391 552 In
3437 476 3564 568 quo
3607 492 3837 568 gaude

431 583 700 636 armenta
720 580 1040 652 pascentia,
1076 595 1265 635 nonne
1297 578 1671 635 formicarum
1705 578 1925 635 similia
1944 596 2070 636 cor-

430 685 575 742 pora
603 668 895 726 iudicabis
923 674 946 725 Ρ
970 669 1027 724 Si
1059 683 1216 722 mare
1237 670 1464 739 spectes
1494 683 1525 723 e
1582 668 1822 740 specula
1876 668 2076 741 aliqua

429 756 691 827 littorali,
722 774 917 814 nonne
946 756 1049 811 tibi
1082 756 1316 811 navium
1339 756 1607 811 maxime:
1626 757 1779 813 inter
1800 756 2075 813 ca'ruleos

430 847 667 914 ﬂuctus,
699 852 757 903 et
777 846 907 902 vela
946 844 1255 901 candentia
1282 844 1636 918 refulgentes
1664 845 1824 902 velut
1852 845 2073 902 colum-

430 935 641 993 barum
670 933 1035 991 volitantium
1066 934 1319 1006 speciem
1363 933 1594 990 eminus
1625 935 1813 1006 posito
1870 935 2074 991 viden-

429 1026 531 1080 tur
557 1023 1023 1087 obtexere?Quid
1056 1022 1195 1094 ipsae
1224 1022 1431 1078 insulae
1463 1040 1591 1095 quae
1604 1041 1766 1080 mare
1786 1023 2074 1094 dividunt,

430 1115 720 1173 terrarum
751 1112 1258 1183 arvagdiffindunt,
1292 1129 1468 1183 quam
1500 1117 1751 1184 angusto
1779 1112 2075 1169 testiman-

429 1199 678 1268 turﬁine
725 1197 992 1254 concludi
1013 1199 1041 1254 ‘2
1062 1200 1595 1267 [Quemadmodum
1619 1201 1869 1257 rotunda
1896 1218 2074 1273 appa-

430 1286 664 1360 rentgde
685 1288 1159 1360 asperis,5spissa
1189 1289 1259 1344 de
1290 1289 1437 1345 raris
1460 1290 1488 1344 ‘I
1516 1289 1800 1362 Hasjergo
1830 1289 2076 1345 inﬁrmi-

428 1378 584 1433 tates
612 1376 1220 1450 visus;tuigperpende
1248 1396 1261 1442 ;
1284 1382 1344 1434 et
1372 1394 1573 1434 eorum
1597 1377 2077 1452 quaegastruimus

430 1466 656 1538 ﬁdem-,f
663 1484 733 1523 ex
757 1470 814 1523 te
843 1467 969 1539 ipso
1001 1467 1219 1523 arbiter
1237 1468 1441 1539 justus
1480 1468 1719 1524 accersi.

498 1558 591 1613 27.
623 1556 683 1612 Si
713 1556 801 1613 vis
843 1555 1653 1629 magnitudinemﬁisolisﬁnon
1685 1556 1877 1613 solum
1908 1554 2078 1612 oculo

430 1646 671 1713 mentis,
717 1647 816 1703 sed
867 1646 1045 1702 etiam
1098 1645 1357 1719 corporis
1409 1646 1718 1712 aestimare,
1777 1646 2082 1702 considera

431 1736 655 1809 quanti
670 1734 991 1806 stellarum:
1005 1735 1160 1809 globi
1183 1748 1348 1791 axem
1375 1734 1503 1791 θα)ὶί
1535 1734 1846 1791 videantur
1868 1734 2083 1791 intexe-

2183 579 2545 654 Mysterium.
2598 581 2744 639 Nam
2797 586 2853 638 et
2888 580 3151 639 'de'l’ectui
3212 584 3338 655 ejus
3395 581 3842 656 compatiuntur

2184 669 2476 727 elementa
2509 687 2522 727 :
2556 675 2614 728 et
2642 688 2919 745 processu
2950 673 3079 744 ejus
3109 689 3240 746 quae
3266 671 3488 728 fuerint
3517 671 3838 739 exinanita,

2185 757 2585 831 cumulantur,
2621 764 2685 815 ut
2738 760 3131 817 animantium
3192 761 3518 829 cerebrum,
3550 763 3609 816 et
3659 760 3840 816 mari-

2182 847 2463 904 timorum
2493 848 2755 905 humida.
2788 848 3093 922 Siquidem
3123 848 3413 923 pleniores
3442 852 3645 907 ostrea
3671 862 3838 922 repe-

2185 935 2287 991 riri
2311 936 2602 1005 feruntur,
2632 937 2937 1010 multaque
2996 937 3128 1006 alia,
3162 954 3297 994 cum
3343 937 3554 1011 globus
3609 935 3841 993 lunaris

2185 1023 2485 1082 adolescit.
2517 1026 2599 1082 De
2629 1026 2902 1083 arborum
2948 1040 3183 1099 quoque
3211 1025 3458 1084 internis
3486 1026 3642 1083 idem
3692 1024 3841 1082 alle-

2184 1117 2345 1186 gant,
2380 1114 2480 1187 qni
2511 1113 2621 1171 hoc
2651 1133 2761 1171 usu
2794 1116 3027 1189 proprio
3059 1118 3489 1189 compererunt.
3549 1114 3838 1175 Videmus

2185 1219 2322 1276 ergo
2353 1207 2547 1259 ortum
2576 1205 2707 1276 ejus
2738 1209 2796 1262 et
2823 1205 3117 1261 defectum
3150 1204 3392 1262 rationis
3421 1219 3571 1271 esse,
3603 1221 3721 1261 non
3748 1203 3839 1260 in-

2184 1291 2501 1349 ﬁrmitatis.
2536 1292 2851 1366 Nunquam
2881 1294 3035 1350 enitr.
3066 1297 3296 1351 tantam
3328 1294 3503 1350 rebus
3562 1292 3839 1351 mutatio-

2185 1397 2320 1437 nem
2351 1381 2533 1450 daret,
2566 1381 2681 1439 nisi
2714 1385 3089 1455 praestantem
3147 1382 3423 1439 virtutem
3475 1381 3720 1439 haberet
3778 1385 3842 1438 et

2184 1471 2436 1543 gratiam
2469 1487 2503 1527 a
2524 1470 2838 1528 Conditore
2867 1470 3161 1527 collatam.

2254 1560 2343 1615 30.
2377 1564 2588 1616 Aerem
2615 1576 2851 1632 quoque
2881 1559 3128 1617 nonnuli
3159 1558 3339 1617 etiam
3362 1557 3524 1617 docti
3555 1562 3612 1616 et
3660 1558 3842 1635 Chri-

2185 1648 2362 1705 stiani
2391 1649 2503 1704 viri
2532 1648 2934 1723 allegaverunt
2953 1648 3107 1705 lunae
3126 1651 3333 1705 exortu
3365 1647 3553 1705 solere
3581 1648 3841 1717 mutari;

2187 1739 2288 1794 sed
2316 1738 2370 1795 si
2402 1737 2462 1793 id
2516 1738 2859 1795 mutationis
2890 1737 3117 1795 lunaris
3143 1737 3402 1810 quadam
3431 1737 3596 1794 ﬁeret
3623 1736 3842 1796 violen-

430 1840 514 1892 re,
546 1823 962 1897 etfinnumeris
991 1823 1276 1897 insignire
1306 1823 1667 1924 luminibus;
1699 1839 1816 1880 non
1834 1827 2079 1896 {queunt
2110 1859 2158 1924 B
2184 1826 2288 1897 tia,
2320 1827 2391 1883 ad
2423 1842 2627 1884 omnes
2656 1831 2819 1883 ortus
2846 1828 2980 1899 ejus
3008 1827 3365 1883 intexeretur
3408 1825 3692 1883 nubibus.
3721 1843 3842 1887 ca:-

428 1913 936 1986 tamenLtenebras
986 1912 1195 1981 noctis,
1228 1917 1285 1969 et
1314 1911 1442 1968 cmli
1496 1911 1701 1968 nubila
1755 1913 2075 1982 detergere.

428 2001 619 2060 Simul
649 2007 716 2058 ut
736 2001 823 2059 sol
846 2006 1013 2060 ortus
1028 2001 1121 2058 sui
1147 2001 1318 2075 signa
1338 2001 1918 2074 praemiseritpmnes
1936 2003 2075 2060 stel-

427 2090 620 2151 larum
641 2091 809 2164 ignes
835 2091 946 2147 sub
959 2090 1135 2146 unius
1150 2090 2072 2163 luminaria;fulgorefvanescunt,

429 2179 689 2253 aperitur
707 2196 825 2247 aer,
863 2179 1108 2251 coelique
1151 2179 1330 2236 facies
1359 2180 1807 2252 purpurasceuti
1865 2180 2075 2237 rubore

427 2268 1057 2344 perfunditurQAdhuc
1080 2268 1312 2341 spirans
1343 2268 1666 2337 exordium,
1699 2272 1756 2325 et
1777 2269 1903 2341 jam
1956 2285 2077 2325 mo-

426 2358 716 2418 mentaria
744 2358 1040 2416 celeritate
1069 2357 1225 2431 pleni
1267 2357 1511 2414 luminis
1544 2357 1721 2413 micat
1776 2357 2072 2430 splendor,

426 2452 484 2506 et
511 2448 809 2521 surgentis
841 2447 984 2503 solis
1016 2447 1228 2520 praevia
1257 2463 1399 2502 aura
1424 2445 1645 2517 Edulcis
1674 2446 1897 2519 aspirat
1936 2447 2069 2519 (71),

426 2537 529 2594 Dic
559 2536 725 2606 mihi,
758 2552 976 2609 quaeso,
1009 2534 1124 2591 nisi
1145 2550 1395 2608 magnus
1426 2529 1586 2591 orbis
1606 2546 1782 2602 esset,
1832 2551 2073 2608 quomo-

425 2626 500 2684 do
530 2642 813 2699 magnum
845 2628 1046 2697 posset
1074 2624 1274 2680 orbem
1305 2623 1645 2679 iliuminare
1673 2628 1965 2680 terrarum
2001 2623 2030 2679 ‘I

490 2717 583 2772 28.
615 2714 761 2783 Quid
785 2718 981 2771 autem
1006 2714 1077 2769 de
1106 2717 1266 2769 tanto
1297 2712 1504 2784 loquar
1522 2716 1983 2784 temperamento
2012 2716 2072 2769 et

425 2802 1207 2876 moderamine-:Conditoris,
1226 2802 1325 2875 qui
1352 2818 1483 2858 eam
1506 2816 1843 2858 mensuram
1870 2818 2072 2858 mune-

425 2892 634 2950 risolis
663 2892 970 2963 attribuitj;
996 2895 1059 2948 ut
1089 2894 1310 2964 neque"
1332 2907 1513 2963 vapor
1541 2890 1956 2963 ejuszﬁigneus,
2005 2896 2071 2948 ut

422 2983 675 3049 Videtur,
706 2987 999 3039 terrarum
1022 2997 1218 3047 venas,
1242 2997 1470 3047 succos,
1504 2995 1817 3050 rerumque
1845 2980 2070 3052 species

423 3072 658 3130 infusus
688 3071 1186 3143 exureret,§neque
1224 3070 1437 3125 iterum
1488 3068 1617 3140 per}
1645 3072 1808 3124 tanta
1861 3068 2069 3124 mundi

422 3160 614 3234 spatia
641 3157 1311 3234 refrigeratus,inullum
1365 3157 1539 3213 terris
1598 3173 1798 3213 semen
1857 3156 2069 3214 caloris

419 3228 684 3317 inoleret,
718 3228 819 3306 sed
842 3228 1327 3321 jujunamgatque
1348 3246 1621 3318 inopem:
1652 3247 1908 3301 fructum
1965 3246 2063 3303 de-
2095 3228 2138 3294 (ἶ

418 3339 785 3413 relinquens,
815 3339 886 3395 ad
918 3336 1145 3394 nullam
1198 3335 1522 3392 fertilitatis
1550 3335 1797 3406 gratiam
1831 3351 2069 3408 vapora-

418 3429 552 3486 ret?

1041 3549 1276 3608 CAPUT
1322 3549 1437 3611 .VII

417 3663 674 3720 Plurima
704 3675 829 3733 qua?
858 3659 924 3716 de
944 3658 1361 3733 solcjdicuntur,
1384 3657 1526 3733 iuriae
1551 3658 1717 3733 etiam
1745 3657 2062 3733 convenire;

440 3788 443 3793 .
490 3750 612 3792 eam
640 3726 820 3788 tamen
846 3726 1097 3803 proprios
1128 3745 1337 3801 quoque
1383 3728 1581 3784 habere
1629 3726 1871 3801 cﬂe’ctus,
1928 3743 2059 3801 quo-

482 3822 610 3862 rum
638 3805 817 3876 aliqui
842 3805 931 3859 hic
960 3810 1328 3858 recensentur.

479 3919 829 3993 29.;Similia
858 3919 929 3974 de
957 3916 1360 3973 lunae‘ratione
1391 3913 1764 3979 conveniunt,
1799 3912 1957 3985 quae;
1988 3912 2059 3967 de

406 4010 837 4082 consortezejus
867 4024 933 4063 ac
964 4007 1140 4063 fratre
1171 4004 1649 4061 memoravimus.
1680 3999 2055 4073 Siquidemin

402 4101 464 4157 id
496 4117 560 4157 se
588 4098 781 4154 induit
807 4095 1222 4160 ministerium,
1254 4092 1313 4148 in
1346 4092 1502 4164 quod
1534 4096 1591 4146 et
1620 4089 1798 4146 frater
1830 4108 1843 4159 ;
1895 4093 1961 4145 ut
1992 4089 2057 4145 i1-

400 4189 651 4247 luminet
672 4186 840 4243 teneb
850 4202 941 4242 ras
957 4184 1165 4251 ,foveat
1188 4182 1435 4248 semina,
1452 4184 1662 4253 augeat
1682 4181 1930 4235 fructus.
1946 4183 2056 4234 Ha-

398 4270 1558 4349 betjetiam1pleraqueafratrefdistincta
1591 4269 1705 4341 ;5ut
1735 4285 1909 4341 quem
1934 4272 2054 4323 toto

398 4364 1030 4437 diexcalorghumorem
1064 4367 1230 4418 terrae
1262 4359 1893 4441 siccaveritteumdem
1935 4357 2052 4413 exi-

395 4452 1158 4528 guolnoctisgtemporeros
1178 4453 1421 4522 reponat
1455 4466 1469 4517 ;
1505 4465 1640 4504 nam
1673 4452 1732 4503 et
1760 4446 2055 4520 ipsaluna

395 4540 739 4616 largaIroris
761 4539 1330 4610 asseritur.Deniquc
1352 4555 1484 4593 cum
1518 4536 1764 4593 serinior
1793 4553 1907 4591 nox
1936 4540 2044 4604 est,

2185 1914 2333 1982 lum,
2365 1915 2572 1989 pluviae
2601 1915 3003 1971 funderentur.
3038 1914 3299 1986 Denique
3326 1930 3461 1970 cum
3518 1918 3653 1973 ante
3703 1914 3840 1975 dies

2184 2010 2339 2061 esset
2426 2020 2617 2061 sermo
2705 2005 2777 2061 de
2832 2003 3050 2077 pluvia,
3109 2018 3237 2076 qum
3306 2001 3468 2061 utilis
3520 2002 3837 2076 diceretur,

2185 2094 2267 2150 ait
2295 2094 2537 2166 quidam
2571 2109 2585 2149 :
2620 2094 2763 2151 Ecce
2791 2092 3101 2150 neomenia
3126 2091 3292 2148 dabit
3320 2106 3473 2149 eam.
3506 2093 3577 2148 Et
3622 2108 3837 2164 quam-

2182 2182 2270 2240 vis
2286 2182 2480 2255 cupidi
2508 2200 2773 2240 essemus
2818 2181 3119 2249 imbrium,
3145 2184 3345 2237 tamen
3393 2180 3687 2252 ejusmodi
3742 2194 3845 2238 as-

2182 2271 2464 2328 sertiones
2493 2287 2658 2328 veras
2690 2288 2840 2338 esse,
2875 2269 3166 2327 nolebam.
3196 2268 3459 2341 Denique
3511 2268 3842 2331 delectatus

2182 2377 2337 2428 sum,
2370 2361 2525 2433 quod
2555 2359 2754 2417 nullus
2783 2360 2973 2416 imber
3000 2359 3223 2415 effusus
3251 2363 3341 2414 est
3366 2383 3384 2425 ;
3415 2358 3600 2415 donec
3646 2359 3842 2430 preci-

2181 2450 2292 2505 bus
2323 2449 2594 2506 Ecclesiaa
2624 2450 2819 2516 datus,
2845 2448 3247 2505 manifestaret
3275 2463 3393 2503 non
3414 2447 3488 2503 de
3530 2445 3716 2503 initiis
3745 2446 3845 2503 lu-

2182 2555 2267 2595 nae
2297 2555 2430 2595 eum
2462 2537 2820 2611 sperandum
2842 2552 2991 2604 esse,
3024 2536 3127 2593 sed
3161 2536 3234 2591 de
3255 2533 3619 2608 providentia
3645 2538 3700 2590 et
3725 2534 3845 2592 mi-

2179 2627 2494 2684 sericordia
2530 2626 2837 2683 Creatoris.
2884 2625 3036 2681 Sane
3091 2622 3293 2696 Euripi
3342 2637 3479 2679 cum
3535 2622 3848 2680 exundant

2180 2716 2441 2788 undique
2471 2716 2797 2772 secundum
2826 2713 3085 2785 reliquas
3110 2712 3337 2785 species
3365 2710 3533 2779 lunae,
3562 2715 3626 2766 et
3662 2727 3839 2768 acce-

2178 2809 2308 2883 ptos
2325 2804 2537 2860 ﬂuctus
2550 2801 2974 2867 refundant,vel
2992 2800 3167 2858 etiam
3189 2799 3304 2873 ipsi
3326 2815 3539 2872 magno
3554 2799 3828 2857 ferantur

2178 2894 2401 2966 impetu
2430 2912 2443 2962 ;
2478 2893 2537 2948 in
2567 2897 2698 2949 ortu
2729 2896 2926 2949 tamen
2947 2892 3078 2963 ejus
3104 2893 3263 2947 stant
3292 2887 3836 2961 phcidi,quoadus-

2178 2999 2293 3056 que
2322 2983 2464 3039 luna
2492 2981 2618 3038 sine
2646 2981 2869 3037 lumine
2898 2983 3009 3036 est.
3039 2980 3111 3034 At
3138 2994 3272 3034 vero
3302 2977 3405 3033 ubi
3430 2992 3563 3034 eam
3592 2977 3829 3034 dierum

2177 3087 2418 3127 accesus
2447 3069 2717 3127 retexerit
2744 3068 3052 3142 (72),‘tunc
3075 3065 3137 3122 in
3178 3083 3316 3122 suos
3344 3082 3557 3122 cursus
3607 3065 3828 3123 reﬂuos

2176 3164 2565 3217 revertuntur.
2595 3157 2863 3230 Ampotis
2890 3155 3002 3228 (73)
3034 3171 3285 3227 quoque,
3319 3171 3447 3226 quae
3477 3154 3540 3210 in
3593 3152 3827 3211 Oceano

2176 3264 2304 3304 esse
2339 3247 2697 3321 perhibetur,
2729 3262 2866 3302 cum
2893 3243 3134 3317 reliquis
3164 3243 3374 3300 diebus
3404 3242 3671 3299 ordinem
3721 3258 3826 3300 su—

2174 3354 2275 3393 um
2305 3352 2535 3394 servare
2564 3335 2813 3403 dicatur,
2835 3333 3026 3390 lunari
3056 3336 3259 3389 exortu
3286 3331 3526 3388 evidens
3543 3331 3826 3388 mutatio-

2174 3427 2267 3483 nis
2297 3443 2417 3482 suae
2450 3426 2631 3481 fertur
2659 3423 2945 3480 indicium
2971 3422 3112 3479 dare
3145 3440 3159 3491 ;
3194 3425 3262 3477 ut
3288 3434 3450 3477 mare
3479 3419 3678 3492 ipsum
3726 3436 3826 3478 oe-

2172 3514 2476 3583 cidentale,
2507 3514 2569 3569 in
2601 3529 2717 3585 quo
2746 3514 3045 3584 spectatus
3073 3509 3347 3583 ampotis,
3375 3507 3546 3569 solito
3561 3507 3827 3581 amplius

2172 3604 2409 3662 accedat
2432 3619 2498 3659 ac
2535 3602 2787 3668 recedat,
2817 3603 2878 3657 et
2923 3599 3145 3671 majore
3176 3602 3320 3655 testu
3375 3597 3619 3666 feratur,
3680 3599 3827 3655 tan-

2170 3710 2349 3766 quam
2383 3691 2534 3748 luuaa
2575 3690 2934 3764 quibusdam
2985 3686 3446 3761 aspirationibus
3492 3690 3824 3743 retrorsum

2166 3782 2455 3849 trahatur,
2487 3783 2545 3836 et
2570 3779 2785 3835 iterum
2814 3777 3024 3834 iisdem
3054 3774 3379 3849 impulsum
3410 3790 3477 3831 ac
3496 3777 3823 3832 retractum

2167 3872 2227 3927 in
2259 3884 2599 3927 mensuram
2631 3866 2927 3940 propriam
2954 3865 3322 3924 retundatur.

2767 3980 3004 4038 CAPUT
3059 3979 3208 4036 VIII.

2163 4078 2334 4133 Lunae
2369 4073 2598 4130 mutatio
2638 4086 2829 4126 rerum
2857 4069 3273 4125 instabilitatem
3330 4065 3479 4122 docet
3509 4081 3523 4121 ε
3574 4069 3661 4138 αξ
3690 4067 3824 4138 ipsa

2231 4147 2468 4228 turpiter
2522 4147 2582 4198 τή
2638 4142 2884 4228 rem?
2932 4141 3157 4228 ,ηρεινίετ
3186 4136 3824 4228 emeriti-fidi“

2231 4155 2468 4218 turpiter
2522 4160 2582 4198 τη
2639 4155 2884 4197 ωοηοαδ
2953 4155 3553 4267 nostmmnmr.
3605 4155 3814 4194 ιηνιειι

2229 4218 2555 4290 mysterium
2595 4218 2757 4290 atque;
2809 4211 3119 4290 Εεσιςεεςίαηξ
3266 4281 3278 4290 .
3345 4210 3814 4290 ,τερτρτεεπραίε

2231 4278 2521 4416 (1νῂᾳάηέηέᾳί
2549 4278 2780 4355 ωαρἰοίδ
2808 4283 3057 4340 cantibus
3086 4281 3150 4339 de
3177 4281 3309 4341 caelo
3325 4278 3542 4338 detrahi
3558 4278 3816 4350 credunt,

2231 4379 2249 4416 ι
2478 4375 2520 4414 i.

2229 4379 2520 4417 zmaenai.

2227 4451 2316 4505 31.
2349 4448 2513 4505 Unde
2569 4444 2619 4503 si
2679 4440 2914 4499 miraris
2973 4440 3266 4523 quomodo
3323 4438 3615 4495 defectum
3668 4435 3822 4494 luna

2158 4538 2431 4613 patiatur,
2458 4551 2591 4592 cum
2612 4536 2838 4590 tantam
2879 4531 2997 4586 vim
3029 4528 3376 4585 mutationis
3404 4524 3619 4583 habeat
3644 4540 3771 4582 suae
3798 4545 3817 4597 ;

397 4637 455 4691 et
483 4602 626 4688 luna
654 4634 1040 4704 pernox,tunc
1074 4628 1291 4701 largior
1320 4645 1414 4683 ros
1444 4627 1629 4682 fertur
1651 4643 1789 4681 arva
1818 4626 2049 4698 perfun-
2077 4602 2123 4668 D
2155 4602 2460 4684 considera
2489 4631 2545 4681 et
2573 4624 2633 4679 in
2665 4639 2731 4679 eo
2764 4635 3045 4694 magnum
3073 4633 3202 4674 esse
3232 4616 3600 4691 mysterium,
3648 4615 3819 4688 quod

395 4724 554 4779 dere.
574 4721 655 4793 .Et
682 4719 947 4793 plerique
978 4717 1668 4791 sub‘aere‘quiescentes,
1704 4720 1838 4787 quo;
1857 4714 2046 4787 magis

395 4812 505 4868 sub
536 4809 759 4866 lumine
790 4809 1039 4865 fuissent
1063 4808 1237 4875 lunai,
1271 4824 1336 4862 eo
1366 4805 1500 4879 plus
1559 4804 1824 4859 humoris
1854 4821 1917 4859 se
1946 4820 2043 4859 cu-

392 4901 514 4974 pite
559 4899 864 4973 collegisse
895 4902 1224 4956 senserunt.
1259 4896 1422 4952 Unde
1452 4899 1507 4951 et
1548 4895 1607 4949 in
1640 4892 1890 4950 Canticis
1912 4910 2044 4981 carl—

388 4991 641 5048 ticorum
671 4990 938 5048 Christus
978 4988 1121 5044 dicit
1149 4988 1218 5043 ad
1251 4985 1567 5042 Ecclesiam
1603 5000 1615 5037 :
1654 4985 1750 5039 76
1776 4984 2043 5052 Quoniam

386 5089 550 5153 caput
578 5097 762 5136 meum
782 5080 1049 5152 repletum
1080 5082 1157 5133 est
1186 5092 1327 5143 rore,
1368 5084 1420 5130 et
1475 5076 1655 5130 crines
1711 5077 1821 5129 mei
1868 5075 2041 5143 guttis

385 5170 560 5225 noctis
613 5170 869 5240 (Cantic.
928 5187 959 5225 v
994 5212 1008 5237 ,
1097 5172 1131 5222 2
1162 5168 1200 5239 ).
1277 5166 1427 5221 Tum
1458 5164 1692 5235 j'pdeinde
1724 5162 2040 5232 '_minuitur

386 5260 469 5328 etJ
492 5261 781 5330 augetur,
835 5264 901 5315 ut
958 5260 1147 5315 minor
1200 5258 1325 5326 sit,
1382 5271 1515 5310 cum
1558 5252 1814 5323 resurgit
1842 5266 2033 5306 nova:

479 5413 573 5479 71)
603 5413 714 5468 Sex
744 5428 909 5479 mss.,
951 5426 1155 5466 aurora
1186 5410 1363 5465 dulcis
1392 5409 1621 5479 aspirat.

479 5413 545 5466 71
603 5413 714 5468 Sex
744 5428 909 5479 mss.,
951 5426 1155 5466 aurora
1186 5413 1363 5465 dulcis
1392 5413 1621 5479 aspirat.

456 5413 573 5555 €72;
600 5484 751 5539 Edit.
784 5489 894 5538 vet.
928 5487 984 5537 et
1014 5483 1275 5564 quaedam
1299 5479 1494 5551 Paris,
1528 5494 1663 5534 cum
1695 5491 1841 5531 mss.
1896 5491 2035 5547 qua-

385 5557 564 5622 tuor.,
600 5571 838 5610 accessus
874 5557 1114 5609 aumerit.

387 5642 394 5695 ι
428 5621 573 5700 Α(73)
608 5628 896 5700 A_mpotis,
929 5627 1122 5683 Greece
1150 5622 1386 5685 ἃμιπωτις,
1418 5623 1475 5679 id
1499 5627 1588 5678 est
1619 5621 1910 5678 undarum
1944 5634 2031 5673 re-

391 5698 723 5775 ciprOCatio.

2146 4719 2251 4790 jus
2282 4713 2547 4788 exemplo
2578 4710 2901 4784 cognoscis,
2943 4726 2976 4765 ο
3006 4708 3203 4776 homo,
3238 4705 3386 4762 nihil
3441 4719 3641 4761 rerum
3702 4702 3824 4760 hu-

2154 4821 2465 4863 manarum
2513 4805 2570 4859 et
2618 4799 2930 4858 mundanae
2960 4797 3143 4854 totius
3172 4799 3447 4852 creaturae
3476 4808 3605 4850 esse
3663 4808 3821 4865 pos-

2152 4912 2235 4963 se,
2269 4893 2423 4966 quod
2455 4908 2570 4946 non
2603 4886 2918 4961 aliquando
2968 4884 3312 4942 resolvatur.
3369 4882 3515 4941 Nam
3547 4874 3599 4938 si
3623 4878 3825 4938 etiam

2149 4984 2312 5050 luna,
2333 4982 2427 5038 cui
2479 4984 2709 5036 tantum
2741 4975 3028 5033 Dominus
3059 4971 3356 5030 commisit
3403 4969 3818 5028 ministerium

2151 5080 2215 5130 ut
2241 5070 2534 5127 illuminet
2564 5068 2764 5123 orbem
2823 5068 3138 5135 terrarum,
3175 5066 3232 5119 et
3260 5059 3492 5143 crescit,
3550 5063 3608 5116 et
3660 5057 3820 5115 deﬂ-

2148 5163 2247 5229 cit,
2289 5158 2568 5216 deﬁciunt
2602 5157 2691 5211 71
2725 5153 2881 5211 enim
2914 5151 3115 5209 omnia
3169 5166 3297 5224 quae
3330 5150 3441 5224 (74)
3499 5164 3569 5205 ex
3614 5145 3817 5204 nihilo

2147 5255 2274 5308 orta
2302 5263 2490 5321 usque
2520 5246 2591 5302 ad
2624 5242 3041 5317 perfectionem
3064 5242 3371 5308 venerunt,
3402 5239 3618 5297 iterum
3666 5253 3815 5310 per-

2217 5402 2330 5474 (74)
2354 5400 2447 5474 Ita
2485 5395 3119 5474 melioris_not¢e.mss.
3155 5389 3393 5474 Reliqui
3418 5391 3635 5474 autem,
3662 5402 3818 5474 par.

2142 5461 2272 5542 tim,
2296 5461 2482 5529 omnia
2524 5484 2664 5541 quae,
2686 5465 2774 5522 vel
2805 5467 3114 5543 omniaque,
3146 5478 3219 5520 ea:
3246 5461 3426 5543 nihilo
3473 5467 3594 5516 orta
3618 5472 3823 5542 usque

2142 5546 2210 5602 ad
2234 5536 2620 5618 perfectionem
2637 5546 2919 5603 venerunt,
2942 5544 2992 5592 et
3007 5538 3211 5592 iterum
3226 5549 3249 5595 ;
3268 5536 3509 5605 partim,
3530 5536 3667 5614 quia
3683 5544 3818 5586 om-

2142 5619 2240 5673 nia
2280 5630 2472 5673 cum...
2507 5615 2733 5673 iterum,
2763 5613 2861 5665 etc.
2922 5607 3104 5663 Vatic.
3167 5602 3350 5671 solus,
3409 5614 3703 5673 omniaque
3727 5612 3821 5658 ea:

2139 5608 2472 5702 attiguae...
2507 5615 2733 5695 iterum,
2763 5613 2861 5665 etc.
2922 5608 3104 5663 Vatic.
3167 5608 3350 5689 solus,
3409 5608 3813 5673 amnisquam:

2141 5688 2318 5745 nihilo
2366 5694 2488 5744 orta
2532 5682 2700 5740 simul
2753 5682 2918 5753 atque
2944 5677 3015 5736 ad
3065 5679 3456 5752 perfectionem
3505 5680 3813 5744 venerunt,
