4084 6188
242 383 369 448 ΞΗ

1519 374 2062 440 HEXAEMERON
2102 373 2250 436 LIB.
2295 373 2399 434 IV.

3534 371 3656 436 218

243 516 405 575 facta
430 512 1018 584 minuuntur,ecelum
1048 513 1206 572 enim
1225 516 1283 569 et
1309 514 1465 569 terra
1495 509 1896 584 preteribunt;
1929 507 1984 575 Α
2014 509 2091 564 tia
2144 507 2318 579 pacis,
2370 503 2563 562 donec‘
2587 505 2812 564 tollatur
2858 509 2990 564 luna
3034 507 3204 581 (Psal.
3256 520 3406 575 uxr,
3449 498 3527 582 '7).
3586 510 3657 566 Et

247 623 358 664 cur
385 606 587 662 nonid
625 604 1038 662 moderationis
1081 602 1464 670 assumimus,
1495 605 1562 656 ut
1604 615 1792 672 neque
1840 599 1899 654 in

247 695 514 753 adversis
545 695 895 766 abjiciamus
927 693 1212 761 animum,
1238 691 1338 764 qui
1369 690 1525 748 enim
1548 689 1745 746 omnia
1769 687 1903 745 fecit

249 801 325 843 ex
352 783 558 850 nihilo,
590 781 760 839 facile
805 787 863 838 te
909 798 1140 856 quoque
1171 784 1377 852 potens
1409 783 1498 836 est
1544 779 1616 833 ad
1668 793 1903 833 summa

249 880 311 932 et
342 874 594 948 perfecta
623 871 972 944 provehere;
1015 875 1071 926 et
1105 886 1341 925 rursum
1393 883 1508 923 non
1556 865 1906 923 extollamur

247 963 321 1021 in
363 962 674 1036 prosperis,
709 977 896 1034 neque
943 959 1002 1015 in
1053 963 1333 1030 potestate
1365 956 1562 1029 aliqua
1593 972 1721 1021 nos,
1754 954 1903 1010 divi-

247 1053 473 1126 tiisque
519 1052 833 1121 jactemus,
869 1065 1059 1121 neque
1113 1047 1172 1102 in
1228 1046 1450 1103 viribus
1481 1043 1758 1118 corporis,
1807 1046 1908 1098 aut

250 1140 692 1215 pulchritudine
723 1139 1064 1212 gloriemur,
1095 1138 1155 1193 in
1184 1153 1300 1209 quo
1331 1139 1421 1191 est
1451 1133 1638 1191 facilis
1665 1148 1904 1204 corrup-

250 1232 363 1298 tio,
408 1230 610 1286 crebra
666 1228 933 1295 mutatio,
982 1226 1082 1282 sed
1137 1228 1471 1280 manentem
1529 1223 1588 1278 in
1640 1222 1905 1276 futurum

247 1320 438 1378 animi
470 1317 720 1393 gratiam
753 1332 1193 1389 persequamur.
1221 1314 1368 1369 Nam
1421 1312 1470 1368 si
1501 1315 1555 1367 te
1583 1311 1736 1366 lunae
1768 1327 1903 1366 con-

247 1409 452 1465 tristat
478 1423 742 1474 occasus,
775 1422 901 1478 quae
949 1421 1011 1460 se
1059 1419 1291 1474 semper
1336 1404 1566 1472 reparat
1607 1417 1672 1455 ac
1727 1399 1905 1454 refor-

249 1501 409 1567 mat;
444 1495 631 1551 multo
682 1495 870 1568 magis
918 1491 1261 1548 contristare
1303 1493 1360 1546 te
1405 1490 1593 1555 debet,
1627 1489 1675 1543 si
1712 1487 1909 1544 anima

248 1587 520 1661 profectu
550 1583 782 1640 virtutis
812 1583 1052 1655 impleta
1083 1597 1217 1636 cum
1252 1579 1440 1647 fuerit,
1458 1584 1659 1651 postea
1689 1594 1790 1650 per
1818 1578 1909 1632 in-

251 1674 657 1734 constantiam
691 1671 924 1738 mentis,
958 1675 1132 1742 atque
1158 1668 1445 1725 incuriam
1479 1685 1512 1723 a
1544 1685 1650 1724 suo
1690 1667 1912 1722 deﬂexa

251 1763 561 1840 proposito
606 1762 804 1818 studia
860 1777 968 1816 sua
1023 1775 1172 1830 saepe
1229 1760 1586 1814 commutet:
1622 1756 1777 1828 quod
1822 1760 1912 1811 est

251 1852 614 1926 insipientia,
661 1855 720 1906 et
765 1849 1104 1906 inscientiae.
1137 1847 1300 1903 Unde
1347 1851 1405 1902 et
1443 1846 1733 1918 scriptura
1771 1844 1852 1900 ait
1894 1862 1906 1900 :
1939 1880 1987 1944 Β

253 1944 472 2001 Stultus
515 1945 576 1996 ut
620 1941 756 1994 luna
802 1941 1050 1994 mutatur
1077 1936 1267 2008 (Eccli.
1313 1951 1511 2000 xxvm,
1545 1935 1651 2005 12).
1684 1935 1753 1989 Et
1782 1934 1909 1989 ideo

254 2032 500 2105 sapiens
553 2046 670 2084 non
720 2043 854 2084 cum
904 2027 1044 2082 luna
1075 2027 1357 2092 mutatur,
1398 2025 1498 2079 sed
1549 2022 1915 2096 permanebit

255 2137 397 2179 cum
429 2119 553 2176 sole
582 2118 754 2186 (Psal.
789 2133 936 2182 LXXI,
967 2116 1043 2187 5).
1079 2113 1241 2170 Unde
1289 2129 1404 2168 non
1450 2111 1593 2168 luna
1643 2115 1731 2168 est
1789 2128 1915 2183 par-

254 2211 449 2282 ticeps
475 2206 736 2263 stultitia:
760 2222 773 2260 :
799 2205 940 2278 quia
969 2220 1084 2259 non
1115 2202 1256 2257 luna
1286 2204 1548 2256 mutatur
1577 2204 1643 2255 ut
1674 2199 1912 2268 stultus,

257 2299 364 2356 sed
397 2295 621 2352 stultus
651 2298 717 2350 ut
740 2293 902 2349 luna.
930 2291 1190 2363 Denique
1214 2306 1412 2345 semen
1437 2288 1584 2362 justi
1609 2288 1918 2344 sicutluna

258 2387 523 2462 perfecta
548 2385 610 2439 in
641 2389 926 2439 aeternum
959 2384 1174 2447 manet,
1207 2383 1264 2435 et
1292 2377 1460 2434 testis
1491 2378 1551 2433 in
1580 2377 1724 2433 coelo
1775 2377 1916 2433 ﬁde-

259 2475 541 2547 lis(Psal.
575 2489 838 2538 Lxxxvm,
866 2470 978 2541 38).
1011 2469 1181 2524 Aliud
1233 2467 1390 2522 enim
1442 2469 1530 2521 est
1585 2465 1749 2537 fungi
1808 2464 1916 2520 mi-

261 2563 530 2625 nisterio,
566 2561 724 2617 aliud
774 2557 1135 2615 circumferri
1183 2555 1438 2628 ingenio,
1472 2559 1528 2610 et
1567 2570 1775 2610 sensus
1825 2553 1918 2608 in-

261 2654 552 2712 ﬁrmitate
581 2652 758 2707 fixam
786 2665 902 2704 non
933 2648 1148 2704 habere
1201 2643 1571 2702 sententiam.
1609 2644 1772 2700 Luna
1816 2659 1918 2715 pro

260 2749 325 2800 te
362 2741 676 2808 laborat,et
722 2741 958 2812 propter
1001 2735 1358 2791 voluntatem
1395 2732 1491 2788 Dei
1522 2732 1759 2788 subdita
1810 2735 1916 2788 est.

262 2831 528 2887 Vanitati
561 2829 718 2885 enim
762 2830 1028 2883 creatura
1076 2824 1340 2894 subjecta
1387 2825 1474 2879 est
1522 2838 1638 2878 non
1691 2825 1918 2893 sponte,

267 2921 371 2978 sed
405 2922 644 2993 propter
671 2931 803 2972 eum
837 2915 935 2987 qui
968 2913 1218 2985 subjecit
1247 2913 1308 2967 in
1339 2928 1442 2983 spe
1473 2911 1645 2982 (Rom.
1679 2910 1918 2977 vm,20).

266 3009 378 3067 Illa
406 3023 547 3080 ergo
578 3021 695 3062 non
727 3007 933 3076 sponte
965 3005 1228 3058 mutatur
1259 3017 1271 3055 :
1307 3005 1368 3056 tu
1409 3003 1614 3073 Sponte
1651 2998 1919 3054 mutaris.

267 3097 376 3156 Illa
407 3092 790 3169 congemiscit
819 3097 876 3148 et
906 3089 1287 3161 comparturit
1339 3089 1398 3144 in
1449 3105 1557 3146 sua
1599 3087 1924 3143 mutatione

272 3186 432 3258 (Ibid.
464 3184 556 3251 22)
590 3200 602 3239 :
635 3187 701 3238 tu
730 3197 845 3236 non
877 3177 1175 3250 intelligis,
1208 3180 1266 3232 et
1294 3175 1609 3250 gratularis
1659 3176 1925 3247 frequen-

2011 597 2072 653 in
2102 595 2355 652 Canticis
2381 595 2664 652 Dominus
2708 596 2779 653 de
2827 613 2933 652 sua
2981 616 3199 672 sponsa
3227 602 3307 657 ait
3339 619 3352 657 :
3389 603 3656 672 Quaenam

2010 693 2088 742 est
2143 686 2260 742 haec
2308 686 2648 757 prospiciens
2702 687 2966 757 tanquam
3034 689 3360 755 diluculum,
3417 695 3658 765 speciosa

2011 776 2151 830 sicut
2198 774 2352 841 luna,
2402 775 2566 830 electa
2615 782 2676 829 ut
2720 777 2800 830 sol
2848 775 3023 844 (Cant.
3074 796 3151 847 v1,
3197 780 3295 849 9)?
3341 785 3407 836 Et
3451 783 3655 840 merito

2013 864 2276 938 speciosa
2305 864 2458 920 sicut
2485 863 2627 919 luna
2653 863 2930 934 Ecclesia,
2974 884 3099 939 quae
3147 873 3266 926 toto
3316 874 3537 931 mundo
3567 891 3658 932 re-

2015 952 2198 1024 fulsit,
2231 957 2286 1008 et
2315 955 2585 1008 tenebras
2635 953 2826 1008 saeculi
2870 955 3045 1026 hujus
3092 957 3438 1018 illuminans
3470 963 3610 1020 dicit
3643 980 3656 1019 :

2014 1042 2132 1100 No.2:
2163 1044 2460 1114 praecessit,
2492 1041 2606 1098 dies
2635 1047 2818 1098 autem
2846 1049 3301 1118 appr0pz'u.quavit
3331 1051 3504 1122 (Rom.
3538 1071 3659 1122 xui,

2017 1132 2126 1203 12).
2161 1131 2409 1187 Pulchre
2441 1131 2540 1200 ait,
2575 1133 2931 1204 Prospicicns,
2965 1137 3133 1207 quasi
3185 1154 3324 1195 suos
3370 1141 3440 1196 de
3487 1158 3660 1215 supe-

2015 1221 2166 1276 riore
2211 1223 2610 1292 prospectans,
2667 1220 2818 1276 sicut
2863 1221 3042 1279 habes
3096 1242 3108 1280 :
3167 1228 3263 1284 78
3297 1231 3564 1287 Dominus
3600 1233 3664 1289 de

2015 1309 2144 1364 caelo
2169 1311 2447 1380 prospexit
2487 1325 2650 1380 super
2694 1310 2840 1380 ﬁlios
2886 1311 3171 1370 hominum
3215 1315 3383 1388 (Psal.
3427 1338 3547 1386 sm,
3579 1325 3662 1391 2).

2019 1397 2384 1470 Prospiciens
2415 1413 2550 1470 ergo
2581 1398 2854 1466 Ecclesia,
2889 1401 3041 1457 sicut
3087 1403 3226 1460 luna
3273 1409 3530 1467 defectus
3565 1413 3664 1468 ha-

2017 1485 2114 1541 bet
2145 1489 2201 1541 et
2232 1490 2394 1542 ortus
2428 1487 2757 1560 frequentes
2791 1504 2804 1542 :
2839 1491 2937 1545 sed
2965 1491 3288 1552 defectibus
3305 1498 3434 1555 suis
3463 1502 3663 1569 crevit,

2018 1579 2076 1631 et
2105 1575 2197 1630 his
2233 1575 2444 1632 meruit
2504 1576 2796 1649 ampliari,
2828 1579 2967 1634 dum
3020 1586 3525 1652 persecutionibus
3556 1591 3665 1646 mi-

2018 1664 2221 1719 nuitur
2263 1668 2319 1719 et
2357 1665 2758 1722 confessorum
2806 1670 3103 1739 martyriis
3157 1680 3485 1732 coronatur.
3536 1679 3666 1736 Haec

2019 1757 2108 1808 est
2144 1769 2279 1809 vera
2327 1752 2488 1822 luna,
2523 1772 2650 1826 quae
2705 1757 2776 1811 de
2826 1757 3023 1815 fratris
3071 1760 3162 1815 sui
3210 1761 3339 1819 luce
3389 1773 3671 1838 perpetua

2018 1840 2216 1898 lumen
2251 1842 2361 1897 sibi
2393 1843 2852 1900 immortalitatis
2883 1851 2938 1902 et
2968 1849 3170 1918 gratiae
3193 1858 3513 1910 mutuatur.
3531 1857 3670 1913 Ful-

2021 1935 2116 2003 get
2147 1931 2302 1986 enim
2333 1931 2591 1988 Ecclesia
2623 1950 2738 1988 non
2770 1951 2898 2002 suo,
2932 1937 3032 1992 sed
3067 1937 3282 1995 Christi
3318 1941 3578 2012 lumine;
3611 1952 3670 2003 et

2023 2018 2392 2091 splendorem
2419 2020 2530 2076 sibi
2561 2023 2803 2078 arcessit
2833 2024 2902 2080 de
2933 2024 3064 2082 Sole
3077 2027 3346 2098 justitiae,
3377 2037 3442 2088 ut
3462 2033 3620 2092 dicat
3653 2054 3666 2092 :

2029 2110 2152 2164 Vivo
2182 2117 2360 2165 autem
2384 2111 2506 2182 jam
2552 2126 2663 2166 non
2692 2127 2806 2182 ego,
2839 2115 2976 2170 vivit
3005 2120 3184 2172 autem
3215 2120 3276 2173 in
3311 2137 3398 2176 me
3427 2122 3670 2183 Christus

2024 2197 2225 2266 (Galat.
2256 2216 2316 2266 ιι,
2346 2199 2459 2269 20).
2511 2199 2686 2256 Beata
2738 2201 2908 2273 plane
2969 2219 3095 2276 qua:
3153 2211 3384 2266 tantum
3441 2212 3672 2287 insigne

2027 2287 2326 2377 meruisti!
2359 2287 2523 2344 Unde
2569 2292 2626 2343 te
2676 2305 2790 2345 non
2841 2292 2958 2346 tuis
3010 2297 3351 2368 neomeniis,
3386 2301 3487 2357 sed
3537 2307 3672 2377 typo

2029 2375 2290 2432 Ecclesiae
2341 2377 2570 2434 beatam
2623 2377 2890 2435 dixerim.
2945 2381 3007 2438 In
3039 2381 3156 2441 illis
3205 2387 3359 2445 enim
3400 2375 3671 2449 servisiin

2026 2465 2136 2521 hoc
2163 2465 2442 2537 diligeris.

2097 2555 2184 2645 3S.
2217 2555 2403 2645 Quam
2443 2553 2752 2645 ridiculum
2802 2561 2996 2616 autem
3045 2564 3200 2633 quod
3234 2568 3288 2621 te
3329 2567 3675 2645 plerumque

2029 2643 2273 2699 credunt
2301 2641 2570 2698 homines
2593 2645 2838 2718 magicis
2868 2648 3225 2708 carminibus
3248 2671 3422 2726 posse
3443 2641 3671 2716 deduci!

2027 2731 2224 2787 Aniles
2253 2730 2376 2787 istae
2408 2730 2636 2798 fabulas,
2671 2749 2736 2789 ac
2763 2733 2922 2808 vulgi
2957 2737 3283 2809 opiniones.
3328 2745 3468 2808 Quis
3518 2747 3672 2806 enim
3761 2788 3766 2791 -

2034 2837 2181 2893 opus
2212 2820 2314 2876 Dei
2345 2823 2506 2877 tanto
2538 2822 2863 2880 ministerio
2900 2826 3244 2898 deputatum
3295 2833 3678 2893 arbitraretur

2030 2908 2358 2965 Chaldaicis
2375 2911 2890 2981 superstitionibus
2907 2931 3078 2986 posse
3094 2920 3336 2974 tentari?
3354 2921 3578 2996 Lapsus
3600 2927 3679 2983 sit

2029 2997 2148 3062 ille,
2180 2998 2281 3070 qui
2324 3014 2387 3053 se
2433 2999 2816 3072 transﬁgurat
2863 3001 2922 3057 in
2973 3005 3243 3078 angelum
3289 3007 3458 3078 lucis,
3491 3017 3549 3069 et
3580 3015 3677 3070 de-

2032 3087 2244 3142 ductus
2274 3087 2571 3143 voluntate
2601 3089 2972 3162 propria,non
3010 3096 3338 3154 carminum
3370 3104 3676 3172 potestate.

2037 3175 2187 3232 Sane
2230 3180 2287 3232 et
2332 3177 2390 3230 in
2443 3175 2552 3232 hoc
2602 3179 2768 3250 quasi
2819 3178 3073 3238 Ecclesia
3118 3187 3344 3258 putaris
3392 3207 3564 3262 posse
3609 3195 3679 3250 de

273 3248 380 3332 ter.
415 3248 718 3329 Illa—tuam
750 3248 1212 3340 redemptionem
1240 3248 1572 3338 frequenter
1613 3268 1926 3337 exspectat,
1959 3248 2002 3317 C
2036 3265 2160 3321 loco
2219 3268 2320 3320 tuo
2378 3268 2434 3320 et
2464 3248 2713 3323 statione
2767 3267 2994 3326 deduci.
3031 3248 3196 3328 Multi
3227 3248 3456 3334 tentant
3485 3248 3677 3339 Eccle;

274 3369 343 3420 ut
380 3380 415 3419 a
463 3358 764 3418 communi
808 3357 990 3414 totius
1039 3360 1314 3413 creatura:
1345 3353 1577 3410 servitio
1607 3353 1920 3410 liberetur:

277 3459 341 3510 tu
371 3455 429 3507 et
455 3453 573 3506 tuae
603 3444 1011 3518 redemptioni,
1045 3448 1103 3500 et
1131 3443 1290 3499 illius
1320 3442 1572 3498 libertati
1607 3443 1775 3498 affers
1815 3443 1925 3497 im-

273 3541 704 3615 pedimentum.
737 3536 873 3592 Tuae
903 3550 1185 3608 ergo,non
1217 3548 1336 3588 suae
1369 3529 1628 3587 stultitiae
1651 3532 1924 3604 est,quod

272 3627 415 3687 dum
446 3631 511 3684 tu
537 3625 911 3699 exspectaris,
943 3627 999 3678 et
1027 3638 1134 3678 nec
1163 3635 1290 3678 sero
1331 3619 1700 3687 converteris,
1733 3619 1926 3676 adhuc

274 3722 334 3776 et
359 3717 469 3774 illa
499 3719 831 3772 mutantur.

341 3808 433 3864 32.
459 3804 590 3862 Noli
619 3820 756 3876 ergo
787 3802 988 3858 lunam
1019 3799 1186 3858 oculo
1212 3800 1298 3855 tui
1329 3798 1589 3871 corporis
1617 3797 1926 3866 aestimare,

274 3897 375 3953 sed
407 3893 629 3952 mentis
672 3890 992 3948 vivacitate.
1022 3889 1307 3945 Minuitur
1350 3887 1493 3943 luna
1537 3891 1602 3942 ut
1644 3885 1930 3943 elementa

273 3985 516 4058 repleat.
549 3983 669 4052 Hoc
715 3984 804 4037 est
848 3996 980 4035 vere
1027 3979 1246 4052 grande
1278 3975 1643 4050 mysterium.
1685 3975 1931 4031 Donavit

272 4075 386 4131 hoc
400 4074 452 4130 ci
473 4072 576 4144 qui
594 4069 870 4126 omnibus
901 4068 1136 4124 donavit
1156 4063 1761 4140 gratiam.Exinanivit
1776 4081 1926 4133 eam,

279 4169 346 4220 ut
375 4159 603 4234 repleat
649 4159 752 4232 qui
781 4157 955 4214 etiam
1005 4172 1067 4212 se
1115 4153 1452 4221 exinanivit,
1486 4157 1551 4209 ut
1599 4169 1802 4209 omnes
1842 4170 1928 4209 re-

274 4251 480 4326 pleret.
531 4247 862 4306 Exinanivit
889 4246 1046 4302 enim
1079 4262 1141 4300 se
1172 4248 1237 4300 ut
1269 4243 1646 4300 descenderet
1691 4242 1863 4298 nobis
1913 4261 1926 4298 :

278 4338 586 4397 descendit
623 4335 794 4393 nobis
842 4340 908 4391 ut
954 4335 1293 4390 ascenderet
1339 4332 1634 4388 omnibus.
1682 4330 1934 4387 Ascendit

275 4427 458 4495 enim,
488 4426 706 4500 inquit,
738 4441 904 4497 super
933 4439 1116 4480 omnes
1145 4423 1302 4478 caelos
1347 4424 1406 4476 ut
1453 4421 1702 4493 impleret
1743 4424 1932 4476 omnia

278 4518 492 4591 (Ephes.
540 4533 616 4585 1v,
666 4515 776 4586 lO).
827 4515 1041 4586 Itaque
1080 4512 1180 4586 qui
1228 4510 1557 4567 exinanitus
1595 4509 1926 4576 advenerat,

255 4608 349 4663 de
399 4604 772 4679 plenitudine
827 4620 935 4658 sua
991 4599 1288 4675 apostolos
1349 4598 1707 4671 adimplevit.
1767 4597 1930 4655 Unde
1963 4619 2009 4684 D

280 4708 434 4752 unus
461 4712 529 4752 ex
552 4694 650 4750 his
678 4692 820 4748 dicit
853 4709 865 4746 :
898 4691 1047 4748 Nam
1101 4690 1164 4746 de
1206 4689 1555 4762 plenitudine
1583 4689 1702 4760 ejus
1751 4704 1934 4744 omnes

279 4801 377 4842 nos
434 4785 740 4855 accepimus
769 4783 999 4851 Joan.1,
1044 4781 1070 4835 1
1117 4781 1152 4852 ).
1203 4779 1352 4851 Ergo
1411 4777 1782 4834 annuntiavit
1837 4776 1932 4832 lu-

281 4891 355 4930 na
383 4873 732 4946 mysterium
762 4869 995 4927 Christi.
1023 4869 1149 4924 Non
1183 4867 1490 4924 mediocris
1542 4867 1600 4921 in
1651 4883 1769 4938 qua
1815 4865 1932 4938 sig-

282 4979 422 5018 num
457 4961 655 5034 posuit
683 4975 890 5026 suum;
926 4975 1041 5014 non
1073 4955 1382 5014 mediocris
1415 4972 1541 5028 quae
1588 4959 1794 5028 typum
1847 4954 1933 5010 di-

280 5050 438 5108 lectas
493 5049 693 5106 habet'
727 5046 1019 5113 Ecclesiae,
1072 5047 1226 5120 quod
1295 5045 1590 5116 significat
1643 5044 1935 5117 Propheta

282 5140 482 5196 dicens
516 5156 530 5195 :
561 5141 771 5195 orietur
799 5141 860 5193 in
889 5137 1075 5192 diebus
1127 5137 1242 5208 ejus
1279 5136 1518 5206 justitia,
1550 5136 1602 5188 et
1647 5134 1932 5190 abundan-

283 5285 500 5349 iterum,
532 5289 642 5339 etc.
671 5279 820 5337 Edit.
855 5296 1010 5348 vero,
1042 5280 1174 5351 quia
1209 5278 1397 5334 omnia
1441 5292 1510 5332 ex
1548 5277 1746 5344 nihilo,
1799 5281 1931 5343 eto.,

284 5360 344 5410 ut
373 5357 434 5409 in
469 5356 765 5409 contextu.

353 5427 469 5497 (75)
501 5425 642 5480 Mss.
673 5423 916 5497 aliquot,
949 5421 1265 5497 sagacitatis
1271 5436 1312 5497 ﬁ:
1336 5417 1439 5497 alii
1467 5416 1931 5497 nonnulli,saci-i-

287 5485 418 5567 legs:
447 5485 630 5567 artis;
659 5485 875 5567 plures,
904 5485 1051 5565 sagé
1080 5492 1238 5548 artis.
1271 5485 1448 5560 Edit.,
1488 5491 1719 5560 magica?
1743 5485 1935 5557 artis,-

285 5561 437 5640 quod
467 5561 688 5640 eodeni
691 5639 694 5640 ν
705 5561 926 5640 recidit.

351 5640 469 5710 (76)
499 5639 611 5696 Ms.
663 5638 812 5710 can,
863 5639 1120 5710 Hymum,
1170 5634 1330 5710 Begu,
1375 5632 1649 5710 Elymum,
1703 5630 1827 5704 Big.
1879 5636 1935 5686 et

288 5703 476 5781 Gemi,
525 5712 672 5780 Jeu.,
704 5703 857 5766 Cen.
894 5703 1086 5781 prima
1130 5708 1186 5762 et
1233 5703 1394 5762 Gem.
1429 5703 1686 5760 secunda
1730 5703 1931 5771 manu,

2037 3353 2184 3410 siam
2237 3371 2250 3409 :
2307 3354 2407 3410 sed
2466 3371 2618 3427 sagas
2675 3356 2819 3412 artis
2877 3357 2987 3431 (75)
3043 3361 3094 3416 ei
3153 3365 3416 3422 carmina
3471 3384 3680 3428 nocere

2035 3459 2151 3498 non
2184 3446 2449 3514 possunt.
2483 3442 2638 3499 Nihil
2669 3444 3058 3506 incantatores
3088 3451 3302 3521 valent,
3337 3456 3436 3512 ubi
3467 3457 3680 3516 Christi

2035 3532 2326 3587 canticum
2358 3531 2616 3602 quotidie
2647 3534 3009 3593 decantatur.
3045 3537 3229 3597 Habet
3259 3543 3680 3606 incantatorem

2035 3635 2210 3676 suum
2241 3619 2557 3677 Dominum
2605 3621 2829 3693 Jesum,
2863 3641 2966 3696 per
3013 3645 3185 3700 quem
3233 3649 3537 3708 magorum
3591 3637 3680 3694 in-

2035 3709 2397 3767 cantantium
2443 3710 2724 3776 carmina,
2773 3716 2831 3767 et
2876 3721 3213 3788 serpentum
3271 3738 3494 3781 venena
3551 3743 3681 3783 eva-

2035 3798 2324 3856 cuavitzet
2353 3798 2484 3870 ipsa
2513 3797 2665 3855 sicut
2696 3815 2937 3873 serpens
2967 3804 3251 3865 exaltatus
3270 3809 3506 3868 devorat
3525 3815 3680 3870 colu-

2036 3889 2173 3944 bros
2203 3885 2603 3960 Egyptiorum
2622 3887 2817 3956 ;ferale
2837 3889 2968 3946 licet
2989 3909 3221 3951 carmen
3246 3897 3680 3972 immurmuret,

2037 3977 2343 4033 hebetatur
2392 3975 2450 4031 in
2500 3975 2713 4032 Christi
2746 3978 3001 4036 nomine.
3037 3981 3130 4038 Sic
3174 3988 3231 4039 et
3279 3985 3542 4059 Elymum
3573 3993 3684 4060 (76)

2040 4082 2279 4139 magum
2312 4062 2530 4122 Paulus
2580 4081 2695 4121 non
2724 4064 2914 4123 solum
2963 4086 3116 4143 sagae
3148 4073 3290 4130 artis
3322 4074 3681 4151 infirmitate,

2038 4155 2140 4212 sed
2171 4154 2346 4210 etiam
2380 4153 2681 4210 oculorum
2707 4155 3024 4214 amissione
3053 4162 3681 4242 caecavit(Act.xm,11).

2038 4244 2132 4301 Sic
2162 4244 2366 4299 Petrus
2399 4242 2696 4298 Simonem
2729 4243 2845 4300 alia
2874 4246 3000 4302 coeli
3025 4251 3250 4323 magico
3271 4252 3462 4309 volatu
3487 4262 3686 4328 peten-

2037 4330 2472 4404 tem,dissoluta
2493 4332 2821 4388 carminum
2841 4339 3361 4412 potestate,dejecit
3381 4347 3434 4398 et
3461 4346 3682 4402 stravit.

2682 4439 2912 4497 CAPUT
2949 4442 3044 4499 IX.

2041 4527 2324 4610 Conclusio
2354 4529 2540 4610 quarti
2567 4526 2695 4610 diei.
2733 4528 2908 4610 Quam
2953 4548 3159 4589 vanum
3203 4538 3275 4591 sit
3302 4555 3428 4594 eum
3455 4557 3643 4599 cavere
3665 4561 3686 4606 ,'

2111 4603 2164 4726 ex.
2189 4598 2343 4725 agdei
2362 4600 2434 4725 int
2451 4597 2699 4654 eumdem
2722 4599 3035 4659 daemonum
3077 4623 3141 4661 ac
3184 4610 3479 4676 gentilium
3516 4597 3685 4685 oﬂ‘en:

2165 4687 2195 4725 ο
2259 4687 2308 4726 ei
2343 4687 2406 4725 va
2433 4686 2488 4725 α.

2113 4778 2202 4832 34.
2251 4775 2515 4848 Pulchre,
2567 4780 2632 4832 ut
2685 4779 2956 4850 arbitror,
3007 4783 3182 4840 cessit
3238 4785 3361 4842 dies
3419 4793 3684 4859 quartus.

2043 4867 2342 4933 Quomodo
2399 4882 2534 4938 ergo
2601 4871 2877 4938 quartum
2949 4869 3210 4945 plerique
3267 4882 3689 4933 consueverunt

2046 4959 2328 5020 cavere,et
2358 4951 2563 5009 inutile
2589 4959 2799 5026 putant
2827 4956 2936 5013 hoc
2968 4976 3210 5016 numero
3232 4962 3453 5034 aliquid
3485 4965 3685 5034 ordiri,

2045 5042 2198 5114 quod
2220 5046 2381 5098 totus
2410 5059 2559 5099 nova
2578 5042 2708 5100 luce
2729 5047 2989 5104 mundus
3010 5049 3296 5104 emicuit?
3318 5052 3403 5106 An
3431 5051 3688 5112 sinistris

2044 5131 2128 5188 sol
2160 5130 2332 5205 ccepit
2362 5132 2678 5204 auspiciis?
2710 5134 2777 5189 Et
2807 5137 3098 5208 quomodo
3129 5136 3259 5194 aliis
3303 5142 3493 5211 potest
3535 5142 3689 5201 bona

2045 5275 2388 5358 llpmenum;
2418 5274 2601 5358 Corb.‘
2622 5292 2797 5358 unus,
2831 5279 3062 5358 .Barjeu
3090 5296 3114 5358 :_
3156 5278 3373 5358 Elimas
3405 5288 3531 5339 Act.
3563 5303 3687 5354 xm,

2043 5345 2422 5428 alionomine
2445 5351 2684 5428 vocatur
2714 5345 3065 5428 Barjesu',vel
3089 5351 3262 5420 juxta
3290 5353 3516 5426 aliquos
3539 5345 3685 5414 mss:

2042 5417 2273 5494 garjeu.
2305 5417 2613 5494 At‘nullibi
2648 5417 2899 5494 legimus
2931 5435 3065 5494 eum
3090 5417 3464 5494 appellatum
3507 5428 3690 5488 fnisse

2043 5487 2412 5572 gymumye'l
2443 5487 3204 5572 {thymeneumilitnquidehi
3246 5498 3464 5572 mentio
3513 5501 3688 5558 unius

2042 5559 2346 5633 Hymenei,
2380 5559 2401 5612 Ι
2433 5559 2607 5633 _Tim.
2642 5575 2678 5626 ι,
2715 5565 2770 5633 et
2827 5564 2874 5616 ll
2931 5559 3080 5618 Tim.
3140 5583 3199 5633 ιι,
3245 5569 3344 5626 oui
3401 5569 3689 5629 haereseos

2044 5629 2242 5688 notam
2291 5629 2476 5702 inurit
2522 5630 2836 5702 Apostolus
2888 5649 2900 5688 :
2953 5635 3056 5691 sed
3105 5629 3271 5695 illum
3319 5642 3591 5702 eumdem
3624 5661 3688 5700 ac

2043 5702 2296 5759 Elimam
2332 5700 2516 5759 fuisse
2545 5700 2744 5761 nullus
2774 5703 3003 5762 dixerit.
