4158 6168
417 305 538 371 219

1872 305 1938 368 8.
1985 304 2369 370 AMBROSII

3703 308 3830 374 220

417 443 668 516 signare,
690 439 790 514 qui
822 439 932 498 sibi
965 437 1176 516 eligere
1207 438 1362 496 diem
1394 435 1486 495 sui
1520 437 1764 496 nescivit
1793 437 2059 496 exortus?
2087 449 2142 517 Α
2173 442 2326 496 artes
2357 455 2497 496 suas
2525 453 2730 496 vacare
2758 436 3024 514 ccepisse,
3059 441 3117 498 et
3164 439 3412 516 populos
3458 441 3706 516 gentiles
3751 443 3829 500 ad

414 533 528 588 Aut
557 533 850 604 quomodo
883 531 1051 603 signa
1075 533 1200 602 ejus
1231 531 1499 602 probant,
1526 531 1694 601 cujus
1726 534 1916 585 ortum
1943 546 2058 585 non

413 622 699 694 probant?
748 620 890 686 Quid
943 621 1115 675 etiam
1175 619 1243 672 de
1301 617 1442 672 luna
1497 618 1773 682 dicimus,
1832 635 1959 689 quae
2005 622 2060 673 et

413 716 622 782 quarto
651 710 744 766 die
775 709 964 781 cmpit,
1003 713 1058 762 et
1114 711 1321 778 quarta
1369 707 1598 762 decima
1655 707 1809 761 diem
1865 707 2059 778 signat

413 799 784 870 salutis('77)?
812 801 896 852 An
927 795 1192 867 displicet
1238 813 1538 861 numerus,
1574 812 1687 866 quo
1733 795 2058 850 celebratur

411 889 756 962 mysterium
819 883 1272 955 redemptionis?
1331 885 1462 939 Ideo
1521 885 1812 940 daemones
1881 884 2056 939 decli-

411 980 671 1033 nandum
708 976 824 1029 fore
861 973 1210 1044 persuadent
1251 990 1564 1028 numerum
1613 990 1768 1043 eum,
1803 989 1916 1045 quo
1966 990 2057 1028 eo-

411 1083 539 1121 rum
599 1066 898 1119 destructa
949 1062 1208 1133 nequitia
1268 1067 1374 1117 est.
1419 1062 1551 1116 Ideo
1609 1062 1856 1133 gentiles
1907 1061 2054 1116 nihil

408 1153 791 1210 adoriendum
851 1156 1144 1216 asserunt,
1205 1151 1344 1222 quia
1400 1151 1594 1206 sciunt
1631 1155 1768 1206 tunc
1798 1151 2053 1222 primum

2170 528 2427 586 Ecclesia
2485 530 2866 602 demigrasse.
2919 531 3144 587 Lunam
3204 538 3357 589 certe
3420 538 3714 605 quartam,
3776 533 3830 589 si

2171 635 2318 690 pura
2349 619 2540 686 fuerit,
2578 636 2766 692 neque
2797 619 3026 676 obtusis
3057 621 3356 689 cornibus,
3392 623 3530 678 dare
3579 622 3830 694 reliquis

2169 707 2375 764 diebus
2407 725 2594 780 usque
2625 709 2696 764 ad
2729 713 2993 764 exactum
3027 726 3288 766 mensem
3340 711 3625 768 indicium
3675 729 3833 768 sere-

2170 797 2372 854 nitatis
2408 800 2503 854 79
2536 798 2888 854 existimant.
2927 797 3147 854 Nolunt
3201 816 3337 872 ergo
3388 800 3609 855 eisdem
3659 817 3829 856 exor-

2169 885 2281 941 diis
2312 886 2604 954 inchoare,
2635 887 2851 958 quibus
2881 887 3164 943 serenitas
3197 888 3522 944 inchoatur.
3556 890 3668 944 Sed
3697 891 3828 961 jam

2168 975 2491 1030 cavendum
2526 992 2598 1031 ne
2631 975 2800 1032 nobis
2847 976 2906 1030 in
2953 992 3219 1033 sermone
3247 978 3371 1033 dies
3423 983 3672 1050 quartus
3724 979 3828 1035 80

2167 1064 2424 1132 occidat;
2448 1065 2667 1120 cadunt
2696 1065 2852 1120 enim
2876 1065 3097 1120 umbra:
3121 1066 3375 1136 majores
3398 1067 3469 1122 de
3492 1066 3825 1133 montibus,

2165 1151 2366 1208 lumen
2400 1153 2710 1223 minuitur,
2742 1155 2954 1211 umbra
2983 1153 3339 1211 cumulatur.

476 1307 588 1375 (77)
619 1303 891 1360 Nonnulli
926 1320 1092 1370 mss.,
1124 1308 1177 1358 et
1205 1305 1396 1376 quinta
1426 1301 1633 1357 decima
1665 1303 1753 1357 die
1775 1304 1937 1371 signa
1967 1303 2182 1358 salutis.

1618 1693 1962 1778 LIBER
2039 1693 2598 1805 QUINTUS.

1485 1871 1606 1930 DE
1667 1870 1995 1931 OPERE
2059 1870 2420 1942 QUINTI
2483 1872 2730 1936 DIEI.

653 2227 748 2281 τε)
788 2223 1018 2278 CAPUT
1059 2219 1366 2276 PRIMUM.
1410 2219 1634 2287 (Sermo
1665 2217 1812 2288 vn.)

405 2317 626 2375 Ornatis
655 2313 1027 2386 superioribus
1050 2311 1262 2386 duobus
1288 2309 1589 2386 elementis,
1629 2307 1780 2361 mari
1823 2307 2051 2386 prepria

469 2379 838 2460 praerogativa
867 2383 1196 2460 conceditur.
1251 2380 1586 2460 Describitur
1615 2395 1906 2460 ‘aquarum
1931 2379 2050 2460 obe-

472 2450 701 2522 ldienttia,
761 2474 826 2511 ac
871 2457 1015 2509 mira
1067 2452 1396 2524 fecunditas,
1456 2468 1562 2521 qua
1611 2451 1765 2524 homo
1825 2450 2050 2524 gustatis

474 2519 781 2586 interdictis
840 2519 1104 2593 abutitur.
1164 2526 1390 2578 Demu-m
1461 2519 1757 2577 ostenditur
1823 2519 2049 2592 reptilia

471 2619 579 2657 non
610 2600 763 2656 modo
792 2605 1064 2669 serpentes
1084 2597 1335 2660 vocitari,
1365 2594 1457 2649 sed
1487 2596 1654 2648 etiam
1674 2595 1868 2664 pisces.

472 2693 522 2746 1.
556 2689 779 2744 Vestitu
809 2686 1054 2742 diversis
1085 2689 1239 2740 terra
1269 2683 1634 2755 germinibus
1663 2682 1886 2736 virebat
1922 2696 2045 2734 om-

401 2778 732 2845 nis,coclum
764 2792 995 2848 quoque
1027 2774 1148 2830 sole
1174 2778 1229 2828 et
1259 2772 1418 2839 luna,
1449 2770 1699 2844 geminis
1730 2770 1925 2824 vultus
1956 2769 2044 2824 sui

397 2868 744 2932 luminibus,
778 2864 1199 2933 stellarumque
1239 2861 1586 2932 insignitum
1619 2859 1823 2914 decore
1862 2857 2045 2930 fulge-

397 2958 517 3012 bat.
551 2957 865 3025 Supererat
896 2951 1250 3006 elementum
1281 2949 1541 3013 tertium,
1575 2963 1733 3002 mare
1765 2946 1984 3002 scilicet
2029 2963 2041 3001 :

398 3048 466 3099 ut
522 3048 579 3098 et
637 3042 749 3114 ipsi
810 3041 996 3113 gratia
1049 3037 1456 3094 vivificationis
1486 3036 1678 3091 divino
1720 3037 2047 3108 proveniret

398 3148 661 3191 munere.
704 3129 968 3184 Ethereo
1021 3129 1177 3183 enim
1236 3127 1442 3198 spiritu
1502 3142 1705 3181 omnes
1760 3129 2043 3180 terrarum

396 3221 550 3277 fetus
612 3219 871 3275 aluntur.
934 3219 1112 3272 Terra
1167 3232 1399 3287 quoque
1447 3214 1673 3270 semina
1729 3213 2042 3282 resolvens,

398 3309 669 3366 universa
699 3306 950 3362 vivificat
983 3323 996 3361 :
1031 3309 1088 3360 et
1114 3304 1368 3360 maxime
1395 3309 1536 3358 tunc
1581 3302 1837 3374 primum
1869 3302 2044 3358 verbo

395 3399 494 3455 Dei
536 3399 709 3468 jussa
763 3395 1128 3460 viridescere,
1161 3393 1566 3449 viviﬁcationis
1625 3409 1742 3447 suae
1802 3407 2046 3446 munere

398 3486 744 3559 pullulabat.
777 3483 1034 3539 Vacabat
1064 3499 1236 3554 aqua,
1270 3485 1325 3537 et
1377 3499 1409 3536 a
1453 3481 1649 3536 divina
1689 3479 2043 3553 operationis

2090 2217 2138 2282 B
2170 2215 2401 2272 concha:
2447 2216 2622 2284 saxis,
2657 2221 2861 2274 ostreae
2904 2217 3279 2274 adhaerebant
3314 2219 3641 2290 profundis,
3676 2222 3822 2278 ado-

2162 2304 2461 2361 lescebant
2491 2306 2703 2362 echini.
2740 2309 2834 2361 Vae
2878 2305 3055 2361 mihi!
3111 2311 3244 2362 ante
3292 2306 3591 2364 hominem
3643 2312 3824 2382 cmpit

2162 2392 2450 2464 illecebra,
2484 2395 2848 2452 abundantia
2876 2395 3199 2467 copiarum,
3234 2401 3446 2452 nostra;
3487 2401 3674 2453 mater
3724 2398 3817 2454 lu-

2158 2485 2338 2538 xuriae
2399 2485 2530 2556 (79).
2591 2487 2737 2539 Ante
2795 2483 3095 2540 hominem
3155 2485 3394 2540 deliciae.
3452 2485 3610 2541 Prior
3675 2504 3818 2561 ergo

2159 2571 2468 2628 hominum
2499 2574 2760 2640 tentatio,
2785 2590 2962 2644 quam
3004 2568 3258 2630 natura:
3291 2575 3389 2630 sed
3425 2573 3567 2628 nihil
3601 2579 3819 2633 natura

2159 2660 2405 2733 deliquit
2449 2663 2589 2734 (80);
2641 2661 2919 2718 alimenta
2965 2663 3146 2733 dedit,
3195 2679 3308 2718 non
3358 2663 3494 2718 vitia
3542 2664 3810 2736 praeeri-

2159 2750 2297 2820 psit.
2330 2750 2457 2806 Hac
2503 2750 2842 2806 communia
2890 2751 3069 2817 dedit,
3121 2769 3192 2807 ne
3242 2751 3349 2807 tibi
3398 2751 3595 2824 aliqua
3650 2752 3817 2808 velut

2159 2839 2391 2910 propria
2419 2838 2764 2895 vindicares.
2795 2839 2925 2895 Tibi
2955 2857 3094 2896 suos
3122 2840 3348 2896 fructus
3391 2844 3547 2896 terra
3594 2842 3810 2914 produ-

2158 2927 2264 2993 cit;
2306 2927 2411 2982 tibi
2471 2943 2665 2983 scaros
2719 2933 2776 2984 et
2834 2927 3221 3000 acipenseres,
3281 2934 3338 2983 et
3394 2945 3598 2985 omnes
3656 2930 3809 2986 fetus

2158 3031 2296 3071 suos
2326 3019 2605 3087 generant
2635 3032 2798 3088 aquae
2831 3033 2844 3072 :
2878 3019 2954 3084 et,
2990 3016 3081 3071 his
3115 3033 3230 3072 non
3265 3021 3595 3084 contentus,
3628 3017 3808 3074 inter-

2157 3103 2311 3160 dicta
2366 3104 2472 3159 tibi
2530 3104 2811 3161 alimenta
2866 3104 3136 3177 gustasti.
3168 3105 3253 3160 Ad
3302 3105 3584 3162 invidiam
3644 3111 3805 3161 tuam

2155 3193 2354 3248 omnia
2383 3197 2798 3265 congeruntur,
2831 3198 2896 3249 ut
2924 3193 3314 3266 praevaricatio
3347 3193 3448 3250 80
3480 3197 3592 3250 tuae
3623 3195 3806 3251 avidi-

2155 3281 2291 3336 tatis
2323 3286 2615 3337 oneretur.

2224 3381 2276 3435 3.
2330 3381 2441 3436 Sed
2495 3397 2683 3452 neque
2740 3397 2916 3453 quam
2974 3380 3169 3436 multa:
3229 3379 3451 3454 species
3482 3383 3538 3436 et
3567 3381 3813 3437 nomina

2154 3469 2291 3536 sint,
2317 3486 2634 3541 possumus
2664 3485 2953 3536 enarrare,
2982 3487 3108 3542 quae
3141 3469 3342 3526 omnia
3395 3474 3689 3526 memento
3721 3469 3807 3526 di-

399 3558 602 3632 feriata
656 3572 937 3629 beneficio
982 3572 1307 3626 videbatur.
1344 3571 1526 3626 Habet
1575 3570 1765 3625 adhuc
1808 3570 2114 3652 Creatorcl
2151 3558 2299 3652 γὶῐιω
2356 3559 2759 3652 prmceptiqnis
2817 3558 3074 3652 animata
3133 3563 3290 3652 sunt.
3357 3558 3553 3652 Sir-nul.
3612 3559 3809 3652 coibat

399 3665 555 3736 quod
605 3662 687 3717 illi
745 3662 1004 3718 conferat
1070 3677 1184 3732 quo
1247 3661 1449 3716 munia
1511 3664 1798 3715 terrarum
1855 3658 2042 3730 possit

396 3769 625 3825 aequare
660 3770 672 3807 :
707 3751 1035 3806 reservabat
1063 3751 1136 3816 ei,
1171 3754 1234 3804 ut
1263 3754 1318 3804 et
1349 3749 1472 3821 ipsa
1499 3748 1799 3820 proprium
1832 3746 1942 3802 sibi
1984 3750 2040 3802 et

396 3841 646 3914 speciale
677 3839 896 3911 aliquid
945 3839 1340 3910 praerogativae
1372 3837 1563 3893 collati
1615 3836 1727 3892 sibi
1780 3835 2040 3891 muneris

393 3931 733 3985 vindicaret.
795 3928 1124 3982 Vivificavit
1181 3927 1344 3999 prius
1396 3932 1569 3991 terra,
1630 3925 1728 3980 sed
1789 3941 1856 3979 ea
1914 3940 2041 3996 quae

393 4019 710 4092 spirantem
747 4018 1003 4072 animam
1037 4033 1152 4071 non
1184 4015 1672 4086 habebant.Aqua
1702 4013 1947 4083 jubetur
1976 4029 2044 4067 ea

393 4109 711 4180 producere
741 4123 866 4177 qua
896 4104 1140 4159 viventis
1159 4104 1367 4158 animae
1388 4103 1643 4174 vigorem
1675 4101 2043 4173 dignitatem-

393 4214 505 4266 que
541 4196 896 4267 praeferrent,
930 4198 985 4248 et
1034 4209 1275 4248 sensum
1324 4193 1552 4248 tuendae
1606 4189 1836 4257 salutis,
1869 4195 1926 4245 et
1953 4190 2039 4244 fu-

393 4281 613 4353 giendae
647 4281 854 4337 mortis
887 4279 1234 4352 acciperent.

462 4373 512 4425 2.
565 4370 717 4425 Dixit
768 4369 965 4441 itaque
1022 4369 1196 4436 Deus,
1239 4367 1553 4424 Producant
1607 4381 1775 4437 aqua:
1822 4365 2044 4436 reptilia

392 4459 708 4512 animarum
764 4459 1062 4512 viventium
1116 4457 1413 4513 secundum
1469 4473 1660 4525 genus,
1697 4464 1748 4510 et
1793 4455 2044 4510 volatilia

391 4547 637 4601 volantia
683 4562 844 4616 super
900 4555 1102 4601 terram
1144 4549 1256 4617 (78)
1306 4545 1599 4602 secundum
1630 4546 2042 4614 ﬁrmamentum

391 4636 516 4691 cali
545 4635 700 4704 (Gen.
736 4652 774 4701 1,
807 4635 920 4704 20).
955 4634 1125 4689 Venit
1156 4635 1496 4690 mandatum
1547 4639 1602 4688 et
1649 4633 1841 4688 subito
1890 4650 2043 4704 aqua

383 4727 589 4797 jussos
636 4723 990 4778 fundebatur
1039 4723 1096 4776 in
1134 4729 1339 4794 partus
1369 4741 1380 4777 :
1415 4739 1690 4794 generare
1714 4721 2038 4787 ﬂuvii,vivi-

393 4814 564 4871 ﬁcare
595 4813 778 4878 lacus,
809 4828 968 4866 mare
1002 4810 1195 4882 ipsum
1247 4811 1419 4882 cmpit
1470 4810 1698 4865 diversa
1745 4809 2038 4882 reptilium

391 4919 603 4976 genera
662 4901 973 4975 parturire,
1014 4900 1448 4954 et’secundum
1505 4916 1688 4971 genus
1745 4899 2040 4955 effundere

395 4993 785 5064 quodcunque
816 4990 1183 5046 formaverat.
1213 4988 1336 5044 Non
1368 4989 1561 5061 exigui
1608 4988 1888 5061 gurgites,
1921 5005 2036 5044 non

393 5095 634 5136 cmnosaa
669 5080 909 5156 paludes
940 5079 1241 5144 vacabant,
1277 5081 1418 5148 quin
1450 5077 1648 5133 omnia
1685 5079 1880 5132 datam
1927 5077 2039 5132 sibi

393 5169 626 5222 creandi
659 5173 1029 5224 assumerent
1057 5171 1422 5239 potestatem.
1455 5165 1646 5221 Pisces
1695 5165 2042 5220 exsiliebant

391 5256 463 5310 de
513 5256 774 5323 flumine,
824 5256 1128 5328 delphines
1184 5255 1584 5327 prwludebant
1634 5254 1692 5308 in
1743 5253 2037 5322 fluctibus,

463 5395 574 5465 (78)
606 5397 837 5464 Septem
866 5413 1008 5452 mss.
1043 5399 1322 5452 omittunt
1353 5398 1470 5452 hanc
1501 5398 1696 5460 verba,
1727 5413 1890 5468 super
1933 5401 2037 5450 ter-

391 5482 531 5530 ram,
565 5468 662 5519 sed
701 5469 800 5519 int.
835 5484 961 5536 cap.
995 5471 1082 5532 2.2,
1119 5469 1370 5524 ostendit
1409 5468 1778 5534 Ambrosius,
1829 5485 1934 5522 cur
1980 5469 2037 5522 in

391 5552 558 5591 sacra
590 5537 890 5608 Scriptura
923 5540 1267 5596 habeantur.

461 5609 572 5680 (77)
599 5607 817 5665 Desunt
845 5611 911 5665 in
942 5625 1084 5668 mss.
1120 5612 1344 5684 aliquot
1374 5613 1460 5668 hae
1483 5627 1671 5678 voces,
1699 5610 2041 5668 abundantia

2160 3647 2346 3702 forma
2376 3647 2634 3718 corporis
2659 3637 2722 3703 et
2752 3649 3102 3720 operabatur
3148 3648 3363 3714 anima,
3396 3647 3590 3702 vitalis
3629 3647 3806 3704 etiam

2158 3735 2322 3808 vigor
2350 3735 2587 3806 reliquae
2632 3735 2864 3792 virtutis
2896 3737 3029 3810 (81).
3060 3735 3302 3808 Repleta
3330 3741 3455 3792 erat
3483 3740 3640 3792 terra
3667 3752 3804 3809 ger-

2159 3823 2439 3889 minibus,
2472 3841 2632 3880 mare
2662 3824 2972 3897 impletum
3001 3824 3518 3881 animantibus.lbi
3552 3825 3806 3882 insensi-

2152 3911 2294 3968 bilia
2324 3912 2713 3983 pullulabant,
2745 3912 2836 3968 hic
2868 3913 3172 3970 sensibilia
3199 3919 3521 3970 versantur.
3541 3915 3602 3969 In
3631 3915 3806 3972 terris

2154 4017 2386 4074 quoque
2412 4018 2566 4074 aqua
2595 4019 2734 4058 suas
2759 4002 2872 4057 sibi
2903 4002 3160 4058 vindicat
3180 4002 3809 4075 portiones.Lambunt

2152 4094 2368 4145 terram
2429 4089 2617 4162 pisces
2675 4107 2982 4164 aquarum,
3041 4095 3098 4147 et
3142 4108 3211 4147 ex
3257 4109 3325 4147 ea
3379 4091 3490 4147 sibi
3546 4093 3808 4164 praedam

2153 4179 2480 4250 requirunt.
2512 4178 2739 4235 Culices
2769 4195 3002 4252 quoque
3049 4183 3105 4235 et
3153 4179 3461 4235 ranunculi
3510 4181 3664 4235 circa
3707 4196 3806 4252 ge-

2153 4267 2365 4324 nitales
2395 4271 2665 4340 strepunt
2693 4267 2958 4342 paludes,
2983 4274 3040 4324 et
3060 4270 3196 4340 ipsa:
3227 4270 3539 4326 audierunt
3570 4269 3805 4325 Domini

2153 4357 2498 4412 mandatum
2529 4356 2778 4414 dicentis
2811 4373 2823 4412 :
2855 4358 3167 4414 Producant
3211 4374 3368 4430 aqua:
3419 4358 3647 4430 reptilia
3675 4361 3808 4414 ani-

2151 4463 2370 4502 marum
2399 4448 2718 4502 viventium.

2224 4545 2277 4598 4.
2315 4544 2548 4600 Scimus
2607 4540 2844 4616 reptilia
2891 4541 3005 4598 dici
3053 4558 3268 4616 genera
3324 4549 3687 4615 serpentum,
3737 4561 3806 4600 eo

2153 4635 2307 4705 qucd
2339 4650 2516 4704 super
2545 4637 2761 4688 terram
2795 4636 3001 4704 repant
3025 4650 3037 4687 :
3062 4633 3162 4688 sed
3197 4631 3381 4688 multo
3411 4632 3601 4704 magis
3631 4648 3808 4688 omne

2157 4723 2310 4793 quod
2343 4725 2522 4788 natat,
2559 4720 2825 4793 reptandi
2857 4720 3032 4776 habet
3069 4720 3158 4776 vel
3207 4721 3481 4794 speciem,
3514 4719 3600 4776 vel
3633 4726 3806 4777 natu-

2153 4827 2297 4866 ram.
2332 4811 2478 4866 Nam
2510 4809 2618 4865 etsi
2649 4809 2708 4864 in
2741 4809 3096 4881 profundum
3129 4810 3229 4882 qui
3279 4827 3340 4866 se
3389 4810 3800 4878 demerserint,

2150 4915 2364 4970 aquam
2393 4898 2703 4953 videantur
2732 4897 3099 4971 {indere(82);
3133 4903 3328 4955 tamen
3353 4915 3488 4954 cum
3510 4915 3690 4970 supra
3720 4898 3806 4953 in-

2147 4992 2370 5055 natant,
2403 4991 2614 5058 repunt
2658 4989 2778 5041 toto
2827 5002 3087 5058 corpore,
3141 4988 3293 5060 quod
3341 4986 3586 5043 trahunt
3623 5003 3804 5058 super

2149 5077 2418 5147 quedam
2450 5075 2623 5130 dorsa
2651 5091 2957 5146 aquarum.
3006 5075 3168 5132 Unde
3215 5080 3271 5132 et
3319 5075 3500 5132 David
3532 5075 3612 5131 ait
3647 5091 3660 5130 :
3694 5076 3802 5130 Hoc

2151 5181 2302 5222 mare
2327 5180 2588 5234 magnum
2619 5171 2670 5219 et
2695 5166 3014 5235 spatiosum,
3040 5166 3160 5220 illic
3187 5165 3411 5237 reptilia
3439 5180 3672 5236 quorum
3689 5179 3805 5218 non

2148 5258 2228 5309 est
2275 5270 2536 5309 numerus
2567 5253 2738 5324 (Psal,
2771 5269 2888 5321 cm,
2919 5253 3031 5317 25).
3083 5255 3230 5321 Quia
3276 5254 3450 5309 etiam
3501 5270 3636 5309 cum
3680 5252 3802 5325 ple-

2149 5399 2690 5481 coeiaruzwostrw
2717 5401 2895 5454 πταίεν
2925 5398 3192 5481 tuearis-
3447 5468 3458 5481 .
3499 5469 3535 5481 ..
3623 5469 3633 5479 .

2366 5469 2616 5552 Quidam
2647 5485 2814 5536 mss.,
2841 5469 3396 5552 .sed.nihil__c'reatura
3421 5468 3672 5552 deliquit.

2222 5542 2336 5610 (81)
2366 5541 2504 5597 Mss.
2536 5556 2653 5596 non
2685 5541 2876 5613 pauci,
2908 5542 3063 5610 vigor
3091 5541 3292 5610 aliquis
3325 5541 3559 5596 virtutis.

2223 5614 2336 5683 (82)
2369 5613 2509 5669 Mss.
2544 5611 2790 5686 aliquot,
2820 5611 3112 5669 videantur
3139 5610 3397 5667 incidere.
