4084 6188
241 308 349 374 221

1508 291 2055 363 HEXAEMERON
2096 290 2246 357 LIB.
2292 292 2367 357 V.

3516 292 3642 365 22‘!

245 460 417 517 raque
445 441 622 515 pedes
667 439 941 509 habeant,
964 441 1024 497 et
1053 434 1391 496 ambulandi
1421 450 1701 501 usum,eo
1728 432 1883 505 quod
1914 429 1967 496 Α
2000 431 2189 487 Cavete
2215 448 2393 501 canes,
2425 435 2605 489 cavete
2644 430 2817 490 malos
2847 433 3121 505 operarios
3152 433 3413 509 (Philipp.
3447 454 3531 505 ιιι,
3563 437 3641 510 2).

246 532 357 590 sint
383 531 846 605 amphibia,quaa
870 529 957 585 vel
981 529 1039 584 in
1070 527 1241 600 aquis
1268 525 1357 582 vel
1387 525 1447 581 in
1475 524 1645 580 terris
1670 522 1883 590 vivant,

245 626 308 678 ut
335 625 473 677 sunt
502 620 720 692 phocae,
761 618 1060 686 crocodili,
1093 616 1229 688 equi
1263 614 1542 679 ﬂuviales,
1577 628 1724 683 quos
1756 611 1884 682 hip-

245 716 583 785 popotamos
611 713 838 777 vocant,
872 725 938 764 eo
978 707 1133 779 quod
1182 705 1242 761 hi
1291 704 1637 776 generentur
1665 698 1794 755 Nilo
1827 699 1886 753 in

1996 520 2259 577 Mustela:
2314 522 2508 595 gravis
2566 522 2625 577 in
2685 523 2858 579 terris
2913 524 3075 589 odor,
3104 524 3161 579 in
3197 526 3366 597 aquis
3422 528 3640 584 suavis.

1993 610 2245 665 Terrena
2277 627 2338 667 se
2367 612 2526 667 novit
2552 611 2808 668 vindicta
2840 612 3063 669 fmtoris
3093 613 3295 670 ulcisci
3330 632 3342 670 :
3378 616 3498 671 haac
3528 634 3643 673 non

1998 699 2286 754 minorem
2317 698 2494 755 habet
2522 701 2771 773 gratiam
2802 705 2990 774 capta,
3016 719 3192 774 quam
3225 703 3424 760 libera.
3448 706 3646 778 Neque

247 799 512 866 ﬂumine;
544 802 744 853 tamen
783 813 918 852 cum
961 797 1021 851 in
1076 795 1191 850 alto
1243 807 1529 865 aquarum
1581 792 1737 853 sunt,
1773 805 1886 843 non
1997 791 2053 843 te
2083 788 2494 845 inhonoratum
2529 794 2733 846 nostra
2771 793 3196 863 prosccutione,
3227 794 3528 867 thymalle,
3561 797 3648 853 di-

248 887 565 956 ambulant,
598 887 700 942 sed
749 890 973 953 natant,
1005 900 1111 939 nec
1156 882 1399 955 vestigio
1434 883 1678 935 utuntur
1724 876 1891 950 pedis

250 978 321 1033 ad
351 977 757 1040 incedendum,
786 975 887 1030 sed
910 980 1193 1045 tanquam
1224 988 1384 1027 remo
1414 970 1486 1025 ad
1517 967 1888 1040 reptandum.

253 1065 545 1137 Siquidem
578 1068 636 1120 et
665 1064 830 1119 navis
850 1067 979 1119 acta
1005 1061 1183 1118 remis
1213 1060 1449 1129 labitur,
1473 1062 1530 1114 et
1560 1073 1745 1129 aquas
1774 1054 1893 1111 sul-

254 1159 343 1212 cat
371 1153 586 1210 carina.

904 1265 1134 1323 CAPUT
1173 1265 1242 1321 II.

253 1362 452 1417 Virtute
482 1358 645 1431 hujus
672 1360 835 1425 vocis,
876 1356 1206 1431 producant
1236 1369 1399 1425 aquae
1430 1350 1681 1431 reptilia,
1722 1350 1896 1405 multo

313 1433 481 1505 plura
511 1423 572 1485 in
602 1432 750 1505 mari
777 1423 941 1505 quin;
963 1429 1025 1482 in
1054 1431 1201 1505 terra
1228 1423 1643 1505 esse_produeta,
1670 1437 1899 1504 eamque

315 1494 561 1574 pretium
587 1503 745 1572 aquis
782 1494 1048 1564 additam,
1084 1501 1143 1553 ut
1172 1511 1298 1569 qua
1329 1494 1387 1550 in
1418 1497 1580 1551 terris
1610 1496 1804 1560 noxia,
1838 1494 1899 1547 in

315 1575 465 1629 mari
493 1574 731 1629 innoxia
751 1578 1102 1641 generentur.

318 1692 374 1747 5.
406 1687 906 1762 Producuntan
948 1685 1191 1758 reptilia,
1233 1683 1379 1738 dixit
1425 1681 1729 1738 Dominus.
1763 1681 1895 1735 Bre-

2001 877 2253 943 mittam,
2300 878 2391 932 cui
2443 896 2475 933 a
2523 879 2662 935 ﬂore
2719 896 2928 936 nomen
2988 881 3268 938 inolevit:
3304 900 3405 939 seu
3464 884 3651 940 Ticini

2001 966 2161 1022 unda
2188 970 2244 1021 te
2275 966 2559 1034 ﬂuminis,
2590 986 2689 1024 seu
2732 971 2943 1025 amoeni
2975 970 3206 1027 Athesis
3257 974 3414 1029 unda
3462 975 3652 1030 nutri-

2002 1056 2132 1122 erit,
2165 1056 2271 1111 ﬂos
2312 1073 2392 1111 es.
2427 1057 2688 1129 Denique
2735 1075 2926 1114 sermo
2974 1059 3264 1127 testatior,
3297 1062 3451 1133 quod
3483 1063 3555 1118 de
3586 1080 3651 1119 eo

2003 1145 2105 1216 qui
2163 1149 2388 1217 gratam
2459 1145 2683 1202 redolet
2754 1148 3129 1218 suavitatem,
3191 1150 3411 1206 dictum
3472 1151 3653 1209 facete

2004 1233 2080 1290 sit
2110 1234 2223 1306 (84)
2257 1250 2269 1287 :
2303 1235 2418 1289 Aut
2464 1235 2685 1306 piscem
2742 1236 2858 1292 olet
2910 1240 3011 1291 aut
3068 1237 3296 1307 ﬂorem;
3356 1240 3438 1296 ita
3494 1240 3650 1297 idem

2006 1324 2418 1395 pronuntiatus
2450 1328 2541 1379 est
2583 1324 2762 1396 piscis
2794 1326 2936 1381 odor
2964 1342 3093 1382 esse
3142 1329 3241 1399 qui
3294 1330 3471 1385 ﬂoris.
3504 1330 3650 1394 Quid

2006 1411 2198 1483 specie
2251 1416 2353 1467 tua
2410 1412 2685 1485 gratius?
2744 1413 2891 1478 Quid
2952 1414 3237 1473 suavitate
3287 1418 3655 1489 jucundius?

2008 1501 2155 1567 Quid
2187 1502 2363 1557 odore
2411 1502 2802 1575 ﬂagrantius?
2845 1505 3006 1569 Quod
3041 1504 3215 1561 mella
3246 1507 3513 1581 ﬂagrant,
3545 1510 3656 1566 hoc

2006 1594 2069 1645 tu
2102 1606 2342 1662 corpore
2372 1595 2472 1647 tuo
2516 1591 2724 1663 spiras.
2760 1592 2907 1656 Quid
2941 1592 3152 1666 loquar
3184 1612 3490 1653 corvorum
3523 1599 3655 1671 (85),

2008 1677 2149 1750 quid
2181 1678 2355 1734 etiam
2398 1678 2670 1752 luporum
2715 1681 3180 1739 teneritudines?
3207 1685 3403 1741 Nescit
3430 1686 3538 1743 hos
3567 1686 3657 1743 lu-

252 1779 339 1835 vis
381 1794 598 1846 sermo,
631 1778 733 1833 sed
763 1777 1099 1842 vehemens,
1130 1777 1188 1830 et
1234 1772 1349 1829 late
1377 1776 1582 1844 patens
1632 1785 1900 1825 commu-
1928 1797 1977 1864 B
2010 1783 2117 1839 pos
2148 1782 2336 1839 agnus
2368 1766 2591 1824 timere.
2621 1769 2808 1824 Tanta
2835 1773 2923 1825 est
2953 1786 3242 1841 aquarum
3273 1774 3479 1844 gratia,
3514 1791 3654 1847 qua-

255 1884 388 1924 nem
417 1864 680 1921 minimis
710 1869 767 1921 et
795 1863 1066 1920 maximis
1113 1866 1385 1917 naturam
1415 1858 1649 1915 infudit.
1683 1858 1898 1913 Eodem

257 1959 556 2012 momento
600 1953 941 2026 producitur
983 1951 1208 2007 balmna
1238 1966 1352 2022 quo
1383 1965 1528 2004 rana
1556 1947 1819 2018 ejusdem
1848 1945 1902 1999 vi

258 2042 615 2117 operationis
637 2041 919 2098 nascitur.
942 2040 1065 2096 Non
1090 2039 1315 2095 laborat
1344 2038 1401 2092 in
1434 2035 1705 2092 maximis
1726 2035 1904 2101 Deus,

258 2150 373 2189 non
405 2130 631 2187 fastidit
658 2130 719 2184 in
756 2129 1039 2184 minimis.
1073 2127 1189 2183 Nec
1231 2124 1420 2181 doluit
1448 2129 1657 2181 natura
1706 2128 1904 2196 partu-

257 2223 420 2278 ciens
451 2218 792 2291 delphinas;
821 2217 975 2273 sicut
995 2233 1109 2271 non
1131 2214 1337 2282 doluit,
1362 2231 1493 2270 cum
1519 2214 1757 2286 exiguos
1785 2229 1908 2268 mu-

258 2310 407 2365 rices
455 2306 841 2378 cochleasque
893 2306 1258 2377 produceret.
1309 2304 1574 2367 Adverte,
1627 2319 1660 2357 o
1709 2302 1907 2371 homo,

258 2400 479 2469 quanto
510 2394 682 2466 plura
711 2393 770 2448 in
799 2393 945 2448 mari
970 2408 1144 2464 quam
1174 2392 1235 2445 in
1266 2389 1437 2445 terris
1465 2390 1605 2445 sint.
1629 2390 1907 2455 Numera,

261 2486 313 2542 si
344 2488 533 2557 potes,
555 2481 756 2539 omnia
774 2480 1024 2552 piscium
1054 2495 1265 2552 genera
1292 2478 1379 2533 vel
1413 2478 1800 2543 minutorum,
1823 2477 1911 2532 vel

254 2574 433 2631 etiam
492 2572 907 2637 maximorum,
950 2568 1161 2640 sepias,
1195 2566 1456 2639 polypos,
1510 2566 1903 2634 lithostracos,

261 2662 507 2719 carabos
537 2661 672 2731 (83),
700 2675 963 2724 cancros,
996 2661 1052 2713 et
1080 2656 1139 2711 in
1189 2655 1282 2711 his
1329 2654 1781 2711 innumerabilia
1814 2656 1906 2711 8|

264 2752 358 2808 sui
390 2749 643 2824 generis.
668 2747 815 2815 Quid
869 2746 1060 2802 dicam
1103 2760 1318 2817 genera
1364 2743 1744 2816 serpentium,
1778 2743 1913 2798 dra-

267 2855 467 2904 cones,
531 2852 843 2903 muraenas,
903 2832 1248 2905 anguillas?
1305 2832 1420 2888 Nec
1475 2832 1916 2904 praetermittam

275 2926 564 2999 scorpios,
595 2941 792 2992 ranas,
848 2920 1194 2987 testudines,
1250 2919 1532 2977 mustelae
1577 2936 1809 2992 quoque
1864 2925 1922 2975 et

274 3031 454 3074 canes
500 3013 849 3080 maritimos,
882 3010 1091 3066 vitulos
1141 3009 1420 3076 marinos,
1454 3014 1577 3065 cete
1616 3009 1919 3076 immania,

272 3103 612 3177 delphinas,
671 3107 912 3173 phocas,
972 3098 1187 3155 leones.
1237 3098 1385 3162 Quid
1440 3101 1692 3154 attexam
1747 3099 1920 3153 etiam

2013 1872 2143 1911 rum
2174 1855 2389 1912 vitulos
2420 1856 2648 1928 fugiant
2675 1861 2732 1912 et
2760 1857 2957 1913 leones
2988 1858 3123 1930 (86),
3147 1865 3213 1915 ut
3241 1860 3334 1916 his
3364 1862 3661 1935 propheti-

2013 1959 2148 2000 cum
2205 1943 2373 1999 illum
2432 1944 2654 1999 dictum
2712 1945 2784 2000 de
2840 1945 3104 2001 Ecclesiae
3162 1949 3468 2006 sanctitate
3526 1952 3663 2024 jure

2015 2034 2319 2090 conveniat
2346 2049 2359 2088 :
2396 2035 2541 2088 Tunc
2573 2032 2696 2105 lupi
2724 2038 2775 2089 et
2804 2036 2939 2105 agni
2963 2037 3133 2091 simul
3158 2047 3467 2109 pascentur,
3501 2040 3584 2095 leo
3612 2043 3663 2095 et

2016 2124 2106 2179 bos
2163 2123 2330 2178 simul
2381 2123 2571 2194 paleas
2626 2123 3037 2180 manducabunt
3080 2126 3204 2197 (Isa.
3239 2145 3364 2198 va,
3402 2129 3514 2201 25).
3548 2129 3664 2185 Nec

2016 2213 2256 2282 mirum,
2305 2211 2779 2284 quandoquidem
2839 2213 3013 2268 etiam
3074 2215 3131 2269 in
3194 2216 3448 2273 Ecclesia
3502 2234 3665 2290 aquas

2018 2300 2161 2356 illud
2195 2305 2532 2372 operantur,
2556 2304 2618 2355 ut
2650 2302 2990 2373 prazdouum
3012 2303 3212 2360 abluta
3241 2305 3504 2379 nequitia
3530 2324 3664 2363 cum

2018 2390 2428 2445 innocentibus
2486 2395 2874 2461 comparetur.
2937 2392 3083 2455 Quid
3142 2395 3317 2451 etiam
3376 2413 3668 2469 purpuras

2020 2494 2359 2544 memorem,
2402 2495 2528 2550 qua:
2573 2483 2784 2534 ornant
2833 2495 3032 2551 regum
3086 2482 3365 2552 convivia,
3417 2487 3669 2543 amictus

2022 2567 2336 2623 imbuunt?
2372 2568 2671 2638 Aquarum
2720 2570 2811 2622 est
2865 2568 3045 2641 igitur
3102 2571 3256 2642 quod
3316 2573 3372 2627 in
3432 2575 3670 2648 regibus

2025 2657 2327 2723 adoratur;
2380 2671 2665 2726 aquarum
2717 2658 2806 2710 est
2852 2656 3073 2728 species
3131 2657 3231 2714 illa
3280 2677 3407 2732 quae
3465 2663 3665 2737 fulget.

2024 2745 2185 2800 Adde
2218 2760 2422 2815 porcos
2449 2744 2628 2799 maris
2652 2744 2827 2799 etiam
2851 2744 3073 2801 Judaeis
3098 2752 3324 2818 gratos;
3355 2751 3493 2822 quia
3524 2752 3670 2808 nihil

2028 2837 2118 2889 est
2147 2848 2476 2898 commune,
2505 2833 2659 2903 quod
2692 2849 2806 2887 non
2838 2849 2991 2904 aqua
3017 2833 3235 2905 abluat,
3270 2842 3326 2893 et
3356 2838 3484 2896 ideo
3514 2857 3671 2897 com-

2030 2937 2240 2978 munes
2270 2938 2368 2978 eos
2408 2922 2559 2976 sicut
2586 2920 2647 2976 in
2676 2925 2832 2977 terra
2855 2922 3046 2978 editos
3075 2924 3366 2982 aestimare
3392 2945 3507 2985 non
3539 2945 3672 3003 pos-

2029 3014 2188 3066 sunt.

2601 3124 2700 3182 δ’
2743 3125 2972 3181 CAPUT
3011 3127 3105 3183 IlI.

281 3158 445 3177 -μτρ
598 3158 611 3169 ,
672 3158 692 3173 ⁸
899 3158 911 3167 ,
1257 3158 1274 3162 ν
2601 3158 2700 3182 σε*
2743 3158 2859 3181 una
2884 3158 2959 3181 υι
3011 3158 3105 3183 ιιι.

274 3191 560 3287 puerulos,
590 3190 1027 3287 11.1.Pd05:.l33V05
1058 3203 1311 3259 quoque:
1346 3203 1602 3287 (Ιυοτξιω,
1627 3185 1801 3286 etiam
1833 3203 1922 3242 σο·
1952 3158 1994 3225 C
2030 3213 2384 3287 Multiplicem
2406 3213 2650 3287 piscibus
2680 3214 2949 3268 rationem
2976 3230 3088 3270 esse
3116 3219 3435 3287 generandi,
3466 3236 3531 3276 ae
3557 3224 3672 3277 sin-

272 3281 432 3338 lores
460 3281 523 3335 in
556 3278 762 3334 avibus
789 3277 1057 3332 videmus
1095 3292 1420 3349 expressos,
1454 3279 1519 3330 ut
1547 3274 1699 3347 nigri
1729 3292 1921 3332 meru-

270 3368 366 3437 le,
399 3368 532 3441 pavi
580 3367 808 3422 diverso
840 3364 1028 3421 colore
1056 3365 1231 3420 dorsa
1259 3368 1317 3419 et
1345 3363 1494 3419 colla
1540 3364 1751 3435 depicti
1784 3364 1921 3431 sint,

269 3457 436 3514 turdi
465 3455 594 3512 alvo
624 3454 792 3523 varii,
819 3459 876 3510 et
923 3458 1132 3509 caetera
1160 3469 1411 3525 quorum
1443 3451 1553 3507 sibi
1599 3457 1762 3508 terra:
1792 3469 1922 3525 spe-

272 3547 396 3603 cies
428 3549 486 3601 et
519 3544 761 3601 nomina
802 3542 1223 3598 vindicarunt?
1253 3542 1399 3597 Nam
1448 3541 1614 3613 prius
1664 3542 1723 3596 in
1776 3542 1924 3597 mari

268 3635 391 3693 ista
447 3636 750 3705 cceperunt
797 3631 1159 3703 diversisque
1216 3630 1579 3687 ﬂuminibus.
1625 3630 1922 3702 Siquidem

270 3741 434 3798 aqua
488 3722 651 3795 prior
703 3721 1036 3776 animarum
1074 3719 1392 3775 viventium
1446 3718 1675 3791 reptilia
1730 3719 1924 3775 divino

268 3818 425 3871 nutu
458 3813 746 3884 imperata
780 3808 1073 3883 produxit.

344 3903 402 3956 6.
428 3900 592 3956 Adde
622 3898 772 3955 hanc
807 3898 1077 3971 gratiam,
1102 3898 1256 3969 quod
1304 3913 1372 3954 ea
1400 3913 1525 3969 quae
1556 3896 1836 3951 timemus
1866 3896 1927 3951 in

268 3991 453 4047 terris
481 4004 754 4045 amamus
797 3988 858 4041 in
903 3986 1093 4059 aquis.
1117 3986 1340 4041 Etenim
1376 3985 1548 4041 noxia
1575 3985 1633 4039 in
1664 3985 1837 4040 terris
1867 3985 1928 4041 in

271 4096 435 4152 aqua
460 4075 699 4132 innoxia
729 4079 889 4143 sunt,
914 4080 1088 4146 atque
1125 4074 1238 4146 ipsi
1269 4090 1491 4147 angues
1533 4074 1658 4130 sine
1687 4090 1925 4130 veneno.

274 4168 392 4223 Leo
414 4162 694 4222 terribilis
717 4163 775 4219 in
806 4162 999 4230 terris,
1022 4161 1211 4218 dulcis
1240 4163 1299 4217 in
1332 4162 1623 4218 ﬂuctibus.
1650 4163 1926 4231 Muraena,

274 4272 458 4328 quam
486 4254 686 4309 ferunt
705 4250 926 4323 aliquid
947 4252 1164 4307 habere
1186 4250 1447 4316 noxium,
1469 4267 1604 4306 esca
1624 4250 1932 4323 pretiosior

277 4346 385 4399 est.
413 4342 578 4398 Rana
605 4340 852 4395 horrens
901 4340 959 4394 in
1000 4339 1338 4411 paludibus,
1372 4339 1582 4395 decora
1628 4339 1688 4394 in
1736 4339 1928 4411 aquis,

278 4430 561 4487 omnibus
590 4429 710 4485 fere
751 4432 990 4500 praestat
1020 4427 1335 4483 alimentis.
1361 4426 1535 4483 Plura
1563 4427 1612 4483 si
1644 4428 1779 4499 quis
1809 4427 1933 4483 vult

2101 3284 2356 3353 gularem
2413 3286 2473 3358 in
2524 3284 2733 3355 prolem
2787 3286 3007 3358 pietatis
3056 3302 3294 3343 sensum.
3342 3284 3559 3358 Quanta
3606 3296 3675 3349 sit

2102 3371 2289 3428 eorum
2316 3356 2551 3428 paritas,
2574 3372 2680 3425 qua
2705 3370 2817 3410 non
2844 3356 3022 3411 solum
3051 3358 3167 3414 alia
3189 3356 3375 3428 bruta,
3389 3362 3482 3417 sed
3511 3367 3678 3420 etiam

2106 3427 2348 3481 homines
2378 3427 2521 3496 ipsos
2549 3431 2830 3497 superant.

2101 3539 2487 3595 7.1nnumeri
2528 3540 2727 3611 itaque
2775 3558 2942 3611 usus,
2968 3542 3280 3602 innumera
3325 3564 3538 3621 genera
3584 3551 3676 3624 pi-

2034 3629 2243 3686 scium.
2275 3626 2393 3682 Alii
2441 3645 2545 3683 ova
2600 3634 2900 3700 generant,
2935 3635 3000 3686 ut
3027 3633 3168 3687 varii
3228 3637 3478 3707 majores
3530 3655 3679 3710 quos

2034 3722 2251 3774 troctas
2279 3721 2489 3773 vocant
2517 3718 2648 3789 (8’7),
2673 3720 2730 3772 et
2771 3718 2941 3790 aquis
2990 3720 3233 3777 fovenda
3280 3726 3675 3783 committunt.

2036 3809 2201 3879 Aqua
2229 3807 2411 3879 igitur
2449 3806 2672 3861 animat
2698 3810 2755 3862 et
2783 3812 2960 3874 creat,
2992 3813 3049 3863 et
3077 3810 3268 3867 adhuc
3316 3815 3578 3869 mandati
3609 3815 3677 3869 i1-

2034 3896 2150 3951 lius
2181 3894 2353 3968 primi
2386 3899 2663 3966 tanquam
2695 3893 2841 3967 legis
2859 3900 3149 3968 perpetuae
3174 3915 3389 3956 munus
3417 3902 3680 3973 exsequi-

2035 3988 2153 4055 tur,
2176 3983 2391 4039 blanda
2420 3984 2685 4053 quaadam
2727 3987 2912 4039 mater
2946 3986 3355 4043 animantium.
3380 3987 3487 4044 Alii
3520 3990 3680 4047 vivos

2038 4074 2190 4129 fetus
2218 4074 2402 4128 edunt
2429 4073 2498 4128 de
2530 4089 2635 4128 suo
2666 4089 2925 4144 corpore,
2951 4080 3017 4130 ut
3045 4075 3327 4145 mustelis,
3352 4083 3408 4134 et
3446 4078 3678 4134 canicu-

2036 4160 2124 4228 le,
2157 4164 2215 4216 et
2251 4166 2374 4216 cete
2420 4160 2697 4233 ingentia,
2740 4161 3063 4234 delphines,
3097 4172 3153 4220 et
3198 4164 3414 4237 phocae,
3450 4166 3680 4239 aliaque

2038 4252 2242 4304 caetera
2270 4248 2633 4321 hujusmodi.
2668 4251 2801 4314 Quaa
2854 4267 2987 4306 cum
3038 4252 3326 4308 ediderint
3375 4260 3598 4327 partus,
3632 4258 3681 4313 si

2040 4339 2180 4412 quid
2239 4339 2385 4394 forte
2450 4338 2797 4394 insidiarum
2853 4340 3208 4413 terrorisque
3272 4345 3685 4415 praesenserint

2040 4427 2194 4483 circa
2222 4425 2445 4482 catulos
2472 4443 2612 4483 suos
2637 4443 2996 4499 quemquam
3027 4429 3239 4497 moliri,
3265 4448 3381 4503 quo
3409 4436 3686 4490 tueantur

281 4534 654 4592 cognoscere,
685 4534 721 4572 a
751 4515 997 4572 diversis
1046 4514 1307 4571 locorum
1350 4516 1742 4588 piscatoribus
1773 4533 1928 4588 quaa-
1957 4524 2006 4588 Ι)
2037 4532 2157 4582 eos,
2187 4516 2275 4571 vel
2322 4520 2531 4571 teneras
2591 4515 2776 4571 aetatis
2826 4532 3099 4588 pavorem
3153 4524 3416 4577 materno
3474 4523 3683 4579 affectu

282 4614 412 4676 rat;
470 4623 644 4663 nemo
700 4605 857 4662 enim
915 4609 1108 4677 potest
1161 4605 1357 4660 omnia
1419 4605 1926 4677 comprehendere.

284 4696 467 4753 Canes
518 4712 659 4751 sane
708 4699 765 4750 et
808 4693 869 4748 in
901 4693 1050 4748 mari
1080 4709 1236 4763 cave,
1261 4710 1407 4765 quos
1459 4702 1516 4749 et
1564 4695 1623 4748 in
1672 4694 1928 4750 Ecclesia

289 4786 563 4843 molestos
592 4800 724 4840 esse
752 4787 809 4838 et
838 4783 1123 4838 cavendus
1145 4782 1458 4855 Apostolus
1491 4783 1660 4838 docet
1690 4783 1887 4840 dicens
1913 4802 1926 4839 :

360 4943 469 5015 (83)
493 4943 635 4999 Mss.
664 4947 917 5015 quatuor
954 4939 1212 5015 habent,
1225 4942 1370 5007 litos,
1402 4944 1672 5015 ostriolas,
1702 4947 1925 5011 tractas,

294 5012 541 5076 carabOs;
570 5012 764 5081 Carn.,
796 5013 1150 5075 clitoslriala;
1173 5012 1390 5079 Germ.,
1422 5014 1749 5070 lithostrata.
1777 5015 1925 5071 Caen.

298 5085 551 5166 ac‘Corb.
602 5084 860 5166 secunda
903 5099 1110 5166 'manlni,
1147 5084 1254 5166 sed
1312 5084 1574 5166 antiqua,
1622 5086 1929 5166 poli/pedes,

298 5154 470 5223 lithos,
499 5158 728 5223 tractas,
759 5154 1006 5220 ‘carabos,
1052 5155 1197 5227 forte
1220 5154 1585 5227 λεωστράᾶιους,
1617 5154 1675 5210 id
1706 5154 1795 5212 est
1823 5156 1931 5212 levi

299 5232 439 5282 testa
484 5227 750 5283 intectas.
784 5227 1065 5282 Caaterum
1098 5225 1349 5281 Basilius
1396 5225 1641 5283 earabos
1689 5231 1746 5282 et
1796 5244 1932 5283 can-

298 5313 418 5354 cros
446 5298 597 5354 inter
626 5314 695 5353 ea
724 5295 961 5370 reponit
984 5314 1109 5369 qua;
1141 5297 1419 5353 dicuntur
1442 5305 1850 5370 μαλακόστρακα,
1876 5300 1932 5355 id

298 5373 382 5424 est
407 5385 533 5440 quae
563 5370 731 5424 testis
782 5366 1058 5424 mollibus
1102 5373 1420 5441 teguntur},
1441 5366 1686 5440 Polypos
1709 5366 1850 5441 vero
1880 5377 1936 5426 et

298 5439 478 5513 sapias
526 5440 681 5496 inter
706 5448 940 5510 μαλάκια,
973 5439 1223 5512 quorum
1252 5439 1519 5495 videlicet
1549 5439 1698 5495 caro
1740 5440 1934 5498 mollis

297 5518 379 5567 est
406 5528 470 5568 ac
499 5516 722 5568 tenera.
1070 5526 1079 5534 '

361 5584 473 5656 (84)
502 5583 633 5656 Non
663 5583 836 5656 pauci
881 5583 1032 5656 cod.,
1063 5582 1233 5652 dictu,
1266 5578 1357 5637 vel
1389 5580 1596 5637 dictum
1623 5581 1841 5656 facessi,
1876 5584 1933 5640 id

295 5658 398 5725 est,
431 5654 573 5725 abit,
606 5654 712 5713 seu
740 5654 1108 5729 pervagatur.

2040 4604 2448 4676 comprimant,
2488 4603 2711 4675 aperire
2758 4621 2879 4675 ora,
2912 4608 2971 4661 at
3015 4606 3249 4663 innoxio
3292 4614 3499 4681 partus
3545 4629 3684 4668 suos

2039 4694 2215 4749 dente
2244 4693 2620 4764 suspendere,
2644 4692 2872 4749 interno
2899 4711 3135 4768 quoque
3164 4698 3416 4769 recipere
3447 4715 3683 4770 corpore

2038 4787 2095 4837 et
2124 4780 2363 4854 genitali
2395 4781 2663 4837 feruntur
2682 4781 2808 4838 alvo
2833 4783 3361 4852 abscondere.Quis
3387 4786 3682 4841 humanus

2113 4942 2224 5017 (85)
2254 4941 2393 5017 Mss.
2426 4940 2668 5017 aliquot.
2694 4941 2836 5017 Quid
2865 4944 3060 5014 loquor
3084 4958 3390 5017 porcorum,
3413 4946 3527 5017 etc.

2112 5012 2225 5085 (86)
2257 5014 2350 5085 Sic
2381 5012 2535 5068 mss.
2565 5012 2999 5085 quindecim,‘et
3041 5012 3179 5068 edit.
3207 5013 3361 5068 Cost.
3394 5012 3505 5068 Alii
3535 5030 3687 5085 mss»

2042 5083 2329 5156 sequioris
2387 5083 2679 5149 notae,'ac
2736 5085 2872 5139 edit.
2922 5088 3076 5156 Am.,
3131 5088 3278 5156 Ifet.,
3329 5085 3479 5151 Era.,
3524 5084 3680 5155 Gill.,

2041 5155 2275 5229 quarunt
2302 5156 2462 5210 vituli
2496 5157 2809 5226 ﬁgurantur
2837 5163 2888 5211 et
2914 5155 3110 5210 leones.
3144 5155 3406 5210 Rom.....
3428 5156 3682 5229 jungun-

2042 5231 2135 5282 tur
2163 5231 2222 5281 ut
2253 5228 2448 5282 leones.
3513 5243 3521 5251 ‘

2114 5298 2225 5369 (87)
2254 5298 2405 5353 Edit.
2440 5313 2641 5369 omnes
2673 5313 2803 5351 cum
2838 5295 3040 5367 paucis
3070 5312 3239 5367 mss.,
3262 5309 3321 5353 ut
3343 5300 3388 5353 ii
3415 5315 3547 5369 quos
3567 5308 3684 5355 tru-

2041 5367 2154 5425 ctas
2183 5367 2392 5425 vocant.
2416 5367 2525 5423 Alii
2558 5384 2700 5422 mss.
2731 5382 2941 5436 magno
2976 5384 3218 5424 numero
3240 5375 3297 5424 et
3317 5367 3685 5438 auctoritate,

2042 5449 2104 5497 ut
2128 5442 2275 5496 varii
2316 5441 2546 5510 majores
2577 5454 2708 5509 quos
2738 5442 2932 5492 tractas
2962 5442 3170 5495 vocant.
3206 5441 3309 5497 Est
3351 5446 3546 5498 autem
3578 5446 3688 5498 hoc

2043 5512 2357 5586 discrimen
2388 5509 2589 5586 tractas
2614 5512 2950 5586 sequellas
2979 5509 3133 5586 inter
3183 5516 3240 5568 et
3279 5517 3497 5581 tractas,
3531 5514 3687 5586 quod

2046 5584 2134 5640 hae
2166 5584 2223 5639 in
2258 5580 2403 5638 mari
2433 5581 2648 5650 vivant,
2683 5578 2794 5637 illae
2826 5581 2885 5636 in
2918 5581 3131 5639 ﬂuviis.
