4158 6168
467 332 596 400 ω

1985 329 2060 399 's.
2104 323 2485 406 maesti

475 469 892 564 aﬂieetush‘anc
913 467 1174 564 piscium
1199 467 1477 564 pietatem
1502 466 1699 541 possit
1727 465 1991 564 imitari?
2019 473 2119 526 Os-
2148 469 2202 538 Α
2230 476 2389 531 trum
2433 475 2491 533 in
2541 475 2714 547 ﬁlias,
2747 460 3165 554 separatione‘s,
3217 474 3371 552 odia,
3419 467 3894 564 bifeusa's,‘d_isce

474 558 606 615 cuia
637 559 827 632 nobis:
853 559 1104 615 satietati
1155 561 1295 614 sunt
1325 574 1339 612 :
1371 557 1490 613 illis
1531 573 1647 613 non
1681 556 1825 614 satis
1855 562 1944 614 est
1991 576 2129 632 ape-

470 649 586 706 rire
636 649 878 713 viscera,
914 652 1201 718 natosque
1250 644 1505 718 recipere
1550 663 1616 701 ac
1665 663 1932 702 revocare
1979 648 2129 704 inte-

465 755 631 813 gros,
658 742 833 810 atque
858 737 1069 793 iterum
1097 735 1218 789 fotu
1251 735 1506 805 quodam
1529 751 1628 790 eos
1656 736 1747 790 sui
1771 735 1980 793 caloris
2012 737 2131 798 ani.

470 846 652 897 mare,
687 833 742 883 et
774 826 981 900 spiritu
1026 823 1178 878 alere
1208 823 1447 894 (88-89),
1473 824 1736 896 duosque
1782 825 1840 880 in
1892 841 2130 898 corpore

468 931 586 976 nne
629 917 844 981 vivere;
879 915 1060 968 donec
1108 916 1210 966 aut
1273 913 1648 968 securitatem
1713 915 1995 981 deferant,
2030 908 2131 978 aut

467 1023 704 1079 corpore
753 1019 858 1059 suo
888 1001 1113 1072 objecto
1145 1004 1312 1056 natos
1347 1018 1486 1057 suos
1538 1002 1851 1076 de(endant
1901 1021 1936 1058 a
1976 1005 2126 1076 peri-

463 1096 633 1155 culis.
663 1093 802 1159 Quis
852 1091 972 1146 haec
1020 1091 1246 1154 videns,
1279 1089 1389 1146 etsi
1448 1093 1646 1162 possit
1697 1093 1975 1160 obtinere,
2011 1109 2126 1148 non

461 1188 634 1242 tanta;
663 1180 914 1254 piscium
943 1179 1148 1252 pietati
1195 1181 1360 1234 cedat
1375 1181 1402 1234 ‘2
1433 1180 1576 1244 Quis
1625 1198 1739 1236 non
1791 1183 2039 1238 miretur
2068 1191 2125 1242 et

462 1276 714 1345 stupeat,
765 1274 830 1324 ut
877 1273 1068 1325 servet
1113 1273 1326 1324 natura
1377 1270 1437 1323 in
1483 1269 1766 1341 piscibus,
1799 1273 1954 1342 quod
2006 1286 2121 1326 non

459 1365 651 1420 servat
681 1361 738 1415 in
768 1357 1152 1414 hominibus?
1182 1357 1483 1430 Pleraeque
1533 1375 1600 1413 ex
1646 1359 1983 1432 suspicione
2013 1373 2121 1413 no-

454 1451 782 1514 Vercalibus
811 1448 963 1504 odiis
1014 1448 1300 1518 appetitos
1337 1463 1480 1502 suos
1531 1447 1870 1503 occiderunt
1915 1447 2069 1504 filios
2104 1447 2117 1486 ³

457 1543 580 1602 alia:
611 1541 672 1596 in
725 1539 897 1603 fame,
935 1540 1006 1591 ut
1050 1536 1323 1606 legimus,
1359 1540 1563 1607 partus
1610 1538 1878 1609 proprios
1923 1555 2116 1594 come-

457 1633 690 1692 derunt.
717 1625 1009 1684 Humanis
1035 1624 1378 1697 pignoribus
1399 1630 1585 1682 mater
1604 1625 1939 1698 sepulcrum
1969 1628 2119 1684 facta

456 1725 574 1788 est;
609 1718 860 1791 piscium
891 1714 1039 1787 proli
1077 1714 1336 1786 parentis
1359 1718 1445 1770 est
1476 1719 1681 1770 uterus
1705 1715 1855 1771 sicut
1886 1733 2112 1785 murus,

2240 580 2370 636 quae
2423 567 2500 623 sit
2549 569 2807 640 parentis
2855 574 2912 626 et
2957 568 3211 628 ﬁliorum
3257 572 3650 630 necessitudo.
3681 572 3893 630 Vivere

2229 654 2430 726 pisces
2461 656 2586 714 sine
2634 673 2787 732 aqua
2834 675 2948 716 non
2981 665 3224 732 queunt,
3257 679 3364 718 nec
3392 680 3428 718 a
3460 680 3579 718 suae
3629 662 3892 734 parentis

2241 747 2531 803 consortio
2563 749 2840 820 separari,
2874 766 3063 822 neque
3111 767 3146 807 a
3191 768 3312 808 sua:
3361 749 3583 808 altricis
3637 751 3896 807 discerni

2241 848 2481 892 munere
2507 855 2520 892 :
2548 841 2605 892 et
2635 838 2743 893 hoc
2774 839 2839 894 tit
2866 844 3077 895 natura
3097 841 3374 912 quadam,
3401 844 3469 896 ut
3489 841 3739 912 separati
3775 857 3899 895 mo-

2239 922 2468 979 riantur
2494 924 2671 982 illico.
2696 927 2893 998 Neque
2939 923 3208 995 enim,ut
3256 929 3476 995 omnia,
3506 927 3688 1000 hujus
3739 927 3898 984 aeris

2236 1011 2439 1067 vivunt
2468 1014 2808 1086 spiramine,
2839 1015 2976 1088 quia
3005 1015 3309 1072 hauriendi
3342 1017 3587 1090 spiritus
3618 1020 3675 1073 et
3705 1017 3892 1089 respi-

2237 1102 2403 1156 randi
2436 1106 2646 1159 natura
2674 1103 2769 1160 his
2799 1121 2914 1160 non
2960 1105 3247 1177 suppetit;
3281 1105 3540 1178 alioquin
3573 1105 3682 1162 sub
3715 1105 3893 1177 aquis

2236 1205 2469 1263 semper
2499 1209 2612 1248 non
2645 1199 2883 1266 possent
2909 1194 3099 1249 vivere
3147 1210 3264 1249 non
3315 1195 3609 1266 capientes
3641 1191 3891 1266 spiritus

2233 1277 2607 1336 infusionem.
2633 1283 2793 1348 Quod
2826 1285 2914 1338 est
2943 1282 3113 1338 nobis
3141 1282 3405 1354 spiritus,
3422 1282 3540 1337 illis
3588 1286 3677 1337 est
3707 1298 3886 1354 aqua.

2233 1367 2398 1424 Sicut
2426 1370 2594 1426 nobis
2641 1370 2904 1442 spiritus,
2932 1370 3014 1426 ita
3053 1369 3173 1426 illis
3221 1377 3392 1443 aqua,
3422 1370 3652 1426 vivendi
3702 1369 3887 1425 ‘mini-

2221 1461 2380 1512 strat
2425 1458 2818 1514 substantiam
2855 1476 2868 1514 :
2901 1475 3009 1514 nos
3037 1457 3358 1514 intercluso
3398 1462 3728 1515 eommeatu
3759 1459 3884 1532 spi-

2227 1544 2400 1613 ritus,
2435 1545 2574 1618 quia
2604 1561 2676 1602 ne
2705 1546 2863 1602 brevi
2909 1547 3147 1619 quidem
3179 1547 3368 1620 spatio
3412 1541 3738 1619 possumus
3784 1549 3887 1602 ex-

2228 1639 2423 1706 pertes
2454 1651 2582 1691 esse
2636 1635 2886 1708 spiritus
2914 1635 3127 1701 vitalis,
3161 1636 3360 1691 statim
3401 1627 3881 1712 ‘exstinguimur;

2225 1723 2418 1794 pisces
2449 1739 2683 1796 quoque
2715 1723 2929 1779 sublati
2957 1723 3034 1780 de
3067 1725 3239 1797 aqua,
3269 1723 3393 1780 sine
3424 1721 3756 1780 substantia
3782 1726 3880 1781 sui

454 1807 606 1865 vallo
637 1806 894 1879 quodam
936 1803 1302 1859 internorum
1331 1803 1620 1860 viscerum
1670 1805 1916 1878 pignora
1959 1805 2113 1862 inot-
2143 1827 2191 1904 Β
2223 1811 2336 1867 vivi
2367 1823 2496 1868 esse
2527 1829 2643 1868 non
2677 1807 2944 1886 p‘bssunt.

454 1898 622 1955 fensa
645 1897 970 1950 conservat.

519 1988 573 2042 8.
607 1985 846 2041 Diversa
893 1983 1074 2055 igitur
1121 1981 1372 2054 piscium
1408 1997 1622 2055 genera
1653 1983 1914 2040 diversos
1963 1999 2110 2040 usus

2301 1903 2383 1957 1‘1.
2415 1905 2485 1958 Et
2512 1917 2692 1958 causa
2735 1901 3045 1958 manifesta
3091 1904 3199 1964 est.
3255 1888 3533 1973 quoniam
3584 1901 3643 1955 in
3704 1901 3877 1959 nobis

2221 1989 2424 2062 pulmo
2455 2008 2558 2064 per
2582 1989 2841 2047 thoracis
2870 1987 3089 2046 laxiora
3113 1987 3434 2062 penetralia
3459 1990 3678 2062 recepit
3705 1990 3878 2062 spiri-

447 2077 696 2143 habent;
729 2073 829 2130 alii
871 2089 976 2128 ova
1003 2075 1316 2145 generant,
1341 2070 1439 2127 alii
1470 2071 1631 2128 vivos
1662 2073 1899 2144 pariunt
1933 2079 2110 2146 atque
2218 2083 2384 2135 tum:
2417 2081 2473 2136 et
2502 2087 2636 2135 cum
2669 2080 2746 2136 sit
2773 2079 2899 2152 ipse
2928 2078 3086 2152 poris
3127 2077 3422 2151 plerisque
3467 2079 3870 2151 penetrabilis,

453 2163 845 2241 formatos.Et
867 2161 966 2233 qui
1002 2175 1108 2216 ova
1131 2165 1433 2232 generant,
1457 2177 1575 2217 non
1608 2161 1777 2218 nidos
1809 2167 2012 2220 texunt
2043 2169 2110 2222 ut
2217 2168 2463 2240 spiritus
2504 2167 2798 2224 inlusione
2854 2167 3191 2224 interiorem
3241 2167 3491 2223 calorem
3538 2167 3866 2240 refrigerat.

449 2271 604 2323 aves,
631 2270 746 2309 non
770 2251 1031 2307 diuturni
1057 2250 1216 2304 fctus
1247 2249 1505 2306 laborem
1529 2250 1806 2317 induunt,
1831 2269 1946 2307 non
1969 2269 2104 2309 cum
2216 2255 2448 2312 Thorax
2477 2256 2633 2312 enim
2655 2259 2720 2312 ut
2741 2255 2990 2328 Suspicit
3019 2255 3316 2324 alimenta,
3344 2255 3423 2310 ita
3453 2256 3751 2328 superflua
3780 2257 3870 2311 ci-

449 2343 720 2401 molestia
768 2341 859 2398 sui
918 2338 1208 2394 nutriunt.
1233 2339 1454 2396 Cecidit
1510 2356 1702 2405 ovum,
1738 2341 1892 2411 quod
1951 2359 2104 2413 aqua
2211 2345 2423 2400 borum
2458 2349 2516 2400 et
2545 2351 2751 2401 s'uccos
2778 2343 3045 2400 salubres
3071 2343 3533 2416 sanguinemque
3563 2344 3864 2401 discernit.

447 2432 669 2506 gremio
701 2430 955 2504 quodam
990 2431 1208 2483 naturae
1259 2445 1378 2482 suae
1427 2427 1595 2500 quasi
1645 2428 1840 2484 nutrix
1887 2428 2102 2487 blanda
2212 2434 2305 2490 Fit
2353 2433 2552 2507 pulmo
2594 2433 2847 2506 pervius,
2881 2433 3038 2489 unde
3086 2431 3314 2488 facilius
3361 2434 3434 2488 ad
3484 2449 3618 2489 eum
3671 2437 3867 2506 potest

449 2521 730 2594 suscepit,
764 2523 821 2576 et
852 2516 1070 2574 animal
1121 2515 1292 2572 celeri
1343 2516 1466 2570 fotu
1518 2517 1788 2571 reddidit.
1814 2518 2098 2575 Continuo

446 2609 604 2667 enim
647 2611 807 2664 tactu
858 2605 1116 2679 parentis
1172 2604 1499 2660 animatum
1557 2620 1732 2661 ovum
1790 2606 2013 2673 cecidit,
2043 2612 2101 2664 et

452 2697 632 2772 piscis
665 2696 856 2752 exivit.

2209 2523 2490 2596 aspiratio
2530 2522 2774 2595 spiritus
2804 2521 3122 2593 pervenire.
3145 2521 3339 2577 Pisces
3383 2538 3517 2577 vero
3548 2521 3864 2580 branchias

2209 2610 2323 2684 (92)
2354 2611 2593 2678 habent,
2619 2610 2766 2682 quas
2797 2625 2953 2664 nunc
2999 2609 3218 2681 plicant
3263 2613 3322 2665 et
3368 2607 3670 2682 colligunt,
3702 2628 3862 2667 nunc

2207 2699 2502 2772 explicant
2539 2702 2712 2770 atque
2759 2697 3049 2770 aperiunt.
3086 2698 3147 2754 In
3179 2697 3288 2753 hac
3335 2713 3472 2770 ergo
3519 2697 3863 2756 collectione

515 2788 570 2842 9.
599 2788 750 2842 Tum
782 2784 993 2840 deinde
1014 2798 1192 2854 quam
1216 2797 1363 2854 pura
1387 2784 1444 2838 et
1467 2780 1746 2838 inviolata
1766 2785 2093 2841 successio!
2206 2791 2265 2843 et
2295 2788 2588 2860 apertione
2621 2787 2761 2842 dum
2795 2786 3118 2858 suscipitur
3162 2803 3333 2858 aqua,
3356 2789 3414 2842 et
3440 2787 3865 2843 transmittitur

443 2875 653 2933 Nullus
685 2873 871 2938 alteri,
913 2873 1012 2928 sed
1045 2871 1243 2944 generi
1287 2887 1394 2926 suo
1445 2870 1744 2938 miscetur,
1774 2873 2095 2946 thymallus
2206 2882 2274 2931 ac
2305 2879 2589 2948 penetrat,
2619 2873 3022 2948 respirationis
3070 2890 3290 2930 munus
3335 2874 3566 2930 videtur
3589 2874 3856 2948 implere.

443 2959 745 3035 thymallo,
783 2959 956 3031 lupus
986 2958 1142 3030 lupo.
1167 2959 1476 3030 Scorpaana
1503 2957 1734 3030 quoque
1765 2961 2092 3017 castitatem
2203 2964 2445 3036 Propria
2473 2962 2656 3036 igitur
2702 2965 2912 3018 natura
2940 2966 3026 3019 est
3067 2962 3337 3035 piscium,
3371 2976 3477 3018 nec
3526 2965 3859 3021 communis

443 3049 807 3106 immaculati
839 3047 1109 3104 connubii
1153 3047 1350 3120 generi
1381 3065 1486 3103 suo
1518 3053 1728 3105 servat.
1754 3049 1953 3120 Itaque
1983 3049 2092 3104 ha-
2202 3068 2336 3108 cum
2368 3052 2618 3119 steteris;
2671 3051 2940 3123 ‘specialis
2972 3063 3135 3118 usus,
3167 3055 3226 3106 et
3273 3067 3307 3106 a
3354 3049 3580 3107 caeteris
3622 3051 3853 3108 vivendi

443 3140 541 3195 bet
568 3137 907 3211 pudicitiam
941 3137 1171 3209 generis
1221 3135 1332 3203 sui,
1365 3137 1468 3192 sed
1517 3153 1807 3192 venenum
1857 3138 2089 3211 generis
2122 3197 2159 3214 Α
2200 3141 2467 3214 quaedam
2499 3143 2769 3213 separata
2805 3145 2863 3195 et
2903 3145 3128 3196 secreta
3156 3139 3506 3196 substantia.
3542 3135 3854 3214 Propterea

2199 3246 2315 3287 non
2348 3229 2710 3298 nutriuntur,
2739 3245 2949 3300 neque,
2973 3232 3040 3283 ut
3063 3232 3293 3286 terrena
3314 3229 3614 3295 animalia,
3638 3241 3851 3286 manus

442 3228 534 3286 sui
564 3245 677 3284 non
709 3227 920 3294 habet;
967 3243 1082 3281 non
1132 3224 1289 3280 enim
1338 3226 1588 3298 percutit
1637 3242 1952 3298 scorpaana,
1985 3227 2086 3282 sed
2118 3224 2146 3266 ι

439 3318 645 3376 reﬁcit.
677 3315 959 3373 Nesciunt
1006 3313 1185 3386 igitur
1222 3313 1682 3387 alienigenarum
1732 3329 1946 3386 genera
1992 3315 2084 3387 pi-

439 3409 628 3465 scium
686 3403 1016 3462 adulterina
1077 3403 1371 3475 contagia,
1432 3402 1583 3460 sicut
1639 3407 1779 3460 sunt
1834 3420 1902 3460 ea
1958 3421 2085 3477 quas

438 3497 651 3553 coeunt
678 3493 977 3550 asinorum
1003 3507 1405 3563 equarumque
1435 3491 1587 3548 inter
1615 3507 1677 3548 se
1707 3508 1921 3565 genera
1952 3493 2085 3564 (90),

439 3599 567 3658 quae
598 3598 812 3655 magna
840 3580 1148 3636 hominum
1199 3596 1338 3636 cura
1369 3585 1776 3652 perpetrantur
1801 3599 1813 3637 :
1837 3581 1925 3638 vel
1957 3597 2084 3637 rur-

439 3690 542 3731 sus
574 3687 708 3729 cum
731 3687 919 3742 equus
941 3669 1116 3725 asinae
1139 3668 1439 3736 miscetur,
1455 3685 1579 3740 quae
1602 3673 1742 3724 sunt
1767 3685 1902 3726 vera
1924 3669 2088 3725 adul-

437 3761 586 3818 teria
615 3765 854 3817 naturai.
879 3759 1025 3814 Nam
1056 3758 1259 3830 utique
1297 3758 1492 3828 majus
1520 3762 1610 3814 est
1640 3759 1794 3828 quod
1824 3758 1882 3812 in
1915 3763 2086 3814 natu-

437 3868 513 3908 rae
535 3849 918 3906 colluvionem
942 3847 1042 3904 83
1062 3846 1473 3909 committitur,
1493 3862 1671 3918 quam
1695 3847 1848 3917 quod
1874 3847 1933 3901 in
1955 3863 2084 3919 per-

343 3957 360 3972 ‘
435 3957 588 3996 sonas
637 3936 1030 4010 injuriam.Et
1082 3935 1257 3990 homo
1316 3935 1428 3989 ista
1462 3949 1740 4005 procuras
1796 3934 2084 4007 interpres

433 4027 707 4086 adulterii
725 4023 1103 4098 jumentalis;
1131 4028 1190 4078 et
1214 4022 1359 4078 illud
1385 4021 1600 4078 animal
1634 4023 1946 4094 pretiosius
1975 4041 2083 4096 pu-

432 4122 544 4184 tas,
571 4117 727 4188 quod
751 4112 1172 4180 adulterinum,
1197 4127 1379 4182 quum
1407 4111 1560 4182 quod
1588 4127 1788 4166 verum
1811 4112 1935 4167 est?
1956 4113 2084 4185 Ipse

433 4222 647 4280 genera
670 4203 862 4259 aliena
883 4199 1216 4266 confundis,
1235 4199 1578 4270 diversaque
1598 4199 1813 4256 misces
1835 4201 2080 4270 semina,

432 4298 608 4365 atque
640 4293 712 4348 ad
744 4290 952 4345 vetitos
984 4289 1172 4343 coitus
1203 4286 1548 4359 plerumque
1578 4287 1738 4361 cogis
1769 4286 1998 4354 invitos,
2029 4294 2086 4346 et

430 4383 541 4437 hoc
569 4379 924 4435 industriam
954 4376 1153 4432 vocas!
1190 4376 1307 4432 Hoc
1351 4376 1489 4447 quia
1516 4377 1588 4432 de
1630 4377 1969 4435 hominibus
2000 4380 2083 4434 fa-

431 4484 557 4525 cere
604 4483 719 4522 non
769 4471 954 4538 potes,
990 4471 1054 4520 ut
1092 4466 1304 4521 diversi
1336 4467 1567 4538 generis
1616 4468 1953 4524 commixtio
2003 4469 2083 4524 ie-

2194 3318 2465 3374 humanzs
2503 3321 2661 3374 tactu
2694 3321 2751 3372 et
2780 3315 3158 3373 delinimento
3204 3317 3401 3389 aliquo
3451 3317 3848 3386 delectantur;

2194 3406 2426 3464 etiamsi
2457 3405 2668 3464 servati
2699 3405 2758 3461 in
2787 3405 3026 3462 vivariis
3057 3406 3184 3462 suis
3214 3405 3429 3462 vivant.

2781 3501 2884 3569 84
2923 3507 3150 3586 CAPUT
3187 3507 3255 3569 v.

2193 3602 2374 3658 Pisces
2401 3617 2526 3658 cum
2557 3605 2668 3657 iam
2689 3602 2822 3657 bene
2843 3599 3071 3658 dentati.
3095 3601 3166 3657 Hi
3185 3601 3295 3656 sibi
3323 3602 3556 3657 invicem
3586 3602 3644 3655 in
3670 3616 3848 3656 escam

2263 3673 2488 3736 cedunt;
2516 3673 2655 3746 quod
2683 3674 2980 3728 imitantur
3007 3674 3184 3740 avari,
3209 3673 3306 3744 qui
3337 3671 3642 3728 vehementi
3669 3672 3849 3742 objur-

2263 3747 2482 3816 gatione
2509 3746 2874 3815 castigantur.

2266 3851 2352 3906 12.
2396 3850 2543 3914 Quid
2592 3854 2790 3906 autem
2841 3849 2911 3904 de
2961 3849 3250 3905 densitate
3295 3848 3485 3905 dicam
3536 3849 3854 3906 dentium?

2195 3939 2321 3995 Non
2355 3939 2512 3995 enim
2545 3943 2610 3994 ut
2639 3939 2748 3994 bos
2779 3941 2880 3992 aut
2909 3936 3032 3994 ovis
3062 3954 3131 3994 ex
3159 3955 3280 3994 una
3318 3937 3482 4011 parte
3512 3939 3716 3995 dentes
3745 3937 3851 3994 ha-

2194 4028 2362 4097 bent;
2396 4018 2496 4083 sed
2529 4030 2777 4100 utraque
2822 4039 2958 4098 pars
2997 4031 3224 4082 armata
3254 4030 3340 4083 est
3371 4023 3674 4096 dentibus;
3709 4027 3853 4099 quia

2193 4117 2253 4172 in
2285 4121 2438 4188 aqua
2467 4118 2624 4183 sunt,
2648 4119 2705 4172 et
2734 4114 2785 4171 ei
2817 4114 3041 4171 diutius
3074 4114 3272 4171 cibum
3302 4115 3621 4183 Versarent,
3646 4119 3851 4188 etnon

2194 4205 2306 4261 cito
2337 4204 2825 4272 transmitterent,
2849 4213 3139 4276 aquarum
3165 4199 3455 4259 alluvione
3475 4204 3545 4260 de
3570 4203 3852 4260 dentibus

2193 4309 2397 4350 eorum
2427 4309 2560 4350 esca
2591 4295 2789 4366 posset
2837 4290 3051 4348 auferri
3082 4309 3148 4348 ac
3181 4291 3347 4349 dilui.
3371 4291 3501 4349 Ideo
3550 4291 3765 4349 denSos
3791 4296 3851 4348 et

2193 4386 2395 4439 acutos
2425 4382 2661 4448 habent,
2693 4385 2758 4437 ut
2787 4380 2901 4436 cito
2949 4379 3231 4450 incidant,
3254 4381 3367 4437 cito
3416 4381 3731 4438 conficiant
3761 4381 3847 4437 ci-

2192 4471 2357 4542 bum,
2379 4471 2549 4528 facile
2578 4474 2636 4527 et
2662 4471 2787 4527 sine
2817 4469 3016 4542 aliqua
3061 4483 3229 4526 mora
3259 4471 3315 4525 et
3346 4469 3625 4526 dilatione
3651 4473 3848 4526 trans-

427 4562 557 4614 tum
584 4555 769 4629 possit
797 4553 1119 4622 excludere,
1143 4554 1298 4611 tollis
1321 4554 1545 4611 homini
1578 4557 1732 4628 quod
1765 4561 1938 4613 natus
1963 4562 2069 4628 est,
2103 4564 2150 4629 D
2181 4561 2438 4618 mittant.
2466 4560 2728 4632 Denique
2758 4575 2872 4615 non
2906 4558 3249 4627 ruminant;
3283 4557 3446 4614 solus
3488 4563 3686 4615 tamen
3720 4573 3849 4614 sca-

429 4652 488 4704 et
516 4645 711 4702 virum
736 4645 808 4700 de
835 4643 956 4700 viro
989 4645 1172 4712 exuis,
1198 4645 1578 4716 abscissaque
1608 4646 1866 4718 corporis
1899 4650 2082 4719 parte,

430 4751 635 4796 sexum
667 4750 847 4807 negas
870 4733 1004 4805 (91),
1029 4734 1349 4804 spadonem
1381 4734 1596 4801 efﬁcis;
1627 4738 1694 4789 ut
1725 4735 1882 4805 quod
1916 4752 2087 4809 nega-

427 4825 512 4882 vit
543 4827 753 4880 natura
781 4823 842 4879 in
874 4821 1238 4892 hominibus,
1265 4823 1534 4894 impleret
1567 4823 1831 4880 audacia.

1081 4929 1312 4986 CAPUT
1349 4930 1442 4986 IV.

427 5021 672 5078 Mutuam
701 5037 856 5092 aqua
887 5036 952 5074 ac
976 5021 1214 5092 piscium
1244 5018 1695 5092 necessitudinem
1725 5019 1930 5092 docere,
1954 5037 2084 5092 qua-

501 5037 672 5077 uuam
701 5037 856 5092 aqua
887 5037 952 5074 ac
976 5037 1214 5090 passiam
1244 5037 1695 5074 necessuuainem
1725 5037 1930 5090 accere,
1989 5037 2084 5076 ua-

501 5093 570 5148 lis
588 5096 880 5164 parentum
899 5093 948 5146 et
973 5090 1212 5158 ﬁliorum
1232 5090 1567 5145 necessitudo
1588 5107 1700 5164 esse
1721 5090 1924 5147 debeat.
1948 5037 2084 5161 gua-

498 5161 654 5220 moiio
686 5164 1068 5235 respiratio-nis
1095 5178 1254 5216 usum
1283 5177 1427 5232 aqua
1451 5161 1700 5234 suppleat
1731 5164 1790 5216 in
1817 5163 2080 5234 piscibus.

508 5269 590 5324 10.
616 5271 799 5335 Quam
834 5270 986 5325 bona
1007 5273 1202 5324 autem
1231 5271 1416 5322 mater
1446 5268 1522 5321 sit
1550 5284 1722 5340 aqua,
1747 5267 1922 5323 etiam
1944 5267 2082 5325 hinc

431 5356 757 5412 considera.
783 5359 891 5424 Tu,
926 5375 958 5413 o
989 5359 1187 5426 homo,
1229 5356 1480 5413 docuisti
1531 5356 1929 5414 abdicationes
1979 5374 2080 5430 pa-

501 5481 705 5621 }88832
740 5482 877 5536 Mss.
911 5482 1198 5563 nonnulli,
1226 5491 1285 5564 et
1308 5483 1510 5554 spiritu
1536 5482 1773 5565 adolere.

523 5553 615 5621 90)
706 5569 784 5609 ss.
823 5554 1085 5608 nonnulli
1119 5562 1371 5621 antiquae
1403 5571 1634 5620 manus,
1661 5555 1772 5609 alie

523 5553 615 5622 90)
646 5553 784 5609 Mss.
823 5554 1085 5608 nonnulli
1119 5553 1371 5625 antiquae
1403 5571 1634 5620 manus,
1661 5555 1838 5609 alieni
1863 5558 2080 5625 generis

425 5625 698 5751 sqcium...
751 5641 863 5699 qua
909 5630 1142 5682 coeunte
1184 5627 1532 5682 asinorum...
1583 5641 1800 5695 genere,
1848 5641 2078 5698 magna,

426 5711 458 5751 ο
485 5710 534 5750 c.

426 5710 514 5753 0ῐο
523 5736 534 5748 .

2194 4667 2296 4707 rus
2328 4651 2387 4706 in
2426 4649 2520 4706 his
2569 4648 2868 4705 ruminare
2901 4647 3262 4720 perhibetur,
3296 4651 3360 4702 ut
3389 4646 3586 4702 ferunt
3632 4639 3851 4719 quibus

2194 4744 2296 4795 aut
2323 4743 2589 4806 eventus,
2622 4741 2722 4793 aut
2751 4750 2897 4793 usus
2930 4735 3058 4804 fuit,
3092 4739 3193 4792 aut
3223 4735 3487 4792 studium
3514 4730 3658 4792 talia
3687 4751 3850 4792 com-

2194 4827 2574 4900 prehendere.

2266 4917 2352 4972 13.
2385 4917 2536 4973 Sane
2566 4930 2672 4972 nec
2702 4914 2815 4987 ipsi
2865 4931 2899 4972 a
2945 4913 3070 4970 suis
3122 4913 3394 4990 potentia:
3443 4929 3678 4971 evasere
3722 4913 3846 4970 vio-

2192 5005 2469 5074 lentiam,
2528 5008 2585 5061 et
2642 5003 2896 5061 avaritias
2949 5003 3247 5076 pctiorum
3317 5001 3569 5076 subjecti
3624 5001 3849 5076 ubique

2191 5095 2495 5151 inferiores
2525 5097 2684 5150 sunt.
2708 5093 2830 5158 Quo
2880 5092 3132 5165 quisque
3182 5092 3494 5159 inﬁrmior,
3520 5107 3586 5148 eo
3635 5093 3848 5165 praedae

2192 5182 2380 5256 magis
2418 5185 2595 5254 patet.
2624 5181 2692 5236 Et
2719 5179 2982 5253 plerique
3012 5175 3249 5254 quidem
3294 5180 3492 5237 herbis
3523 5169 3848 5254 pascuntur

2191 5287 2257 5328 ac
2287 5269 2537 5327 minutis
2584 5266 2901 5326 vermibus.
2929 5269 3080 5326 Sunt
3121 5274 3318 5325 tamen
3351 5269 3450 5342 qui
3499 5269 3747 5326 invicem
3780 5283 3845 5326 se

2190 5361 2486 5425 devorent,
2514 5361 2572 5415 et
2601 5375 2710 5414 sua
2738 5375 2911 5415 carne
2940 5362 3277 5432 pascantur.
3302 5359 3492 5416 Minor
3520 5357 3676 5431 apud
3707 5355 3847 5414 illos

2258 5485 2372 5629 $91;
2405 5483 2677 5566 Quinque
2705 5499 2875 5554 mss.,
2905 5499 3099 5541 sexum
3125 5500 3308 5540 necas.
3648 5534 3650 5538 _
3781 5554 3816 5565 ,ξ

2280 5555 2350 5629 92
2411 5556 2732 5628 Branchus,
2794 5555 2988 5612 Graece
3035 5559 3525 5629 Bpamiqt,__pai‘i§8
3580 5555 3722 5629 sunt.
3777 5571 3816 5610 ιι

2280 5555 2371 5632 92)
2411 5555 2732 5628 Branchus,
2794 5555 2988 5612 Graece
3021 5559 3525 5632 priamiquupai‘igs
3580 5555 3722 5632 sunt
3777 5555 3839 5632 in

2227 5625 2448 5701 iecibus
2495 5645 2564 5684 ex
2608 5625 2858 5699 utraque
2907 5625 3077 5701 parte
3119 5625 3352 5699 capillis
3397 5625 3626 5685 folliur‘n’
3676 5627 3842 5682 more

2232 5698 2440 5757 iantes.
