4084 6188
244 306 371 395 θιὲἔδ

1519 291 2080 393 summatm
2106 312 2255 393 1,113.
2301 313 2376 378 v.

3520 328 3656 400 ἥρ

243 390 376 509 esca
394 437 651 524 majoris
659 442 1016 525 estsi-ursus
1033 441 1158 514 ipse
1173 442 1363 525 majpr
1382 443 1712 503 avalidiore
1733 445 1883 504 inva-
1998 446 2200 517 angeli,
2232 451 2284 503 et
2308 448 2653 519 separabunt.
2689 450 2862 523 malos
2913 451 2989 521 de,
3019 453 3195 511 medio
3242 456 3539 529 iustorum,
3591 469 3655 521 et.

244 526 421 595 ditur,
449 520 508 587 et
535 526 606 583 ﬁt
642 520 1062 589 escaalterius
1112 520 1401 604 pradator
1446 532 1640 591 alieni.
1687 534 1891 609 Itaque

244 631 355 670 usu
382 613 561 687 venit,
590 619 656 671 ut
687 633 822 679 cum
851 616 977 690 ipse
1006 618 1191 677 alium
1244 620 1626 692 devoraverit,
1677 624 1747 679 ab
1773 623 1888 679 alio

242 703 571 772 devoretur,
605 707 663 763 et
690 704 752 761 in
779 724 965 764 unum
994 713 1259 765 ventrem
1295 713 1539 783 uterque
1585 710 1892 767 conveniat

242 809 377 848 cum
406 798 673 850 voratore
720 796 957 868 proprio
1005 796 1340 867 devoratus,
1383 799 1578 871 sitque
1624 799 1803 857 simul
1828 800 1888 856 in

239 897 359 955 uno
408 880 633 945 viscere
683 884 901 954 praedae.
944 884 1337 963 vindictaeque
1389 889 1771 947 consortium.
1821 890 1891 945 Et

238 968 391 1045 ipsis
439 974 645 1043 sponte
690 971 835 1029 forte
883 972 1004 1035 haec
1052 972 1301 1033 accrevit
1345 976 1581 1049 injuria,
1631 978 1785 1035 sicut
1828 979 1899 1036 in.

239 1056 416 1116 nobis
442 1075 557 1116 non
589 1076 659 1119 ex
702 1065 917 1123 natura
963 1064 1156 1137 coepit,
1216 1066 1314 1121 sed
1364 1081 1435 1123 ex
1484 1068 1744 1125 avaritia.
1776 1071 1892 1125 Aut

238 1144 386 1220 quia
413 1147 483 1202 ad
510 1164 688 1204 usum
719 1149 1030 1208 hominum
1054 1151 1181 1209 dati
1212 1158 1372 1221 sunt,
1392 1155 1452 1210 in
1472 1156 1711 1229 signum
1744 1176 1889 1231 quo-

235 1252 352 1311 que
381 1234 516 1291 facti
540 1241 700 1306 sunt,
734 1242 799 1293 ut
836 1239 897 1294 in
947 1239 1041 1296 his
1090 1245 1425 1301 nostrorum
1470 1260 1703 1309 morum
1749 1248 1891 1305 vitia

232 1320 594 1395 videremus,
628 1334 682 1380 et
711 1342 1049 1385 caveremus
1081 1330 1382 1409 exempla;
1416 1348 1497 1393 ne.
1536 1335 1670 1408 quis
1699 1337 1891 1408 potior

231 1408 577 1471 inferiorem
628 1413 930 1474 invaderet
995 1418 1239 1475 daturus
1313 1408 1375 1475 in
1448 1438 1510 1483 se
1578 1425 1887 1496 potentiori

230 1499 575 1575 exemplum
604 1503 852 1575 injuriae.
889 1507 1086 1583 Itaque
1120 1508 1221 1580 qui
1270 1507 1520 1568 alterum
1566 1511 1747 1582 laedit,
1772 1514 1888 1573 sibi

227 1584 515 1662 laqueum
546 1596 737 1665 parat,
770 1593 830 1649 in
861 1610 1035 1667 quem
1067 1595 1195 1669 ipse
1223 1597 1463 1657 incidat.

298 1677 499 1765 iL‘Et
528 1684 592 1736 tu
623 1674 803 1752 piscis
844 1697 929 1749 es,
974 1683 1077 1765 qui
1125 1684 1349 1743 viscera
1397 1686 1623 1749 invadis
1673 1690 1883 1764 aliena,

1997 537 2213 589 mittent
2243 551 2328 591 eos
2370 538 2432 592 in
2475 540 2757 601 caminum.
2816 542 2963 610 ignis
2994 543 3200 614 (Matth.
3241 563 3363 613 xm,
3421 549 3640 624 47-50).

1997 626 2143 678 Sunt
2172 640 2307 696 ergo
2329 624 2465 680 boni
2500 631 2555 681 et
2581 627 2719 682 mali
2751 627 2979 700 pisces;
3013 632 3149 688 boni
3206 641 3512 694 servantur
3568 640 3661 697 adi

1998 711 2273 782 pretium,
2299 712 2437 769 mali
2460 715 2661 771 statim
2692 717 3149 779 ardent.Bonum
3183 722 3649 794 piscemineoreo

1998 798 2524 871 tiainvolvunt,sed
2574 808 2826 873 elevant;
2887 824 2991 863 nec
3047 809 3261 868 hamus
3318 813 3642 879 internecet

1998 895 2172 962 atque
2206 890 2603 959 interficit,sed
2634 894 2866 964 pretiosi
2898 895 3153 953 vulneris
3183 902 3483 970 perfundit
3511 923 3661 968 san-.

1997 977 2193 1049 guine,
2227 978 2288 1035 in
2317 980 2489 1050 cujus
2533 980 2651 1035 oris
2682 984 3048 1041 confessione
3105 986 3329 1045 bonum
3385 994 3639 1064 pretium

1996 1065 2304 1137 reperitur,
2356 1083 2471 1139 quo
2528 1068 2813 1125 tributum
2868 1072 3255 1143 apostolicum
3311 1082 3370 1134 et
3426 1096 3641 1143 census

1994 1153 2204 1211 Christi
2238 1156 2423 1227 possit
2453 1156 2687 1212 exsolvi.
2721 1158 2812 1217 Sic
2841 1161 2998 1215 enim
3036 1163 3321 1236 scriptum
3378 1172 3486 1237 est,
3547 1173 3647 1233 die

1997 1246 2160 1300 cente
2190 1244 2465 1300 Domino:
2497 1246 2661 1315 Reges
2692 1255 2849 1303 terrae
2878 1266 2912 1304 a
2941 1252 3135 1321 quibus
3162 1256 3440 1327 accipiunt
3463 1260 3653 1327 tribu:

1997 1340 2112 1387 tum
2139 1333 2222 1388 vel
2249 1348 2470 1389 censum
2498 1337 2523 1387 .9
2550 1336 2589 1389 Α
2621 1336 2759 1405 ﬁliis
2786 1340 2921 1401 suis,
2956 1355 3029 1392 an
3058 1340 3126 1394 ab
3155 1342 3403 1400 alienis?
3428 1348 3495 1403 Et
3550 1366 3655 1416 re-_

1996 1420 2287 1493 spondente
2312 1423 2493 1490 Petro,
2526 1424 2602 1479 Ab
2658 1425 2875 1493 alienis,
2910 1428 2990 1481 ait
3018 1429 3284 1487 Dominus
3305 1435 3334 1487 ?
3386 1436 3520 1493 Vade
3569 1440 3661 1503 ad.

1998 1525 2169 1577 mare,
2201 1518 2251 1565 et
2279 1512 2436 1568 mitte
2464 1510 2710 1580 hamum,
2743 1522 2794 1568 et
2848 1531 2974 1569 eum
3026 1519 3233 1586 piscem
3275 1524 3374 1593 qui
3422 1528 3659 1595 primus.

1995 1597 2474 1666 ascenderit,tolle,
2505 1608 2556 1655 et
2578 1612 2767 1672 aperto
2804 1618 2896 1658 ore
2942 1605 3058 1676 ejus
3112 1607 3355 1665 invenies
3406 1613 3492 1669 ibi
3534 1626 3643 1679 sta»

1997 1694 2202 1754 terem;
2235 1687 2397 1744 illum
2424 1705 2643 1745 sumens
2670 1690 2828 1747 dabis
2857 1694 2936 1747 eis
2960 1709 3063 1764 pro
3089 1711 3179 1752 me
3223 1705 3275 1753 et
3327 1706 3379 1756 te
3429 1702 3638 1774 (Matth.

226 1766 327 1841 qui
363 1760 662 1842 demergis
689 1760 1146 1844 infirmumpqui
1176 1774 1476 1832 cedentem
1518 1760 1886 1875 persequeris
1917 1791 2132 1875 Bm}:
2152 1776 2363 1875 2ft_-2§):

225 1872 439 1937 usque,
454 1856 517 1913 in
538 1857 905 1943 profundum
938 1859 1071 1932 (93).
1104 1862 1251 1919 Cave
1282 1880 1352 1919 ne
1383 1864 1522 1921 dum
1556 1865 1724 1924 illum
1754 1886 1885 1943 per-

223 1934 786 2018 sequ,eris,‘incidas
815 1945 939 2020 ipse
964 1948 1025 2004 in
1054 1948 1420 2020 validiorem,
1467 1958 1525 2009 et
1552 1934 1803 2039 deducat
1829 1962 1888 2016 te

224 2032 282 2086 in
316 2030 552 2090 alienas
584 2033 851 2102 insidias,
884 2036 985 2108 qui
1017 2041 1149 2096 tuas
1191 2040 1359 2109 vitat,
1409 2030 1893 2121 priusque'tuam,

225 2126 460 2196 spectet
505 2138 850 2195 aerumnam,
901 2125 1004 2197 qui
1046 2130 1103 2184 te
1152 2134 1539 2201 persequente
1584 2135 1886 2206 propriam

224 2209 677 2277 reformidabat.
713 2212 821 2283 Qui
851 2212 1095 2271 interest
1122 2215 1275 2273 inter
1320 2218 1558 2277 divitem
1605 2221 1886 2297 improbis

222 2298 580 2385 cupiditatis
613 2299 869 2385 ingluvie
889 2303 1304 2367 absorbentem
1323 2306 1693 2369 infirmorum
1715 2313 1888 2385 patri-

224 2387 455 2456 monia,
486 2382 547 2444 et
571 2382 821 2446 silurum
852 2391 924 2447 de
954 2391 1250 2450 minorum
1281 2395 1535 2467 piscium
1563 2382 1907 2460 visceribus,

222 2475 430 2532 alvum
462 2476 801 2549 repletum?
828 2477 1148 2559 Defunctus
1195 2487 1284 2539 est
1329 2484 1512 2553 dives,
1555 2492 1614 2543 et
1659 2490 1805 2551 nihil
1832 2492 1887 2548 ei

221 2581 335 2620 sua
368 2562 569 2636 spolia
596 2565 959 2637 profuerunt,
992 2562 1111 2625 imo
1140 2569 1331 2643 magis
1361 2588 1495 2629 eum
1545 2574 1883 2653 rapinarum

222 2654 481 2724 suarum
513 2653 1010 2713 detestabiliorem
1055 2657 1189 2717 fecit
1234 2659 1497 2717 infamia.
1548 2663 1766 2737 Captus
1795 2671 1886 2724 est

218 2739 476 2809 silurus,
510 2745 568 2798 et
598 2740 823 2799 inutilis
853 2743 1051 2815 praeda
1078 2747 1306 2805 detecta
1335 2752 1441 2806 est.
1483 2750 1696 2815 Quanti
1726 2754 1786 2810 in
1816 2772 1882 2814 eo

220 2829 628 2904 reperiuntur,
670 2831 772 2903 qui
820 2831 965 2890 alios
1009 2833 1465 2894 devoraverant?
1493 2841 1562 2895 Et
1608 2846 1671 2897 tu
1722 2844 1911 2901 dives.

218 2919 415 3002 habes
447 2918 510 2975 in
541 2919 675 2977 sinu
700 2928 795 2977 tuo
818 2920 1060 2979 alterius
1080 2925 1485 2996 praedatorem.
1507 2928 1611 2986 Ille
1633 2931 1884 3010 habebat
1908 2986 1911 3007 λ

219 3007 543 3077 facultates
569 3009 845 3081 pauperis
877 3027 1026 3095 quas
1057 3012 1387 3087 invaserat:
1421 3022 1485 3072 tu
1523 3034 1659 3077 eum
1685 3007 1879 3095 Oppri-
1906 3088 1909 3095 η

218 3112 394 3152 mens
417 3096 537 3167 duo
565 3097 920 3170 patrimonia
942 3094 1062 3157 tuis
1095 3100 1469 3169 facultatibus
1498 3107 1801 3177 addidisti,
1824 3114 1881 3167 et

219 3272 377 3329 alios
400 3270 808 3345 vindicaveris,
842 3294 974 3333 cum
1022 3279 1223 3343 eadem
1269 3284 1603 3342 committas
1632 3270 1759 3359 quis
1792 3290 1881 3347 ul-

222 3362 494 3437 cisceris,
551 3362 772 3434 injusto
832 3364 1125 3437 injustior,
1153 3372 1211 3424 et
1261 3369 1464 3444 iniquo
1492 3373 1766 3447 iniquior,
1823 3384 1905 3441 et.

223 3466 405 3506 avaro
437 3451 688 3508 avarior.
721 3451 867 3510 Vide
899 3471 969 3510 ne
1001 3454 1167 3525 idem,
1188 3458 1361 3531 tequi
1381 3460 1604 3532 piscem
1626 3463 1795 3523 illum
1820 3469 1883 3524 fl-

222 3539 318 3595 nis
353 3538 619 3599 inveniat
648 3558 662 3596 :
695 3540 940 3598 hamum
973 3560 1129 3611 cave,
1162 3562 1296 3625 cave
1325 3549 1493 3605 retia.
1526 3551 1635 3608 Sed
1665 3570 1880 3627 praesu-

220 3628 342 3683 mis
381 3628 451 3684 de
484 3629 763 3701 potentia,
799 3633 954 3703 quod
988 3649 1159 3690 nemo
1197 3635 1304 3691 tibi
1352 3626 1541 3709 possit
1571 3641 1877 3703 resistere:

214 3716 316 3791 85
355 3719 751 3789 prasumebat
781 3724 837 3775 et
866 3719 1087 3777 silurus
1117 3724 1271 3795 quod
1298 3742 1511 3799 (amum
1564 3746 1734 3789 nemo
1766 3734 1879 3790 sibi

206 3804 467 3887 jaceret,
501 3823 670 3863 nemo
699 3809 843 3864 retia
874 3810 1158 3878 tenderet,
1188 3815 1265 3879 et,
1298 3814 1347 3869 si
1392 3814 1715 3889 incidisset,
1747 3822 1877 3878 uni-

210 3882 395 3949 versa
422 3892 822 3968 dirumperet;
853 3902 910 3953 et
955 3901 1153 3955 tamen
1196 3899 1486 3960 fuscinam
1526 3922 1643 3962 non
1673 3908 1876 3979 evasit,

213 3987 318 4037 aut
354 3998 543 4039 nexus
571 3984 788 4041 vinculi
820 3982 1121 4043 validioris
1150 3986 1423 4065 incurrit,
1445 3992 1661 4065 quibus
1681 4012 1876 4056 senon

213 4074 429 4143 posset
455 4088 682 4174 exuere.
720 4072 1082 4175 Sine.dubio
1130 4082 1187 4134 et
1233 4077 1545 4175 hominum
1570 4084 1876 4163 iniquitas
1910 4144 1915 4163 λ
1984 4099 2177 4172 posui.
2211 4100 2588 4173 Evangelium
2615 4068 2729 4171 est:
2756 4068 2813 4157 in
2846 4068 3628 4175 qéo'siiESs—asissilssi:

215 4176 336 4232 quo
370 4161 644 4233 graviora
672 4158 1053 4233 commiserit,
1087 4183 1154 4224 eo
1175 4168 1363 4242 magis
1383 4172 1599 4230 scelere
1620 4190 1729 4251 suo
1750 4158 1878 4234 tuta

212 4264 349 4304 esse
376 4265 494 4304 non
513 4251 758 4322 poterit;
792 4252 935 4324 quin
956 4252 1272 4326 aliquando
1293 4258 1573 4335 dissolvat
1593 4264 1747 4335 quod
1770 4282 1874 4337 pro

214 4335 518 4393 scelerum
547 4340 733 4412 pretio
763 4346 995 4398 constat
1024 4343 1261 4403 difﬁcile
1294 4363 1474 4418 posse
1502 4349 1694 4411 vitari.

866 4448 1096 4507 CAPUT
1133 4451 1240 4514 VI.

2069 1865 2156 1919 16.
2189 1864 2315 1921 Noli
2348 1865 2549 1938 igitur,
2583 1885 2615 1923 ο
2649 1868 2797 1925 bone
2830 1869 3028 1940 piscis,
3063 1871 3215 1929 Petri
3264 1874 3509 1936 hamum
3564 1881 3663 1941 ti-.

1997 1968 2191 2010 mere:
2226 1969 2343 2009 non
2371 1955 2600 2023 cecidit,
2633 1958 2734 2013 sed
2768 1964 3088 2016 consecrat.
3134 1962 3265 2018 Noli
3323 1967 3495 2038 quasi
3550 1971 3642 2028 vi-

1995 2041 2109 2098 lem
2142 2046 2197 2098 te
2226 2046 2619 2109 contemnere.
2648 2045 2785 2116 quia
2814 2048 2975 2103 vides
3023 2066 3235 2123 corpus
3291 2053 3637 2119 inﬁrmum:

1995 2129 2177 2189 habes
2198 2130 2257 2186 in
2289 2148 2386 2188 ore
2414 2137 2513 2189 tuo
2545 2136 2698 2205 quod
2732 2139 2788 2190 et
2819 2154 2921 2207 pro
2954 2136 3120 2195 Petro
3142 2145 3199 2197 et
3247 2159 3351 2214 pro
3408 2146 3661 2207 Christe.

1994 2220 2220 2277 offeras.
2251 2219 2380 2276 Noli
2409 2220 2613 2278 timere
2645 2223 2794 2279 Petri
2848 2226 3011 2294 retia,
3070 2228 3165 2284 cui
3219 2230 3361 2290 dicit
3414 2235 3635 2296 Jesus:

1998 2308 2107 2364 Duc
2129 2311 2189 2364 in
2218 2312 2412 2378 altum,
2436 2321 2487 2366 et
2519 2312 2706 2368 laxato
2736 2315 2876 2370 retia
2901 2315 3051 2386 (Luc.
3083 2333 3137 2373 ν.
3164 2319 3238 2390 4).
3299 2321 3423 2380 Non
3479 2326 3663 2393 enim,

1997 2396 2055 2451 in
2087 2396 2388 2467 sinistram
2418 2403 2642 2471 partem
2674 2400 2873 2469 mittit,
2909 2404 3009 2459 sed
3040 2403 3100 2461 in
3132 2406 3450 2479 dexteram,
3483 2415 3663 2481 sicut;

1988 2485 2195 2555 jussus
2224 2502 2259 2541 a
2289 2486 2516 2542 Christo
2542 2493 2652 2545 est.
2684 2489 2811 2544 Noli
2842 2490 3048 2547 timere
3081 2494 3278 2552 sinum
3309 2499 3461 2569 ejus,
3492 2505 3637 2575 quia

1994 2573 2215 2631 dictum
2248 2579 2339 2630 est
2365 2574 2451 2631 ei:
2484 2580 2577 2631 Ex
2603 2576 2701 2633 hoc
2741 2580 2850 2633 eris
2887 2579 3133 2637 homines
3186 2585 3471 2655 viviﬁcans
3510 2573 3668 2665 (95);

1993 2662 2153 2735 (Ibid,
2188 2663 2286 2735 I0).
2319 2664 2453 2720 Ideo
2485 2664 2648 2721 misit
2693 2668 2857 2736 retia,
2909 2672 2966 2723 et
3008 2671 3349 2744 complexus
3394 2681 3485 2734 est
3512 2662 3635 2737 Sta;-

1993 2751 2281 2823 pbanum,
2313 2752 2414 2824 qui
2446 2752 2517 2808 de
2547 2753 2859 2827 Evangelio
2881 2756 3107 2827 primus
3124 2763 3390 2819 ascendit
3411 2764 3661 2826 habens.

1992 2839 2052 2895 in
2076 2856 2172 2895 ore
2194 2856 2300 2897 suo
2321 2845 2592 2897 staterem
2607 2842 2871 2913 justitiae.
2896 2843 3060 2900 Unde
3085 2849 3451 2911 confessione
3470 2871 3638 2914 cons-

1988 2928 2135 2984 tanti
2188 2928 2460 2984 clamavit
2524 2930 2763 2988 dicens:
2836 2937 2971 2989 Ecce
3040 2935 3191 2992 video
3257 2941 3417 2998 cazlos
3470 2960 3661 3017 aper»

1988 3022 2090 3085 tos,
2138 3026 2190 3072 et
2241 3018 2450 3074 Filium
2498 3018 2741 3077 hominis
2776 3025 3013 3078 stantem
3059 3024 3130 3080 ad
3179 3026 3461 3088 dexteram
3506 3038 3668 3095 Dei..

1989 3105 2124 3177 (Act.
2154 3122 2257 3173 vn,
2282 3107 2396 3179 55).
2420 3108 2530 3163 Pro
2559 3107 2671 3165 hoc
2699 3109 2858 3182 pisce
2886 3112 3081 3169 stabat
3112 3114 3398 3176 Dominus
3415 3121 3630 3195 Jesus;

1786 3170 1797 3177 .
1996 3170 2005 3177 .
2245 3170 2253 3173 τ
2358 3170 2368 3179 ,
2699 3170 2718 3182 .
3200 3170 3630 3195 κάκῇ----πη

218 3184 425 3257 adhuc
453 3189 617 3241 tanto
650 3203 766 3242 non
797 3187 1032 3246 satiaris
1078 3197 1426 3265 augmento;
1459 3198 1516 3251 et
1543 3196 1690 3253 dicis
1721 3199 1877 3272 quod
1910 3170 2206 3253 C"sciebat
2236 3196 2394 3251 enim
2425 3212 2555 3253 esse
2580 3197 2640 3252 in
2672 3214 2770 3253 ore
2801 3199 2929 3270 ejus
2956 3202 3210 3271 pretium
3265 3208 3357 3263 sui
3399 3226 3632 3270 census.

1989 3282 2251 3355 Denique
2279 3283 2532 3358 glorioso
2559 3287 2838 3358 martyrio
2868 3291 2924 3343 et
2944 3290 3096 3345 Petri
3122 3292 3437 3365 judicium,
3457 3305 3634 3371 atque
3660 3342 3667 3361 ι

1989 3372 2336 3443 doctrinam,
2376 3378 2435 3429 et
2493 3373 2707 3430 Christi
2753 3376 3000 3448 gratiam
3060 3376 3321 3453 locuples
3378 3393 3664 3447 assertor.

1990 3460 2272 3532 implevit.
3550 3476 3553 3479 ‘

2608 3550 2841 3608 CAPUT
2877 3552 2996 3609 νυ.

1989 3642 2098 3720 Per
2122 3639 2671 3725 maregvangelium
2700 3641 3073 3725 et'bf‘cclesiam
3122 3648 3355 3725 signari,
3380 3656 3460 3725 Aet
3500 3655 3664 3725 quid.

2034 3709 2127 3793 ‘in
2138 3710 2288 3793 mari
2311 3710 2408 3764 hoc
2447 3714 2709 3793 praestare
2731 3710 2940 3793 debeat
2960 3715 3123 3793 homo
3140 3709 3630 3793 piscis.'Conjuges

2057 3780 2127 3834 ad
2158 3783 2403 3866 mutuam
2431 3796 2649 3866 morum
2674 3780 3049 3866 tolerantiam,
3072 3780 3421 3866 charitatem,
3444 3780 3626 3866 ﬁniit“,

2056 3852 2302 3938 exemplo
2330 3853 2537 3923 vipera
2564 3853 2944 3938 impelluntur.
2981 3852 3101 3912 Cur
3132 3860 3275 3916 idem
3317 3852 3628 3938 exenipluni
3654 3866 3663 3899 ῖ

2056 3924 2114 3978 in
2145 3931 2433 3995 utramque
2456 3927 2671 3996 partem
2691 3930 3039 3997 usurpatum.

2057 4011 2149 4068 17.
2192 4011 2303 4068 Nec
2327 4016 2387 4067 te
2441 4015 2668 4068 moveat
2695 4013 2853 4084 quod
2902 4031 3005 4085 pro
3054 4018 3200 4074 mari
3248 4021 3626 4096 Evangelium

1984 4187 2152 4247 lavit:
2186 4189 2562 4262 Evangelium
2590 4195 2702 4260 est,
2734 4191 2792 4247 in
2828 4208 2965 4263 quo,
2995 4193 3131 4252 licet
3159 4198 3497 4258 titubaverit
3522 4205 3626 4262 Pe-

1981 4280 2110 4335 trus
2140 4279 2374 4350 quando
2424 4279 2657 4351 negavit
2709 4279 2842 4352 (95),
2893 4286 3113 4349 tamen,
3172 4302 3275 4359 per
3325 4289 3661 4353 dexteram-

1981 4363 2194 4423 Christi
2227 4366 2364 4423 ﬁdei
2393 4366 2851 4438 munimentum,
2904 4371 3174 4430 stationis
3223 4375 3443 4436 invenit
3490 4398 3626 4455 gra-

1981 4452 2152 4511 tiam:
2187 4454 2560 4528 Evangelium
2607 4460 2715 4524 est,
2767 4457 2840 4512 de
2888 4474 3003 4530 quo
3053 4467 3274 4536 martyr
3320 4452 3626 4529 ascendit:

564 4552 679 4633 esse
723 4540 985 4623 paeanis
1014 4541 1107 4633 sed
1158 4544 1370 4614 piscem
1426 4546 1603 4633 alium
1632 4546 1875 4633 'bonum,
1903 4540 2358 4633 Dﬁvangelium
2390 4546 2480 4599 est
2508 4560 2688 4612 mare,
2721 4545 2780 4600 in
2827 4563 2943 4618 quo
2998 4549 3302 4621 piscantur
3351 4560 3624 4633 apostoli,
3669 4582 3676 4590 ·

282 4604 476 4690 alium
500 4604 900 4696 malum'inven
1008 4630 1037 4696 ;¹
1056 4604 1256 4670 bonum
1281 4631 1407 4671 vero
1444 4618 1598 4675 Petri
1624 4604 1874 4696 hamum;
1904 4604 1909 4683 ί

283 4691 352 4733 ac
374 4676 564 4741 sinum
592 4681 785 4736 timere
810 4697 920 4738 non
949 4676 1159 4741 debere.

280 4800 378 4855 45.
415 4800 600 4859 Piscis
630 4818 767 4877 ergo
792 4822 875 4875 es,
909 4822 942 4862 ο
966 4805 1162 4871 homo.
1193 4810 1357 4867 Audi.
1376 4810 1515 4883 quia
1562 4812 1743 4885 piscis
1771 4831 1868 4872 es:

210 4887 413 4955 Simile
441 4893 518 4944 est
543 4907 780 4966 regnum
802 4886 1200 4953 caelorum'reti
1223 4900 1387 4955 misso
1415 4901 1474 4955 in
1523 4918 1700 4972 mare,
1731 4903 1873 4974 quod

209 4992 284 5031 ex
327 4977 488 5037 omni
537 4997 733 5053 genere
781 4985 1022 5055 piscium
1077 4990 1447 5058 congregavit.
1510 4990 1644 5048 Cum
1685 4996 1871 5050 autem

210 5074 355 5121 esset
379 5067 690 5140 impletum,
739 5071 1015 5129 dumerunt
1061 5073 1119 5129 id
1175 5075 1245 5133 ad
1297 5077 1473 5143 littus,
1532 5084 1587 5135 et
1629 5081 1870 5139 sedentes

211 5153 509 5224 elegerunt
533 5160 762 5230 optimos
808 5163 869 5216 in
916 5164 1061 5220 vasis
1094 5167 1242 5236 suis,
1293 5167 1466 5227 malos
1499 5176 1685 5225 autem
1715 5173 1869 5242 [oras

213 5243 510 5300 miser-mu.
540 5245 633 5304 Sic
662 5250 781 5317 erit,
797 5251 858 5309 in
886 5255 1358 5317 consummatione
1385 5257 1597 5317 saeculi.
1624 5258 1869 5315 Exibunt

284 5384 404 5456 (93)
437 5384 643 5471 Carm,
664 5394 761 5471 qui
787 5392 1065 5459 cedentem
1093 5398 1461 5467 persequeris,
1516 5399 1724 5459 incides
1752 5401 1868 5471 ipse

210 5470 399 5534 usque
424 5459 488 5534 in
500 5459 866 5534 profundum.

317 5472 389 5521 1.46
424 5474 486 5514 ιη
548 5471 866 5534 refundunt.

277 5471 409 5610 ἶφι)
664 5532 917 5607 quatuor
970 5535 1188 5597 inﬁmae
1231 5543 1404 5610 notia,
1454 5542 1564 5599 eris
1619 5541 1864 5602 homines

211 5612 518 5746 cum
547 5690 694 5739 mss.
721 5693 789 5739 ac
817 5676 957 5754 edit,
985 5680 1116 5742 Am.
1148 5683 1207 5744 et
1233 5679 1355 5744 Pet.
1381 5700 1395 5758 ;
1418 5681 1549 5746 Era.
1571 5700 1706 5751 vero
1727 5672 1861 5751 cum

1982 4631 2043 4687 in
2073 4648 2189 4703 quo
2221 4632 2476 4689 mittitur
2502 4636 2641 4700 rete,
2675 4636 2832 4706 quod
2872 4637 3064 4695 simile
3115 4646 3204 4698 est
3250 4660 3429 4718 regno
3458 4631 3624 4706 caelo;-

1982 4736 2153 4777 rum:
2184 4719 2564 4793 Evangelium
2600 4727 2689 4779 est
2724 4741 2904 4793 mare,
2938 4726 2997 4782 in
3049 4746 3165 4802 quo
3210 4732 3426 4791 Christi
3472 4737 3622 4809 ﬁgu-

1982 4813 2189 4865 rantur
2216 4809 2532 4882 mysteria:
2592 4812 2970 4884 Evangelium
3022 4823 3112 4873 est
3158 4836 3337 4889 mare,
3390 4824 3447 4878 in
3506 4840 3635 4896 quo.

1978 4897 2257 4954 Hebraeus
2283 4899 2489 4966 evasit,
2521 4899 2823 4973 Egyptius
2852 4902 3269 4979 interremptus
3287 4913 3410 4965 est:
3442 4910 3623 4970 Evan-

1979 4985 2197 5057 gelium
2230 4990 2317 5043 est
2348 5004 2530 5056 mare,
2564 4990 2704 5061 quia
2734 5008 2950 5064 sponsa
2985 4994 3198 5050 Christi
3230 4996 3484 5056 Ecclesia
3504 5004 3619 5072 est,
3662 5038 3667 5043 ι

1978 5078 2036 5129 et
2066 5074 2279 5131 divinis
2301 5076 2500 5148 gratiae
2533 5076 2857 5149 plenitudo,
2888 5097 3020 5152 qua:
3052 5098 3230 5153 supra
3268 5086 3456 5143 maria
3485 5087 3627 5145 fune

1978 5163 2113 5219 data
2160 5168 2269 5234 est,
2323 5166 2476 5222 sicut
2515 5166 2660 5223 dixit
2698 5169 3017 5242 propheta:
3066 5171 3186 5242 Ipse
3229 5188 3394 5246 super
3435 5182 3619 5238 maria

1973 5251 2228 5323 fundavit
2255 5270 2378 5311 eam
2416 5255 2586 5327 (Psal.
2640 5273 2796 5324 xxm,
2844 5257 2920 5329 2).
2977 5257 3154 5313 Exsili
3202 5277 3381 5334 super
3403 5269 3617 5341 undas,

1975 5396 2378 5472 sequentibus,
2404 5398 2467 5452 in
2486 5414 2589 5472 quo
2619 5399 2744 5453 licet
2789 5399 3112 5472 titubaverit
3139 5403 3355 5472 Petrus,
3394 5425 3507 5466 non
3534 5419 3616 5469 ta-
3670 5436 3671 5439 η

1971 5483 2099 5524 men
2123 5470 2365 5551 negavit,
2394 5468 2633 5551 quando,
2663 5473 2777 5551 etc.
2810 5469 3030 5551 ibidem
3050 5489 3192 5531 mss.
3216 5468 3625 5551 aliquot..w,

1971 5541 2671 5624 m‘unimnentumnstalionnes
2720 5541 2962 5624 invenit;
3000 5541 3472 5624 .ῃοηηυ11ἱ,)ῑιίε,·
3499 5560 3613 5614 veg,

1972 5610 2301 5697 editmﬁdei
2312 5609 2574 5697 etiam“
2590 5610 2731 5683 ﬁdae.
2744 5614 3151 5693 manentia
3186 5609 3615 5697 staiienisTinveQ

1970 5681 2657 5761 WeEﬂanulimac.«.
2746 5692 2749 5693 ⁷
3670 5730 3675 5737 .
