4084 6188
424 327 559 391 227-

1877 323 1943 382 S.
1986 314 2365 385 AMBROSII

3705 294 3829 385 223'

426 479 459 516 o
491 461 688 527 homo,
719 457 859 530 quia
887 455 1066 531 piscis
1095 472 1190 515 es:
1224 473 1342 512 non
1384 459 1442 512 te
1488 454 1825 528 opprimant
1871 453 2067 511 saeculi
2095 458 2151 521 Α
2180 456 2277 511 liis
2308 456 2559 529 repellis.
2594 455 2806 528 Vipera
2832 472 2991 513 mare
3028 459 3380 530 prcepectat,
3426 455 3686 529 explorat
3711 455 3829 513 iter

426 549 597 605 istius
622 549 863 604 ﬂuctus:
899 546 948 603 si
977 551 1294 619 tempestas
1325 549 1436 613 est,
1471 547 1600 618 pete
1631 544 1817 611 altum
1848 548 1904 600 et
1932 560 2066 616 pro-

426 637 676 693 fundum
703 654 716 691 :
750 636 797 691 si
820 636 1123 702 serenitas,
1148 634 1283 690 lude
1304 634 1363 689 in
1388 633 1664 689 ﬂuctibus
1688 650 1702 689 :
1728 634 1775 688 si
1795 632 2066 705 procella,

426 743 560 783 cave
591 743 624 782 a
651 725 959 799 scopuloso
988 724 1214 788 littore;
1249 741 1319 779 ne
1339 727 1394 778 te
1416 723 1473 777 in
1499 740 1704 795 rupem
1726 723 1927 778 furens
1959 738 2068 777 acs-

423 819 522 871 tus
552 814 759 871 illidat.
790 813 1083 884 Scriptum
1132 818 1222 867 est
1267 812 1456 868 enim:
1492 813 1668 867 Estote
1722 813 1894 867 astuti
1928 813 2070 866 sicut

423 908 697 978 serpentes
724 901 931 975 (Matth.
965 918 1020 971 x,
1062 900 1174 972 l6).

496 995 583 1049 18.
612 995 681 1048 Et
725 992 863 1063 quia
905 990 975 1045 de
1024 990 1397 1061 serpentibus
1440 991 1653 1047 astutis
1700 990 2068 1062 propositum

424 1081 753 1154 exemplum
785 1082 892 1145 est,
928 1078 1116 1133 simus
1148 1079 1329 1134 astuti
1361 1079 1513 1135 circa
1534 1079 1847 1151 quaerenda
1876 1082 1935 1133 et
1955 1094 2069 1134 ser-

422 1171 613 1227 vanda
644 1167 939 1241 conjugia,
973 1167 1290 1240 diligamus
1322 1166 1542 1223 tributa
1564 1167 1732 1222 nobis
1753 1165 2065 1222 consortia.

421 1262 491 1316 Et
518 1260 567 1314 si
598 1259 637 1313 ii
665 1259 765 1330 qui
808 1256 1147 1329 longinquis
1187 1256 1416 1312 fuerant
1462 1261 1625 1312 ortus
1668 1256 1759 1312 sui
1808 1260 2067 1327 tempore

420 1347 759 1422 regionibus
789 1347 1043 1418 separati
1076 1346 1226 1400 inter
1256 1362 1318 1400 se
1358 1345 1755 1413 convenerint,
1801 1349 1860 1400 ct
1901 1344 1950 1398 si
1982 1343 2069 1398 vir

420 1438 492 1494 ad
524 1436 831 1510 peregrina
860 1434 1243 1501 contenderit,
1266 1432 1429 1489 nulla
1448 1433 1869 1507 longinquitas,
1903 1430 2067 1487 nulla

420 1525 685 1583 absentia
712 1522 1120 1595 complacitam
1167 1522 1396 1577 minuat
1437 1522 1800 1577 cbaritatem.
1848 1521 2064 1576 Eadem

416 1615 511 1671 lex
539 1617 851 1685 praesentes
881 1612 1268 1683 absentesque
1299 1611 1624 1666 connectit:
1659 1611 1813 1666 idem
1843 1616 2063 1664 natura

418 1703 717 1759 vinculum
744 1702 896 1756 inter
925 1700 1211 1755 distantes
1241 1703 1298 1755 et
1327 1699 1715 1755 consistentes
1737 1697 2065 1771 conjugalis

420 1791 722 1849 cbaritatis
777 1790 916 1860 jura
956 1788 1337 1844 constrinxit:
1391 1789 1593 1843 eodem
1633 1788 1781 1860 jugo
1823 1786 2063 1842 benedi-

419 1882 633 1937 ctionis
661 1878 968 1949 utriusque
1009 1876 1159 1933 colla
1211 1876 1529 1942 sociantur,
1576 1876 1754 1932 etiam
1814 1875 1863 1931 si
1920 1874 2065 1933 alter

420 1971 590 2027 obeat
618 1972 1022 2039 separatarum
1054 1966 1358 2037 regionum
1391 1964 1566 2037 longa
1616 1963 1891 2032 divortia;
1926 1963 2066 2035 quia

418 2075 533 2115 non
564 2055 824 2128 corporis
867 2054 1106 2121 cervice,
1152 2053 1257 2109 sed
1304 2052 1540 2118 mentis,
1604 2054 1806 2125 jugum
1865 2051 2062 2125 gratia:

415 2150 774 2220 receperunt.
804 2143 1016 2223 Vipera
1047 2141 1475 2214 nequissimum
1509 2158 1695 2214 genus
1736 2141 1954 2207 bestiae,
2005 2144 2064 2197 et

417 2253 594 2310 super
622 2234 821 2291 omnia
840 2249 967 2305 quae
999 2230 1317 2302 serpentini
1350 2235 1489 2285 sunt
1517 2230 1748 2302 generis
1793 2228 2061 2295 astutior,

414 2326 517 2382 ubi
547 2321 791 2380 coeundi
810 2320 1185 2392 cupiditatem
1209 2320 1618 2391 assumpserit,
1644 2335 1917 2374 mumnee
1942 2334 2065 2373 ma-

414 2414 625 2470 ritima:
666 2415 863 2467 notam
916 2408 1029 2463 sibi
1081 2406 1327 2479 requirit
1370 2405 1660 2478 copulam,
1711 2405 1801 2461 vel
1850 2422 2059 2461 novam

414 2505 736 2576 praeparat:
771 2513 1195 2571 progressaque
1226 2496 1294 2551 ad
1353 2495 1543 2563 littus,
1603 2494 1797 2551 sibillo
1851 2495 2059 2551 testifi-

414 2598 545 2648 cata
591 2587 958 2663 praesentiam
1021 2584 1134 2651 sui,
1196 2585 1266 2639 ad
1294 2583 1662 2656 conjugalem
1721 2583 2058 2656 amplexum

413 2681 571 2736 illam
605 2680 825 2734 evocat.
860 2676 1118 2730 Muraena
1146 2678 1343 2728 autem
1377 2672 1621 2728 invitata
1651 2690 1765 2728 non
1789 2673 1971 2738 deest,
2004 2676 2061 2728 et

409 2771 701 2826 venenatis
735 2763 989 2836 serpenti
1021 2760 1306 2835 expetitos
1328 2778 1474 2816 usus
1498 2779 1616 2817 sua:
1647 2760 1908 2832 impertit
1928 2777 2061 2816 con-

406 2856 753 2929 junctionis.
787 2853 935 2916 Quid
967 2851 1077 2907 sibi
1117 2849 1239 2905 vult
1286 2866 1478 2905 sermo
1528 2849 1889 2919 hujusmodi,
1944 2849 2055 2905 nisi

414 2945 683 3002 ferendos
715 2958 844 2997 esse
877 2956 1071 2995 mores
1103 2940 1423 3010 conjugum
1450 2956 1463 3006 ;
1499 2943 1557 2992 et
1606 2938 1655 2993 si
1703 2939 1917 2993 absens
1946 2941 2053 3006 est,

411 3036 541 3106 ejus
570 3030 985 3103 opperiendam
1019 3027 1406 3100 praesentiam,
1441 3026 1518 3080 sit
1553 3024 1687 3081 licet
1730 3042 1918 3097 asper,
1952 3025 2055 3081 fal-

410 3123 524 3190 lax,
557 3119 914 3188 inconditus,
956 3116 1240 3183 lubricus,
1284 3114 1640 3170 temulentus
1664 3119 1686 3170 P
1709 3114 1856 3179 Quid
1890 3115 2057 3186 pejus

2178 546 2479 618 conjugis:
2513 550 2575 601 tu
2608 546 2841 617 injuriis
2871 546 3023 602 viam
3052 546 3174 603 viro
3204 544 3460 602 obstruis
3480 564 3499 600 :
3532 550 3596 601 tu
3625 545 3825 601 litium

2178 651 2375 689 moves
2405 652 2714 703 venenum,
2757 652 2872 692 non
2922 636 3153 707 rejicis:
3209 639 3268 691 tu
3321 635 3647 707 conjugalis
3694 651 3825 690 am-

2178 723 2383 795 plexus
2417 728 2674 797 tempore
2704 725 2899 780 dirum
2931 725 3089 781 virus
3119 731 3438 781 exestuas:
3469 741 3573 781 nec
3612 724 3828 780 erube-

2178 812 2293 867 scis
2325 814 2580 885 nuptias,
2613 830 2718 869 nec
2748 814 3026 869 revereris
3066 814 3364 869 maritum.

2250 901 2336 956 19.
2367 901 2477 958 Sed
2510 901 2709 971 etiam,
2740 906 2826 967 tu,
2876 902 2981 969 vir,
3035 919 3351 974 possumus
3397 902 3571 958 etiam
3617 901 3701 958 sic
3731 917 3830 957 ac-

2179 988 2393 1062 cipere,
2423 991 2648 1063 depone
2673 996 2965 1047 tumorem
3018 992 3228 1059 cordis,
3278 992 3651 1064 asperitatem
3702 1006 3829 1047 mo—

2178 1096 2331 1147 rum,
2398 1096 2532 1135 cum
2594 1080 2700 1136 tibi
2763 1079 2966 1136 sedula
3019 1097 3162 1136 uxor
3209 1080 3502 1135 occurrit:
3563 1077 3827 1152 propelle

2176 1167 2664 1240 indignationem,
2697 1186 2829 1225 cum
2860 1168 3076 1225 blanda
3107 1170 3318 1241 conjux
3354 1169 3425 1224 ad
3473 1168 3826 1224 charitatem

2176 1262 2467 1328 provocat.
2500 1259 2625 1314 Non
2647 1275 2709 1313 es
2738 1258 3036 1323 dominus,
3081 1259 3180 1314 sed
3230 1259 3514 1314 maritus:
3568 1275 3681 1313 non
3715 1274 3824 1312 an-

2175 1346 2369 1402 cillam
2408 1348 2650 1403 sortitus
2679 1364 2763 1414 es,
2812 1349 2911 1403 sed
2967 1364 3224 1403 uxorem.
3274 1347 3734 1403 Gubernatorem
3764 1351 3825 1402 te

2176 1436 2329 1491 Deus
2359 1436 2540 1492 voluit
2579 1452 2707 1492 esse
2756 1452 2930 1491 sexus
2977 1436 3289 1504 inferioris,
3334 1454 3449 1491 non
3496 1439 3823 1509 praepoten-

2172 1529 2310 1580 tem.
2351 1524 2544 1580 Redde
2583 1525 2779 1580 studio
2831 1523 3035 1592 vicem,
3083 1525 3257 1580 redde
3304 1525 3487 1580 amori
3544 1524 3822 1598 gratiam.

2170 1614 2382 1685 Vipera
2406 1630 2693 1669 venenum
2724 1631 2898 1669 suum
2932 1613 3156 1668 fundit:
3192 1618 3254 1668 tu
3286 1630 3403 1669 non
3441 1616 3604 1686 potes
3657 1612 3825 1669 duri-

2171 1703 2314 1757 tiam
2345 1703 2559 1759 mentis
2589 1702 2877 1775 deponere
2896 1701 2924 1756 ‘t
2952 1703 3060 1758 Sed
3092 1702 3272 1758 habes
3302 1701 3628 1758 naturalem
3658 1702 3820 1774 rigo-

2173 1808 2326 1859 rem;
2361 1793 2538 1848 debes
2584 1797 2910 1863 temperare
2956 1808 3089 1846 eum
3146 1790 3633 1864 contemplatione
3679 1807 3823 1847 con-

2168 1880 2342 1953 jugii,
2375 1886 2432 1936 et
2462 1881 2783 1935 reverentia
2829 1880 3257 1950 conjunctionis
3305 1881 3594 1953 deponere
3619 1864 3824 1936 Ianimi

2174 1970 2460 2024 feritatem
2492 1970 2627 2040 (97).
2660 1970 2857 2024 Potest
2887 1973 2945 2024 et
2987 1968 3091 2024 sic.
3142 1968 3331 2025 Nolite
3380 1984 3656 2041 quaerere,
3686 1968 3819 2036 viri,

2173 2057 2429 2114 alienum
2473 2058 2732 2124 thorum,
2778 2057 2956 2113 nolite
2999 2058 3265 2114 insidiari
3324 2058 3524 2114 alienae
3572 2058 3819 2130 copulas.

2172 2147 2353 2204 Grave
2378 2152 2467 2203 est
2497 2146 2870 2214 adulterium,
2903 2151 2962 2203 et
2993 2151 3215 2203 natura;
3244 2148 3481 2219 injuria.
3516 2147 3675 2204 Duos
3702 2147 3822 2220 pri-

2172 2253 2335 2292 mum
2368 2237 2522 2292 Deus
2553 2235 2706 2303 fecit,
2739 2235 2927 2291 Adam
2958 2239 3014 2291 et
3045 2236 3241 2304 Evam,
3274 2236 3384 2292 hoc
3408 2241 3516 2306 est,
3538 2237 3728 2293 virum
3759 2240 3821 2292 et

2173 2342 2434 2394 uxorem,
2484 2329 2541 2380 et
2593 2340 2830 2380 uxorem
2889 2325 2959 2381 de
3016 2324 3159 2396 viro,
3219 2324 3329 2381 hoc
3382 2330 3474 2382 est
3530 2326 3601 2381 de
3656 2329 3819 2382 costa

2169 2416 2356 2471 Adam
2384 2433 2397 2483 ;
2432 2417 2488 2470 et
2507 2414 2692 2485 jussit
2718 2414 2924 2469 ambos
2952 2430 3081 2470 esse
3112 2413 3173 2468 in
3228 2431 3344 2470 uno
3376 2431 3640 2487 corpore,
3673 2420 3731 2471 et
3754 2414 3816 2470 in

2168 2520 2284 2560 uno
2332 2503 2541 2575 spiritu
2588 2502 2795 2558 vivere.
2848 2503 2995 2566 Quid
3059 2519 3241 2559 unum
3291 2520 3527 2576 separas
3573 2521 3810 2576 corpus,

2170 2609 2355 2648 unum
2398 2591 2611 2647 dividis
2654 2591 2974 2662 spiritum?
3018 2592 3247 2647 Naturae
3298 2591 3646 2648 adulterium
3696 2597 3811 2649 est.

2166 2682 2285 2737 Hoc
2332 2681 2499 2735 docet
2557 2696 2825 2734 murrenae
2870 2683 2929 2735 et
2974 2679 3182 2752 viperae
3225 2697 3341 2737 non
3378 2682 3510 2753 jure
3551 2679 3811 2754 generis,

2168 2770 2269 2825 sed
2301 2770 2505 2824 ardore
2535 2767 2798 2823 libidinis
2821 2768 3107 2841 expetitus
3137 2769 3460 2840 amplexus.
3506 2770 3745 2837 Discite,
3777 2786 3814 2826 ο

2165 2859 2295 2924 viri,
2330 2857 2431 2930 qui
2461 2857 2712 2912 alienam
2754 2856 3076 2928 permolere
3125 2858 3238 2931 (98)
3287 2859 3495 2930 quaerit
3543 2875 3806 2925 uxorem,

2167 2949 2334 3017 cujus
2383 2947 2671 3018 serpentis
2736 2945 2847 3001 sibi
2893 2946 3185 3002 adscicere
3241 2948 3439 3020 cupiat
3501 2950 3811 3005 contuber-

2167 3037 2353 3104 nium,
2388 3035 2489 3107 qui
2532 3034 2707 3089 etiam
2757 3036 3186 3107 comparandus
3238 3035 3362 3108 ipse
3405 3037 3662 3109 serpenti
3707 3038 3808 3094 sit.

2166 3124 2423 3180 Festinat
2451 3124 2522 3178 ad
2551 3124 2831 3194 viperam,
2864 3140 2994 3194 quas
3022 3140 3084 3179 se
3124 3124 3183 3178 in
3231 3124 3519 3195 gremium
3554 3126 3663 3180 viri
3692 3143 3809 3183 non

411 3226 653 3277 νϐῠθῐιοι
687 3207 842 3279 (111οά
874 3206 932 3260 in
966 3204 1212 3276 conjuge
1234 3220 1490 3258 muraena
1519 3221 1633 3258 non
1658 3202 1913 3276 refugit?
1943 3203 2053 3260 νο·
2083 3188 2126 3255 C
2165 3213 2383 3269 directo
2412 3212 2645 3267 tramite
2674 3212 2957 3278 veritatis,
2998 3212 3097 3267 sed
3138 3211 3360 3268 lubrico
3399 3213 3547 3270 devii
3592 3214 3812 3271 amoris

413 3305 543 3357 cata
572 3316 688 3354 non
710 3298 892 3362 deest,
926 3298 983 3350 et
1012 3293 1298 3365 serpentis
1345 3291 1637 3348 lubricum
1686 3291 1893 3348 sedula
1915 3292 2053 3348 cha-

413 3390 583 3445 ritate
613 3384 1042 3458 complectitur.
1077 3380 1179 3437 Ille
1209 3384 1311 3437 tua
1340 3379 1497 3436 mala
1526 3386 1739 3453 portat,
1771 3385 1828 3437 et
1857 3381 2054 3437 levita-

411 3478 487 3533 tis
515 3474 743 3532 femina:
774 3470 1111 3527 facilitatem
1137 3488 1150 3526 :
1183 3475 1248 3525 tu
1278 3470 1469 3524 virum
1500 3474 1670 3525 tuum
1703 3487 1818 3526 non
1864 3474 2050 3543 potes,

410 3582 443 3621 ο
521 3562 752 3629 mulier,
822 3560 1158 3616 sustinere?
1228 3559 1414 3614 Adam
1486 3575 1588 3630 per
1646 3559 1818 3614 Evam
1885 3562 2051 3617 dece-

411 3656 551 3726 ptus
607 3655 715 3720 est,
776 3666 890 3705 non
944 3648 1059 3703 Eva
1122 3663 1224 3720 per
1294 3647 1478 3702 Adam
1554 3648 1667 3717 (33,
1735 3665 1792 3720 q.
1872 3652 1924 3705 5.
2001 3667 2051 3707 c.

410 3742 582 3798 Adam
607 3756 707 3813 pcr
743 3741 909 3794 Evam
954 3737 1001 3809 (I
1048 3738 1179 3792 Tim.
1230 3754 1288 3802 II,
1333 3735 1444 3807 ili).
1491 3738 1671 3799 Quem
1715 3738 1939 3793 vocavit
1980 3741 2053 3795 ad

410 3830 645 3903 culpam
677 3826 907 3894 mulier,
926 3828 1157 3898 justum
1189 3830 1279 3881 est
1307 3829 1372 3880 ut
1418 3841 1552 3880 eum
1602 3826 2052 3897 gubernatorem

411 3922 712 3987 assumat;
748 3933 817 3972 ne
843 3916 1056 3971 iterum
1086 3914 1340 3969 feminea
1368 3912 1643 3969 facilitate
1667 3913 1918 3971 labatur.
1941 3917 2050 3973 Sed

410 4007 681 4064 horridus
710 4010 767 4061 et
796 4002 1051 4059 incultus
1083 4007 1191 4058 est.
1225 4001 1414 4057 Semel
1466 4002 1703 4074 placuit.
1755 4003 2053 4076 Numquid

408 4098 495 4152 vir
525 4098 861 4167 frequenter
879 4096 969 4148 est
996 4090 1302 4163 eligendus
1324 4091 1352 4145 ‘2
1398 4092 1743 4162 Comparem
1792 4109 1963 4149 suum
1998 4097 2057 4149 et

409 4185 516 4241 bos
547 4181 812 4255 requirit,
841 4184 898 4236 et
928 4195 1117 4251 equus
1148 4177 1375 4250 diligit;
1418 4182 1475 4234 et
1505 4178 1554 4233 si
1599 4183 1858 4235 mutetur
1881 4180 2051 4250 alius,

408 4278 605 4329 tamen
637 4269 868 4326 trahere
888 4269 1103 4341 jugum
1137 4266 1323 4323 nescit
1352 4283 1593 4339 compar
1621 4266 1882 4341 alterius,
1905 4274 1963 4326 et
1992 4288 2054 4327 se

410 4378 527 4415 non
578 4363 765 4415 totum
815 4361 1018 4431 putat:
1051 4361 1114 4411 tu
1154 4355 1414 4428 jugalem
1463 4356 1738 4428 repudias
1779 4362 1970 4429 tuum,
1999 4364 2057 4417 et

410 4452 583 4521 putas
613 4463 765 4519 szspe
790 4446 1140 4502 mutandum
1166 4463 1180 4513 ;
1213 4450 1272 4500 et
1301 4444 1350 4500 si
1391 4461 1506 4500 uno
1538 4445 1788 4503 defuerit
1815 4448 1928 4516 die,
1962 4466 2055 4505 su-

2163 3302 2440 3357 infundit.
2470 3299 2728 3357 Festinat
2752 3300 2824 3356 ad
2853 3318 2982 3356 eam
3013 3318 3139 3373 qua;
3168 3318 3457 3358 venenum
3507 3319 3684 3358 suum
3716 3320 3807 3360 re-

2163 3392 2364 3458 sumit,
2398 3394 2462 3445 ut
2484 3389 2680 3462 vipera
2709 3405 2835 3461 quae
2868 3389 3049 3444 fertur
3097 3395 3328 3462 peracto
3374 3391 3808 3463 conjunctionis

2162 3496 2403 3535 munere
2427 3495 2712 3534 venenum
2734 3479 2890 3549 quod
2912 3484 3266 3546 evomuerat,
3294 3497 3500 3535 rursus
3525 3480 3801 3550 haurire;

2162 3567 2427 3624 adultera
2455 3568 2613 3624 enim
2643 3567 2841 3638 vipera
2868 3571 2956 3623 est
2984 3568 3165 3640 (Prov.
3199 3585 3357 3639 χχιιι,
3389 3569 3500 3638 32).
3556 3568 3718 3625 Unde
3748 3572 3809 3625 et

2163 3657 2435 3714 Salomon
2483 3658 2563 3712 ait
2611 3657 2766 3728 quod
2815 3655 2865 3712 is
2914 3656 3014 3728 qui
3057 3658 3233 3713 fuerit
3270 3657 3626 3714 temulentus
3666 3674 3804 3714 cum

2162 3763 2264 3819 per
2293 3747 2493 3802 vinum
2525 3744 2703 3802 libido
2755 3745 2972 3801 fervere
3024 3747 3407 3812 consueverit,
3457 3752 3741 3818 tanquam
3773 3764 3812 3803 a

2163 3835 2388 3891 colubri
2418 3834 2535 3889 ictu
2566 3834 2916 3903 extenditur,
2949 3837 3006 3889 et
3037 3828 3320 3907 tanquam
3351 3852 3385 3891 a
3422 3840 3667 3892 cornuta
3696 3835 3810 3891 dif-

2163 3921 2430 3976 funditur
2460 3919 2543 3975 illi
2573 3936 2883 3975 venenum.
2916 3920 2986 3975 Et
3016 3925 3080 3976 ut
3102 3922 3253 3977 scias
3275 3923 3429 3994 quod
3453 3923 3524 3979 de
3544 3923 3815 3979 adultera

2163 4008 2604 4080 dixit,‘_adjecit:
2653 4009 2812 4064 Oculi
2861 4011 2944 4064 tui
2982 4027 3107 4065 cum
3152 4011 3393 4068 viderint
3436 4014 3701 4081 alienam,
3752 4028 3814 4068 os

2163 4106 2321 4154 tuum
2350 4099 2594 4169 loquitur
2615 4113 2869 4170 perversa
2898 4099 3054 4168 (Ibid.
3101 4100 3210 4172 33).

2233 4188 2322 4242 20.
2355 4187 2470 4242 Nec
2500 4187 2817 4259 quisquam
2866 4186 3025 4243 velut
3066 4190 3359 4244 contraria
3402 4190 3672 4261 posuisse
3702 4206 3813 4245 nos

2163 4278 2378 4345 credat,
2406 4280 2472 4331 ut
2509 4281 2568 4331 et
2598 4277 2667 4331 ad
2694 4277 2915 4332 bonum
2947 4282 3005 4333 et
3033 4278 3104 4333 ad
3139 4278 3359 4335 malum
3388 4278 3595 4352 viperae
3629 4279 3813 4350 hujus

2163 4365 2427 4438 exemplo
2458 4368 2792 4434 uteremur;
2828 4382 2960 4421 cum
2992 4367 3063 4422 ad
3104 4367 3533 4425 institutionem
3576 4373 3817 4425 utrum-

2165 4470 2278 4527 que
2304 4454 2590 4527 proficiat,
2624 4454 2674 4509 si
2705 4454 3123 4512 erubescamus
3153 4459 3253 4512 aut
3279 4457 3455 4513 ﬁdem
3502 4474 3619 4513 non
3646 4456 3816 4513 exhi-

408 4534 680 4609 perducis
729 4533 966 4623 rivalem
1014 4535 1149 4606 (96),
1201 4537 1259 4589 et
1305 4534 1506 4589 statim
1554 4533 1849 4608 incognita
1878 4554 2055 4595 causa
2084 4557 2134 4623 D
2163 4544 2299 4600 bere
2330 4542 2560 4612 dilecto,
2596 4543 2696 4615 qui
2726 4543 2959 4600 exhibet
2987 4561 3259 4617 serpens;
3292 4551 3395 4602 aut
3415 4545 3816 4617 relinquentes

407 4624 574 4698 quasi
601 4622 833 4696 cognita
858 4623 1097 4694 pudoris
1133 4623 1468 4695 exsequeris
1510 4623 1811 4692 injuriam.
1844 4627 2056 4700 Vipera

406 4715 708 4771 absentem
742 4710 1008 4782 requirit,
1043 4711 1136 4767 8'1
1175 4711 1475 4767 absentem
1519 4716 1704 4781 vocat,
1755 4720 1812 4769 et
1840 4715 2054 4774 blando

405 4801 729 4875 proclamat
758 4798 963 4856 sibilo:
1000 4804 1173 4873 atque
1205 4800 1305 4855 ubi
1359 4801 1673 4857 adventare
1719 4819 2053 4877 comparem

404 4891 671 4958 senserit,
706 4906 995 4946 venenum
1023 4890 1237 4947 evomit
1283 4892 1666 4948 reverentiam
1711 4895 1921 4951 marito
1951 4896 2053 4952 de-

404 4980 618 5050 ferens,
650 4980 1044 5035 verecundata
1088 4977 1409 5051 nuptialem
1460 4981 1751 5053 gratiam:
1800 4987 1886 5049 tu,
1918 5001 2054 5040 mu-

404 5068 531 5137 lier,
567 5068 972 5125 advenientem
1006 5069 1077 5124 de
1101 5067 1421 5141 longinquo
1452 5070 1732 5126 maritum
1762 5078 2056 5131 contume-

475 5176 587 5247 (96)
614 5175 859 5239 Quidem
892 5193 1036 5232 mss.
1070 5184 1316 5247 suspecta
1360 5177 1590 5232 rivalem
1640 5194 1736 5239 es;
1789 5184 2053 5236 autcum

406 5244 545 5318 edit.
585 5246 905 5314 nonnullis,
936 5244 1240 5318 suspicaris
1290 5249 1541 5314 rivalem,
1584 5256 1633 5303 et
1685 5251 1873 5305 statim
1904 5254 2054 5308 inco-

404 5317 557 5396 gnita
583 5330 773 5396 causa,
816 5321 975 5396 quasi
1019 5317 1332 5396 cognitam;
1379 5324 1481 5396 aut
1537 5335 1671 5396 cum
1727 5318 2051 5396 aliis‘edit”

406 5392 459 5461 et
485 5387 672 5461 statim
701 5387 1060 5461 incoynitam,
1094 5392 1251 5459 quasi
1278 5393 1577 5461 cognitam,
1609 5394 1718 5445 etc.
1764 5387 2048 5461 Sedrmss.

406 5456 715 5511 duodecim
750 5456 1147 5528 prebatissimi
1176 5477 1311 5518 cum
1341 5456 1505 5517 'edit.
1556 5461 1677 5517 Pet.
1706 5465 1763 5517 et
1810 5460 1945 5519 Gill.
1973 5464 2053 5521 le-

406 5530 562 5602 gunt
575 5530 660 5602 ut
678 5543 784 5602 nos
815 5528 873 5582 in
904 5534 1084 5585 textu.

476 5598 589 5675 (97)
621 5597 779 5675 Edit.‘
804 5615 1009 5675 omnes
1047 5617 1373 5675 cumimss.
1431 5601 1679 5675 aliquot,
1730 5605 2053 5675 Reverentia

403 5670 825 5749 conjunctionis.
855 5670 1040 5731 Potest
1080 5680 1132 5732 et
1160 5674 1260 5748 sic,
1317 5672 1461 5739 Mss.
1510 5670 1718 5739 nvem
1748 5674 1811 5744 in
1851 5677 2052 5742 lectio.

2166 4636 2371 4689 sancta
2416 4632 2707 4704 conjugia,
2754 4631 2981 4688 lubrica
3041 4638 3099 4688 et
3137 4635 3404 4691 nocitura
3452 4634 3819 4691 salutaribus

2163 4721 2724 4794 praeferamus,quod
2757 4722 2896 4777 facit
2924 4722 3023 4794 qui
3049 4740 3183 4778 cum
3215 4728 3481 4796 serpente
3510 4723 3818 4780 miscetur.

2717 4827 2817 4884 88
2851 4827 3084 4883 CAPUT
3112 4828 3260 4885 VIII.

2163 4937 2255 5009 De
2292 4936 2499 5009 astutia
2544 4934 2737 5009 polypi
2785 4943 2836 4989 et
2912 4937 3119 5001 cancri,
3201 4937 3397 5007 quibus
3466 4936 3824 5009 fraudulenti

2236 5006 2481 5080 homines
2511 5005 2945 5080 adumbranlur;
2981 5022 3106 5062 cum
3162 5005 3543 5064 adhortatione
3587 5008 3659 5063 ad
3719 5011 3818 5080 fu-

2234 5077 2492 5147 giendam
2516 5076 2885 5147 cupiditatem.

2164 5200 2299 5258 nem
2332 5187 2591 5258 nostram
2625 5182 3018 5258 consentiunt,
3051 5183 3164 5258 nisi
3187 5186 3342 5258 quod
3363 5185 3562 5258 plures
3592 5184 3820 5258 habent

2163 5255 2413 5328 deponat,
2462 5253 2551 5328 vel
2600 5254 2845 5328 deponet.
2900 5255 3059 5328 Dion.
3088 5327 3092 5328 ν
3121 5253 3606 5328 ἀεροηρ,”ωείἱιιε
3650 5257 3813 5313 Cain.

2163 5325 2445 5398 deponere.
2489 5325 3019 5398 Omittitur_etiam
3070 5327 3139 5398 in
3182 5325 3497 5395 'nonnulis,
3554 5329 3737 5385 Potest
3759 5336 3816 5385 et

2162 5395 2271 5453 sic:
2305 5413 2507 5453 verum
2539 5395 2866 5452 necessaria
2892 5397 3163 5454 transitio
3204 5403 3308 5455 est.

2236 5470 2347 5549 (_9_8)
2378 5467 2617 5549 Aliquot
2671 5484 2814 5549 mss.
2870 5485 3202 5549 permovere,
3237 5488 3422 5549 unus
3446 5470 3815 5549 praemunire.

2163 5539 2371 5596 Melius
2400 5539 2533 5611 alii,
2551 5546 2607 5594 et
2632 5540 2773 5594 edit.
2801 5541 3122 5611 permolere.
3157 5545 3255 5596 Est
3283 5539 3462 5598 enim'
3488 5559 3595 5598 vox
3626 5545 3816 5597 meta-

2162 5612 2422 5689 phorica,
2443 5610 2614 5685 cujus
2633 5627 2776 5669 usus
2798 5610 2888 5674 est
2907 5611 2967 5668 in
2988 5611 3247 5675 oboenis.
3268 5614 3466 5674 Horat.
3487 5614 3529 5672 l.
3549 5630 3589 5691 1,
3609 5618 3721 5675 sat.
3755 5616 3816 5675 2.
