4084 6188
230 319 338 384 229

1479 314 2025 383 HEXAEMERON
2070 311 2217 379 LIB.
2263 318 2337 381 ν.

3487 323 3607 387 230

290 456 366 508 2t.
395 451 467 508 Et
494 450 639 524 quia
667 451 740 509 de
769 450 986 509 astutia
1016 449 1302 525 coepimus
1333 465 1663 508 sermonem
1711 451 1849 506 sub-
1871 452 1935 525 ,Α
1965 448 2130 504 fratri
2152 447 2352 505 dolum
2377 452 2630 517 nectant,
2653 449 2965 507 etalterius
2981 455 3301 524 pascantur
3318 470 3601 512 aerumna.

224 545 412 610 texere,
464 557 584 613 qua
623 541 1037 615 unusquisque
1090 542 1331 598 fratrem
1379 558 1558 598 suum
1597 540 1848 597 circum-

221 631 395 686 venire
422 636 481 687 et
530 630 797 704 decipere
843 631 1073 700 nititur,
1132 635 1191 687 et
1220 631 1280 686 in
1312 648 1491 687 novas
1520 646 1581 686 se
1612 629 1851 686 fraudes

220 736 589 793 componere;
624 724 691 775 ut
720 736 896 792 quem
948 720 1004 774 vi
1049 721 1313 777 obtinere
1345 737 1460 775 non
1493 723 1703 793 potest,
1737 718 1850 774 cir-

224 808 565 865 cumscribat
592 808 747 877 dolo,
798 813 856 865 et
894 810 1023 865 fuco
1054 809 1309 881 quodam
1363 809 1508 865 artis
1558 809 1846 864 obducat:

223 896 648 953 fraudulentum
678 896 825 953 illud
849 897 1042 971 polypi
1063 897 1365 971 ingenium
1386 913 1500 953 non
1524 896 1848 969 prmteribo,

221 983 323 1056 qui
347 984 552 1040 vadoso
604 984 663 1040 in
717 984 911 1041 littore
953 990 1179 1058 petram
1229 990 1457 1052 nactus,
1490 984 1748 1058 afﬁgitur
1776 984 1849 1052 ei,

223 1076 395 1144 atque
428 1072 550 1143 ejus
583 1072 864 1129 nebuloso
896 1073 1131 1147 ingenio
1178 1074 1429 1131 colorem
1471 1073 1651 1140 subit,
1682 1077 1740 1129 et
1769 1073 1852 1128 si-

222 1161 350 1217 mili
378 1160 559 1233 specie
605 1165 765 1235 terga
793 1163 1084 1219 obductus
1123 1162 1410 1236 plurimos
1445 1162 1696 1235 piscium
1727 1163 1854 1218 sine

219 1248 339 1305 ulla
358 1249 686 1322 suspicione
712 1251 936 1307 fraudis
957 1251 1231 1324 allapsos,
1254 1253 1398 1307 dum
1419 1254 1557 1307 nota
1583 1268 1697 1307 non
1716 1268 1857 1324 prae-

217 1343 436 1405 cavent,
458 1344 517 1394 et
545 1355 752 1395 saxum
796 1339 1131 1412 opinantur,
1165 1339 1430 1397 cassibus
1462 1339 1682 1395 furtivae
1712 1338 1855 1395 artis

218 1425 483 1493 includit,
518 1430 573 1482 et
604 1427 736 1483 sinu
762 1428 1018 1499 quodam
1050 1445 1168 1484 suae
1189 1429 1383 1484 carnis
1413 1426 1729 1501 intercipit.
1762 1427 1856 1484 Sic

214 1520 536 1589 spontanee
584 1518 744 1572 venit
789 1517 1005 1589 praeda,
1058 1521 1114 1572 et
1161 1516 1380 1573 talibus
1428 1518 1655 1589 capitur
1683 1533 1855 1589 argu-

215 1604 450 1672 mentis,
484 1603 683 1677 qualia
733 1610 874 1660 sunt
922 1621 1124 1661 eorum
1173 1606 1273 1677 qui
1334 1605 1636 1678 ingenium
1682 1621 1857 1662 suum

215 1709 368 1765 saepe
418 1698 805 1761 commutant,
859 1697 916 1750 et
961 1695 1218 1750 diversas
1250 1695 1495 1750 nocendi
1540 1699 1694 1751 artes
1735 1711 1857 1750 mo-

1957 539 2040 593 Tu
2094 544 2290 593 autem
2345 538 2596 610 propriis
2654 543 2777 594 esto
2827 544 3155 608 contentus,
3211 546 3267 597 et
3316 542 3503 599 aliena
3550 549 3606 601 te

1959 627 2174 681 damna
2206 643 2321 681 non
2380 631 2640 698 pascant.
2675 631 2870 682 Bonus
2904 629 3071 685 cibus
3129 635 3217 686 est
3257 632 3605 704 simplicitas

1960 714 2321 770 innocentiae.
2351 714 2469 770 Sua
2500 716 2650 771 bona
2674 715 2916 781 habens,
2952 717 3217 774 insidiari
3251 722 3435 777 nescit
3468 722 3607 778 alie-

1960 805 2073 871 nis,
2125 819 2231 858 nec
2289 802 2541 859 avaritia:
2598 805 2822 860 facibus
2882 806 3218 872 inardescit,
3251 809 3343 864 cui
3376 808 3607 867 lucrum

1961 907 2136 947 omne
2165 892 2237 946 ad
2269 893 2541 946 virtutem
2574 893 2946 963 dispendium
2977 900 3085 959 est,
3119 897 3189 950 ad
3224 898 3605 970 cupiditatem

1960 979 2317 1035 incendium.
2355 980 2421 1035 Et
2450 981 2579 1036 ideo
2612 982 2779 1037 beata
2808 988 2914 1049 est,
2963 983 3011 1038 si
3042 984 3195 1038 bona
3227 1003 3335 1040 sua
3364 991 3608 1057 noverit,

1962 1085 2094 1124 cum
2144 1069 2383 1124 veritate
2438 1074 2769 1142 paupertas,
2826 1076 2883 1124 et
2930 1073 3205 1129 omnibus
3255 1077 3613 1145 praeferenda

1962 1157 2296 1224 thesauris;
2349 1158 2487 1229 quia
2534 1157 2745 1213 melius
2785 1164 2872 1213 est
2903 1160 3179 1231 exiguum
3212 1163 3416 1219 datum
3477 1183 3611 1223 cum

1963 1247 2065 1302 Dei
2110 1247 2339 1313 timore,
2394 1264 2569 1318 quam
2618 1248 2871 1301 thesauri
2927 1252 3121 1321 magni
3184 1251 3308 1308 sine
3378 1254 3608 1314 timore.

1963 1336 2256 1399 Quantum
2301 1341 2389 1390 est
2435 1336 2591 1390 enim
2638 1338 2788 1407 quod
2844 1338 3137 1394 hominem
3189 1341 3306 1396 alat
3338 1343 3366 1397 ?
3415 1346 3530 1400 Aut
3560 1344 3610 1401 si

1965 1423 2177 1494 quaeris
2208 1425 2362 1495 quod
2420 1424 2594 1479 etiam
2648 1425 2777 1479 aliis
2828 1428 3084 1482 abundet
3142 1429 3213 1483 ad
3245 1432 3517 1503 gratiam,
3556 1435 3613 1490 id

1967 1528 2201 1585 quoque
2250 1529 2365 1567 non
2404 1512 2653 1567 multum
2677 1519 2785 1569 est.
2819 1514 3022 1569 Melior
3051 1517 3208 1572 enim
3240 1524 3329 1575 est
3356 1520 3616 1596 hospita-

1967 1600 2105 1655 litas
2140 1600 2199 1655 in
2232 1600 2488 1656 oleribus
2519 1619 2652 1657 cum
2684 1604 2888 1674 gratia,
2925 1620 3104 1674 quam
3137 1605 3455 1666 vitulorum
3487 1613 3617 1684 pin-

1968 1687 2173 1760 guium
2235 1690 2577 1761 praeparatio
2636 1707 2770 1745 cum
2830 1692 3122 1749 discordia
3170 1695 3351 1767 (Prov.
3378 1716 3471 1767 xv,
3507 1702 3614 1771 17).

211 1787 390 1850 vent;
423 1786 489 1837 ut
520 1780 889 1855 singulorum
909 1787 1134 1838 mentes
1163 1799 1490 1855 sensusque
1511 1786 1857 1855 pertentent,
1892 1818 1940 1882 B
1971 1776 2216 1882 Utamur
2245 1794 2380 1850 ergo
2426 1778 2664 1882 ingenio
2724 1780 2816 1882 ad.
2857 1783 3231 1850 quaerendam
3284 1788 3532 1858 gratiam
3563 1795 3622 1846 et

213 1887 354 1926 cum
383 1870 823 1927 continentibus
866 1871 1039 1943 positi
1087 1872 1509 1928 continentiam
1542 1872 1864 1944 praedican-

211 1963 328 2025 tes,
348 1958 410 2013 in
433 1962 579 2015 cmtu
612 1958 1127 2032 intemperantium
1144 1964 1426 2032 tanquam
1473 1960 1621 2016 devii
1648 1962 1720 2016 ab
1751 1965 1870 2016 stu-

216 2048 319 2104 dio
340 2046 644 2115 castitatis,
667 2052 725 2103 et
744 2049 997 2105 demersi
1019 2049 1481 2121 intemperantiae
1514 2048 1864 2117 volutabris;

218 2141 287 2191 ut
317 2136 417 2207 qui
447 2151 546 2192 eos
577 2135 825 2192 audiunt
855 2141 956 2193 aut
983 2137 1201 2205 vident,
1235 2137 1471 2193 incauta
1498 2137 1775 2194 facilitate
1805 2155 1868 2194 se

216 2225 503 2295 credant;
556 2241 740 2298 eoque
791 2226 966 2282 citius
1022 2225 1325 2294 labuntur,
1379 2227 1519 2282 dum
1579 2227 1869 2283 declinare

214 2330 339 2370 non
369 2317 604 2380 norunt,
656 2329 761 2369 nec
807 2330 1006 2370 cavere
1031 2314 1187 2386 quod
1220 2319 1442 2383 noceat,
1476 2331 1611 2370 cum
1642 2315 1871 2388 gravior

215 2404 297 2460 sit
327 2406 385 2457 et
416 2402 604 2475 magis
635 2402 809 2458 noxia
853 2403 1201 2476 improbitas
1249 2403 1629 2476 benignitatis
1659 2405 1869 2460 obum-

211 2492 387 2546 brata
427 2490 735 2547 velamine.
789 2491 860 2547 Et
901 2491 1035 2547 ideo
1084 2492 1324 2548 cavendi
1374 2496 1515 2548 sunt
1545 2492 1645 2564 qui
1675 2492 1869 2549 crines

211 2596 342 2636 sua
383 2579 629 2652 fraudis,
684 2584 741 2635 et
770 2580 1011 2637 brachia
1035 2580 1207 2655 longe
1237 2581 1470 2654 lateque
1499 2581 1866 2654 dispergunt,

214 2668 307 2723 vel
344 2668 602 2740 speciem
651 2668 910 2724 induunt
963 2669 1407 2726 multiformem.
1468 2670 1537 2725 Et
1584 2669 1681 2724 isti
1712 2670 1869 2725 enim

211 2756 419 2830 polypi
452 2760 592 2812 sunt
618 2774 804 2813 nexus
863 2757 1151 2830 plurimos
1208 2758 1512 2825 habentes,
1543 2762 1600 2813 et
1628 2756 1870 2814 callido-

212 2861 356 2901 rum
384 2843 756 2916 ingeniorum
787 2844 1049 2918 vestigia,
1102 2844 1316 2917 quibus
1370 2845 1595 2901 irretire
1645 2844 1873 2917 possint

215 2931 512 3005 quidquid
542 2932 604 2987 in
638 2932 908 3004 scopulos
933 2951 1052 2989 suae
1083 2933 1308 2989 fraudis
1332 2933 1621 2989 inciderit.

285 3024 383 3077 22.
414 3021 640 3077 Cancer
687 3038 921 3094 quoque
970 3038 1120 3094 quas
1167 3021 1280 3078 cibi
1328 3022 1516 3095 gratia
1548 3022 1870 3096 praestigias

216 3108 435 3166 intruit
462 3109 475 3163 ι
499 3109 767 3182 Namque
802 3115 860 3166 et
901 3112 1024 3183 ipse
1055 3115 1245 3168 ostreo
1289 3110 1630 3182 delectatur,
1659 3116 1716 3167 et
1745 3129 1870 3168 car-

1978 1864 2250 1934 salutem,
2283 1871 2340 1921 et
2359 1866 2607 1922 salutem
2640 1869 2943 1932 tuendam.
2976 1888 3090 1926 non
3124 1873 3195 1927 ad
3226 1873 3478 1933 alienam
3508 1878 3620 1934 cir-

1977 1954 2484 2010 cumscribendam
2564 1955 2980 2012 innocentiam.
3066 1960 3224 2017 Licet
3282 1964 3451 2021 nobis
3534 1968 3620 2023 uti

1977 2042 2259 2115 exemplis
2312 2043 2625 2099 maritimis
2676 2046 2745 2099 ad
2790 2049 3115 2118 profectum
3146 2056 3357 2109 nostrae
3389 2054 3618 2127 salutis,

1978 2147 2094 2186 non
2124 2132 2195 2187 ad
2228 2130 2430 2188 alienae
2462 2132 2812 2205 periculum.

2616 2240 2847 2296 CAPUT
2888 2242 2977 2298 lX.

1978 2327 2425 2406 Deprayientz’a
2453 2328 2638 2406 echini
2662 2331 2912 2406 futuram
2953 2336 3325 2406 tempestatem
3352 2342 3620 2397 nuntian-

2048 2399 2137 2453 tis.
2166 2401 2319 2481 Eum
2347 2400 2610 2481 accepisse
2661 2400 2758 2481 hoc
2799 2399 3072 2481 donumqa'
3090 2406 3218 2475 Deo,
3249 2410 3403 2480 cujus
3433 2412 3619 2469 indul-

2048 2475 2235 2539 gentia
2267 2486 2326 2524 ιη
2349 2475 2535 2525 omnia
2561 2475 2744 2526 creata
2770 2475 3120 2543 pradicatur.

2050 2574 2140 2629 24.
2174 2574 2449 2643 Echinus,
2501 2576 2718 2632 animal
2766 2579 3062 2651 exiguum,
3113 2584 3222 2640 vile
3261 2602 3327 2641 ac
3358 2588 3621 2662 despica-

1978 2662 2111 2728 bile,
2146 2663 2509 2719 maritimum
2556 2664 2784 2737 loquor,
2834 2667 3177 2742 plerumque
3207 2673 3380 2730 index
3410 2676 3619 2733 futura

1976 2752 2471 2823 tempestatis,aut
2495 2754 2938 2826 tranquillitatis
2969 2761 3290 2817 annuntius
3317 2763 3464 2820 solet
3493 2782 3621 2823 esse

1978 2840 2409 2912 navigantibus.
2472 2842 2725 2916 Denique
2776 2861 2910 2900 cum
2970 2848 3283 2918 procellam
3313 2857 3618 2910 ventorum

1979 2930 2347 3000 praesenserit
2403 2930 2689 2986 calculum
2748 2932 3003 2989 validum
3065 2938 3290 3010 arripit,
3370 2958 3624 3015 eumque

1976 3016 2135 3072 velut
2158 3019 2461 3073 saburram
2493 3019 2668 3085 vehit,
2700 3025 2758 3076 et
2786 3025 3067 3094 tanquam
3090 3026 3405 3085 anchoram
3423 3031 3621 3100 trahit,

1979 3122 2052 3161 ne
2081 3107 2408 3163 excutiatur
2437 3108 2733 3164 fluctibus.
2786 3111 2985 3182 Itaque
3037 3130 3156 3169 non
3202 3117 3327 3171 suis
3360 3134 3419 3173 se
3450 3118 3626 3176 librat

214 3199 316 3255 nis
356 3200 488 3270 ejus
513 3198 753 3271 epulum
789 3199 899 3255 sibi
921 3201 1148 3272 quaerit.
1192 3200 1303 3257 Sed
1327 3201 1466 3273 quia
1495 3205 1560 3256 ut
1588 3204 1870 3274 appetens
1898 3183 1942 3250 C
1977 3195 2224 3261 viribUS,
2254 3196 2352 3251 sed
2385 3196 2586 3253 alienae
2608 3198 2946 3255 stabilitatis
2977 3202 3197 3274 regitur
3220 3207 3474 3275 pondere
3524 3210 3620 3280 (2).

221 3288 361 3358 cibi,
407 3287 493 3343 ita
539 3288 901 3361 prospiciens
950 3294 1040 3345 est
1085 3289 1366 3362 periculi;
1420 3289 1697 3362 quoniam
1736 3307 1870 3345 cum

222 3375 489 3433 difﬁcilis
521 3382 612 3433 est
637 3377 887 3446 venatio,
910 3381 1038 3434 tum
1060 3378 1422 3450 periculosa;
1450 3377 1876 3450 difficilis,quia

221 3465 396 3522 testis
443 3464 831 3521 validioribus
878 3483 1013 3523 esca
1056 3467 1298 3523 interior
1338 3466 1703 3536 includitur;
1737 3484 1873 3523 nam

220 3552 383 3609 velut
412 3553 606 3610 muris
636 3554 992 3626 quibusdam
1040 3554 1348 3612 mollitiem
1379 3555 1574 3611 carnis
1605 3554 1873 3627 praecepti

224 3641 553 3715 imperialis
583 3643 871 3716 interpres
921 3651 1134 3700 natura
1171 3643 1440 3712 munivit,
1475 3660 1652 3716 quam
1685 3643 1876 3699 medio

223 3734 516 3787 testarum
549 3731 802 3804 quodam
838 3732 970 3787 sinu
1003 3748 1252 3788 concavo
1305 3732 1489 3788 nutrit
1524 3748 1590 3787 ac
1621 3731 1789 3800 fovet,
1821 3736 1879 3787 et

223 3820 397 3891 quasi
450 3819 513 3875 in
563 3821 818 3891 quadam
866 3819 1016 3876 valle
1062 3820 1338 3876 diffundit
1376 3839 1392 3890 ;
1436 3826 1494 3876 et
1540 3820 1667 3875 ideo
1711 3837 1880 3876 cassa

224 3907 431 3965 omnia
463 3912 826 3965 tentamenta
871 3912 1012 3964 sunt
1039 3909 1257 3976 cancri,
1300 3908 1439 3981 quia
1467 3907 1692 3979 aperire
1720 3906 1876 3964 clau-

225 4013 365 4052 sum
386 4000 656 4052 ostreum
680 3995 843 4052 nulla
860 3996 915 4051 vi
948 4001 1173 4069 potest;
1198 4002 1256 4053 et
1286 3996 1679 4070 periculosum
1711 4002 1799 4052 est
1828 3996 1879 4053 si

220 4084 460 4140 chelam
511 4086 625 4157 (99)
656 4086 783 4156 ejus
813 4084 1096 4153 includat,
1120 4086 1192 4142 ad
1220 4091 1566 4159 argumenta
1595 4086 1878 4158 confugit,

219 4178 279 4228 et
312 4172 567 4230 insidias
598 4190 747 4229 nova
770 4174 971 4230 fraude
992 4174 1248 4231 molitur.
1281 4175 1484 4247 Itaque
1514 4175 1653 4247 quia
1681 4176 1882 4231 omnia
1954 4206 1959 4211 ι

218 4277 442 4333 genera
473 4262 855 4320 delectatione
890 4263 1241 4334 mulcentur,
1274 4264 1535 4337 explorat
1564 4265 1613 4321 si
1646 4265 1879 4337 quando

220 4355 492 4407 ostreum
518 4352 762 4408 remotis
794 4352 853 4407 in
886 4351 1031 4409 locis
1057 4352 1131 4408 ab
1171 4353 1333 4409 omni
1356 4357 1526 4409 vento
1557 4357 1759 4409 contra
1786 4370 1879 4409 so-

214 4436 297 4494 lis
328 4441 531 4495 radios
566 4440 912 4513 diptychum
974 4442 1053 4512 (1)
1111 4440 1256 4497 illud
1317 4458 1493 4499 suum
1553 4441 1794 4514 aperiat,
1824 4446 1881 4497 et

1983 3283 2105 3347 Quo
2136 3283 2349 3338 indicio
2383 3290 2571 3341 nautae
2618 3286 2774 3343 velut
2805 3288 3039 3360 signum
3084 3292 3288 3348 futurae
3320 3298 3627 3366 perturba-

1981 3372 2159 3427 tionis
2185 3379 2519 3444 capessunt,
2545 3379 2601 3429 et
2631 3376 2740 3430 sibi
2770 3384 3111 3448 precavcnt,
3146 3397 3215 3436 ne
3246 3399 3345 3438 eos
3374 3383 3625 3456 impara-

1983 3464 2074 3515 tos
2096 3461 2265 3516 turbo
2297 3461 2649 3533 improvisus
2698 3463 2974 3521 inveniat.
3013 3468 3120 3535 Qui
3156 3471 3625 3541 mathematicus,

1985 3548 2085 3620 qui
2117 3549 2463 3622 astrologus,
2498 3552 2669 3623 quive
2699 3551 3001 3610 Chaldaeus
3032 3557 3116 3612 sic
3149 3564 3339 3629 potest
3368 3560 3627 3618 siderum

1985 3654 2213 3705 cursus,
2249 3637 2355 3693 hos
2387 3637 2512 3694 caeli
2545 3644 2741 3695 motus
2772 3645 2829 3696 et
2879 3643 3047 3715 signa
3096 3648 3633 3720 comprehendere?

1987 3727 2108 3792 Quo
2138 3726 2370 3798 ingenio
2402 3726 2516 3782 ista
2566 3727 2845 3801 collegit?
2876 3732 2997 3795 Quo
3047 3733 3283 3788 doctore
3327 3738 3631 3810 percepit?

1986 3815 2124 3880 Quis
2145 3815 2196 3870 ei
2221 3815 2331 3870 fuit
2349 3816 2495 3871 tanti
2527 3816 2815 3889 interpres
2850 3820 3077 3891 augurii
3113 3822 3140 3875 ?
3172 3823 3333 3895 Saepe
3362 3825 3630 3881 homines

1987 3904 2387 3959 confusionem
2406 3904 3009 3979 aerisvident,etsmpe
3024 3908 3271 3964 falluntu
3282 3912 3489 3982 r,quod
3508 3911 3630 3983 ple-

1988 4008 2237 4063 rumque
2267 4009 2394 4048 eam
2409 3992 2895 4065 sinetempestate
2917 3996 3211 4052 discutiat.
3239 3998 3489 4055 Echinus
3514 4018 3629 4056 non

1987 4080 2231 4147 fallitur,
2251 4081 2524 4137 echinum
2543 4099 2651 4138 sua
2675 4098 3047 4156 nequaquam
3072 4086 3237 4159 signa
3259 4091 3627 4160 praetereunt.

2057 4171 2146 4223 25.
2181 4169 2343 4224 Unde
2373 4170 2580 4243 exiguo
2611 4172 2849 4227 animali
2884 4178 3046 4230 tanta
3076 4176 3343 4241 scientia,
3377 4180 3443 4231 ut
3474 4177 3632 4233 futu-

1988 4275 2053 4313 ra
2101 4260 2494 4330 prmnuutiet?
2541 4261 2663 4325 Quo
2713 4260 2900 4333 magis
2946 4262 3006 4317 in
3049 4280 3115 4318 eo
3165 4264 3311 4319 nihil
3363 4269 3469 4334 est,
3514 4283 3630 4339 quo

1988 4350 2211 4402 tantam
2243 4347 2429 4418 possit
2456 4348 2671 4404 habere
2705 4350 3098 4421 prudentiam,
3142 4354 3311 4409 crede
3342 4356 3497 4426 quod
3530 4373 3634 4428 per

1987 4434 2415 4508 indulgentiam
2465 4437 2696 4491 Domini
2748 4454 2943 4493 rerum
2992 4441 3257 4496 omnium
3308 4443 3366 4498 id
3398 4461 3633 4516 quoque

216 4533 447 4583 reseret
476 4528 735 4584 claustra
787 4534 1071 4585 testarum
1101 4547 1115 4598 ;
1146 4534 1213 4586 ut
1265 4530 1447 4587 libero
1478 4547 1608 4587 aerc
1637 4530 1876 4587 visceris
1906 4553 1953 4617 D
1988 4525 2361 4596 praescieutiaa
2410 4524 2590 4594 hujus
2624 4542 2836 4582 manus
2867 4529 3170 4608 acceperit.
3205 4531 3433 4587 Etenim
3469 4533 3517 4589 si
3550 4535 3632 4589 fe-

214 4615 314 4669 sui
345 4616 708 4689 voluptatem
741 4619 1059 4689 quamdam
1091 4619 1318 4691 capiat:
1350 4622 1407 4674 et
1436 4624 1575 4676 tunc
1605 4618 1873 4675 clanculo

211 4702 517 4760 calculum
548 4705 899 4775 immittens,
932 4706 1177 4780 impedit
1197 4707 1635 4764 conclusionem
1660 4708 1832 4764 ostrei
1857 4725 1871 4777 ;

214 4808 286 4847 ac
319 4793 409 4849 sic
462 4798 665 4866 aperta
717 4793 976 4851 claustra
1030 4797 1350 4869 reperiens,
1398 4800 1456 4852 et
1502 4801 1629 4853 tuto
1670 4797 1877 4852 inserit

216 4880 452 4950 chelas,
483 4883 825 4956 visceraque
856 4884 1085 4940 interna
1109 4885 1465 4958 depascitur.

287 4969 400 5027 89
430 4971 524 5027 23.
575 4972 724 5027 Sunt
775 4989 913 5046 ergo
961 4973 1232 5030 homines
1283 4972 1382 5046 qui
1433 4974 1626 5030 cancri
1673 4991 1785 5030 usu
1817 4975 1875 5029 in

209 5056 433 5117 aliena
467 5077 644 5117 usum
679 5061 1530 5135 circumscriptionisirrepant,
1551 5067 1606 5119 et
1636 5063 1878 5118 inﬁrmi-

207 5151 407 5204 tatem
470 5149 717 5222 propriae
775 5150 1007 5207 virtutis
1058 5156 1191 5207 astu
1230 5151 1485 5224 quodam
1517 5151 1872 5221 suffulciant,

280 5343 406 5429 (29)
441 5344 739 5429 Ch‘etaehin
771 5345 1000 5429 cancris
1056 5345 1523 5429 quasi_forcipes
1566 5350 1726 5414 sunt,
1777 5350 1878 5403 aut

199 5415 473 5490 quidam
502 5417 674 5490 digiti
706 5418 923 5490 quibus
949 5415 1118 5474 obvia
1147 5415 1457 5490 arripiunt.

278 5489 367 5558 (1)
397 5488 739 5562 Diptychuni
766 5495 931 5562 vocat
951 5488 1447 5562 utrumque’latus
1475 5492 1634 5544 testae
1657 5492 1875 5562 ostreo-

196 5572 373 5627 rum,
423 5559 594 5642 Aquod
626 5576 790 5642 more
825 5560 971 5642 llibri
996 5559 1312 5642 claudatur
1338 5562 1513 5642 atque
1541 5559 1873 5642 aperiatur:

192 5643 235 5687 ι
298 5629 608 5708 particula
664 5638 732 5705 δις
786 5635 845 5694 et
895 5633 1070 5696 verbo
1098 5640 1355 5709 πτύσσιιν,
1384 5629 1445 5693 id
1501 5629 1598 5694 est
1636 5630 1872 5711 plicare.

1986 4630 2129 4668 num
2170 4618 2319 4669 Deus
2368 4613 2453 4669 sic
2475 4614 2664 4681 vestit,
2693 4618 2754 4670 ut
2780 4615 3063 4672 miremur
3092 4636 3106 4685 ;
3141 4618 3189 4675 si
3222 4621 3407 4691 pascit
3434 4621 3636 4678 volati-

1984 4701 2094 4771 lia;
2129 4701 2179 4758 si
2234 4702 2458 4774 paravit
2505 4719 2672 4759 corvo
2727 4721 2942 4772 escam,
2995 4706 3139 4778 pulli
3191 4709 3348 4764 enim
3399 4711 3526 4780 ejus
3557 4710 3631 4765 ad

1986 4791 2296 4847 Dominum
2344 4790 2649 4859 clamant;
2702 4792 2754 4848 si
2806 4794 3153 4852 mulieribus
3202 4798 3362 4852 dedit
3392 4800 3631 4852 texturae

1986 4880 2334 4952 sapientiam
2375 4898 2388 4949 ;
2437 4881 2486 4935 si
2535 4898 2831 4952 araneam,
2884 4900 3011 4954 quae
3060 4889 3179 4939 tam
3230 4882 3522 4940 subtiliter
3563 4901 3631 4941 ac

1986 4970 2151 5025 docte
2201 4967 2361 5024 laxos
2391 4986 2586 5025 casses
2617 4971 2929 5042 suspendit
2956 4971 3015 5025 in
3049 4972 3294 5036 foribus,
3330 4971 3628 5042 sapientiae

1987 5075 2101 5113 non
2125 5057 2360 5129 reliquit
2384 5059 2707 5114 immunem
2730 5078 2742 5128 ;
2768 5059 2816 5115 si
2839 5060 2961 5132 ipse
2985 5060 3252 5115 virtutem
3275 5075 3423 5130 equo
3446 5059 3626 5127 dedit,

1986 5153 2043 5203 et
2080 5146 2254 5203 solvit
2277 5148 2348 5203 de
2378 5148 2596 5203 cervice
2618 5149 2745 5219 ejus
2767 5147 3158 5215 lormidinem,
3188 5152 3254 5202 ut
3291 5147 3542 5206 exsultet
3568 5149 3629 5207 in

2057 5345 2130 5417 (2)
2163 5346 2263 5420 Ita
2281 5363 2431 5420 mss.
2482 5345 2663 5420 αρτ-ι),
2700 5350 2887 5408 vetus,
2936 5344 3042 5420 Th,
3096 5361 3161 5401 ac
3205 5345 3345 5420 Reg.
3380 5345 3491 5420 Alii
3524 5346 3629 5404 ali-

1987 5423 2147 5502 quot,
2207 5418 2405 5502 aliene
2449 5417 2763 5502 Istabilt'ltum
2796 5418 3035 5502 ‘regz'tur
3106 5417 3363 5502 pendere,
3425 5419 3630 5502 ‘Carnq

1986 5487 2170 5544 dliena
2198 5489 2495 5545 stabilitate
2523 5488 2730 5559 regitur
2758 5493 2808 5541 et
2832 5487 3090 5559 pondere.
3108 5487 3355 5564 'Reliqui
3387 5495 3442 5548 et
3462 5487 3625 5567 edit.,

1984 5560 2167 5621 alieno
2199 5560 2409 5618 stabilit
2436 5562 2487 5617 et
2514 5559 2653 5633 regit
2673 5557 2931 5632 pondere.
