4084 6188
457 272 577 336 231,

1911 271 1977 332 S.
2018 269 2390 334 AMBROSII

3745 271 3870 336 23%

460 418 687 476 campo,
720 404 776 458 et
799 415 1111 459 occurrens
1140 400 1378 475 regibus
1408 399 1664 468 irrideat,
1695 400 1798 458 90
1827 401 2101 458 odoretur
2129 403 2184 468 Α
2207 401 2478 474 jungere,
2513 399 2753 458 domum
2784 399 2858 458 ad
2889 399 3151 460 domum.
3184 399 3394 458 Deﬁcit
3419 403 3586 473 terra
3603 399 3860 458 homini-

460 490 674 546 bellum
709 490 963 556 eminus,
1016 489 1300 546 excitetur
1329 505 1471 544 sono
1503 488 1694 557 tuba;
1731 489 1779 546 si
1811 489 1932 545 hac
1958 489 2104 545 irra-

456 578 760 635 tionabilia
792 578 1090 651 pleraque,
1141 581 1198 633 et
1236 577 1350 632 alia
1379 576 1764 643 insensibilia,
1803 582 1867 632 ut
1907 578 2102 634 fenum

454 671 511 724 et
541 667 684 736 lilia,
735 667 977 740 replevit
1008 682 1122 722 sua
1173 665 1558 737 dispositione
1607 665 1925 738 sapientia,
1961 665 2100 738 quid

455 757 798 814 dubitamus
831 757 984 828 quod
1018 755 1192 810 etiam
1225 754 1282 809 in
1335 754 1610 810 ecbinum
1652 754 1963 810 contulerit
1990 754 2100 809 hu-

447 847 552 918 jus
569 845 816 920 gratiam
841 842 1212 917 prascientia
1233 842 1261 897 ?
1290 842 1444 899 Nihil
1469 843 1623 899 enim
1653 842 2100 915 inexploratum,

456 935 604 992 nihil
632 933 1068 990 dissimulatum
1085 931 1336 1004 reliquit.
1365 932 1574 988 Omnia
1592 933 1768 1004 videt,
1793 933 1891 1005 qui
1912 931 2103 1005 pascit

456 1022 894 1092 omnia;omnia
913 1020 1096 1093 replet
1114 1021 1418 1092 sapientia,
1453 1023 1550 1093 qui
1578 1021 1847 1076 omniain
1877 1020 2100 1092 sapien-

453 1113 536 1168 tia
562 1112 714 1176 fccit,
747 1115 812 1166 ut
841 1110 1124 1182 scriptum
1158 1114 1246 1165 cst
1290 1111 1464 1179 (Psal.
1497 1126 1615 1181 cm,
1647 1109 1760 1182 21).
1793 1109 1862 1164 Et
1891 1109 2020 1164 ideo
2050 1109 2100 1164 si

453 1200 726 1257 echinum
759 1198 1112 1254 visitationis
1145 1215 1263 1254 sua
1311 1203 1601 1254 exsortem
1632 1215 1748 1254 non
1780 1197 2100 1271 praetermi-

452 1291 561 1346 sit:
597 1289 645 1345 si
677 1305 811 1344 eum
843 1287 1193 1356 considerat,
1227 1292 1282 1343 et
1314 1287 1647 1343 futurorum
1702 1286 1979 1343 informat
2017 1287 2101 1342 in-

451 1377 646 1444 diciis,
676 1383 779 1433 tua
826 1393 942 1432 non
995 1375 1374 1432 considerat?
1423 1375 1545 1432 Imo
1582 1393 1714 1432 vero
1747 1375 2096 1442 considerat,

453 1467 607 1522 sicut
662 1469 912 1521 testatur
958 1465 1086 1534 ejus
1139 1463 1335 1519 divina
1385 1463 1683 1536 Sapientia
1743 1463 1984 1519 dicens:
2037 1461 2097 1518 Si

453 1554 692 1627 respicit
731 1551 1011 1618 volatilia,
1056 1551 1105 1606 si
1155 1552 1340 1624 pascit
1382 1551 1502 1621 illa,
1558 1569 1749 1608 nonne
1779 1569 1879 1609 vos
1912 1549 2099 1623 pluris

451 1645 594 1701 estis
624 1641 738 1699 illis
768 1641 977 1713 (Matth.
1005 1657 1083 1708 vx,
1107 1641 1247 1712 26)?
1273 1640 1334 1696 Si
1360 1645 1550 1713 fenum
1605 1643 1734 1710 agri
1775 1639 1914 1712 quod
1943 1638 2100 1696 hodie

451 1738 549 1801 est,
581 1741 634 1789 et
658 1749 779 1789 cras
808 1733 869 1786 in
897 1733 1080 1801 ignem
1109 1731 1372 1801 mittitur,
1409 1731 1545 1786 Deus
1573 1731 1652 1786 sic
1679 1731 1856 1796 vestit,
1899 1732 2098 1801 quanto
2129 1769 2174 1834 Β

450 1824 628 1894 magis
659 1837 764 1889 vos,
796 1819 1028 1876 modicae
1056 1814 1229 1889 ﬁdei?

1105 1907 1335 1964 CAPUT
1375 1908 1440 1963 X.

453 2001 658 2072 Gaique
687 2000 876 2072 generi
901 1999 1138 2072 piscium
1159 1997 1475 2072 praescripta
1505 2013 1617 2072 esse
1645 2013 1750 2072 sua
1775 1995 2095 2072 domicilia;

520 2069 663 2127 uhde
706 2071 950 2125 humana
999 2069 1186 2123 levitas
1233 2085 1296 2124 ac
1344 2070 1573 2124 luxuria
1614 2069 2094 2127 condemnentur;

522 2148 706 2198 tamen
755 2142 1011 2213 quosdam
1055 2142 1228 2213 pisces
1277 2140 1348 2194 ad
1397 2141 1632 2213 sobolem
1679 2140 1795 2195 loco
1839 2143 2098 2213 mutare;

519 2215 676 2283 cujus
703 2208 786 2268 rei
831 2214 974 2267 ratio
1015 2208 1362 2283 expenditur,
1401 2216 1453 2267 et
1482 2211 1721 2266 hominis
1749 2208 2096 2282 reprehendi-

519 2282 613 2340 tur
655 2284 1075 2339 incontinentia.
1128 2283 1263 2337 Item
1306 2282 1372 2337 de
1417 2283 1743 2354 specialibus
1781 2283 2098 2353 aliquorum

513 2357 755 2428 piscium
781 2355 1087 2410 virtutibus.

518 2447 608 2502 26.
642 2451 730 2499 An
780 2461 914 2498 vero
965 2442 1091 2498 sine
1140 2442 1394 2514 quadam
1443 2442 1580 2498 dote
1607 2446 1829 2498 natura
1860 2459 2097 2502 manere

449 2534 709 2607 piscibus
765 2531 942 2587 etiam
1003 2529 1166 2586 illam
1239 2534 1512 2602 putamus
1584 2531 1856 2604 gratiam,
1939 2535 2093 2606 quod

449 2619 911 2693 unumquodque
949 2635 1134 2691 genus
1172 2618 1423 2691 piscium
1464 2619 1802 2692 prascripta
1841 2621 1952 2676 sibi
1986 2623 2093 2678 do-

448 2710 668 2767 micilia
704 2709 899 2778 habet,
935 2724 1059 2780 qua
1091 2709 1182 2763 sui
1205 2707 1435 2780 generis
1463 2707 1662 2764 nullus
1686 2710 1944 2776 excedat,
1977 2727 2092 2766 non

445 2801 712 2857 incurset
750 2796 1022 2854 alienus?
1061 2796 1202 2863 Quis
1231 2801 1528 2869 geometra
1566 2796 1659 2852 his
1699 2797 1895 2854 divisit
1934 2798 2094 2855 habi-

445 2887 641 2944 tacula
679 2885 859 2942 nullis
899 2885 1224 2958 rumpenda
1260 2885 1673 2957 temporibus?
1711 2886 1821 2942 Sed
1862 2903 2091 2960 geome-

446 2981 598 3033 tram
639 2974 993 3040 audivimus,
1033 2972 1541 3030 thalassometram
1582 2991 1885 3046 nunquam
1927 2976 2092 3031 audi.

447 3067 678 3133 vimus;
721 3068 777 3119 et
814 3067 1008 3118 tamen
1051 3062 1240 3136 pisces
1273 3080 1610 3118 mensuram
1650 3080 1820 3118 suam
1852 3069 2088 3135 norunt,

2215 491 2344 558 bus,
2380 493 2724 546 sternuntur
2752 492 2809 546 et
2837 489 3042 545 maria.
3077 491 3302 547 Rursus
3333 507 3438 564 pro
3486 489 3856 564 singulorum

2213 576 2456 635 libidine
2476 579 2756 634 inciditur
2787 582 3128 646 terra,mare
3150 579 3500 648 infunditur,
3535 582 3600 635 ut
3627 579 3860 638 insulas

2213 667 2522 734 faciant,ut
2565 666 2905 740 possideant
2951 666 3129 723 freta:
3166 668 3359 740 spatia
3387 667 3566 724 maris
3597 666 3712 724 sibi
3735 668 3860 724 vin-

2213 753 2410 810 dicant
2433 755 2568 826 jure
2598 754 2899 826 mancipii,
2934 754 3300 826 pisciumque
3326 754 3465 826 jura
3485 753 3642 810 sicut
3660 769 3864 810 verna-

2214 843 2479 900 culorum
2511 841 2844 900 conditione
2872 843 2967 898 9|
3005 841 3117 898 sibi
3149 842 3370 898 servitii
3405 843 3669 914 subjecta
3698 859 3864 899 com-

2213 937 2561 988 memorant.
2596 933 2728 999 Iste,
2755 930 2966 1002 inquit,
2992 932 3157 987 sinus
3183 932 3368 988 maris
3387 947 3573 999 meus,
3601 931 3699 988 ille
3719 931 3864 990 alte-

2211 1019 2352 1076 rius.
2387 1019 2662 1075 Dividunt
2710 1019 2997 1075 elementa
3044 1019 3156 1074 sibi
3206 1025 3493 1092 potentes.
3526 1019 3628 1075 His
3656 1024 3859 1076 ostrea

2210 1109 2269 1164 in
2321 1109 2596 1165 ﬂuctibus
2641 1109 3023 1165 nutriuntur:
3077 1107 3170 1165 bis
3201 1108 3259 1164 in
3313 1108 3531 1164 vivario
3560 1109 3740 1181 piscis
3770 1109 3860 1167 in.-

2209 1197 2481 1254 cluditur.
2515 1197 2777 1254 Luxuria
2830 1214 2935 1253 nec
2986 1213 3145 1253 mare
3193 1197 3434 1266 sufficit,
3467 1197 3582 1254 nisi
3615 1197 3857 1270 apothe-

2209 1304 2306 1343 cas
2334 1287 2588 1343 habeant
2632 1291 2976 1343 ostrearum.
3011 1290 3214 1360 Itaque
3271 1289 3468 1343 atates
3511 1303 3713 1344 earum
3744 1305 3860 1343 nu-

2210 1379 2456 1444 merant,
2489 1381 2546 1431 et
2578 1374 2827 1447 piscium
2859 1374 3222 1446 receptacula
3252 1376 3592 1444 instruunt;
3624 1394 3697 1432 ne
3725 1393 3863 1432 con-

2207 1463 2356 1519 vivia
2387 1463 2581 1519 divitis
2640 1480 2799 1518 mare
2832 1481 2946 1519 non
2991 1464 3176 1536 possit
3214 1464 3475 1536 implere.
3504 1464 3652 1522 Nam
3682 1464 3860 1520 vicini

2209 1569 2418 1608 nomen
2443 1552 2658 1625 quibus
2687 1551 2933 1608 audiunt
2965 1553 3205 1609 auribus
3239 1551 3253 1608 l
3290 1553 3514 1617 Quibus
3543 1553 3729 1610 oculis
3760 1553 3861 1610 in-

2206 1645 2447 1697 tuentur
2475 1641 2875 1714 possessiones
2915 1643 3154 1697 eoruml
3190 1643 3698 1707 Quemadmodum
3728 1643 3860 1700 dies

2208 1735 2524 1803 noctesque
2545 1729 2890 1802 excogitant,
2916 1735 2981 1785 ut
3010 1729 3232 1802 aliquid
3264 1731 3514 1803 proximi
3545 1731 3858 1788 auferant!

2204 1820 2493 1891 Numquid
2519 1820 2622 1875 soli
2660 1817 2978 1875 habitabitis
3029 1837 3190 1892 super
3237 1829 3440 1876 terram
3481 1825 3611 1889 (Isa.
3644 1837 3701 1888 v,
3731 1820 3792 1892 8)
3831 1820 3860 1876 ?

2205 1908 2420 1965 clamat
2466 1907 2766 1982 pr0pheta.
2803 1907 3110 1982 Cognoscit
3145 1908 3266 1965 hac
3295 1908 3602 1978 Dominus,
3643 1914 3703 1966 et
3725 1909 3858 1968 vin-

2205 1998 2372 2054 dicta
2405 2001 2676 2053 reservat.
2945 2049 2960 2062 ,

2274 2087 2363 2141 28.
2393 2087 2686 2151 Quantum
2711 2084 2900 2142 aliena
2920 2103 2954 2142 a
2975 2085 3235 2158 piscibus
3278 2086 3571 2143 aviditatis
3601 2087 3854 2161 rapina!

2206 2173 2293 2230 Illi
2345 2172 2636 2230 naturalia
2684 2177 2918 2246 captant
2966 2180 3207 2243 secreta,
3253 2178 3310 2232 et
3362 2174 3517 2232 ultra
3567 2175 3858 2235 terminos

2206 2261 2362 2318 orbis
2391 2267 2678 2318 terrarum
2712 2279 2872 2319 mare
2904 2267 3138 2332 norunt,
3199 2265 3354 2336 quod
3387 2264 3564 2321 nulla
3594 2265 3856 2338 interpo-

2203 2352 2331 2408 lant
2360 2350 2586 2419 insula,
2621 2367 2731 2408 nec
2775 2355 2929 2408 terra
2973 2352 3173 2425 aliqua
3200 2352 3526 2424 interjacet,
3554 2353 3644 2410 vel
3693 2353 3851 2411 ulte-

2204 2441 2329 2497 rius
2361 2439 2481 2497 ulla
2512 2441 2589 2496 sit
2637 2440 2844 2512 posita.
2895 2440 3017 2496 Illic
3072 2442 3254 2515 igitur
3284 2443 3383 2497 ubi
3417 2443 3701 2500 diffusum
3731 2443 3864 2502 late.

2204 2547 2364 2586 mare
2393 2546 2626 2587 omnem
2658 2529 2958 2603 spectandi
2987 2547 3183 2598 usum,
3224 2530 3492 2588 utilitatis
3524 2533 3713 2606 gratia
3743 2550 3854 2589 na,-

2201 2618 2436 2693 vigandi
2467 2617 2818 2674 intercludat
2849 2618 3176 2686 audaciam,
3212 2620 3457 2676 condere
3486 2636 3548 2677 se
3577 2620 3856 2680 feruntur

2203 2712 2344 2776 cete,
2377 2706 2478 2762 illa
2517 2707 2809 2764 immensa
2844 2723 3059 2780 genera
3088 2707 3358 2780 piscium,
3402 2708 3648 2781 aqualia
3675 2726 3852 2768 mon-

2199 2797 2360 2853 tibus
2398 2813 2660 2868 corpora,
2711 2801 2776 2851 ut
2821 2797 3191 2852 tradiderunt
3242 2797 3431 2865 nobis,
3483 2798 3586 2870 qui
3650 2798 3857 2856 videre

2202 2890 2517 2958 potuerunt
2540 2902 2552 2940 :
2590 2883 2707 2941 illic
2729 2884 2993 2957 quietum
3013 2903 3200 2941 avum
3223 2886 3465 2959 exigunt
3493 2887 3756 2945 discreta
3774 2889 3863 2946 ab.

2200 2973 2494 3042 insulis,et
2523 2975 2595 3030 ab
2625 2975 2899 3030 omnibus
2930 2975 3358 3031 maritimarum
3384 2975 3623 3031 urbium
3655 2981 3854 3034 conta-

2201 3064 2312 3137 giis
2342 3068 2609 3136 separata
2625 3063 2843 3120 habent
2863 3080 3002 3120 suas
3033 3065 3299 3138 regiones
3318 3065 3389 3137 (5)
3421 3070 3478 3120 et
3507 3065 3854 3132 habitacula

447 3171 562 3210 non
595 3151 780 3207 muris
803 3151 1036 3206 urbium
1057 3149 1359 3222 portisque
1380 3150 1799 3222 prascriptam,
1824 3167 1939 3206 non
1961 3151 2092 3207 adi-
2122 3133 2164 3201 α
2201 3152 2532 3209 distributa.
2593 3151 2828 3208 Manent
2880 3152 2940 3207 in
2972 3152 3063 3209 his
3104 3153 3386 3210 inoffenso
3417 3153 3750 3212 vicinorum,
3775 3154 3849 3210 li~

447 3243 595 3298 ficiis
627 3236 957 3306 domorum,
999 3256 1112 3295 non
1167 3256 1442 3311 agrorum
1495 3239 1712 3296 ﬁnibus
1752 3239 2084 3309 limitatam,

445 3333 544 3388 sed
587 3347 926 3387 mensuram
956 3329 1083 3399 eius
1112 3329 1265 3400 quod
1299 3332 1564 3400 oporteat
1593 3346 1606 3396 ;
1641 3332 1706 3383 ut
1734 3333 1964 3384 tantum
1994 3346 2086 3384 sa-

443 3421 518 3476 tis
551 3420 626 3476 sit
647 3419 983 3490 unicuique,
1026 3421 1312 3490 quantum
1337 3417 1410 3472 ad
1434 3433 1608 3472 usum
1649 3417 1929 3486 abundet,
1969 3435 2086 3474 non

391 3526 407 3532 '
443 3513 729 3582 quantum
771 3508 1019 3564 aviditas
1053 3505 1320 3578 quadam
1341 3505 1726 3562 immoderata
1755 3507 1866 3562 sibi
1897 3505 2085 3562 vindi-

441 3603 550 3656 cet.
615 3599 726 3654 Lex
782 3596 1048 3668 quadam
1104 3599 1323 3650 natura
1391 3599 1480 3650 est
1536 3599 1765 3651 tantum
1830 3611 2087 3667 quaerere

443 3693 731 3759 quantum
751 3685 1006 3741 sufficiat
1026 3684 1099 3739 ad
1115 3683 1356 3753 victum,
1381 3687 1438 3738 et
1469 3682 1879 3739 alimentorum
1915 3683 2084 3739 modo

441 3782 658 3832 sortem
698 3791 933 3830 censere
964 3772 1298 3846 patrimonii
1339 3772 1436 3845 (3).
1470 3772 1588 3828 Hoc
1619 3789 1804 3844 genus
1835 3771 2086 3844 piscium

437 3865 498 3920 in
531 3864 626 3920 illo
677 3864 810 3920 sinu
843 3861 1026 3918 maris
1057 3860 1236 3917 alitur
1265 3865 1323 3917 et
1369 3860 1654 3934 gignitur,
1686 3860 1829 3916 illud
1860 3861 1918 3915 in
1951 3860 2083 3916 alio.

437 3954 697 4026 Denique
727 3970 844 4009 non
866 3951 1120 4025 reperies
1151 3949 1395 4006 confusa
1424 3967 1636 4022 genera
1658 3949 1907 4022 piscium
1935 3967 1947 4004 :
1984 3950 2085 4006 sed

437 4045 592 4116 quod
631 4042 726 4098 hic
766 4041 1049 4107 abundat,
1092 4038 1230 4095 alibi
1270 4039 1451 4094 deest.
1511 4039 1579 4094 Et
1616 4038 1827 4094 iterum
1869 4037 1968 4094 ille
2006 4038 2084 4093 si-

437 4151 549 4190 nus
580 4131 759 4188 maris
802 4130 1076 4202 cephalos
1124 4129 1248 4194 alit,
1281 4127 1453 4200 lupos
1482 4127 1579 4184 ille
1609 4147 1622 4185 :
1657 4127 1751 4184 ille
1790 4128 2086 4195 saxatiles,

434 4221 694 4278 locustas
724 4220 895 4276 alius.
932 4219 1056 4274 Non
1080 4221 1166 4274 est
1189 4217 1374 4272 libera
1394 4217 1643 4290 vagandi
1661 4221 1917 4289 potestas
1941 4235 1955 4286 ;
1981 4233 2085 4273 nec

437 4315 630 4365 tamen
665 4314 767 4365 aut
796 4306 1116 4362 interclusa
1183 4304 1485 4360 montibus
1526 4305 1712 4377 copia,
1756 4309 1856 4360 aut
1895 4304 2085 4360 ﬂuviis

439 4397 926 4454 interlabentibus
947 4394 1232 4452 transitus
1254 4391 1593 4465 impeditur,
1619 4394 1720 4449 sed
1752 4410 1894 4449 usus
1921 4398 2084 4449 natu-

2199 3242 2360 3310 mite,
2393 3257 2498 3297 nec
2528 3258 2673 3314 vago
2702 3241 2953 3298 transitu
2989 3242 3342 3298 mutationes
3383 3247 3654 3314 quarunt
3683 3242 3848 3302 loco-
3877 3281 3880 3283 λ

2196 3347 2327 3386 rum
2354 3349 2366 3398 ;
2401 3330 2502 3386 sed
2535 3334 2817 3402 tanquam
2848 3330 3112 3404 patrium
3136 3330 3325 3387 solum
3382 3331 3656 3405 diligunt,
3689 3337 3752 3390 et
3783 3332 3849 3390 in

2195 3419 2303 3475 his‘
2333 3419 2632 3475 immorari
2680 3418 2848 3475 dulce
2901 3419 3279 3476 arbitrantur.
3327 3421 3464 3485 Qua
3493 3421 3620 3478 ideo
3650 3420 3848 3496 elege-

2195 3512 2352 3578 runt,
2389 3512 2452 3564 ut
2481 3507 2802 3564 solitariam
2832 3507 3007 3563 vitam
3054 3513 3276 3566 remota
3327 3509 3556 3583 possint
3585 3509 3849 3568 arbitro-

2195 3615 2325 3654 rum
2358 3596 2824 3670 interpellatione
2852 3597 3194 3671 transigere.

2265 3686 2348 3741 29.
2387 3687 2536 3741 Sunt
2564 3690 2760 3742 tamen
2790 3685 2988 3758 aliqua
3015 3703 3228 3760 genera
3257 3688 3530 3760 piscium,
3580 3688 3682 3760 qui
3721 3706 3847 3748 non

2195 3775 2413 3848 ingenii
2446 3774 2723 3830 facilitate
2770 3773 2899 3831 loca
2951 3779 3200 3846 mutent,
3245 3777 3346 3832 sed
3381 3777 3611 3833 fovendi
3637 3780 3852 3850 partus
3881 3815 3883 3817 ι

2195 3864 2538 3921 necessitate
2562 3881 2574 3932 ;
2601 3879 2774 3935 quem
2805 3867 3129 3935 opportuno
3153 3869 3326 3937 atque
3356 3864 3618 3939 legitimo
3638 3881 3853 3938 procu~

2194 3957 2391 4008 rantes
2433 3956 2712 4025 tempore,
2747 3969 2814 4008 ex
2858 3951 3128 4026 plurimis
3159 3952 3322 4022 locis,
3355 3969 3422 4010 ac
3453 3955 3678 4012 diverso
3709 3954 3855 4010 sinu

2196 4041 2396 4112 maris,
2412 4040 2706 4098 innumeri
2737 4040 2894 4097 velut
2914 4042 3214 4098 communi
3235 4043 3472 4100 consilio
3494 4043 3854 4100 convenien-

2195 4135 2284 4187 tes
2314 4131 2624 4202 conjuncto
2648 4130 2880 4203 agmine
2911 4130 3219 4203 Aquilonis
3243 4131 3419 4188 ﬂatus
3439 4135 3666 4204 petunt,
3688 4134 3750 4188 et
3775 4131 3855 4188 ad

2193 4217 2338 4273 illud
2371 4216 2926 4288 Scptentrionalium
2955 4234 3116 4274 mare
3159 4218 3416 4292 partium
3448 4219 3704 4292 quadam
3736 4235 3855 4278 na-

2194 4310 2337 4362 tura
2359 4306 2486 4379 lege
2513 4307 2896 4362 contendunt.
2925 4307 3118 4375 Dicas,
3139 4307 3189 4364 si
3215 4308 3595 4366 ascendentes
3622 4308 3854 4377 videas,

2194 4395 2441 4451 rheuma
2462 4393 2533 4466 (6)
2567 4395 2863 4467 quoddam
2887 4411 3034 4461 esse,
3067 4396 3149 4451 ita
3179 4400 3486 4468 proruunt,
3518 4397 3893 4468 ﬂuctusqne'

435 4503 510 4542 ra
538 4486 866 4558 impressus
917 4489 1201 4556 tanquam
1233 4481 1432 4555 patria
1451 4481 1668 4538 ﬁnibus
1689 4498 2082 4554 unumqucm-
2112 4506 2160 4572 D
2191 4483 2571 4551 intersecant,
2605 4501 2707 4555 per
2739 4483 3150 4557 Propontidem
3182 4485 3242 4540 in
3273 4485 3563 4541 Euxinum
3595 4489 3866 4557 pontum-

434 4592 548 4648 que
589 4590 716 4631 sese
763 4577 982 4642 tenere,
1032 4577 1090 4629 et
1139 4571 1292 4627 ultra
1338 4570 1559 4628 incolas
1613 4572 1846 4644 prodire
1875 4587 2081 4645 suspe-

440 4669 598 4720 ctum
632 4663 727 4735 (4).

502 4755 594 4810 27.
634 4755 706 4808 At
745 4751 914 4807 nobis
970 4751 1143 4825 longe
1200 4750 1314 4805 alia
1370 4749 1658 4806 sententia
1705 4754 1814 4819 est,
1857 4754 2085 4807 mutare

431 4842 634 4900 exsilio
675 4842 902 4907 domos,
946 4839 1272 4895 incolarum
1313 4837 1550 4895 fastidio
1589 4837 1794 4904 teneri,
1836 4839 2084 4896 advena-

432 4949 563 4988 rum
586 4930 819 5003 captare
841 4929 1433 5002 gratiam,transferre
1446 4928 1728 4984 terminos
1749 4933 2082 5000 perpetuos,

432 5037 582 5092 quos
628 5023 954 5093 posuerunt
998 5023 1193 5091 patres
1240 5018 1444 5085 nostri,
1495 5033 1700 5090 agrum
1751 5017 1824 5072 ad
1874 5033 2083 5090 agrum

503 5162 580 5234 (3)
611 5163 751 5234 Mss.
782 5162 913 5217 Vat.
973 5164 1030 5216 et
1086 5160 1266 5215 Cum”
1306 5167 1597 5234 ‘quantum
1652 5160 1856 5230 efﬁciat
1897 5160 1966 5214 ad
1994 5162 2086 5234 vi-

432 5230 599 5286 ctum.
654 5233 846 5301 Dion.,
897 5240 1162 5304 quantum
1217 5230 1471 5304 sufﬁciat
1517 5230 1586 5284 ad
1635 5235 1840 5285 victum
1878 5239 1927 5287 et
1976 5232 2085 5286 ali-

432 5306 694 5384 mentum,
728 5307 778 5358 et
810 5303 926 5360 hac
955 5303 1326 5360 tantummodo
1378 5305 1520 5358 sorte
1569 5316 1784 5357 censere
1811 5304 2083 5374 patrimo-

433 5389 582 5514 Μἷξε)
637 5445 886 5509 Quinam
937 5463 1079 5502 mss.
1133 5447 1189 5500 et
1236 5443 1374 5499 edit.
1430 5444 1597 5500 Rom.
1650 5444 1869 5516 prodire
1947 5445 2083 5516 facit

433 5519 758 5597 suspectum.
791 5517 905 5599 Alii
941 5516 1146 5588 majori
1181 5533 1427 5599 numero
1461 5522 1518 5572 et
1549 5516 1900 5588 antiquitate
1946 5533 2082 5598 cum

436 5585 576 5645 edit.
607 5592 700 5644 vet
756 5591 1038 5646 omittunt
1075 5591 1230 5662 fuat.
1264 5587 1391 5644 Non
1450 5587 1640 5657 male;
1693 5591 1884 5661 potest
1928 5603 2085 5644 enim

2194 4573 2444 4630 violento
2497 4571 2722 4645 impetu
2787 4573 3162 4646 proﬂuentes.
3218 4574 3358 4641 Quis
3416 4574 3677 4647 piscibus
3723 4574 3862 4634 hac

2195 4661 2510 4718 annuntiat
2559 4661 2707 4732 loca,
2755 4663 3028 4736 pracepit
3085 4663 3404 4736 tempora?
3453 4663 3593 4728 Quis
3639 4661 3886 4720 tribuit

2196 4751 2642 4823 dispositionem
2692 4751 2910 4819 viandi,
2957 4752 3274 4808 comitandi
3318 4753 3602 4820 ordinem,
3659 4756 3861 4810 metas

2195 4844 2252 4896 et
2280 4845 2547 4912 tempora
2578 4841 2952 4897 revertendi?
2981 4840 3260 4897 Homines
3314 4858 3488 4897 suum
3528 4842 3858 4914 imperato—

2196 4945 2317 4984 rem
2351 4929 2587 4997 habent,
2621 4930 2791 5000 cujus
2822 4933 3192 5002 exspectatur
3221 4929 3556 5002 imperium,
3583 4928 3860 5002 procedit

2193 5022 2438 5086 tessera,
2470 5021 2883 5089 proponuntur
2910 5019 3099 5074 edicta
3129 5019 3581 5092 provincialibus
3611 5022 3678 5075 ut
3705 5035 3860 5076 con-

2197 5157 2560 5232 subintelligi
2611 5159 3043 5216 substantivum
3087 5169 3183 5229 est,
3232 5165 3365 5233 post
3407 5177 3575 5218 voces
3611 5162 3854 5233 impres-

2193 5246 2375 5286 sus....
2407 5235 2464 5285 et
2490 5241 2819 5298 suspectum.

2268 5303 2344 5373 (5)
2377 5301 2485 5358 Ms.
2518 5302 2685 5359 Dion.
2740 5302 2999 5359 discretas
3039 5303 3105 5359 ab
3149 5303 3367 5373 insutis,
3400 5311 3452 5360 et
3478 5303 3546 5358 ab
3595 5304 3856 5364 omnium

2193 5375 2609 5428 maritimarum
2677 5375 2901 5447 urbium
2964 5375 3246 5447 contagiis
3298 5383 3578 5447 separatas
3644 5375 3862 5431 habent

2193 5461 2319 5500 suos
2368 5447 2633 5516 regiones.
2694 5445 2875 5513 Coen.,
2921 5445 3154 5504 remotas
3205 5446 3327 5502 illic
3350 5445 3575 5503 habent
3600 5461 3727 5504 suas
3754 5461 3854 5503 rc-

2231 5517 2398 5581 iones,
2434 5522 2544 5572 etc.

2194 5533 2398 5588 gzones,
2434 5533 2544 5572 etc.

2266 5587 2342 5666 (6)
2373 5586 2550 5647 Basil.
2583 5597 2760 5666 ῥεῦμα,
2787 5588 2847 5648 id
2879 5593 2968 5647 est
2995 5591 3172 5648 astus
3199 5606 3268 5648 ac
3298 5594 3546 5650 torrens.
