4084 6188
221 309 349 382 233

1504 316 2052 381 HEXAEMERON
2095 316 2244 381 LIB.
2292 318 2368 381 ν.

3509 318 3629 381 234

218 452 484 519 veniant,
515 449 775 506 tribunis
806 449 1060 506 militum
1092 449 1292 506 littera
1340 450 1692 524 diriguntur,
1753 452 1876 507 dies
1904 450 1961 518 Α
1995 450 2269 520 mysterio
2300 450 2446 506 dixit
2477 450 2748 525 Salomon
2782 450 2838 505 in
2898 450 3219 523 sapientia:
3280 451 3448 507 Novit
3474 453 3629 506 tem-

220 541 544 607 statuitur;
579 542 638 595 et
694 538 953 613 plerique
983 539 1055 594 ad
1088 538 1211 594 dies
1271 541 1520 595 statutos
1577 555 1878 595 occurrere

220 646 340 685 non
374 632 617 701 queunt.
652 629 793 694 Quis
844 628 1163 699 imperator
1208 628 1468 699 piscibus
1526 633 1875 700 praceptum

219 717 437 773 dedit?
461 716 605 781 Quis
636 716 838 773 doctor
865 716 1018 772 hanc
1045 715 1253 773 tribuit
1294 716 1663 789 disciplinam
1684 716 1712 772 ?
1769 716 1876 783 Qui

221 810 540 863 metatores
570 805 783 861 itinera
810 806 1179 878 disponunt?
1205 806 1310 870 Qui
1353 806 1531 862 duces
1573 806 1683 861 iter
1736 806 1875 861 diri-

220 901 394 969 gunt,
428 899 492 950 ut
520 893 743 950 nullius
775 895 926 950 desit
958 895 1281 951 occursus?
1309 895 1420 951 Sed
1453 911 1702 967 agnosco
1743 896 1876 967 quis

214 983 325 1040 ille
381 985 456 1039 sit
481 982 821 1055 imperator,
855 982 958 1054 qui
980 983 1345 1039 ordinatione
1376 984 1572 1039 divina
1603 984 1873 1040 sensibus

214 1073 629 1129 universorum
662 1089 836 1127 suum
860 1072 1132 1127 infundat
1160 1071 1495 1144 imperium.
1530 1074 1629 1145 qui
1661 1074 1875 1129 tacitus

214 1161 406 1216 mutis
434 1160 834 1217 animantibus
892 1160 1176 1215 naturalis
1228 1161 1552 1232 disciplina
1609 1163 1873 1218 ordinem

211 1249 475 1319 tribuat;
512 1266 617 1305 nec
674 1248 865 1304 solum
922 1265 1141 1321 magna
1194 1254 1477 1322 penetret,
1539 1251 1641 1305 sed
1698 1251 1871 1306 etiam

212 1354 324 1410 per
354 1337 606 1393 minima
631 1354 876 1410 quaque
916 1354 978 1393 se
1006 1339 1228 1394 fundat.
1262 1339 1482 1394 Divina
1508 1338 1655 1411 legis
1694 1339 1874 1411 piscis

209 1426 582 1499 obsequitur,
615 1431 672 1482 et
699 1426 964 1482 homines
981 1426 1386 1482 contradicunt
1410 1428 1422 1482 l
1457 1428 1641 1484 Piscis
1661 1427 1873 1483 solem-

209 1514 371 1570 niter
400 1514 648 1570 obaudit
677 1516 953 1571 mandata
1005 1515 1282 1583 coelestia,
1330 1521 1388 1572 et
1444 1516 1715 1573 homines
1771 1517 1873 1574 92

206 1603 381 1659 irrita
410 1604 637 1659 faciunt
692 1604 792 1659 Dei
851 1605 1183 1676 praecepta!
1270 1612 1361 1659 An
1419 1605 1874 1677 contemptibilis

202 1691 316 1746 tibi
346 1692 598 1764 videtur,
630 1692 768 1764 quia
816 1699 1017 1749 mutus
1048 1697 1157 1759 est,
1209 1693 1571 1766 rationisque
1619 1711 1823 1766 expers
1846 1694 1874 1748 ?

202 1781 319 1836 Sed
348 1781 480 1881 vide
501 1796 574 1878 ne
606 1786 667 1836 tu
699 1781 809 1883 tibi
835 1781 1029 1882 magis
1058 1781 1307 1883 incipias
1330 1799 1459 1838 esse
1490 1783 1870 1855 contemptui,
1904 1817 1951 1883 B

203 1871 256 1925 si
363 1868 751 1925 irrationabili
833 1868 1287 1925 irrationabilior
1388 1870 1869 1943 deprehendaris.

206 1957 362 2024 Quid
405 1960 599 2013 autem
650 1956 1060 2013 rationabilius
1117 1958 1226 2015 hoc
1283 1959 1535 2031 piscium
1595 1959 1870 2026 transitu,

201 2047 388 2117 cujus
421 2046 705 2102 rationem
733 2045 972 2119 quidem
1012 2047 1205 2103 verbis
1236 2064 1351 2103 non
1402 2048 1713 2120 explicant,
1770 2050 1871 2105 sed

203 2134 386 2191 factis
444 2134 810 2206 loquuntur?
855 2136 1113 2208 Pergunt
1168 2137 1324 2191 enim
1358 2138 1575 2192 astatis
1614 2142 1874 2210 tempore

208 2224 281 2280 ad
317 2224 543 2279 fretum
575 2223 765 2292 Ponti,
800 2241 866 2279 eo
899 2225 1056 2297 quod
1087 2225 1314 2297 reliquo
1348 2227 1528 2281 maris
1585 2226 1716 2282 sinu
1779 2226 1873 2281 hic

210 2313 387 2369 sinus
432 2311 659 2368 dulcior
689 2312 786 2368 sit.
819 2313 947 2368 Non
978 2313 1136 2369 enim
1188 2314 1394 2369 tandiu
1453 2314 1538 2370 sol
1597 2315 1648 2370 ei
1704 2316 1868 2385 freto,

212 2401 481 2475 quandiu
514 2402 735 2457 cateris
766 2400 1134 2468 immoratur,
1167 2418 1351 2474 eaque
1380 2404 1445 2458 fit
1468 2420 1647 2460 causa
1668 2408 1733 2460 ut
1755 2408 1868 2460 non

210 2507 448 2547 omnem
482 2507 697 2562 aquam
730 2491 1054 2557 exhauriat,
1080 2508 1206 2563 qua
1233 2491 1422 2547 dulcis
1444 2498 1616 2564 atque
1643 2495 1869 2565 potabi-

210 2579 287 2635 lis
319 2584 429 2635 est.
462 2579 604 2646 Quis
638 2583 833 2634 autem
888 2578 1136 2651 ignoret,
1198 2581 1355 2651 quod
1390 2581 1564 2635 etiam
1624 2598 1692 2636 ea
1745 2600 1870 2654 qua

211 2668 510 2723 maritima
551 2670 710 2733 sunt,
771 2666 941 2739 aquis
992 2666 1337 2739 plerumque
1391 2668 1663 2725 dulcibus
1713 2670 1868 2726 dele-

205 2754 484 2812 ctentur?
533 2754 795 2827 Denique
819 2755 959 2812 dum
992 2755 1236 2811 ﬂumina
1283 2761 1629 2829 sequuntur,
1681 2764 1739 2814 et
1795 2760 1867 2814 ad

208 2844 525 2917 superiora
552 2844 896 2911 ascendunt,
932 2845 1267 2916 frequenter
1297 2844 1469 2900 alieni
1530 2846 1720 2916 pisces
1766 2864 1865 2920 ge-

208 2933 369 2989 neris
397 2932 713 3005 capiuntur
738 2932 798 2988 in
833 2932 1050 2989 ﬂuviis.
1084 2934 1228 2989 Cum
1279 2934 1398 2989 hac
1451 2934 1634 3007 igitur
1690 2953 1869 2992 causa

1988 556 2100 611 pus
2131 540 2308 595 eundi
2340 545 2511 612 atque
2547 538 2863 595 redeundi:
2898 539 3055 596 novit
3109 543 3343 612 tempus
3400 540 3632 612 perfun-

1988 628 2196 684 ctionis
2226 633 2284 684 et
2321 628 2679 700 jactationis,
2716 632 2773 683 et
2825 629 2983 684 novit
3030 633 3091 684 ut
3151 624 3265 684 non
3299 631 3473 701 queat
3510 627 3632 684 falli

1987 717 2183 787 (Ecclr.
2219 734 2301 778 ιιι.
2335 717 2495 787 2-8);
2530 717 2669 788 quia
2702 734 2815 771 non
2839 716 3080 773 rationis
3116 716 3520 781 astimatione,
3577 718 3636 772 et

1987 805 2403 877 disputationis
2434 809 2777 877 argumento
2823 806 3032 871 utitur,
3093 807 3193 861 sed
3252 804 3636 878 inspiratione

1986 900 2229 957 natura,
2276 912 2402 965 qua
2432 911 2567 949 vera
2607 898 2694 948 est
2745 894 3027 967 magistra
3074 894 3327 966 pietatis.
3375 893 3644 965 Denique

1986 999 2190 1037 omnes
2222 983 2550 1038 animantes
2582 982 2915 1054 prascripta
2945 982 3161 1037 habent
3190 982 3453 1053 pariendi
3485 986 3632 1038 tem-

1987 1087 2146 1142 pora,
2181 1072 2355 1126 homo
2388 1072 2547 1126 solus
2566 1071 2884 1125 indiscreta
2909 1076 3082 1143 atque
3108 1072 3365 1126 confusa.
3392 1070 3637 1142 Reliqua

1984 1175 2199 1231 genera
2256 1159 2621 1215 clementiam
2684 1160 2965 1231 temporis
3023 1163 3308 1230 quarunt,
3360 1157 3635 1213 mulieres

1989 1248 2124 1302 sola
2145 1254 2351 1320 partus
2382 1267 2521 1305 suos
2547 1248 2927 1304 inclementer
2942 1248 3267 1303 effundunt.
3284 1248 3447 1320 Vaga
3476 1246 3632 1302 enim

1982 1340 2039 1391 et
2068 1336 2467 1408 intemperans
2508 1338 2687 1392 libido
2744 1337 3060 1409 generandi
3116 1352 3321 1408 vagam
3368 1335 3633 1407 pariendi

1982 1429 2205 1480 atatem
2238 1427 2488 1482 exhibet.
2525 1427 2716 1482 Pisces
2748 1430 2911 1481 tanta
2962 1425 3148 1481 maria
3201 1424 3630 1493 transmittunt,

1986 1518 2050 1567 ut
2078 1514 2390 1570 utilitatem
2439 1515 2697 1587 aliquam
2756 1515 2953 1587 generi
3011 1531 3119 1569 suo
3178 1517 3463 1586 quarant.
3515 1508 3639 1570 Nos

1986 1619 2219 1675 quoque
2250 1604 2465 1659 diﬂ‘usa
2491 1621 2725 1676 aquora
2754 1604 3204 1659 transfretamus
3238 1621 3251 1660 :
3287 1604 3387 1659 sed
3418 1606 3635 1675 quanto

1986 1690 2311 1757 honestius,
2357 1695 2509 1764 quod
2544 1693 2936 1749 successionis
2967 1709 3185 1763 amore,
3242 1709 3418 1765 quam
3479 1692 3643 1764 quod

1983 1782 2241 1853 pecunia
2267 1781 2539 1837 aviditate
2566 1782 2929 1854 suscipitur?
2960 1781 3219 1854 Denique
3260 1780 3379 1836 illis
3413 1781 3484 1837 ad
3513 1780 3637 1852 pie-

1982 1874 2185 1935 tatem,
2216 1871 2382 1926 nobis
2414 1872 2485 1926 ad
2518 1876 2808 1943 quaestum
2867 1870 3238 1927 transmissio
3298 1869 3631 1942 deputatur.

1984 1957 2069 2012 Illi
2099 1958 2356 2014 sobolem
2390 1960 2647 2015 referunt
2673 1960 2948 2015 omnibus
2971 1959 3265 2014 mercibus
3285 1957 3634 2014 chariorem:

1982 2063 2088 2101 nos
2122 2049 2222 2102 93
2260 2063 2507 2103 mercem
2538 2047 2709 2121 longe
2744 2048 3027 2121 imparem
3059 2049 3129 2103 ad
3162 2046 3405 2120 periculi
3445 2046 3633 2103 vicem

1983 2134 2195 2190 misera
2226 2135 2370 2191 lucri
2402 2137 2674 2208 cupidine
2698 2141 3085 2209 reportamus.
3149 2137 3349 2209 Itaque
3408 2135 3493 2191 illi
3531 2152 3635 2208 pa-

1983 2223 2157 2279 triam
2229 2228 2529 2295 repetunt:
2585 2243 2691 2281 nos
2742 2226 3223 2298 derelinquimus.
3260 2225 3381 2282 Illis
3437 2225 3633 2281 nando

1981 2311 2407 2368 incrementum
2439 2315 2669 2388 generis
2701 2315 3062 2387 acquiritur:
3121 2313 3289 2371 nobis
3342 2313 3632 2371 minuitur

1982 2401 2334 2472 navigando.

2051 2491 2139 2544 31.
2203 2490 2342 2553 Quis
2400 2489 2579 2562 igitur
2626 2496 2797 2564 neget
2838 2492 3119 2547 divinitus
3176 2492 3293 2548 illis
3363 2492 3628 2548 infusum

1982 2577 2280 2648 ingenium
2333 2594 2463 2634 esse
2489 2580 2828 2650 hujusmodi
2883 2585 3057 2651 atque
3112 2580 3434 2635 virtutem?
3487 2582 3631 2637 Cum

1978 2665 2169 2720 videat
2193 2665 2336 2721 istos
2366 2666 2425 2720 in
2454 2667 2801 2738 Aquilonem
2850 2671 2968 2722 tam
3003 2668 3322 2723 solemnem
3354 2668 3632 2723 obeunda

1978 2754 2352 2809 fecunditatis
2386 2755 2909 2827 peregrinationem
2949 2756 3129 2811 vivaci
3186 2756 3421 2828 ingenio
3479 2771 3633 2811 com-

1978 2859 2227 2913 ponere;
2262 2842 2407 2898 alios
2435 2843 2495 2898 in
2540 2844 2745 2917 exiguo
2777 2860 3013 2918 corpore
3044 2848 3277 2899 tantum
3309 2842 3629 2900 validitatis

1978 2947 2300 2998 assumere,
2346 2936 2411 2985 ut
2467 2932 2752 2987 maximas
2809 2932 3046 2988 navium
3085 2931 3271 3005 plenis
3327 2936 3628 2988 currentes

212 3023 462 3078 Pontum
522 3020 641 3077 illis
696 3020 872 3077 faciat
929 3022 1264 3094 gratiorem.
1324 3022 1413 3078 vel
1477 3025 1629 3095 quod
1690 3029 1866 3080 astus
1974 3019 2117 3075 velis
2151 3020 2209 3073 in
2248 3020 2456 3076 mediis
2488 3021 2763 3077 ﬂuctibus
2794 3022 3040 3077 sistant:
3083 3022 3235 3077 sicut
3290 3021 3483 3077 brevis
3534 3020 3627 3094 pi-

211 3112 499 3182 temperet
536 3108 816 3165 solemnis
845 3108 965 3164 illic
1014 3109 1188 3165 ﬂatus
1243 3110 1534 3181 aquilonis
1593 3113 1691 3184 (7),
1736 3119 1864 3168 tum

1975 3108 2226 3164 sciculus
2248 3109 2514 3165 echeneis
2541 3114 2704 3165 tanta
2730 3110 3009 3165 facilitate
3033 3113 3396 3166 memoratur
3416 3125 3622 3166 navem

212 3197 691 3277 opportuniorem
722 3197 941 3253 cateris
963 3197 1254 3269 judicant,
1300 3199 1360 3253 in
1393 3216 1507 3271 quo
1565 3216 1861 3273 generare,
1894 3175 1937 3242 (ἶ
1978 3197 2275 3268 ingentem
2304 3197 2545 3266 sistere;
2578 3203 2642 3253 ut
2672 3199 2839 3269 quasi
2872 3197 3186 3253 radicatam
3219 3198 3368 3253 mari
3407 3198 3624 3253 harere

212 3291 270 3342 et
310 3290 518 3358 partus
568 3285 798 3357 possint
854 3286 1119 3357 proprios
1154 3287 1431 3357 enutrirc,
1478 3288 1632 3359 quod
1679 3290 1865 3345 teneri
1972 3285 2190 3351 videas,
2236 3303 2339 3341 nec
2371 3287 2608 3342 moveri.
2642 3286 2997 3359 Aliquandiu
3042 3286 3199 3341 enim
3256 3285 3621 3342 immobilem

214 3375 372 3431 fetus
400 3374 663 3429 laborem
721 3373 919 3429 aliena
961 3374 1215 3446 regionis
1273 3377 1420 3431 ferre
1473 3376 1565 3431 vix
1613 3378 1864 3449 possint,

218 3479 367 3535 quos
396 3462 518 3517 illic
549 3461 703 3519 fovet
731 3462 883 3520 aeris
912 3462 1128 3520 blanda
1155 3462 1488 3520 clementia.
1522 3466 1721 3538 Itaque
1745 3483 1871 3539 per-

220 3556 347 3607 acto
377 3565 625 3607 munere
654 3567 857 3609 omnes
886 3550 1066 3609 simul
1095 3568 1161 3607 eo
1191 3569 1305 3624 quo
1336 3559 1612 3609 venerant
1640 3555 1871 3627 agmine

219 3643 619 3696 revertuntur.

290 3729 380 3783 30.
415 3728 694 3792 Quanam
742 3727 859 3783 ista
888 3728 966 3783 sit
1008 3727 1152 3784 ratio
1183 3730 1642 3787 consideremus.
1703 3732 1872 3803 Obje-

222 3821 349 3872 ctus
380 3820 472 3871 est
501 3815 668 3871 Ponti
696 3816 866 3872 sinus
883 3817 1068 3872 borea
1091 3821 1549 3891 caterorumque
1572 3824 1874 3875 ventorum

220 3903 670 3961 violentissimis
702 3904 940 3960 ﬂatibus
972 3922 986 3973 ;
1022 3906 1177 3961 unde
1204 3906 1396 3978 gravis
1450 3906 1569 3962 illic
1626 3908 1879 3980 procella

225 3994 391 4061 furit,
422 3998 481 4049 et
510 3997 888 4065 tempestates
918 3998 1248 4059 moventur,
1282 3995 1365 4050 ita
1394 3999 1460 4050 ut
1492 3997 1561 4051 de
1592 3997 1879 4068 profundo

227 4098 406 4138 arena
431 4085 727 4137 vertatur:
761 4082 930 4151 cujus
971 4081 1053 4136 rei
1087 4082 1298 4138 ﬂuctus
1329 4100 1609 4139 arenosus
1667 4084 1881 4141 indicio

230 4173 335 4237 est,
369 4170 471 4241 qui
500 4174 809 4224 ventorum
837 4173 1000 4225 motu
1030 4169 1341 4242 insurgens
1374 4171 1570 4237 altius,
1596 4179 1718 4228 tum
1745 4190 1884 4246 pon-

234 4258 367 4314 dere
397 4258 650 4330 gravior,
682 4257 839 4313 haud
871 4257 1046 4313 dubie
1090 4275 1206 4314 non
1228 4259 1419 4314 solum
1450 4260 1880 4333 navigantibus,

237 4346 336 4402 Sed
363 4347 543 4401 etiam
565 4346 881 4401 maritimis
901 4345 1048 4418 ipsis
1072 4346 1472 4404 animantibus
1503 4349 1885 4406 intolerabilis

237 4432 501 4509 habetur.
565 4436 803 4490 Accedit
831 4433 998 4502 illud,
1028 4435 1182 4505 quod
1215 4434 1474 4507 plurima
1530 4441 1586 4493 et
1631 4438 1885 4495 maxima

1977 3378 2187 3429 servat.
2222 3379 2309 3429 An
2342 3380 2399 3430 et
2427 3375 2564 3430 huic
2622 3379 2793 3446 putas
2851 3375 2977 3431 sine
3033 3375 3323 3431 Creatoris
3377 3390 3622 3431 munere

1978 3466 2207 3517 tantum
2239 3462 2497 3533 potuisse
2527 3467 2833 3534 suppetere
2862 3463 3141 3520 virtutis?
3197 3464 3344 3529 Quid
3395 3462 3620 3537 gladios

1978 3549 2202 3622 loquar,
2238 3554 2338 3604 aut
2357 3567 2567 3616 serras,
2610 3555 2710 3606 aut
2752 3569 2926 3608 canes
2973 3553 3323 3621 maritimos,
3372 3557 3472 3609 aut
3518 3553 3620 3608 ba-

1980 3638 2162 3705 lenas,
2196 3643 2298 3693 aut
2326 3655 2588 3710 zyganas
2612 3639 2639 3693 ?
2670 3638 2815 3703 Quid
2842 3642 3019 3696 etiam
3058 3643 3304 3698 turturis
3330 3646 3621 3707 centrum,

1982 3731 2039 3783 et
2086 3727 2193 3782 hoc
2224 3730 2466 3782 mortua
2497 3728 2524 3781 ?
2554 3728 2716 3782 Sicut
2744 3728 2901 3783 enim
2934 3729 3140 3801 vipera
3172 3747 3237 3786 os
3267 3730 3316 3785 si
3347 3730 3481 3801 quis
3515 3728 3627 3784 cal-

1985 3814 2197 3871 caverit
2226 3832 2427 3871 recens
2456 3816 2763 3883 duntaxat,
2805 3817 3043 3887 gravius
3103 3834 3281 3888 quam
3334 3832 3628 3873 venenum

1987 3921 2194 3960 nocere
2250 3903 2587 3976 perhibetur
2645 3904 2743 3976 (8),
2812 3909 2869 3960 et
2930 3904 3360 3960 immedicabile
3413 3904 3630 3959 vulnus

1989 4008 2220 4064 serpere
2254 4010 2265 4047 :
2300 3992 2381 4047 ita
2409 3992 2583 4048 etiam
2614 3996 2810 4048 turtur
2841 3992 3039 4049 aculeo
3069 4010 3175 4049 suo
3230 3997 3463 4048 mortua
3514 4006 3651 4047 amr

1990 4080 2145 4153 plius
2176 4098 2351 4152 quam
2385 4081 2509 4135 viva
2540 4081 2781 4153 periculi
2808 4082 3011 4137 afferre
3044 4085 3419 4137 memoratur.
3446 4082 3634 4151 Lepu-

1991 4168 2191 4224 sculus
2213 4186 2446 4240 quoque
2476 4170 2748 4225 timidum
2781 4169 2999 4225 animal
3032 4170 3089 4225 in
3123 4171 3313 4240 terris,
3354 4170 3413 4224 in
3485 4167 3636 4224 mari

1994 4256 2380 4322 formidabile,
2414 4257 2591 4312 citam
2621 4263 2679 4314 et
2738 4275 2863 4330 qua
2896 4276 3010 4314 non
3068 4258 3234 4314 facile
3293 4257 3636 4329 possit‘au-

1992 4346 2152 4415 ferri,
2184 4345 2573 4416 corruptelam
2603 4345 2845 4401 invehit.
2880 4346 3077 4401 Voluit
3105 4346 3261 4401 enim
3316 4350 3371 4401 te
3402 4345 3641 4402 Creator

1997 4451 2100 4490 nec
2132 4434 2190 4488 in
2223 4433 2369 4488 mari
2403 4434 2545 4489 satis
2594 4436 2664 4489 ab
2697 4434 3112 4490 insidiantibus
3143 4452 3271 4491 esse
3327 4450 3640 4503 securum;

239 4521 421 4578 Ponto
452 4522 703 4578 ﬂumina
730 4522 1105 4593 misceantur,
1140 4539 1273 4578 cum
1331 4523 1576 4581 hiberno
1627 4530 1889 4598 tempore
1921 4541 1967 4605 ι)
2000 4527 2065 4577 ut
2093 4526 2333 4594 propter
2362 4538 2547 4593 pauca
2576 4539 2703 4593 qua
2737 4528 3001 4592 noceant,
3055 4524 3224 4596 quasi
3259 4524 3318 4578 in
3360 4522 3641 4591 excubiis,

243 4610 407 4666 sinus
436 4611 565 4684 ipse
596 4610 864 4683 frigidior
920 4611 1270 4667 torrentium
1324 4612 1578 4685 rigescat
1624 4614 1892 4687 allapsu;

246 4701 551 4772 propterea
571 4700 765 4773 pisces
786 4704 1069 4771 tanquam
1094 4700 1299 4756 arbitri
1327 4701 1704 4772 ﬂuentorum,
1729 4708 1896 4760 asta-

247 4787 448 4844 teillic
476 4787 794 4861 aspirantis
838 4805 992 4843 aura
1049 4788 1418 4845 clementiam
1479 4796 1711 4863 captare
1760 4809 1898 4849 con-

250 4883 600 4933 sueverunt:
655 4878 826 4948 cujus
905 4878 1232 4933 amanitate
1316 4880 1624 4951 perfuncti,
1693 4899 1899 4938 rursus

250 4962 459 5020 hiemis
488 4981 700 5037 aspera
726 4964 1020 5021 declinare
1050 4966 1440 5034 contendunt;
1474 4972 1530 5023 et
1557 4970 1900 5040 septentrio-

254 5049 401 5107 nalis
432 5052 619 5126 plaga
648 5069 800 5108 sava
830 5052 1142 5125 fugientes,
1200 5053 1259 5108 in
1309 5055 1563 5127 reliquos
1620 5075 1682 5113 se
1736 5058 1903 5114 sinus

257 5140 575 5209 conferunt,
609 5141 673 5197 in
702 5141 926 5213 quibus
959 5145 1061 5196 aut
1087 5146 1394 5197 ventorum
1425 5144 1657 5200 mollior
1676 5146 1754 5201 sit
1785 5145 1904 5218 pla-

259 5227 482 5300 ciditas,
535 5233 636 5285 aut
664 5229 809 5287 solis
839 5229 1023 5287 soleat
1048 5246 1288 5286 vernare
1343 5234 1675 5304 temperies.
1736 5236 1907 5292 Novit

258 5314 432 5388 igitur
459 5317 641 5392 piscis
696 5318 960 5391 pariendi
1015 5322 1268 5390 tempus,
1330 5322 1488 5393 quod
1537 5339 1643 5394 pro
1692 5339 1904 5397 magno

2007 4611 2255 4682 positus,
2310 4610 2490 4665 armis
2550 4611 2682 4666 ﬁdei
2733 4628 2963 4684 semper
3000 4616 3057 4669 et
3107 4616 3272 4669 scuto
3326 4611 3649 4668 devotionis

2007 4698 2322 4765 accinctus,
2368 4715 2403 4753 a
2448 4698 2692 4754 Domino
2750 4703 2850 4755 tuo
2905 4700 3116 4758 debeas
3176 4701 3386 4758 salutis
3416 4714 3652 4773 sperare

2008 4786 2367 4857 prasidium.

2634 4903 2866 4959 CAPUT
2923 4904 3014 4959 ΧΙ.

2009 4991 2082 5045 De
2123 4988 2362 5061 piscibus
2403 4989 2668 5046 Atlantici
2714 4994 2886 5047 maris
2916 5009 2935 5045 ,ο
2965 4993 3100 5047 item
3141 4990 3209 5045 de
3253 4988 3394 5055 sale,
3425 4990 3655 5045 corallio

2081 5065 2133 5114 et
2161 5061 2291 5115 aliis
2338 5061 2677 5132 quibusdam.
2716 5063 2789 5118 0b
2836 5080 2923 5127 ea,
2962 5063 3057 5117 sed
3096 5063 3341 5116 maxime
3387 5061 3452 5115 ob
3496 5063 3656 5116 navi-

2081 5133 2379 5204 gationem,
2410 5148 2566 5187 mare
2603 5136 2765 5188 terris
2787 5137 3095 5204 praestare:
3124 5139 3251 5204 post
3293 5146 3418 5204 qua:
3463 5133 3660 5203 pauci:

2082 5203 2149 5258 de
2171 5204 2309 5258 Jona
2329 5221 2393 5258 ac
2422 5205 2583 5259 Petro
2612 5202 2945 5274 memoratis,
2998 5202 3177 5258 seruio
3205 5202 3504 5259 clauditur.

2086 5319 2174 5374 32.
2203 5318 2524 5376 Veniamus
2582 5320 2653 5374 ad
2686 5318 3051 5374 Atlanticum
3105 5334 3285 5374 mare.
3331 5320 3517 5385 Quam
3571 5319 3668 5376 in-

324 5468 681 5551 (7)_G_emet.,
710 5469 800 5551 vei
822 5468 967 5551 quod
994 5473 1159 5523 astus
1200 5471 1441 5542 tempore
1480 5471 1743 5527 solemnis
1787 5472 1907 5529 illic
2012 5472 2062 5526 si
2092 5472 2212 5542 quis
2248 5471 2538 5526 calcaverit
2557 5485 2723 5551 _rene.s
2751 5469 3044 5541 duntaxat,
3093 5473 3319 5543 gravius
3361 5488 3526 5547 quam
3566 5487 3658 5531 υθ-

646 5541 941 5612 aquam.

258 5543 425 5691 "i’s‘i‘

589 5738 852 5807 Pusam.
896 5736 1056 5806 XIV.

426 5609 576 5673 Mn.
599 5609 740 5670 Ben.
773 5610 923 5669 Cara
952 5627 1020 5671 ac
1046 5609 1247 5674 Germ.
1283 5612 1434 5674 Sicut
1462 5615 1614 5675 enim
1640 5616 1903 5691 vipereos.

2011 5558 2217 5602 nanum
2243 5555 2437 5600 nocere
2460 5542 2657 5614 fertur.
