4084 6188
416 381 537 442 235

1873 387 1938 449 S.
1985 384 2361 451 AMBROSII

3708 382 3830 451 236

418 515 614 588 gentia
640 514 761 572 illic
791 519 849 571 et
902 516 1143 573 infinita)
1173 516 1596 591 magnitudinis
1646 519 1796 575 cete!
1831 519 1965 584 Quae
2010 520 2059 575 si
2089 522 2145 587 Α
2174 525 2479 577 ventorum
2512 519 2892 594 spiramime:
2926 520 3027 577 ubi
3085 536 3256 577 nemo
3316 519 3663 594 refragatur,
3726 522 3834 577 sed

418 606 654 677 quando
714 611 1098 679 supernatant
1152 607 1448 678 ﬂuctibus,
1482 608 1783 664 ambulare
1842 609 2067 665 insulas

418 698 611 766 putes,
645 700 877 752 montes
907 695 1227 752 altissimos
1258 696 1508 752 summis
1537 697 1609 752 ad
1641 696 1849 753 coelum
1893 698 2065 753 verti-

418 783 586 841 cibus
616 785 891 842 eminere.
927 788 1059 851 Quzn
1091 802 1204 839 non
1236 784 1293 840 in
1347 790 1475 841 acta
1530 787 1631 857 (9),
1691 804 1796 841 nec
1853 787 1911 841 in
1968 786 2066 841 lit—

418 872 667 943 toribus,
700 875 802 931 sed
834 873 893 928 in
924 872 1199 928 Atlantici
1230 875 1410 930 maris
1455 875 1742 948 profundo
1802 876 2069 931 feruntur

416 962 622 1028 videri,
656 967 719 1017 ut
748 978 949 1017 eorum
980 967 1293 1034 conspectu
1329 968 1518 1020 nautae
1571 982 1605 1021 a
1662 964 1973 1038 navigandi
2008 965 2063 1018 in

417 1049 536 1105 illis
567 1050 727 1115 locis,
762 1051 1215 1122 praesumptione
1274 1057 1631 1122 revocentur,
1693 1070 1798 1109 nec
1847 1060 2069 1109 secreta

418 1138 837 1194 elementorum
880 1138 1040 1195 adire
1069 1140 1196 1196 sine
1253 1157 1526 1213 supremo
1583 1147 1803 1198 terrore
1862 1142 2067 1197 mortis

418 1231 722 1299 usurpent.

485 1316 574 1371 33.
608 1316 719 1371 Sed
742 1317 868 1388 jam
900 1333 1283 1390 assurgamus
1313 1317 1425 1390 ipsi
1449 1319 1519 1374 de
1544 1319 1828 1391 profundo
1864 1319 2064 1386 maris,

416 1407 473 1460 et
498 1404 931 1477 aliquantulum
963 1422 1155 1461 sermo
1182 1410 1380 1462 noster
1425 1413 1704 1481 emergat,
1764 1411 1940 1479 atque
1995 1409 2067 1463 ad

416 1492 719 1565 superiora
750 1510 813 1550 se
842 1494 1143 1567 subrigat:
1196 1499 1527 1567 spectemus
1559 1513 1625 1552 ea
1664 1513 1791 1568 quze
1850 1497 2070 1552 usitata

418 1581 643 1650 multis,
669 1586 726 1638 et
756 1582 929 1655 plena
960 1584 1079 1638 sint
1107 1583 1325 1656 gratiae,
1350 1586 1642 1656 quomodo
1665 1603 1817 1657 aqua
1838 1585 1895 1639 in
1928 1584 2068 1640 salis

418 1675 680 1728 vertatur
708 1671 1082 1740 soliditatem,
1115 1677 1180 1727 ut
1222 1673 1371 1729 ferro
1403 1690 1553 1745 saepe
1583 1675 1838 1729 cazdatur
1865 1692 1878 1742 ;
1914 1673 2068 1746 quod

415 1760 486 1815 de
517 1760 868 1815 Britannicis
900 1760 1123 1816 salibus
1153 1760 1297 1816 nihil
1332 1762 1565 1830 mirum,
1601 1763 1701 1836 qui
1722 1762 1782 1817 in
1814 1762 2067 1835 speciem

418 1848 730 1904 marmoris
760 1847 960 1917 validi,
1003 1849 1266 1919 ejusdem
1325 1850 1544 1906 metalli
1607 1851 1770 1906 niveo
1821 1852 2070 1907 candore

420 1936 816 2009 resplendent,
853 1937 1120 1994 salubres
1151 1938 1412 2011 corporis
1444 1940 1572 1995 cibo
1606 1942 1739 2011 (10),
1794 1946 1851 1995 et
1906 1940 2069 2012 potui

417 2024 595 2081 nimis
620 2025 789 2098 grati.
826 2027 1125 2092 Quomodo
1156 2027 1331 2082 etiam
1382 2045 1497 2083 non
1555 2028 1862 2084 indecorus
1920 2028 2069 2100 lapis

418 2113 722 2171 corallium
753 2114 813 2169 in
846 2115 994 2171 mari
1023 2116 1206 2171 herba
1235 2116 1331 2183 sit,
1366 2116 1413 2173 si
1449 2118 1505 2171 in
1538 2134 1729 2173 aerem
1752 2118 2067 2173 transfera-

416 2206 533 2272 tur,
564 2202 626 2258 in
655 2203 868 2276 lapidis
925 2204 1264 2260 firmitatem
1321 2205 1621 2261 solidetur.
1683 2206 1845 2262 Unde
1894 2207 2067 2278 ejiam

419 2292 628 2349 ostreis
644 2292 1135 2365 pretiosissimam
1154 2294 1533 2366 margaritam
1560 2299 1769 2351 natura
1792 2295 2065 2362 infixerit,

419 2381 712 2453 quomodo
742 2397 870 2438 eam
892 2381 1072 2437 maris
1102 2399 1254 2453 aqua
1287 2383 1344 2436 in
1376 2387 1494 2437 tam
1545 2382 1705 2439 molli
1737 2400 1909 2439 carne
1940 2383 2070 2440 soli-

422 2469 664 2526 daverit.
699 2472 800 2526 94
831 2471 965 2535 Quae
997 2470 1231 2526 difﬁcile
1261 2472 1413 2542 apud
1446 2488 1610 2543 rcges
1668 2472 2065 2542 inveniuntur,

418 2575 486 2615 ea
504 2558 563 2614 in
596 2558 894 2615 littoribus
926 2560 1094 2631 quasi
1120 2559 1258 2615 vilia
1279 2560 1478 2630 jacent
1509 2560 1702 2633 vulgo,
1736 2565 1792 2616 et
1822 2562 1880 2617 in
1913 2561 2068 2618 saxis

418 2648 642 2720 asperis
673 2652 730 2705 et
757 2647 1026 2704 cautibus
1058 2648 1431 2721 colliguntur.
1464 2651 1720 2706 Aureum
1742 2651 1917 2707 etiam
1946 2650 2068 2706 vel-

416 2735 510 2793 lus
540 2753 695 2809 aqua
724 2737 928 2807 nutrit,
975 2742 1031 2792 et
1090 2737 1284 2793 lanam
1331 2738 1389 2793 in
1449 2739 1758 2794 memorati
1815 2739 2067 2811 speciem

415 2825 638 2882 metalli
666 2825 921 2898 gignunt
942 2825 1156 2893 littora,
1191 2827 1359 2897 cujus
1392 2826 1641 2882 colorem
1661 2826 1858 2882 nullus
1880 2828 2070 2882 adhuc

340 2946 343 2949 ν
420 2930 622 2970 eorum
654 2915 759 2985 qui
790 2915 940 2969 fucis
973 2914 1221 2970 diversis
1252 2915 1556 2970 obducunt
1583 2914 1816 2983 vellera,
1850 2914 2067 2972 imitari

421 3003 647 3075 potuit;
681 3003 825 3058 adeo
867 3005 1087 3057 natura:
1145 3002 1452 3057 maritimae
1504 3004 1752 3076 gratiam
1808 3003 2069 3059 humana

420 3090 665 3163 implere
692 3091 876 3147 nescit
908 3090 1199 3146 industria
1225 3091 1237 3146 l
1272 3091 1504 3147 Scimus
1535 3109 1652 3165 qua
1677 3092 2068 3148 sollicitudine

421 3178 637 3235 vellera
686 3180 881 3243 ovium
905 3179 1079 3235 etiam
1104 3180 1299 3235 minus
1330 3180 1584 3252 pretiosa
1605 3186 1918 3236 curentur:
1952 3182 2070 3237 sint

2178 626 2380 665 omnes
2403 611 2660 667 fautores
2685 614 2857 667 sunt:
2893 611 2995 667 ubi
3019 626 3197 667 nemo
3221 610 3477 666 vincitur
3499 609 3841 682 quicunque

2176 700 2518 771 pervenerit,
2551 700 2651 755 sed
2683 716 2886 756 omnes
2917 717 3144 773 puppes
3196 716 3324 771 quae
3382 702 3660 771 pervecta:
3706 698 3839 754 fue-

2177 786 2313 857 rint,
2347 792 2732 845 coronantur:
2766 789 2867 844 ubi
2928 788 3127 861 palma
3176 804 3400 845 merces
3459 787 3693 854 salutis,
3749 788 3841 842 vi-

2177 876 2361 931 ctoria
2394 878 2645 948 pretium
2704 877 3086 950 regressionis
3143 880 3251 933 est.
3312 878 3609 941 Quantum
3674 876 3842 931 enim

2176 965 2354 1020 distat
2384 964 2543 1020 inter
2576 966 2827 1021 directos
2850 983 3061 1021 cursus
3092 982 3157 1020 ac
3187 965 3429 1021 reﬂexos
3450 964 3478 1018 ‘?
3509 964 3614 1021 Isti
3639 981 3846 1037 perpe-

2177 1058 2438 1121 tuantur,
2468 1053 2527 1108 hi
2561 1054 2949 1110 resolvuntur.
2982 1055 3250 1125 Adjunge
3280 1052 3543 1126 remigiis
3569 1058 3845 1109 contexta

2175 1141 2391 1210 littora,
2425 1142 2642 1214 quibus
2668 1143 2941 1199 vexillum
2974 1142 3224 1199 exeundi
3257 1159 3400 1198 aura
3429 1142 3501 1197 de
3533 1141 3674 1197 coelo
3728 1146 3842 1198 est.

2176 1230 2376 1302 Itaque
2406 1231 2621 1303 aurigae
2654 1231 2929 1304 plausum
2959 1232 3196 1288 inanem
3242 1231 3533 1286 referunt:
3596 1230 3658 1285 hi
3720 1229 3845 1286 sol-

2174 1325 2318 1375 vunt
2348 1325 2482 1375 vota
2511 1321 2747 1376 servati.

2247 1409 2335 1463 35.
2371 1409 2518 1472 Quid
2550 1409 2619 1464 de
2652 1410 2801 1465 Jona
2817 1408 3064 1482 dignum
3096 1408 3332 1479 loquar,
3363 1424 3537 1480 quem
3565 1411 3729 1463 cetus
3749 1424 3847 1463 ex-

2177 1498 2329 1568 cepit
2359 1497 2430 1552 ad
2460 1498 2661 1567 vitam,
2695 1497 2947 1553 reddidit
3005 1499 3074 1553 ad
3110 1496 3497 1569 prephetandi
3532 1497 3786 1569 gratiam
3813 1495 3845 1550 ?

2184 1587 2286 1640 Em
2298 1587 2500 1641 andavi
2511 1590 2899 1659 taqua,quem
2916 1590 3146 1642 terrena
3159 1586 3537 1642 deﬂexerant:
3553 1583 3847 1658 psallebat

2177 1675 2235 1729 in
2268 1680 2430 1730 utero
2463 1676 2593 1742 ceti,
2631 1677 2727 1748 qui
2762 1675 3037 1731 maerebat
3070 1676 3127 1730 in
3160 1674 3351 1731 terris.
3402 1675 3473 1729 Et
3522 1677 3587 1729 ut
3615 1674 3847 1731 utrius-

2179 1781 2289 1834 que
2319 1764 2640 1836 redemptio
2679 1780 2794 1819 non
2822 1767 3201 1836 praetereatur
3231 1761 3525 1829 elementi,
3548 1766 3842 1818 terrarum

2179 1851 2338 1907 salus
2370 1853 2428 1906 in
2464 1852 2610 1907 mari
2663 1855 2796 1908 ante
2850 1852 3166 1924 praecessit,
3218 1851 3357 1924 quia
3419 1850 3656 1924 signum
3710 1850 3845 1906 Filii

2179 1940 2437 1995 hominis
2480 1940 2716 2013 signum
2748 1940 2928 1997 Jonas.
2962 1941 3127 1996 Sicut
3154 1940 3263 1996 iste
3294 1940 3354 1996 in
3386 1944 3552 1996 utero
3581 1939 3712 2007 ceti,
3758 1940 3847 1995 sic

2176 2030 2349 2085 Jesus
2383 2030 2440 2084 in
2491 2031 2663 2084 corde
2711 2034 2881 2086 terra:
2937 2029 3148 2102 (Matth.
3180 2046 3295 2096 xvr,
3330 2030 3404 2101 4).
3467 2030 3531 2083 1n
3591 2032 3846 2101 utroque

2178 2118 2503 2175 remedium
2535 2135 2546 2173 :
2582 2120 2775 2189 majus
2824 2123 3020 2173 tamen
3055 2117 3113 2173 in
3165 2117 3313 2173 mari
3346 2116 3582 2189 pietatis
3642 2133 3837 2172 exem-

2178 2206 2338 2278 plum
2366 2225 2379 2273 ;
2414 2208 2690 2278 quoniam
2723 2211 3078 2279 exceperunt
3108 2207 3324 2279 pisces,
3360 2222 3537 2278 quem
3568 2205 3842 2263 homines

2177 2296 2523 2363 refutarunt,
2558 2301 2613 2352 et
2642 2313 2813 2368 quem
2844 2296 3112 2352 homines
3157 2294 3595 2362 cruciﬁxerunt,
3646 2294 3843 2366 pisces

2178 2390 2501 2440 servarunt.
2538 2385 2740 2441 Petrus
2771 2401 3001 2457 quoque
3032 2384 3091 2439 in
3126 2384 3271 2440 mari
3304 2383 3545 2452 titubat,
3574 2384 3677 2439 sed
3718 2400 3839 2439 non

2176 2473 2393 2529 labitur
2422 2492 2434 2529 :
2467 2478 2524 2529 et
2549 2475 2852 2530 confessus
2876 2475 2933 2528 in
2952 2474 3253 2542 ﬂuctibus,
3287 2477 3486 2529 tamen
3510 2472 3743 2546 negavit
3774 2472 3841 2528 in

2176 2563 2368 2618 terris.
2406 2563 2607 2634 Itaque
2638 2562 2755 2618 illic
2787 2563 2956 2634 quasi
2987 2563 3228 2618 devotus
3254 2579 3434 2617 manu
3453 2561 3842 2634 apprehendi-

2176 2656 2290 2717 tur,
2324 2652 2420 2706 hic
2464 2652 2632 2722 quasi
2659 2651 2876 2707 oblitus
2911 2656 3151 2724 aspectu
3181 2651 3444 2707 censorio
3473 2649 3840 2706 convenitur.

2179 2740 2286 2795 Sed
2322 2741 2435 2811 jam
2474 2756 2748 2810 rogemus
2781 2739 3120 2808 Dominum,
3144 2742 3209 2793 ut
3232 2754 3423 2794 sermo
3446 2740 3640 2792 noster
3665 2737 3846 2808 quasi

2176 2828 2356 2884 Jonas
2386 2829 2652 2900 ejiciatur
2709 2828 2766 2883 in
2830 2832 3069 2895 terram,
3104 2843 3177 2882 ne
3208 2826 3430 2881 diutius
3461 2826 3523 2881 in
3556 2823 3678 2881 salo
3728 2825 3842 2881 ﬂu-

2178 2920 2353 2972 ctuet.
2390 2918 2455 2971 Et
2484 2917 2632 2972 bene
2658 2918 2782 2988 jam
2827 2916 3004 2971 exivit
3064 2914 3391 2980 cucurbita,
3452 2930 3581 2985 quae
3634 2914 3844 2969 obum-

2178 3006 2305 3060 bret
2337 3023 2442 3061 nos
2471 3022 2504 3061 a
2536 3005 2706 3061 malis
2737 3005 2954 3060 nostris
2983 3021 2996 3059 :
3033 3005 3135 3060 sed
3186 3007 3243 3059 et
3302 3003 3432 3075 ipsa
3487 3002 3841 3074 procedente

2179 3093 2299 3149 sole
2328 3094 2581 3149 arefacta
2609 3094 2886 3149 admonet
2943 3092 3452 3164 requiescendum,
3500 3107 3575 3147 ne
3614 3090 3672 3145 in
3729 3090 3835 3147 05

2178 3185 2333 3236 terra
2364 3186 2611 3237 aestuare
2638 3181 2990 3253 incipiamus
3020 3180 3274 3253 ingenio,
3315 3182 3374 3235 et
3421 3178 3592 3235 nobis
3649 3178 3833 3234 etiam

419 3267 554 3325 licet
582 3268 823 3341 optima,
856 3284 1228 3340 nequaquam
1258 3272 1453 3324 tamen
1485 3268 1577 3325 his
1605 3269 1773 3325 fucus
1812 3270 2072 3325 innasci-
2101 3255 2144 3321 C
2183 3271 2358 3326 verba
2389 3269 2680 3325 deficiant.
2699 3273 2861 3325 Certe
2877 3268 3191 3341 plus'nobis
3209 3284 3386 3340 quam
3406 3266 3832 3323 Ninivitisdata

390 3358 531 3414 ~tur.
566 3357 713 3413 Hinc
743 3356 1027 3413 naturalis
1057 3356 1213 3411 color
1246 3360 1355 3425 est,
1414 3373 1587 3428 quem
1648 3356 1845 3413 nullus
1875 3358 2066 3413 adhuc

419 3446 589 3502 fucus
615 3447 863 3518 aequavit
890 3463 902 3501 :
937 3445 1046 3501 hoc
1078 3461 1310 3518 quoque
1361 3444 1541 3517 piscis
1592 3449 1681 3502 est
1714 3445 1899 3502 vellus
1928 3447 2060 3519 (tl).

418 3535 532 3592 Sed
563 3539 620 3590 et
648 3534 761 3606 ipsi
792 3534 1045 3590 murices
1083 3534 1183 3606 qui
1213 3533 1441 3607 insigne
1471 3534 1614 3590 dant
1643 3535 1890 3608 regium,
1924 3540 2064 3591 sunt

415 3623 716 3680 maritimi.

485 3713 573 3768 34.
609 3713 675 3768 Et
702 3729 830 3784 quae
862 3716 1162 3786 pratorum
1184 3712 1393 3785 gratia,
1425 3712 1513 3768 vel
1545 3713 1846 3769 hortorum
1892 3729 2061 3769 amm-

412 3801 567 3858 nitas
597 3805 786 3875 potest
842 3801 1071 3859 caerulei
1116 3802 1296 3857 maris
1325 3802 1684 3874 aequiparare
1714 3802 2000 3874 picturam
2032 3802 2060 3856 ‘?

407 3892 633 3948 Aurum
658 3891 793 3949 licet
821 3893 880 3947 in
912 3891 1094 3965 pratis
1141 3891 1310 3946 ﬂores
1341 3890 1688 3963 refulgeant,
1730 3892 1855 3946 auri
1914 3908 2057 3963 quo-

2173 3362 2262 3414 cst
2284 3358 2343 3413 in
2366 3359 2535 3430 aquis
2567 3359 2839 3414 remissio
2862 3362 3253 3429 peccatorum.

2571 3473 2802 3530 CAPUT
2832 3473 2951 3529 XII.
2986 3473 3210 3544 (Sermo
3236 3472 3416 3539 VIII.)

2170 3566 2350 3634 Fingit
2363 3565 2472 3619 sibi
2492 3580 2521 3619 e
2542 3565 2807 3619 memoria
2819 3579 2943 3618 aves
2979 3562 3234 3634 evolasse,
3275 3560 3344 3615 ad
3360 3576 3494 3631 quas
3522 3562 3836 3634 orationem

2238 3632 2513 3705 eleganter
2539 3637 2770 3690 revocat.
2786 3634 3067 3689 Auditores
3078 3633 3186 3687 sibi
3197 3634 3555 3705 attentionem
3560 3632 3837 3705 praebitu-

2240 3703 2334 3760 ros
2355 3706 2508 3775 dicit,
2538 3722 2597 3761 se
2608 3710 2789 3761 autem
2803 3707 2917 3761 illis
2931 3704 3267 3759 brevitatem.
3282 3704 3527 3774 Denique
3544 3703 3837 3758 variarum
3862 3718 3869 3719 ί

2238 3779 2425 3832 avium
2453 3779 2779 3832 suavitatem
2807 3780 3046 3848 exoptat.

2236 3893 2325 3949 36.
2362 3892 2426 3946 Et
2459 3908 2592 3947 cum
2625 3889 2932 3963 paululum
2973 3888 3352 3945 conticuisset
3417 3888 3553 3959 (12),
3613 3886 3836 3943 iterum

2167 3996 2498 4036 sermonem
2528 3980 2776 4035 adorsus
2808 3977 2893 4034 ait
2919 3995 2932 4033 :
2987 3979 3237 4049 Fugerat
3266 3992 3396 4048 nos,
3428 3976 3637 4031 fratres
3684 3974 3839 4031 dile-

2165 4068 2435 4136 ctissimi,
2469 4066 2797 4123 necessaria
2828 4066 2899 4123 de
2926 4069 3137 4121 natura
3161 4064 3357 4120 avium
3392 4062 3736 4135 disputatio,
3768 4066 3836 4119 et

2165 4173 2355 4214 sermo
2387 4156 2737 4228 hujusmodi
2771 4155 2941 4211 nobis
2971 4171 3107 4210 cum
3139 4153 3285 4226 ipsis
3315 4153 3522 4209 avibus
3567 4151 3836 4207 evolave-

2165 4248 2270 4300 rat.
2306 4245 2394 4299 Fit
2422 4244 2581 4299 enim
2613 4248 2824 4299 natura
2853 4243 3133 4315 quadam,
3166 4245 3232 4296 ut
3260 4241 3319 4296 hi
3352 4241 3454 4313 qui
3486 4239 3710 4311 aliquid
3738 4238 3835 4294 in-

2161 4337 2423 4400 tuentur,
2456 4331 2544 4388 vel
2577 4331 2823 4388 dicendo
2854 4331 3178 4403 exprimere
3199 4329 3425 4397 volunt,
3455 4345 3656 4384 eorum
3680 4343 3834 4399 qua.-

404 4422 530 4476 vela
562 4422 868 4478 hominum
898 4422 1148 4477 salutem
1179 4420 1480 4476 invehunt.
1538 4421 1699 4476 Adde
1728 4421 1918 4493 pisces
1959 4439 2050 4477 sa-
2162 4421 2386 4477 litatem
2417 4437 2544 4492 quae
2565 4419 2979 4475 velintuentur
2996 4418 3087 4475 vel
3110 4418 3829 4491 loquuntur,adsumant;

406 4509 631 4577 lientes,
666 4514 723 4565 et
780 4510 1087 4581 delphinas
1119 4508 1425 4564 ludentes:
1461 4508 1606 4563 adde
1628 4525 1803 4564 rauco
1836 4512 2052 4565 sona‘n-
2162 4514 2226 4564 ut
2272 4526 2406 4565 cum
2439 4509 2794 4582 pigrioribus
2826 4508 3231 4575 immoremur,
3265 4511 3322 4562 et
3353 4523 3490 4562 cum
3524 4505 3832 4562 velocibus

403 4602 492 4654 tes
532 4598 746 4653 ﬂuctus
785 4614 1125 4653 murmure:
1179 4597 1364 4668 adjicc
1394 4600 1693 4653 currentes
1752 4615 1925 4654 naves
1979 4600 2051 4654 ad
2079 4619 2128 4684 D
2161 4597 2334 4654 celeri
2366 4597 2671 4669 rapiemur
2697 4602 2961 4669 aspectu,
2995 4595 3144 4668 style
3175 4610 3412 4668 quoque
3436 4598 3536 4650 aut
3566 4593 3832 4651 tardiore

403 4687 625 4753 littora,
654 4686 743 4742 vel
775 4686 845 4743 de
875 4686 1169 4743 littoribus
1224 4691 1517 4742 exeuntes.
1550 4687 1622 4742 Et
1677 4704 1810 4741 cum
1841 4704 1871 4742 e
1923 4704 2046 4743 car-
2079 4680 2115 4684 ”
2160 4690 2402 4743 utamur
2432 4689 2535 4741 aut
2565 4685 2787 4757 rapido.
2822 4687 3023 4756 Itaque
3072 4701 3208 4740 cum
3238 4700 3411 4740 caveo
3443 4698 3515 4738 ne
3544 4680 3695 4737 mari
3716 4681 3823 4738 de-

402 4776 635 4833 ceribus
657 4776 972 4831 mittuntur
990 4776 1307 4848 quadrigae,
1332 4779 1552 4847 quanto
1569 4775 1763 4831 studio
1785 4780 2050 4848 spcctan-
2156 4791 2349 4831 mersa
2374 4778 2738 4847 pratereant,
2775 4778 2832 4829 et
2860 4773 3031 4845 aquis
3083 4777 3285 4845 operta
3314 4787 3409 4827 me
3458 4770 3698 4838 lateant,
3731 4770 3821 4825 ef-

400 4866 550 4922 tium
583 4869 641 4921 et
668 4881 865 4921 amore
914 4863 1207 4921 certatur!
1243 4865 1441 4934 Equus
1472 4868 1669 4920 tamen
1712 4866 1771 4920 in
1832 4883 2045 4921 vanum
2155 4863 2305 4938 fugit
2334 4880 2506 4919 omne
2554 4861 2827 4929 volatile;
2888 4862 3027 4934 quia
3085 4862 3229 4917 dum
3288 4859 3606 4916 inclinatus
3664 4859 3825 4914 imos

404 4954 603 5023 currit,
638 4970 755 5009 non
786 4953 845 5008 in
877 4970 1091 5009 vanum
1120 4952 1369 5024 navigia.
1406 4951 1506 5007 Ille
1536 4952 1592 5007 in
1627 4970 1864 5021 vanum,
1910 4955 2047 5025 quia
2153 4969 2439 5024 aquarum
2496 4951 2757 5024 gurgites
2788 4956 3035 5017 scrutor,
3066 4950 3256 5006 aerios
3288 4966 3405 5005 non
3461 4946 3689 5019 respexi
3718 4962 3823 5002 vo-

400 5060 648 5099 vacuus:
706 5043 821 5099 ista
850 5043 918 5099 ad
981 5040 1268 5108 utilatem,
1325 5042 1493 5112 quasi
1544 5040 1715 5113 plena
1744 5042 2041 5098 frumenti.
2153 5041 2343 5109 latus;
2379 5056 2485 5097 nec
2515 5039 2726 5095 umbra
2755 5038 2962 5096 saltem
2995 5055 3203 5112 pennae
3233 5053 3327 5094 me
3354 5035 3628 5110 praepetis
3652 5032 3825 5089 recli-

401 5131 549 5195 Quid
579 5131 652 5187 iis
700 5131 946 5204 gratius,
980 5147 1106 5203 quae
1163 5147 1280 5185 non
1322 5130 1556 5186 verbere
1613 5135 1886 5201 aguntur,
1944 5133 2046 5188 sed
2154 5132 2329 5198 navit,
2361 5147 2488 5202 quae
2528 5129 2587 5184 in
2618 5128 2787 5200 aquis
2841 5127 3097 5185 relucere
3156 5127 3365 5200 potuit.
3425 5124 3644 5181 Verum
3703 5121 3814 5177 ubi

409 3997 523 4053 que
551 3981 838 4055 fulgorem
868 3981 926 4035 in
952 3981 1101 4035 mari
1132 3980 1267 4034 lana
1298 3979 1631 4051 resplendet
1658 3997 1670 4034 :
1716 3983 1774 4035 et
1818 3979 1916 4035 ille
1945 3980 2057 4035 cito

407 4074 796 4137 marcescunt,
828 4070 943 4124 ista
992 4068 1093 4123 diu
1151 4068 1433 4123 duratura
1485 4072 1767 4123 servatur.
1824 4068 1965 4124 Lilia
1996 4069 2055 4125 in

406 4157 592 4214 hortis
646 4158 878 4214 eminus
935 4155 1142 4222 nitent,
1173 4154 1299 4211 vela
1329 4156 1386 4210 in
1435 4155 1720 4212 navibus:
1768 4156 1862 4211 hic
1891 4158 2052 4225 odor,

405 4246 524 4302 illic
554 4250 760 4302 ventus
794 4245 1029 4318 aspirat.
1063 4244 1198 4308 Quae
1230 4243 1457 4299 utilitas
1482 4245 1540 4297 in
1592 4242 1764 4299 foliol
1803 4244 1862 4299 in
1894 4246 2052 4300 navi-

406 4335 518 4390 bus
547 4338 770 4406 quanta
799 4332 1183 4389 commercia!
1219 4331 1365 4386 Lilia
1420 4331 1764 4387 suavitatem
1796 4333 2050 4401 narium,

474 5266 550 5332 (9)
582 5265 734 5333 Acta,
793 5270 956 5334 actae,
1015 5264 1208 5320 Graece
1239 5272 1385 5332 ἀκτὴ,
1422 5262 1585 5327 littus
1627 5268 1939 5333 secretum,
1989 5272 2045 5322 et
2227 5264 2339 5336 (12)
2372 5264 2587 5318 Omnes
2618 5261 2780 5328 edit.,
2810 5265 2862 5315 et
2880 5278 3017 5336 cum
3040 5257 3811 5336 paululanioonticuissem...

405 5324 732 5390 amoenum:
798 5406 807 5407 ί
935 5324 955 5334 ⁷
1426 5406 1435 5407 7
1552 5326 1555 5327 ν
1927 5324 1939 5333 ’
2154 5324 2263 5392 aio.
2297 5324 2511 5390 Omnes
2543 5349 2709 5400 mss.,
2741 5324 3152 5407 conticuisset...
3187 5333 3286 5407 ait.
3320 5330 3595 5407 Utraque.
3629 5324 3810 5407 lectio

472 5407 585 5477 (l0)
622 5407 760 5461 Mss.
794 5406 931 5461 Ben.
966 5410 1024 5461 et
1052 5408 1246 5462 Germ.
1284 5404 1539 5461 salubres
1594 5408 1827 5477 corpori.
1876 5408 2041 5463 Carn.
2157 5407 2607 5477 probaripotest
2640 5420 2653 5457 :
2691 5397 2903 5477 prima,
2924 5404 3092 5477 quod
3120 5397 3681 5477 Ambrosius'epist.
3733 5397 3815 5453 ad

472 5426 585 5477 μυ)
622 5426 760 5461 mss.
795 5426 931 5461 nen.
966 5426 1024 5461 et
1052 5426 1246 5462 uerm.
1284 5426 1539 5461 salubres
1594 5426 1827 5477 σονρθνι.
1876 5426 2041 5463 uarn.
2196 5426 2385 5461 reneri
2417 5426 2607 5476 ρῡιθδι
2640 5426 2653 5457 ;
2691 5426 2903 5475 prima,
2935 5426 3092 5475 quon
3120 5426 3467 5458 animosius
3506 5426 3681 5471 ὕμιδι.
3733 5426 3812 5453 αα

400 5477 848 5554 corporibus,etc.
1310 5551 1316 5554 _
1550 5548 1584 5554 _
1970 5552 1976 5554 _
2154 5426 2357 5554 Brunt,
2392 5475 2502 5554 hoc
2549 5473 3035 5554 opus-scripsisse
3066 5489 3130 5554 se
3157 5472 3544 5554 testificatur:
3597 5466 3812 5554 altera,

472 5544 583 5619 (⁷11)
616 5548 943 5622 Sicomnes
972 5565 1115 5604 mss.
1138 5551 1345 5622 acvet.
1367 5548 1515 5622 edit.
1549 5548 1715 5604 Rom.
1755 5565 1888 5604 vero
1915 5552 2046 5621 pin-
2154 5549 2309 5622 quod
2338 5549 2514 5622 verba
2545 5544 2662 5601 non
2691 5544 3002 5622 Ambrosii,
3035 5545 3137 5599 sed
3163 5544 3373 5600 notarii
3404 5557 3532 5598 esse
3561 5544 3813 5622 conte-n.-

399 5609 489 5675 τιἰέ
518 5609 596 5674 est
619 5619 812 5673 vellus.
863 5619 943 5672 Ex
971 5636 1037 5675 eo
1098 5619 1320 5676 scilicet
1366 5619 1541 5676 Basil.
1573 5627 1719 5679 πόθεν
1746 5629 1802 5680 τὸ
1830 5609 2046 5696 γρόσουν
2154 5609 2304 5696 dunt
2332 5617 2513 5694 aliqui
2542 5632 2793 5693 quorum
2823 5609 3018 5694 opinio
3051 5632 3195 5676 mss.
3251 5628 3543 5673 consensu
3586 5609 3818 5668 stabili-

400 5700 531 5777 ιριον
557 5696 720 5759 πῐνναι
743 5696 989 5771 τρέφουσι.
1833 5695 1837 5696 ⁷
2152 5695 2269 5752 tur.
