4158 6168
229 380 351 441 231

1554 368 2097 432 HEXAEMERON
2140 370 2293 434 LIB.
2336 375 2411 436 ν.

3573 383 3693 447 238

238 506 723 581 omnenegotium
747 499 1106 576 expeditum
1128 501 1349 571 putavi,
1382 505 1440 557 et
1458 502 1807 558 absolutum
1832 519 1925 558 me
1954 502 2010 568 Α
2040 520 2165 575 qua:
2198 505 2585 563 dormientem
2619 509 2688 564 de
2719 526 2925 566 somno
2957 512 3167 569 excitet
3201 512 3213 567 ι
3246 514 3325 570 Ea
3355 514 3510 569 enim
3568 517 3693 572 avis

236 598 479 663 credidi,
512 600 569 653 et
594 595 745 651 diem
779 591 1070 665 quintum
1092 595 1583 647 consummatum
1609 592 1931 646 arbitratus

237 703 376 744 sum
402 705 417 753 ;
441 684 669 742 venitin
699 684 968 739 mentem
984 677 1182 734 avium
1206 684 1439 745 natura,
1461 696 1600 751 quae
1632 696 1766 735 cum
1790 683 1934 735 eunt

237 774 527 839 cubitum,
565 771 726 844 quasi
750 771 997 843 peracto
1045 765 1188 820 laetae
1221 783 1467 823 numere
1492 767 1728 823 aethera
1753 773 1932 822 cantu

239 863 499 919 mulcere
527 862 883 917 consuerunt
918 875 932 912 :
982 856 1139 926 quod
1168 855 1327 912 velut
1385 854 1753 911 solemniter
1810 873 1935 910 sur-

242 956 425 1026 gente
452 955 506 1005 et
531 949 821 1005 occidente
856 946 955 1002 die
984 944 1316 1001 instaurare
1365 948 1760 999 consuerunt
1792 960 1805 997 :
1869 948 1935 998 ut

245 1038 483 1096 decursi
497 1037 579 1093 vel
599 1035 900 1093 adoriendi
930 1033 1197 1089 nocturni
1223 1035 1399 1105 juxta
1429 1048 1496 1086 ac
1532 1032 1754 1086 diurni
1792 1036 1935 1087 tem-

248 1126 631 1201 porislaudes
659 1142 762 1182 suo
798 1125 1060 1180 referant
1090 1122 1374 1179 Creatori.
1407 1124 1713 1191 Magnum
1756 1120 1935 1192 igitur

249 1215 610 1272 incentivum
632 1213 955 1270 excitandas
990 1210 1153 1266 nobis
1187 1208 1516 1267 devotionis
1581 1208 1929 1264 amiseram.

248 1303 396 1368 Quis
420 1304 573 1359 enim
604 1318 840 1358 sensum
871 1298 1126 1355 hominis
1165 1315 1379 1371 gerens
1437 1311 1567 1350 non
1629 1298 1935 1353 erubescat

248 1393 383 1448 sine
415 1390 773 1464 psalmorum
816 1387 1147 1445 celebritate
1200 1389 1365 1443 diem
1424 1384 1739 1453 claudere,
1797 1403 1930 1441 cum

246 1481 433 1536 etiam
465 1478 878 1551 minutissime
910 1492 1042 1531 aves
1068 1474 1328 1532 solemni
1359 1472 1680 1530 devotione
1710 1478 1763 1530 et
1794 1475 1931 1529 dul-

247 1568 302 1624 ci
334 1567 595 1623 carmine
621 1570 783 1623 ortus
803 1566 1029 1621 dierum
1063 1581 1128 1619 ac
1157 1564 1435 1619 noctium
1462 1566 1925 1636 prosequantur.

322 1658 415 1712 37.
448 1656 663 1712 Redeat
692 1655 869 1728 igitur
887 1652 1054 1709 nobis
1083 1651 1388 1708 volaticus
1411 1668 1632 1719 sermo,
1658 1652 1757 1723 qui
1782 1668 1927 1724 pene

248 1746 445 1802 fuerat
473 1744 709 1817 elapsus
741 1761 807 1799 ex
828 1743 1030 1811 oculis,
1050 1745 1106 1797 et
1128 1739 1354 1813 aquilae
1384 1742 1558 1796 modo
1584 1740 1706 1796 alta
1724 1744 1925 1813 petens

2042 592 2275 663 signare
2293 594 2441 649 solet
2471 596 2585 651 diei
2618 598 2917 668 surgentis
2949 606 3237 667 exortum,
3270 608 3322 657 et
3360 602 3692 660 effusiorem

2042 681 2300 736 diluculo
2331 683 2573 739 delferre
2602 684 2881 741 laetitiam.
2915 688 3133 743 Tamen
3166 690 3213 744 si
3248 690 3481 745 illorum
3499 692 3691 747 suavi-

2042 773 2134 824 tas
2166 770 2349 837 deest,
2384 777 2521 826 sunt
2552 780 2850 844 gementes
2880 780 3156 844 turtures,
3190 782 3246 832 et
3267 795 3453 833 rauca:
3472 779 3690 835 colum-

2043 857 2151 923 bae,
2184 862 2310 912 tum
2347 860 2521 914 etiam
2555 863 2751 918 cornix
2808 863 2978 934 plena
3020 882 3160 920 voce
3188 865 3446 937 pluviam
3504 872 3690 923 vocat.

2044 944 2207 1000 Unde
2263 946 2455 1002 rurale
2512 949 2794 1005 aviarium
2857 968 3122 1008 sermone
3181 970 3295 1025 quo
3352 971 3693 1026 possumus,

2044 1033 2287 1089 scientia
2316 1052 2492 1106 quam
2525 1054 2634 1093 nos
2664 1039 2944 1094 rusticani
2997 1041 3342 1108 docuerunt,
3375 1058 3692 1115 persequa-

2045 1139 2195 1177 mur.

2041 1283 2347 1361 Exorsur-as
2384 1301 2415 1337 a
2438 1286 2742 1361 volucribus
2787 1289 3065 1361 aqualicis
3102 1289 3346 1361 primum
3368 1286 3438 1361 de
3464 1290 3692 1361 alcyone

2111 1353 2348 1419 disserit,
2379 1364 2430 1409 et
2459 1365 2663 1425 quanta
2691 1360 2760 1411 sit
2798 1353 2989 1411 divina
3048 1353 3398 1427 benignitatis
3452 1362 3513 1415 in
3551 1353 3691 1417 "eam

2111 1441 2714 1503 avem_exp0pens,_nos
2743 1429 2813 1503 ad
2829 1429 3234 1503 _c.z_>pcctandum
3262 1447 3315 1503 a
3369 1431 3474 1485 Deo
3529 1448 3685 1503 opem

2109 1496 2377 1572 hortatyr.
2414 1501 2501 1572 De
2520 1498 2711 1572 avibus
2741 1496 3113 1572 imbriamaat
3148 1502 3427 1554 ventorum
3476 1496 3687 1572 praesa-

2108 1567 2193 1633 gis
2227 1584 2239 1632 ;
2271 1566 2440 1636 deque
2466 1567 2575 1636 ﬁda
2604 1583 2863 1623 anserum
2891 1570 3153 1624 custodia.

2107 1654 2193 1707 40.
2229 1654 2299 1708 Et
2332 1654 2604 1724 quoniam
2660 1656 2732 1710 de
2776 1656 3137 1727 aquatilibus
3170 1657 3480 1728 reptilibus
3535 1659 3686 1715 dixi-

2037 1758 2192 1808 mus,
2228 1742 2478 1796 arduum
2518 1747 2608 1797 est
2636 1747 2701 1796 ut
2731 1744 2925 1798 subito
2983 1744 3054 1799 ad
3115 1761 3249 1799 aves
3308 1744 3437 1800 caeli
3494 1762 3688 1802 sermo

243 1834 485 1889 volatus
515 1849 653 1889 suos
683 1833 998 1887 obduxerat
1028 1830 1306 1887 nubibus
1334 1847 1353 1890 ,ο
1387 1828 1500 1884 nisi
1532 1829 1675 1901 quia
1722 1828 1922 1885 oculos
1955 1863 2001 1928 B
2035 1836 2234 1885 noster
2262 1830 2559 1886 ascendat.
2595 1830 2662 1884 Et
2710 1830 2839 1886 ideo
2892 1833 2962 1888 de
2992 1832 3064 1888 iis
3096 1833 3300 1888 avibus
3331 1833 3498 1905 prius
3529 1834 3689 1890 dica-

249 1921 447 1978 abluti
503 1937 655 1992 aqua
708 1920 845 1975 dum
878 1921 948 1975 de
998 1918 1244 1992 gurgite
1292 1916 1553 1973 levamus
1585 1917 1658 1972 ad
1689 1917 1920 1984 coelum,

250 2009 543 2082 speculati
572 2024 819 2064 vacuum
852 2009 1003 2064 aeris
1033 2006 1337 2063 volatibus
1369 2005 1524 2076 ferri,
1554 2005 1624 2060 ad
1669 2005 1922 2061 necessi-

250 2103 441 2154 tatem
472 2097 958 2171 styliputavimus
991 2113 1124 2152 esse
1164 2094 1584 2149 revocandum.
1619 2093 1791 2148 Eritis
1822 2111 1924 2149 vos

243 2186 510 2258 judices,
539 2185 637 2256 qui
672 2184 814 2240 estis
842 2201 1102 2256 aucupes
1128 2182 1314 2247 verbi,
1360 2186 1560 2236 utrum
1598 2181 1923 2236 consultius

248 2274 566 2344 evolasset,
601 2290 674 2328 an
706 2272 929 2328 utiliter
956 2272 1019 2327 in
1069 2275 1270 2326 vestra
1310 2270 1454 2324 retia
1511 2270 1590 2323 sit
1635 2268 1921 2341 relapsus.

248 2362 383 2418 Nec
412 2378 608 2418 vereor
636 2378 708 2418 ne
739 2361 1045 2416 fastidium
1079 2359 1256 2415 nobis
1286 2359 1526 2429 obrepat
1557 2357 1616 2411 in
1634 2356 1925 2412 volatibus

253 2449 653 2523 requirendis,
686 2450 842 2521 quod
875 2466 990 2505 non
1024 2446 1291 2518 obrepsit
1321 2447 1377 2500 in
1409 2445 1744 2518 gurgitibus
1802 2462 1927 2517 per-

249 2538 598 2596 scrutandis
632 2557 644 2607 ;
681 2541 782 2594 aut
812 2537 1031 2610 aliquis
1063 2534 1236 2591 nobis
1267 2535 1325 2589 in
1373 2533 1768 2607 disputatione
1825 2535 1928 2589 ob-

252 2627 538 2697 dormiat,
572 2643 706 2682 cum
737 2626 926 2699 possit
956 2625 1157 2681 avium
1205 2623 1475 2678 cantibus
1533 2622 1790 2679 excitari.
1815 2623 1925 2678 Sed

254 2717 525 2790 profecto
572 2715 671 2787 qui
728 2715 881 2771 inter
941 2717 1145 2769 mutos
1191 2712 1381 2784 pisces
1411 2711 1752 2784 vigilaverit,
1812 2728 1926 2766 non

257 2805 471 2861 dubito
502 2804 660 2876 quod
689 2805 841 2859 inter
871 2819 1123 2859 canoras
1174 2817 1307 2857 aves
1356 2817 1652 2856 sommum
1713 2799 1929 2856 sentire

261 2911 389 2951 non
417 2893 628 2965 possit,
657 2909 789 2947 cum
824 2891 928 2946 tali
962 2891 1035 2946 ad
1067 2888 1435 2961 vigilandum
1458 2889 1643 2962 gratia
1664 2905 1933 2961 provoce-

273 2988 397 3038 tur.
421 2982 623 3054 Neque
649 2971 782 3037 vero
808 2980 919 3035 vile
948 2982 1215 3052 putatur,
1247 2980 1400 3050 quod
1433 2978 1620 3050 potuit
1651 2977 1931 3049 praeteriri

274 3087 415 3126 cum
472 3070 554 3124 sit
616 3069 787 3125 tertia
846 3085 982 3141 pars
1044 3068 1107 3123 in
1166 3067 1572 3123 animantibus
1630 3071 1928 3122 creaturae.

2036 1935 2186 1985 mus,
2222 1935 2349 1989 quae
2381 1918 2534 1973 circa
2564 1935 2747 1990 aquas
2780 1920 2961 1976 maris
2993 1921 3423 1993 ﬂuminumque
3453 1939 3689 1978 versan-

2033 2011 2150 2071 tur,
2185 2022 2319 2061 cum
2353 2007 2570 2078 quibus
2616 2024 2934 2078 possumus
2985 2025 3298 2082 emergere.
3358 2010 3558 2083 Itaque
3613 2012 3690 2067 ab

2033 2094 2271 2167 alcyone
2303 2111 2635 2151 sermonem
2668 2096 3024 2152 adoriamur.
3059 2099 3139 2153 Ea
3169 2103 3259 2154 est
3289 2099 3412 2154 avis
3459 2099 3686 2155 mariti-

2036 2199 2150 2249 ma,
2185 2199 2312 2253 quae
2344 2182 2404 2237 in
2437 2182 2732 2239 littoribus
2763 2185 2912 2240 fetus
2942 2202 3082 2242 suos
3109 2188 3277 2243 edere
3307 2186 3475 2253 solet,
3508 2188 3590 2243 ita
3621 2193 3691 2245 ut

2034 2271 2095 2325 in
2127 2271 2323 2326 arenis
2366 2288 2473 2326 ova
2511 2272 2764 2343 deponat
2820 2273 3010 2328 medio
3071 2275 3189 2330 fere
3243 2275 3475 2331 hiemis.
3535 2277 3687 2333 Nam

2034 2359 2092 2412 id
2123 2359 2406 2429 temporis
2453 2359 2717 2415 fovendis
2747 2360 2923 2416 habet
2974 2362 3318 2434 deputatum
3375 2365 3685 2436 partubus,

2038 2447 2272 2517 quando
2304 2448 2555 2502 maxime
2586 2448 2842 2520 insurgit
2873 2466 3054 2516 mare,
3088 2450 3497 2525 littoribusque
3511 2453 3686 2510 vehe-

2037 2536 2291 2590 mentior
2319 2536 2533 2591 ﬂuctus
2562 2535 2830 2602 illiditur,
2865 2554 2981 2609 quo
3011 2539 3202 2611 magis
3223 2541 3537 2612 repentinae
3559 2541 3686 2613 pla-

2038 2623 2293 2678 ciditatis
2324 2622 2693 2680 solemnitate
2753 2625 2875 2679 avis
2932 2624 3112 2696 hujus
3165 2626 3418 2683 eluceret
3470 2628 3682 2701 gratia.

2038 2713 2301 2783 Namque
2322 2712 2421 2767 ubi
2457 2713 2750 2769 undosum
2785 2714 2957 2768 fuerit
2988 2731 3167 2783 mare,
3201 2716 3408 2788 positis
3439 2717 3560 2772 ovis
3592 2733 3688 2773 su-

2038 2799 2159 2853 bito
2210 2800 2479 2869 mitescit,
2515 2817 2719 2857 omnes
2766 2802 2983 2856 cadunt
3031 2808 3337 2860 ventorum
3392 2804 3683 2878 procellas,

2040 2888 2330 2960 flatusque
2383 2905 2661 2944 aurarum
2712 2891 3043 2961 quiescunt,
3078 2910 3144 2947 ac
3175 2892 3471 2965 placidum
3496 2895 3688 2952 ventis

2041 2979 2160 3031 stat
2191 2994 2368 3043 mare,
2404 2977 2584 3032 donec
2615 2995 2717 3033 ora
2758 2978 2945 3033 foveat
2973 2979 3212 3053 alcyone
3270 3000 3396 3039 sua.
3453 2970 3721 3057 Septem.

2041 3069 2237 3119 autem
2271 3065 2396 3120 dies
2450 3065 2603 3120 fctus
2660 3071 2817 3129 sunt,
2874 3068 3092 3138 quibus
3150 3072 3435 3140 decursis,
3494 3073 3696 3130 educit

274 3159 419 3215 Tria
446 3157 604 3214 enim
636 3172 850 3230 genera
895 3155 1291 3212 animantium
1324 3172 1451 3212 esse
1509 3173 1624 3211 non
1684 3156 1931 3211 dubium
1972 3224 2005 3233 Α
2039 3152 2255 3224 pullos,
2288 3152 2559 3224 fetusque
2593 3154 2842 3209 absolvit
2876 3172 2888 3208 :
2950 3155 3106 3213 illico
3140 3158 3285 3214 alios
3317 3177 3549 3233 quoque
3608 3179 3695 3217 se-

278 3252 392 3313 est,
423 3224 742 3313 terrenum,
771 3244 1028 3311 volatile,
1060 3243 1335 3315 aquatile.
1369 3243 1629 3315 Denique
1658 3243 1742 3299 sic
1791 3244 1932 3299 scri-
1965 3224 2006 3290 (ἶ
2046 3246 2205 3313 ptem
2236 3241 2361 3296 dies
2392 3242 2681 3315 adjungit,
2715 3244 2930 3314 quibus
2962 3248 3216 3303 onutriat
3267 3224 3471 3319 partus
3528 3266 3688 3319 suos,

278 3340 451 3409 ptum
482 3337 572 3390 est
606 3351 618 3388 :
680 3334 991 3390 Producant
1034 3332 1149 3405 (13)
1179 3347 1334 3403 aqum
1372 3334 1593 3404 reptilia
1623 3334 1942 3387 animarum

282 3426 580 3481 viventium
622 3423 918 3479 secundum
955 3438 1149 3491 genus,
1182 3429 1233 3477 et
1260 3422 1512 3477 volatilia
1568 3422 1807 3477 volantia
1838 3422 1940 3477 96

281 3529 450 3585 super
497 3517 707 3567 terram
735 3528 886 3567 secus
915 3512 1327 3582 ﬁrmamentum
1353 3511 1477 3567 caeli
1502 3511 1801 3566 secundum
1850 3527 1941 3582 ge-

287 3618 397 3657 nus
429 3601 583 3667 (Gen.
616 3617 657 3669 1,
686 3601 799 3671 28).

356 3690 449 3744 38.
484 3690 845 3745 Revocamur
878 3689 950 3744 ad
985 3687 1291 3761 superiora
1322 3688 1475 3744 sicut
1504 3688 1769 3745 obliviosi
1824 3688 1942 3744 via-

284 3785 470 3843 tores,
503 3777 605 3849 qui
637 3793 768 3833 cum
801 3777 1139 3833 inconsulto
1169 3777 1574 3849 praeterierint,
1608 3777 1667 3832 in
1700 3794 1806 3832 sua
1854 3794 1941 3833 re-

284 3869 578 3924 vertentes
609 3865 851 3938 vestigia
890 3866 1130 3921 incurias
1186 3883 1303 3921 sua-.3
1362 3865 1642 3921 mulctam
1701 3866 1943 3938 repetito

286 3954 525 4012 itineris
570 3954 680 4024 (14)
707 3953 907 4009 labore
964 3943 1317 4025 suscipiunt.
1351 3955 1455 4008 Est
1512 3958 1708 4009 tamen
1767 3955 1942 4010 etiam

287 4046 489 4099 bonus
518 4040 721 4110 viator,
754 4042 855 4113 qui
887 4042 1261 4114 dispendium
1294 4042 1700 4114 regressionis,
1735 4042 1944 4114 reliqui

292 4129 529 4186 itineris
550 4131 969 4202 compendiosa
989 4129 1663 4202 celeritate,compenset,
1687 4134 1751 4186 ut
1802 4131 1944 4187 mihi

296 4218 634 4275 faciendum
666 4218 951 4274 arbitror:
978 4218 1231 4274 maxime
1262 4236 1397 4275 cum
1430 4220 1500 4274 de
1530 4220 1733 4275 avibus
1756 4237 1946 4276 sermo

295 4308 397 4373 sit,
441 4323 568 4379 quae
601 4306 791 4362 solent
819 4306 1020 4363 oculos
1053 4307 1358 4363 hominum
1413 4306 1610 4363 volatu
1663 4325 1945 4381 propera-

293 4397 449 4451 tiore
508 4394 917 4467 perstringere.
968 4395 1116 4461 Quid
1149 4395 1309 4452 enim
1340 4396 1608 4451 convenit
1636 4396 1709 4452 iis
1739 4398 1947 4453 immo-

295 4482 438 4551 rari,
464 4484 524 4538 in
552 4483 769 4555 quibus
797 4482 1063 4540 celeritas
1095 4483 1322 4557 placere
1353 4484 1653 4540 consuevit
1683 4485 1711 4540 ‘l
1770 4486 1949 4543 Avius

2048 3328 2231 3384 donec
2262 3329 2547 3401 incipiant
2578 3329 2924 3386 adolescere.
2958 3333 3074 3389 Nec
3105 3336 3336 3392 mireris
3390 3342 3511 3395 tam
3570 3338 3691 3394 exi-

2051 3432 2233 3489 guum
2267 3417 2568 3472 nutriendi
2619 3422 2873 3488 tempus,
2934 3436 3068 3477 cum
3120 3424 3411 3482 absolutio
3469 3428 3695 3483 fetuum

2049 3509 2169 3560 tam
2204 3522 2522 3577 paucorum
2556 3505 2783 3560 dierum
2808 3508 2905 3563 sit.
2944 3510 3193 3567 Tantam
3226 3520 3419 3571 autem
3448 3516 3698 3589 gratiam

2052 3593 2387 3649 minuscula
2444 3594 2565 3649 avis
2596 3592 2877 3650 divinitus
2931 3597 3223 3657 indultam
3268 3602 3462 3673 habet,
3496 3609 3561 3660 ut
3588 3605 3698 3661 hos

2052 3682 2493 3754 quatuordecim
2526 3682 2650 3737 dies
2681 3683 2900 3738 nautici
2947 3695 3314 3761 praesumptis
3370 3693 3701 3749 serenitatis

2051 3773 2146 3828 91
2182 3773 2507 3840 observent,
2542 3786 2692 3842 quos
2724 3774 2780 3825 et
2811 3770 3150 3844 alcyonidas
3196 3784 3426 3847 vocant,
3478 3781 3695 3851 quibus

2053 3854 2246 3917 nullos
2277 3865 2472 3917 motus
2505 3858 2836 3933 procellosze
2868 3866 3235 3935 tempestatis
3264 3866 3625 3924 horrescant.

2123 3952 2183 4007 4|
2200 3993 2212 4006 .
2247 3953 2440 4006 Nonne
2468 3967 2557 4005 vos
2586 3950 2898 4022 passeribus
2925 3954 3102 4024 pluris
3131 3957 3255 4010 estis
3285 3957 3415 4020 (Luc
3458 3958 3562 4029 x1),
3588 3956 3644 4029 7)
3673 3956 3702 4011 ?

2054 4040 2338 4097 D0'ninus
2369 4040 2467 4095 ait.
2495 4039 2555 4094 Si
2586 4037 2766 4111 igitur
2790 4040 2911 4097 avis
2941 4041 3284 4100 minuscula:
3344 4043 3701 4118 contempla-

2053 4129 2211 4185 tione
2242 4133 2299 4185 et
2338 4128 2593 4201 insurgit
2649 4144 2831 4197 mare,
2864 4135 2920 4185 et
2978 4138 3213 4204 repente
3273 4134 3702 4206 comprimitur,

2058 4223 2233 4289 atque
2264 4234 2471 4289 aspera
2511 4216 2725 4271 hiemis
2784 4216 2935 4274 inter
2963 4235 3168 4291 graves
3217 4222 3502 4295 procellas
3556 4227 3703 4279 tem-

2057 4311 2429 4379 pestatesque
2452 4310 2759 4361 ventorum
2786 4306 3037 4380 detergit
3066 4310 3194 4364 cceli
3217 4310 3438 4379 nubila,
3471 4311 3708 4368 ﬂuctus-

2058 4412 2172 4467 que
2228 4395 2525 4466 componit
2580 4392 2890 4449 elemcntis
2940 4396 3217 4454 omnibus
3270 4400 3463 4456 subito
3512 4401 3710 4457 inlusa

2060 4482 2457 4555 tranquillitas
2487 4499 2500 4550 ;
2531 4486 2817 4552 quantum
2842 4500 3193 4555 praesumere
3209 4488 3443 4556 debeas,
3466 4489 3706 4558 ohomo,

292 4571 482 4645 igitur
510 4576 685 4643 atque
716 4572 1039 4627 inusitatus
1080 4572 1139 4627 in
1198 4572 1301 4628 tali
1354 4589 1561 4645 genere
1616 4576 1949 4648 scriptionis
1979 4588 2027 4653 D
2059 4574 2130 4628 ad
2189 4570 2506 4644 imaginem
2548 4569 2651 4624 Dei
2681 4569 3173 4645 factus,agnoscis
3199 4576 3283 4644 ;si
3304 4580 3498 4633 tamen
3518 4579 3709 4635 avicu-

296 4676 499 4718 sermo
524 4664 724 4716 noster
753 4661 984 4716 canoris
1016 4661 1221 4717 avibus
1253 4665 1486 4717 resonet
1544 4666 1713 4734 atque
1771 4665 1960 4721 resul-

294 4753 412 4805 tet.

373 4836 464 4891 39.
500 4837 609 4894 Sed
643 4838 797 4894 unde
831 4838 973 4893 mihi
1006 4856 1226 4912 cygnea
1256 4839 1537 4905 carmina,
1595 4857 1724 4911 quae
1781 4843 1957 4899 etiam

296 4924 416 4982 sub
476 4926 635 4997 gravi
685 4928 892 4982 mortis
941 4927 1309 4983 imminentis
1348 4932 1567 4982 terrore
1615 4928 1961 4986 delectant?

298 5013 471 5071 Unde
502 5013 644 5068 mihi
676 5013 810 5070 illos
864 5016 1160 5071 naturales
1192 5013 1462 5070 modulos
1510 5015 1960 5089 cantilenze,qui-

300 5104 420 5159 bus
449 5102 626 5159 etiam
659 5102 907 5175 paludes
939 5120 1159 5159 sonorae
1192 5108 1399 5159 cantus
1423 5103 1602 5158 edunt
1632 5103 1961 5161 dulcissimi

301 5191 660 5247 suavitatem
694 5191 722 5244 ‘?
780 5192 943 5247 Unde
975 5191 1119 5248 mihi
1149 5207 1346 5247 vocem
1380 5191 1635 5263 psittaci,
1695 5192 1960 5249 dulcedi-

303 5295 563 5350 nemque
578 5279 940 5336 merularum
965 5284 988 5337 ἱ)
1016 5279 1245 5337 Utinam
1265 5279 1470 5336 saltem
1495 5280 1747 5337 luscinia
1767 5287 1957 5350 canat,

377 5448 498 5520 (13)
528 5447 671 5503 Mss.
707 5410 1230 5505 undecim/moliris
1260 5453 1435 5516 nota),
1468 5448 1719 5504 educant.
1772 5452 1960 5520 Supra

304 5522 509 5592 tamen
540 5535 590 5572 c.
626 5519 651 5592 l
678 5522 734 5573 et
761 5523 817 5591 2,
848 5521 998 5577 sicut
1044 5525 1102 5576 et
1129 5520 1304 5590 infra,
1331 5536 1381 5575 c.
1445 5536 1570 5592 seq.
1621 5519 1961 5577 constanter

305 5590 490 5665 ligas,
512 5588 830 5665 producant.

378 5660 497 5748 (14)
514 5660 669 5722 Mss.
701 5662 979 5739 quinque,
1011 5663 1249 5725 multum
1275 5663 1496 5742 repetiti
1524 5663 1741 5725 itineris
1794 5661 1954 5743 (duo,

2069 4660 2135 4715 las
2166 4659 2337 4715 istius
2365 4658 2539 4713 fidem
2574 4657 2769 4713 studio
2802 4660 3124 4718 devotionis
3154 4663 3421 4720 imiteris.
3439 4664 3544 4719 Illa
3564 4671 3707 4719 tem-

2067 4752 2321 4820 pestates
2345 4747 2548 4804 videns
2578 4748 2899 4820 insurgere,
2925 4750 3123 4807 saevire
3147 4757 3369 4818 ventos,
3419 4753 3570 4807 inter
3598 4751 3709 4822 by-

2069 4837 2231 4892 berni
2264 4854 2412 4891 szeva
2440 4854 2556 4892 non
2584 4843 2909 4904 revocatur,
2967 4856 3153 4911 neque
3218 4840 3548 4905 reﬂectitur,
3605 4838 3707 4894 sed

2066 4923 2406 4996 impellitur.
2442 4924 2700 4996 Denique
2758 4927 2817 4979 in
2864 4925 3058 4982 littore
3088 4944 3196 4982 sua
3225 4944 3330 4982 ova
3385 4924 3705 4982 constituit.

2068 5013 2169 5068 ubi
2199 5029 2266 5068 ea
2294 5012 2587 5070 relabente
2622 5014 2801 5069 ﬂuctu
2838 5016 3072 5071 madida
3097 5015 3288 5070 adhuc
3318 5029 3492 5068 arena
3522 5013 3708 5071 susci-

2068 5102 2191 5173 piat
2225 5118 2237 5157 :
2272 5118 2376 5156 nec
2405 5101 2780 5174 insurgentes
2813 5103 3026 5158 ﬂuctus
3081 5118 3225 5173 quos
3256 5101 3710 5160 immurmurare

2068 5195 2242 5262 atque
2274 5188 2447 5244 allabi
2478 5191 2655 5259 videt,
2682 5189 3039 5245 reformidat.

2137 5280 2227 5334 4‘2.
2260 5279 2329 5333 Et
2357 5295 2428 5334 ne
2459 5283 2625 5349 putes
2666 5279 2820 5348 quod
2879 5293 3121 5332 ovorum
3176 5276 3444 5335 videatur
3501 5280 3714 5338 habere

2067 5451 2295 5534 repetito
2323 5447 2571 5534 'itinere)
2613 5446 2876 5534 laborem
2900 5446 3067 5534 V'l‘res,
3137 5448 3368 5534 multam
3424 5451 3717 5534 repetitum

2067 5515 2284 5577 itineris
2316 5515 2577 5573 laborem.
2613 5515 2776 5575 Unus
2807 5516 3078 5593 denique,
3100 5522 3278 5577 multa
3307 5515 3525 5599 repetiti
3553 5523 3716 5581 itine-

2064 5595 2145 5652 ris
2172 5588 2475 5669 dispendia.
