4158 6168
431 312 567 429 ρέα

1895 361 1963 421 S.
2004 359 2382 427 AMBROSII

3716 356 3837 422 240

431 497 869 569 contemptum;
902 495 1177 553 continuo
1209 492 1307 549 ubi
1336 491 1610 565 deposuit
1638 507 1764 561 ova,
1792 490 2071 563 nidiﬁcat,
2103 494 2156 560 Α
2187 493 2525 550 communia
2575 493 2844 566 quaedam
2899 492 3171 548 videntur
3197 491 3438 564 utrique
3472 491 3676 564 generi
3707 507 3837 550 esse

432 588 488 641 et
515 600 624 641 suo
653 588 860 657 partus
909 599 1148 659 corpore
1204 582 1380 645 fovet,
1437 597 1544 636 nec
1602 578 1776 635 saluti
1828 579 2074 653 propriae

429 671 723 730 alluvione
752 671 966 751 littoris
1010 668 1403 744 pertimescit:
1466 669 1569 725 sed
1614 685 1822 725 secura
1873 670 1944 725 de
1972 670 2073 726 Dei

430 762 639 836 gratia,
669 763 858 820 ventis
890 779 953 818 se
982 758 1298 816 committit
1327 762 1384 814 et
1415 758 1711 814 ﬂuctibus.
1743 759 1956 814 Parum
1989 763 2078 814 est

428 851 559 927 hoc.
591 852 873 924 Adjungit
900 848 1144 905 totidem
1176 847 1321 904 alios
1371 848 1442 903 ad
1493 847 1876 904 nutriendum
1909 848 2034 903 dies
2060 866 2073 903 :

432 957 537 996 nec
565 937 917 1012 interpellari
950 940 1037 992 tot
1065 936 1274 993 diebus
1306 936 1469 992 inﬁdi
1510 936 1690 992 maris
1746 936 2075 1008 tranquilli-

431 1032 610 1089 tatem
634 1030 885 1093 veretur,
915 1029 1223 1098 tentatque
1282 1026 1559 1082 meritum
1620 1042 1795 1082 suum
1855 1028 2076 1081 naturae

424 1117 551 1187 jam
578 1113 945 1171 solemnitate
975 1114 1314 1169 fundatum.
1348 1113 1453 1169 Illa
1484 1118 1715 1169 teneros
1767 1114 1919 1169 fetus
1961 1130 2076 1169 non

430 1201 691 1259 latibulis
721 1200 1015 1274 aliquibus
1050 1202 1359 1258 abscondit
1387 1206 1490 1257 aut
1520 1202 1709 1269 tectis,
1745 1218 1850 1257 nec
1882 1200 2077 1257 inclu-

435 1290 521 1346 dit
542 1291 826 1358 cavernis,
859 1290 961 1347 sed
995 1290 1152 1345 nudo
1183 1294 1241 1345 et
1278 1289 1489 1361 rigenti
1546 1288 1861 1345 committit
1917 1288 2074 1357 solo;

433 1394 537 1436 nec
561 1378 820 1435 defendit
848 1397 882 1434 a
910 1379 1144 1452 frigore,
1180 1379 1281 1435 sed
1313 1378 1509 1433 divino
1541 1378 1683 1443 fotu,
1719 1394 1834 1450 quo
1890 1378 2077 1451 magis

433 1470 638 1524 caetera
666 1467 970 1540 despiciat,
1001 1466 1247 1522 tutiores
1277 1466 1396 1521 fore
1440 1466 1754 1522 existimat.
1785 1465 1929 1530 Quis
1982 1482 2080 1521 no-

434 1560 622 1613 strum
649 1556 923 1629 parvulos
956 1572 1096 1611 suos
1128 1572 1243 1611 non
1274 1553 1640 1611 vestimentis
1672 1558 1849 1627 tegat,
1882 1554 2078 1610 tectis-

431 1662 545 1718 que
575 1644 940 1715 abscondat?
969 1645 1109 1710 Quis
1135 1661 1250 1700 non
1277 1643 1510 1699 claudat
1536 1660 1635 1699 eos
1676 1642 1859 1715 septis
1916 1642 2076 1698 cubi-

434 1737 702 1790 culorum
724 1734 752 1788 ?
773 1733 913 1798 Quis
937 1750 1053 1789 non
1075 1733 1157 1789 ita
1182 1731 1493 1806 diligenter
1513 1733 1775 1804 undique
1796 1731 2080 1787 fenestras

436 1822 724 1892 obstruat,
758 1838 831 1877 ne
863 1838 979 1893 qua
1004 1821 1189 1894 possit
1219 1839 1362 1876 aura
1389 1820 1477 1877 vel
1506 1820 1711 1875 leviter
1732 1824 2033 1892 penetrare
2050 1819 2078 1875 ‘I

433 1909 636 1967 Merito
684 1927 833 1983 quos
862 1915 984 1966 tam
1034 1910 1280 1966 sollicite
1340 1910 1644 1966 induimus
1672 1926 1739 1965 ac
1797 1909 2080 1979 fovemus,

434 1998 705 2055 exuimus
753 2015 853 2055 eos
910 1998 1229 2055 clementia:
1286 1998 1539 2055 cmlestis
1593 1997 1932 2053 involucro:
1982 1996 2079 2052 a1-

434 2102 616 2161 cyone
644 2103 778 2145 vero
811 2104 959 2160 quos
986 2089 1176 2144 nudos
1218 2088 1472 2160 projicit,
1522 2104 1622 2144 eos
1669 2086 1862 2143 divino
1911 2085 2084 2142 vestit

434 2177 801 2245 indumento.

505 2267 594 2322 43.
627 2266 744 2322 Nec
771 2282 874 2321 vos
905 2264 1229 2338 prasteribo,
1260 2265 1464 2338 mergi,
1522 2265 1739 2338 quibus
1800 2265 1871 2319 ab
1933 2263 2079 2319 assi-

436 2354 659 2411 duitate
688 2354 990 2427 mergendi
1022 2370 1233 2411 nomen
1267 2354 1375 2410 hoc
1406 2353 1613 2423 haesit;
1647 2353 1939 2425 quomodo
1969 2369 2081 2408 sae-

434 2460 506 2517 pe
537 2446 865 2516 mergentes
896 2460 1175 2499 aurarum
1199 2443 1369 2516 signa
1388 2442 1750 2515 colligitis,et
1770 2440 2082 2514 praeviden-

435 2536 525 2588 tes
554 2534 958 2604 tempestatem
989 2531 1272 2599 futuram,
1305 2528 1547 2604 propere
1576 2529 1768 2588 medio
1806 2528 2079 2586 revelatis

433 2636 503 2676 ex
531 2635 781 2692 aequore,
813 2623 869 2675 et
899 2620 971 2676 ad
1004 2619 1266 2675 littorum
1299 2624 1427 2675 tuta
1456 2636 1598 2697 cum.
1634 2618 1889 2676 clamore
1942 2633 2078 2673 con-

431 2707 690 2769 tenditis.
722 2708 1021 2771 Quomodo
1064 2708 1262 2774 etiam,
1321 2707 1528 2774 fulicae,
1587 2724 1715 2779 quae
1785 2705 2078 2761 maritimo

434 2795 806 2852 delectamini
836 2796 1127 2867 profundo
1158 2797 1292 2865 (l5),
1326 2796 1681 2867 refugientes
1712 2811 1890 2865 quam
1935 2811 2077 2865 prae-

434 2882 737 2941 senseritis
761 2882 1216 2939 commotionem
1274 2884 1479 2950 maris,
1540 2884 1598 2937 in
1654 2884 1798 2938 vado
1853 2881 2076 2939 luditis.

433 2973 568 3044 Ipsa
585 2972 763 3028 ardea
788 2987 913 3043 qua
937 2971 1252 3044 paludibus
1276 2971 1555 3028 inhaerere
1584 2970 2077 3039 consuevit,notas

434 3059 650 3133 deserit
678 3059 866 3129 sedes,
899 3059 1234 3131 imbresque
1274 3060 1596 3116 formidans
1655 3076 1833 3131 supra
1891 3059 2077 3114 nubes

432 3148 626 3212 volat;
658 3153 725 3204 ut
776 3147 1061 3222 procellas
1122 3148 1366 3204 nubium
1426 3149 1642 3205 sentire
1698 3165 1811 3203 non
1868 3148 2072 3219 possit.

2185 583 2496 638 consortia.
2528 582 2795 639 Secunda
2842 598 3074 654 quoque
3103 581 3373 655 cognatio
3404 580 3686 639 omnibus
3720 581 3841 638 avi-

2183 671 2294 727 bus
2325 675 2381 727 et
2413 671 2676 744 piscibus
2705 674 2828 739 est;
2863 687 2928 727 eo
2959 671 3113 742 quod
3143 669 3394 727 volantis
3423 686 3569 728 usus
3600 669 3835 743 species

2185 760 2263 814 sit
2311 760 2588 816 natantis.
2621 759 2781 816 Sicut
2810 759 2966 815 enim
3014 776 3228 831 aquam
3256 759 3510 815 natando
3542 758 3721 830 piscis
3750 759 3841 815 in-

2185 847 2348 916 cidit,
2380 848 2464 904 ita
2493 848 2617 905 avis
2647 864 2841 905 aerem
2861 847 3060 911 volatu
3081 847 3253 904 celeri
3272 851 3450 904 secat.
3482 850 3675 920 Atque
3686 847 3838 909 utri-

2186 953 2299 1009 que
2328 938 2525 1009 generi
2556 936 2828 993 similiter
2856 938 3054 993 caudis
3083 936 3343 1009 suppetit
3370 935 3721 1009 alarumque
3746 953 3841 994 re-

2186 1025 2473 1098 migium;
2524 1030 2589 1082 ut
2636 1025 2827 1098 pisces
2880 1026 2953 1082 ad
2995 1025 3192 1097 priora
3229 1041 3292 1080 se
3341 1024 3452 1081 alis
3499 1025 3836 1098 subrigunt,

2185 1118 2362 1184 atque
2388 1113 2462 1168 ad
2486 1111 2761 1169 ulteriora
2782 1112 3119 1185 procedant,
3148 1111 3345 1167 cauda:
3367 1112 3844 1183 quoqueguber-

2186 1201 2397 1257 naculo
2442 1202 2531 1257 vel
2578 1218 2693 1274 quo
2753 1200 2933 1257 velint
2981 1218 3044 1256 se
3113 1199 3285 1257 facile
3333 1204 3698 1269 convertant,
3747 1198 3841 1255 vel

2186 1290 2407 1363 impetu
2440 1292 2696 1362 quodam
2729 1307 2759 1345 e
2789 1291 3025 1362 regione
3053 1289 3166 1345 iter
3186 1305 3362 1344 suum
3383 1288 3664 1362 dirigant.
3686 1292 3840 1345 Aves

2188 1394 2421 1451 quoque
2451 1379 2892 1451 aeribvolatibus
2918 1377 3042 1434 suis
3072 1377 3232 1433 velut
3261 1378 3432 1449 aquis
3460 1377 3760 1446 innatant,
3781 1379 3843 1433 et

2189 1469 2353 1540 quasi
2376 1469 2642 1540 quaedam
2672 1469 2994 1524 extendunt
3015 1467 3278 1535 brachia,
3310 1467 3499 1523 cauda
3514 1482 3748 1538 quoque
3777 1483 3845 1528 se

2186 1556 2274 1613 vel
2305 1558 2376 1612 ad
2409 1557 2711 1629 superiora
2741 1556 3058 1629 subrigunt
3084 1554 3174 1612 vel
3205 1556 3277 1611 ad
3305 1555 3583 1612 inferiora
3611 1556 3842 1613 demer-

2187 1650 2353 1718 gunt.
2392 1646 2553 1701 Unde
2603 1646 2884 1718 quoniam
2935 1645 2995 1700 in
3046 1643 3350 1701 nonnullis
3406 1643 3562 1700 idem
3608 1661 3755 1703 usus
3783 1649 3844 1702 et

2190 1734 2432 1806 species,
2479 1734 2607 1790 ideo
2638 1735 2709 1790 de
2763 1734 2934 1806 aquis
2964 1733 3273 1804 utriusque
3302 1732 3533 1804 generis
3564 1733 3840 1792 nativitas

2191 1821 2386 1877 divina
2433 1822 2821 1894 praeceptione
2867 1822 3174 1894 processit.
3225 1821 3378 1876 Dixit
3434 1822 3593 1878 enim
3644 1827 3837 1879 Deus:

2192 1910 2503 1965 Producant
2532 1926 2694 1982 aquae
2721 1912 2949 1983 reptilia
2978 1910 3295 1966 animarum
3319 1912 3623 1969 viventium
3649 1926 3841 1970 saeuu-

2188 1999 2319 2053 dum
2364 2017 2572 2069 genus:
2625 2009 2676 2055 et
2728 2000 2981 2057 volatilia
3024 2015 3190 2070 super
3233 2003 3437 2056 terram
3472 2016 3624 2057 secus
3647 1999 3840 2070 ﬁrma-

2188 2092 2436 2142 mentum
2483 2089 2607 2144 eali
2658 2089 2957 2144 secundum
3002 2104 3175 2160 genus
3237 2088 3388 2160 (Gen.
3443 2089 3645 2162 1,20).
3711 2087 3845 2147 Non

2188 2175 2481 2232 immerito
2540 2178 2738 2250 igitur,
2801 2177 2940 2250 quia
2995 2178 3065 2233 de
3094 2176 3267 2250 aquis
3305 2193 3490 2250 genus
3523 2180 3843 2250 utrumque

2190 2266 2551 2337 producitur,
2604 2266 2845 2321 natandi
2891 2265 3217 2338 proprietas
3259 2266 3528 2338 utrisque
3559 2266 3844 2339 suppedi-.

2188 2358 2294 2409 tat.

2261 2444 2351 2497 46.
2384 2443 2535 2498 Sane
2566 2460 2700 2498 cum
2726 2446 2784 2498 et
2814 2442 3054 2499 coluber
3083 2442 3345 2500 lubricus
3370 2437 3694 2516 omnesque
3714 2459 3842 2501 ser-

2190 2536 2394 2603 pentes
2426 2530 2577 2603 (ideo
2636 2531 2794 2587 enim
2849 2531 3104 2603 serpenti
3153 2549 3365 2588 nomen
3416 2535 3509 2589 est
3555 2532 3840 2601 inditum,

2190 2621 2328 2691 quin
2362 2638 2472 2675 non
2502 2623 2749 2691 possunt
2764 2620 3090 2688 ambulare,
3120 2622 3222 2677 sed
3245 2622 3522 2694 serpere),
3553 2622 3845 2682 dracones

2190 2724 2423 2780 quoque
2444 2707 2622 2763 simili
2647 2708 2821 2764 modo
2849 2712 2911 2763 ut
2933 2712 3124 2780 pisces
3140 2707 3404 2781 plerique
3435 2711 3559 2765 sine
3585 2709 3839 2782 pedibus

2190 2804 2364 2853 sunt:
2398 2796 2626 2851 nullum
2677 2797 2873 2852 avium
2931 2813 3116 2869 genus
3166 2797 3383 2869 pedum
3433 2797 3625 2855 ofﬁcio
3653 2800 3840 2865 caret,

2188 2886 2326 2956 quia
2354 2885 2629 2941 omnibus
2660 2885 2845 2940 victus
2870 2902 2901 2941 e
2931 2885 3102 2941 terris
3137 2902 3150 2941 :
3211 2891 3269 2942 et
3297 2886 3425 2943 ideo
3458 2887 3673 2959 pedum
3703 2903 3837 2943 mu-

2187 2989 2324 3029 nere
2352 2973 2696 3041 fulciuntur,
2712 2973 2851 3044 quia
2872 2972 3213 3043 hujusmodi
3243 2974 3314 3029 ad
3347 2990 3543 3031 escam
3575 2991 3836 3047 quqren-
3910 2997 3920 3003 ·

2186 3060 2323 3115 dam
2373 3059 2636 3132 indigent
2666 3059 3015 3117 ministerio.
3044 3061 3243 3132 Itaque
3273 3060 3401 3117 alias
3428 3060 3693 3119 volucres
3722 3079 3832 3118 un-

2188 3148 2405 3221 guibus
2428 3152 2733 3204 armantur
2753 3149 2825 3204 ad
2849 3152 3105 3221 raptum,
3144 3153 3211 3205 ut
3232 3149 3539 3222 accipitres
3555 3151 3859 3223 etaquila.

437 3239 884 3296 Consideremus
915 3237 1178 3293 divervas
1206 3237 1468 3294 volucres
1488 3237 2076 3310 maris,quemadmo-
2109 3224 2152 3291 C
2190 3254 2317 3309 quae
2349 3237 2614 3308 rapinam
2661 3236 2986 3293 venationis
3028 3242 3333 3294 exercent:
3367 3238 3495 3295 aliis
3522 3237 3611 3295 vel
3637 3240 3711 3296 ad
3741 3240 3835 3296 in-

438 3327 581 3385 dum
603 3327 951 3382 imminente
978 3329 1285 3382 ventorum
1316 3330 1478 3382 motu
1510 3327 1582 3382 ad
1615 3327 1829 3381 tutiora
1856 3329 1911 3381 et
1941 3329 2083 3380 tunc

437 3414 721 3487 temporis
752 3413 1015 3471 dulciora
1044 3414 1153 3471 sibi
1185 3420 1394 3489 stagna
1441 3416 1765 3482 conferant,
1816 3419 1991 3485 atque
2020 3414 2079 3468 in

443 3503 784 3560 abscondito
816 3507 1107 3560 terrarum
1133 3504 1267 3560 sinu
1297 3505 1530 3577 cognita
1560 3503 1672 3559 sibi
1703 3502 1982 3559 alimenta
2008 3502 2081 3556 ri-

438 3596 694 3648 mentur.

506 3682 591 3738 44.
626 3681 955 3739 Nocturnas
981 3688 1176 3738 autem
1210 3699 1485 3738 anserum
1519 3681 1652 3753 quis
1683 3697 1799 3737 non
1832 3679 2079 3735 miretur

432 3769 831 3843 excubias,qui
858 3770 1084 3843 vigilias
1115 3789 1253 3827 suas
1285 3772 1461 3826 etiam
1493 3774 1700 3826 cantus
1731 3769 2077 3825 assiduitate

430 3862 719 3917 testantur
739 3860 767 3915 ‘I
806 3860 1068 3931 Denique
1097 3877 1163 3916 eo
1195 3861 1372 3915 etiam
1406 3859 1669 3914 Romana
1727 3856 2013 3929 Capitolia
2043 3874 2075 3911 a

429 3947 591 4019 Gallo
617 3948 785 4005 hoste
813 3952 1137 4005 servarunt.
1201 3947 1404 4004 Merito
1461 3946 1576 4003 illis
1635 3946 1832 4013 debes,
1867 3946 2072 4013 Roma,

428 4038 583 4109 quod
615 4054 845 4110 regnas.
902 4036 987 4091 Dii
1035 4037 1122 4091 tui
1183 4035 1572 4102 dormiebant,
1632 4038 1689 4090 et
1751 4033 2073 4105 vigilabant

426 4141 682 4183 anseres.
707 4126 838 4181 Ideo
869 4123 985 4180 illis
1014 4124 1221 4180 diebus
1252 4124 1351 4179 98
1382 4123 1573 4179 anseri
1607 4122 1919 4192 sacriﬁcas,
1953 4140 2068 4180 non

423 4213 569 4272 Jovi.
603 4215 828 4271 Cedunt
855 4212 1013 4268 enim
1044 4213 1125 4268 dii
1176 4212 1353 4268 vestri
1413 4213 1744 4280 anseribus,
1776 4229 1810 4267 a
1853 4212 2069 4284 quibus

425 4317 489 4359 se
519 4302 714 4358 sciunt
740 4317 870 4358 esse
896 4300 1186 4368 defensos,
1219 4317 1293 4357 ne
1322 4306 1379 4358 et
1425 4300 1537 4373 ipsi
1567 4302 1639 4356 ab
1697 4300 1863 4357 hoste
1894 4318 2067 4373 cape-

424 4395 645 4446 rentur.

1047 4496 1280 4552 CAPUT
1320 4495 1456 4551 XIV.

2191 3327 2515 3382 cedendum
2545 3325 2633 3381 vel
2664 3327 2736 3381 ad
2768 3326 2967 3381 cibum
2997 3326 3106 3382 sibi
3142 3327 3473 3400 parandum
3520 3344 3633 3385 usu
3662 3329 3838 3385 mini-

2190 3414 2483 3487 sterioque
2512 3418 2757 3470 utuntur
2785 3415 3181 3471 accommodo.

2258 3503 2350 3560 47.
2404 3502 2595 3559 Unum
2625 3506 2821 3559 autem
2870 3519 3083 3559 nomen
3113 3502 3329 3573 avium,
3362 3504 3465 3560 sed
3504 3520 3714 3577 genera
3744 3505 3836 3562 di-

2186 3608 2353 3648 versa
2386 3610 2399 3660 ;
2433 3608 2563 3665 quas
2609 3592 2742 3664 quis
2791 3592 2978 3663 possit
3032 3591 3314 3648 memoria
3360 3597 3465 3649 aut
3501 3594 3873 3667 cognitione.

2186 3680 2675 3753 comprehendere
2695 3680 2723 3735 ?
2752 3681 2903 3736 Sunt
2953 3680 3148 3753 itaque
3195 3697 3329 3736 aves
3377 3697 3506 3753 qua;
3537 3698 3708 3739 carne
3737 3698 3834 3740 vs-

2185 3776 2450 3827 scuntur.
2486 3771 2617 3826 Ideo
2674 3770 2768 3826 his
2799 3786 3028 3843 ungues
3075 3769 3286 3842 asperi,
3314 3774 3620 3827 curvatum
3650 3776 3834 3844 atque

2184 3864 2423 3915 acutum
2457 3876 2543 3927 os,
2576 3858 2741 3914 velox
2768 3857 3031 3926 volatus;
3066 3859 3344 3930 quoniam
3386 3863 3557 3931 raptu
3586 3859 3830 3930 vivunt;

2182 3948 2485 4021 utpossint
2506 3946 2672 4003 facile
2688 3948 2976 4019 corripere
2994 3944 3246 4020 pradam
3270 3964 3449 4019 quam
3475 3953 3827 4020 sequuntur,

2179 4054 2424 4111 propere
2443 4036 2530 4092 vel
2552 4054 2650 4093 ore
2671 4035 2758 4092 vel
2784 4036 3082 4108 unguibus
3100 4036 3442 4093 eviscerare.
3466 4037 3615 4093 Sunt
3643 4039 3829 4095 etiam

2181 4143 2334 4195 aves,
2369 4143 2493 4198 quas
2526 4129 2754 4198 reperto
2785 4128 3111 4196 pascuntur
3140 4124 3362 4181 semine
3389 4141 3402 4180 :
3437 4124 3563 4180 alia
3592 4125 3827 4181 diverso
3862 4174 3869 4179 .

2177 4219 2234 4270 et
2264 4214 2499 4269 fortuito
2553 4214 2701 4269 cibo.
2752 4214 2854 4268 Est
2899 4214 3078 4269 etiam
3116 4212 3422 4270 diversitas
3451 4212 3824 4285 copularum,

2178 4320 2429 4376 quarum
2460 4302 2647 4375 gratia
2677 4305 2876 4357 carent
2905 4302 3041 4374 (l6),
3074 4318 3200 4373 quae
3232 4302 3548 4358 intendunt
3575 4301 3825 4375 rapinis.

2174 4392 2320 4448 Nam
2352 4396 2587 4464 propter
2618 4389 2953 4447 aviditatem
2984 4391 3303 4463 pradandi,
3348 4391 3438 4446 vel
3467 4395 3705 4463 propter
3730 4391 3830 4447 in-

2175 4480 2355 4538 sidias
2377 4479 2735 4553 explorandi,
2759 4480 2860 4534 99
2909 4495 3015 4535 nec
3045 4480 3192 4551 ipsis
3223 4480 3373 4535 inter
3416 4496 3480 4535 se
3507 4480 3782 4536 convenit
3808 4498 3826 4551 ;

421 4591 708 4666 Avesgum
733 4583 975 4655 piscibus
1002 4586 1336 4666 .multiplici
1390 4584 1707 4666 cognati-one
1760 4584 2020 4666 conjungi
2042 4603 2062 4639 :

2188 4572 2231 4624 at
2257 4570 2388 4625 ideo
2419 4568 2713 4625 declinant
2742 4568 2835 4623 sui
2866 4566 3157 4640 copulam.
3186 4567 3421 4640 Refugit
3447 4567 3604 4623 enim
3634 4568 3831 4624 avari-

482 4656 670 4713 nullas
697 4664 885 4711 tamen
908 4656 1111 4727 pedum
1140 4657 1318 4728 ofﬁcio
1346 4671 1548 4710 carere.
1586 4656 1656 4711 De
1685 4658 1856 4711 variis
1886 4656 2065 4711 varia-

489 4744 616 4783 rum
647 4730 834 4783 avium
852 4728 1140 4798 generibus
1169 4743 1234 4782 ac
1261 4727 1606 4798 differ-maia.

487 4832 834 4890 45.Pulchre
863 4836 1059 4888 autem
1091 4836 1224 4903 post
1271 4832 1723 4903 descriptionem
1783 4831 2055 4903 piscium,

416 4922 488 4979 de
517 4922 590 4979 iis
623 4922 828 4980 avibus
859 4938 986 4993 quae
1012 4923 1257 4976 assueta:
1289 4924 1427 4975 sunt
1456 4924 1645 4992 aquis,
1679 4937 1870 4976 sermo
1924 4909 2056 4975 suc-

415 5012 624 5068 cessit:
658 5010 798 5082 quia
826 5014 885 5065 et
912 5009 1051 5081 ipsa:
1082 5007 1352 5065 similiter
1381 5025 1492 5064 usu
1526 5008 1763 5077 natandi
1813 5013 1870 5063 et
1925 5026 2055 5064 mu-

411 5114 547 5155 nere
603 5097 988 5155 delectantur.
1051 5096 1211 5151 Unde
1272 5098 1461 5168 prima
1512 5098 1778 5169 cognatio
1829 5098 2057 5152 videtur

411 5187 616 5242 avibus
646 5187 777 5242 istis
809 5203 935 5242 esse
968 5202 1100 5241 cum
1132 5185 1428 5258 piscibus:
1474 5185 1750 5257 quoniam
1815 5186 2054 5240 natandi

482 5301 598 5370 (15)
629 5301 711 5354 Ita
739 5301 880 5355 edit.
913 5302 1042 5355 Era.
1075 5305 1133 5356 et
1163 5317 1286 5371 seq.
1320 5317 1454 5355 cum
1489 5302 1689 5372 paucis
1720 5316 1864 5355 mss.
1898 5301 2047 5358 Edit.

411 5376 603 5443 autem
635 5372 763 5425 Am.
790 5375 848 5424 et
877 5388 1021 5427 mss.
1055 5372 1225 5427 multi
1257 5371 1549 5443 bonique,
1588 5386 1712 5443 qam
1769 5374 2050 5443 maritimo

411 5388 603 5426 autem
635 5388 763 5425 am.
790 5388 848 5424 et
877 5388 1021 5427 mss.
1055 5388 1225 5427 mutu
1257 5388 1391 5427 nom
1442 5390 1531 5440 ue,
1588 5388 1712 5443 qua
1769 5388 2045 5430 maritima

407 5441 743 5497 delectantur
767 5443 1060 5513 profundo.
1094 5444 1311 5498 Verum
1343 5388 1593 5498 sitlectio
1624 5441 1745 5496 haec
1792 5440 2045 5513 placeat,

407 5513 784 5586 scribendum
819 5512 925 5569 erit
957 5530 1060 5586 per
1090 5514 1487 5586 parenthesim
1546 5512 1831 5586 (quomodo
1881 5512 2050 5572 etiam

401 5584 610 5654 fulicae,
642 5600 770 5658 qua?
799 5583 1080 5658 maritimo
1092 5583 1448 5658 delectantur
1471 5583 1768 5658 prolurgdo)
1815 5588 1871 5658 et
1918 5602 2044 5657 quae

401 5602 610 5654 μιιῑσεε,
642 5602 770 5658 qua?
799 5602 1080 5640 marusz
1111 5602 1448 5640 delectamur
1514 5602 1768 5655 rolumw)
1815 5602 1871 5638 Θῐι
1918 5602 2042 5657 quaa

393 5662 718 5735 aequentur
747 5654 824 5714 ad
846 5669 1079 5732 mergos
1108 5655 1427 5715 referenda.
1470 5602 1610 5715 glas.
1643 5654 1760 5715 duo
1818 5653 2042 5734 legunt,

2170 4657 2254 4713 tia
2272 4658 2631 4713 consortium
2656 4656 3071 4729 plurimorum.
3097 4656 3311 4714 Deinde
3332 4656 3665 4728 conjunctio
3692 4656 3826 4729 plu-

2171 4745 2454 4801 rimorum
2498 4744 2666 4800 facile
2717 4745 2845 4817 ipsa
2891 4761 2955 4800 se
2985 4745 3278 4816 proderet.
3312 4745 3413 4800 His
3443 4761 3578 4817 ergo
3610 4744 3826 4803 avibus

2168 4833 2315 4891 nihil
2346 4837 2435 4888 est
2464 4831 2893 4904 copulatorium
2944 4836 3155 4905 praeter
3197 4832 3403 4907 jugale
3432 4833 3821 4890 consortium.

2150 4922 2317 4995 ~Ergo
2346 4920 2561 4994 aquilis
2586 4920 3079 4993 accipitribusque
3098 4920 3193 4977 hic
3212 4938 3357 4978 usus
3379 4926 3469 4979 est
3480 4921 3630 4977 vitae.
3665 4922 3824 4979 Con-

2165 5014 2255 5066 tra
2276 5026 2407 5065 vero
2437 5008 2764 5081 palumbes,
2797 5027 2993 5083 grues,
3018 5010 3230 5076 sturni,
3261 5012 3591 5084 corviatque
3621 5011 3828 5067 corni-

2165 5115 2280 5166 ces,
2313 5099 2488 5154 etiam
2520 5098 2676 5154 turdi
2726 5100 2983 5170 gaudent
3013 5099 3405 5172 plurimorum
3435 5099 3826 5157 connexione.

2235 5190 2322 5244 48.
2350 5187 2475 5243 Alia
2507 5204 2740 5260 quoque
2770 5188 2967 5244 avium
2998 5205 3213 5263 genera
3233 5189 3512 5247 enchoria
3538 5188 3584 5261 (l
3600 5188 3650 5261 1)
3680 5204 3827 5260 qua

2159 5304 2443 5376 maritimo
2471 5303 2749 5359 delectata:
2776 5305 3077 5376 profundo.

2234 5374 2346 5444 (16)
2378 5374 2470 5446 Ita,
2492 5391 2635 5430 mss.
2696 5374 2991 5441 undecim,
3029 5380 3085 5431 et
3127 5374 3291 5440 edit.,
3324 5376 3587 5446 quaedem
3619 5374 3826 5435 Paris.

2158 5444 2394 5519 aliquot
2426 5445 2524 5500 alii
2557 5462 2699 5503 mss.
2724 5452 2782 5519 et
2801 5446 3037 5518 reliquas
3063 5446 3224 5519 edit.,
3246 5444 3444 5519 carent
3470 5448 3624 5516 fere,
3657 5461 3825 5519 quae.

2158 5515 2315 5572 Cncn.
2348 5525 2537 5572 carent
2563 5519 2697 5588 fere.
2731 5516 2895 5586 Rem,
2926 5515 3113 5575 carent
3140 5517 3331 5587 facile,
3366 5515 3476 5573 etc.

2228 5588 2665 5721 gtgtgzehoria,
2725 5588 2918 5649 Grmce
2976 5596 3207 5667 ἐγχώρια,
3241 5604 3378 5646 aves
3430 5587 3723 5662 indigens:
3752 5595 3837 5650 et

2157 5674 2469 5721 ηοειηιθες
