4158 6168
291 306 408 375 2H

1612 301 2157 374 HEXAEMERON
2203 306 2351 374 LIB.
2397 310 2471 377 ν.

3614 316 3754 392 ³9⁵12

292 447 535 502 manent
561 442 620 498 in
652 439 798 498 locis
829 448 1117 509 semper;
1164 432 1283 493 alia
1331 435 1660 528 adventitia
1708 459 1836 512 qua:
1881 443 1981 496 ob-
2014 446 2068 509 Α
2169 447 2258 499 51.
2294 447 2458 502 Hunc
2479 449 2655 504 etiam
2682 448 2944 510 volantes
2978 455 3244 514 ordinem
3276 458 3530 528 servant,
3561 460 3617 514 et
3636 455 3748 515 hac

295 539 437 592 eunt
465 533 728 606 regiones
780 529 962 592 alias,
1019 529 1079 580 et
1129 530 1368 596 peracta
1419 527 1621 583 hieme
1674 535 1983 584 revertun-

297 626 426 691 tur;
459 625 594 677 sunt
621 620 733 676 alia
779 635 918 690 quae
977 615 1175 669 hieme
1226 616 1498 683 redeunt,
1561 621 1770 671 aestate
1823 633 1985 688 pere-

302 711 609 784 grinantur
638 725 669 763 a
697 707 905 768 nobis;
945 703 1068 758 sive
1100 703 1255 773 quod
1287 703 1404 757 alia
1449 703 1681 758 hiemis
1726 708 1988 775 tempore

307 801 378 855 ad
410 797 676 854 calidiora
701 813 759 850 se
777 793 1120 858 conferant;
1145 791 1263 846 sive
1283 792 1438 863 quod
1460 791 1764 862 pleraque
1779 809 1988 846 rursus

311 892 565 943 aestatem
595 885 650 938 in
683 885 754 938 iis
786 881 940 938 locis
973 878 1224 950 exigant,
1261 897 1388 950 quae
1425 880 1777 934 amoeniore.
1817 896 1989 934 nove-

316 980 476 1031 runt.
505 972 672 1027 Turdi
703 971 965 1042 denique
996 968 1266 1022 autumni
1286 969 1421 1032 ﬁne,
1445 966 1690 1022 hiemis
1713 968 1988 1033 confinio,

319 1063 489 1136 quasi
520 1064 707 1115 exacta
735 1063 940 1115 aestate
971 1073 1029 1111 se
1062 1057 1340 1112 referunt.
1375 1055 1626 1120 Quibus
1669 1072 1778 1110 nos
1823 1055 1991 1110 inho-

324 1149 518 1224 spitali
546 1147 911 1204 immanitate
945 1143 1219 1200 molimur
1249 1143 1524 1210 insidias,
1556 1146 1632 1195 et
1655 1143 1883 1198 diverso
1901 1161 1989 1215 ge-

318 1256 455 1296 nere
499 1253 648 1292 nunc
698 1236 884 1291 infida
927 1233 1061 1289 sede
1102 1233 1391 1306 decipere,
1444 1246 1627 1284 nunc
1678 1232 1834 1286 visco
1894 1249 1992 1288 eos

311 1328 533 1394 fallere,
566 1342 714 1380 nunc
747 1322 1217 1395 laqueiscaptare
1250 1317 1715 1377 contendimus.
1747 1321 1988 1376 Ciconiae

313 1417 541 1472 reditus
569 1413 840 1469 vexillum
871 1410 1022 1465 veris
1050 1409 1288 1466 attollit.
1325 1411 1511 1466 Grues
1547 1409 1702 1479 quia
1732 1409 1847 1464 alta
1888 1428 1989 1482 pe-

312 1509 468 1571 tunt,
503 1508 702 1558 amant
723 1502 1052 1573 frequenter
1078 1499 1469 1572 peregrinari.

388 1593 478 1647 49.
512 1591 646 1647 Aliae
679 1607 810 1646 aves
842 1589 913 1644 ad
937 1603 1171 1643 manum
1202 1605 1271 1642 se
1303 1586 1659 1658 subjiciunt,
1692 1592 1749 1643 et
1772 1604 1986 1642 mensae

318 1680 493 1737 herili
526 1682 886 1746 assuescunt,
919 1680 1194 1748 tactuque
1231 1675 1605 1744 mulcentur;
1633 1676 1758 1731 aliae
1793 1677 1988 1732 formi-

273 1801 278 1806 -
320 1771 494 1836 dant;
529 1769 649 1823 alias
692 1767 897 1822 iisdem
946 1765 1160 1836 quibus
1214 1764 1490 1819 homines
1539 1763 1859 1819 domiciliis
1889 1766 1986 1820 de-
2014 1807 2060 1871 Β

317 1857 639 1922 laetantur;
675 1855 798 1911 aliae
830 1858 1107 1909 secretam
1139 1852 1205 1906 in
1244 1852 1492 1907 desertis
1516 1852 1698 1906 vitam
1724 1851 1982 1925 diligunt

316 1963 444 2019 quae
468 1944 800 2017 requirendi
831 1944 941 1999 sibi
980 1942 1172 1998 victus
1221 1939 1634 1995 difﬁcultatem
1695 1940 1981 1996 libertatis

319 2050 522 2091 amore
552 2035 950 2105 compensant.
984 2030 1123 2086 Aliae
1153 2029 1404 2083 vocibus
1422 2032 1650 2083 tantum
1678 2032 1978 2100 strepunt;

324 2122 451 2177 aliis
483 2137 694 2175 canoro
727 2119 1015 2174 delectant
1045 2117 1339 2187 suavique
1370 2115 1785 2172 modulamine.
1821 2117 1980 2180 Quae-

319 2211 460 2266 dam
502 2226 571 2264 ex
600 2212 828 2274 natura,
890 2207 1018 2261 alia
1069 2223 1140 2261 ex
1193 2204 1568 2260 institutione
1615 2204 1978 2260 diversarum

319 2312 528 2356 vocum
559 2295 957 2367 obloquuntur
976 2293 1356 2350 discrimina:
1389 2297 1456 2346 ut
1487 2293 1786 2347 hominem
1810 2302 1978 2363 putes

326 2385 607 2450 locutum,
639 2400 774 2439 cum
806 2383 1000 2438 locuta
1031 2383 1111 2438 sit
1142 2381 1285 2436 avis.
1320 2383 1506 2445 Quam
1541 2379 1730 2434 dulcis
1776 2397 1970 2435 meru-

329 2472 546 2538 larum,
575 2489 746 2544 quam
778 2488 1056 2542 expressa
1088 2487 1199 2524 vox
1230 2469 1460 2539 psittaci
1495 2468 1610 2522 esti
1645 2468 1792 2522 Sunt
1808 2469 1980 2523 etiam

330 2559 459 2617 alia)
489 2560 804 2631 simplices,
836 2567 902 2613 ut
931 2557 1258 2622 columba;
1293 2556 1417 2611 aliae
1447 2560 1671 2623 astulae,
1700 2559 1764 2609 ut
1795 2557 1983 2626 perdi-

325 2665 458 2716 ces;
491 2646 1037 2720 gallusjactantior,
1063 2661 1250 2716 pavus
1273 2644 1608 2716 speciosior.
1644 2643 1979 2699 Suntetiam

325 2738 462 2792 vita:
511 2737 570 2790 in
621 2735 823 2790 avibus
872 2739 928 2790 et
987 2749 1232 2805 operum
1283 2733 1678 2798 diversitates;
1726 2736 1791 2785 ut
1855 2731 1979 2786 alia:

325 2829 525 2881 ament
539 2826 596 2878 in
613 2840 920 2879 commune
935 2821 1266 2887 consulere,
1286 2825 1340 2875 et
1354 2820 1577 2876 collatis
1590 2819 1813 2873 viribus
1827 2821 1983 2874 velut

334 2913 652 2986 quamdam
685 2926 886 2966 curare
906 2907 1357 2980 rempublicam,
1381 2915 1437 2962 et
1456 2913 1737 2978 tanquam
1770 2907 1879 2960 sub
1899 2925 1985 2962 re-

321 3018 392 3075 ge
405 3003 597 3055 vivere
623 2999 773 3054 :alia:
793 2999 904 3054 sibi
927 3013 1188 3069 quaequae
1205 2993 1878 3068 prospicere,imperium
1893 3011 1978 3050 re-

325 3105 554 3155 cusare,
574 3092 648 3153 et,
668 3088 714 3143 si
729 3087 1058 3160 capiantur,
1087 3085 1327 3156 indigno
1348 3083 1694 3139 velintexire
1723 3083 1977 3139 servitio.

955 3199 1190 3255 CAPUT
1228 3198 1324 3268 xv

326 3295 403 3350 De
431 3292 678 3363 gruibus,
711 3295 873 3363 atque
891 3304 1089 3363 earum
1122 3287 1410 3363 vigilantia
1440 3288 1496 3363 in
1555 3285 1832 3363 custodiis,
1878 3302 1977 3363 nec

404 3357 512 3418 rion
541 3363 606 3417 de
633 3357 822 3416 ordine
849 3361 916 3415 ab
950 3358 1145 3414 iisdem
1187 3359 1330 3412 inter
1383 3357 1684 3412 volantium
1740 3361 1972 3411 servato.

404 3436 466 3489 Et
496 3435 596 3488 hac
621 3433 897 3489 occasione
925 3431 990 3484 de
1014 3431 1220 3500 priscae
1249 3429 1562 3500 reipublicw
1583 3431 1748 3493 statu,
1783 3427 1975 3481 huma-

401 3520 600 3574 naeque
629 3505 858 3558 incuria
883 3503 1088 3558 cumis.

401 3621 493 3674 50.
524 3619 610 3672 Ab
641 3617 712 3672 iis
737 3617 921 3687 igitur
951 3614 1275 3679 ordiamur,
1307 3630 1432 3684 quae
1484 3615 1684 3666 nostro
1737 3611 1869 3664 usui
1917 3627 1976 3666 se

328 3705 718 3762 imitationem
751 3705 1056 3759 dederunt.
1091 3703 1150 3757 In
1177 3701 1294 3756 illis
1318 3705 1472 3756 enim
1495 3699 1696 3772 politia
1713 3699 1977 3770 quaedam

331 3799 392 3850 et
419 3793 632 3847 militia
658 3791 963 3858 naturalis,
999 3791 1057 3844 in
1089 3789 1260 3844 nobis
1292 3791 1488 3844 coacta
1516 3791 1691 3858 atque
1732 3785 1975 3841 servilis.

328 3883 518 3948 Quam
543 3881 769 3950 injusso
797 3884 854 3934 et
885 3879 1212 3933 voluntario
1245 3895 1359 3932 usu
1392 3893 1566 3949 grues
1598 3875 1657 3929 in
1681 3879 1847 3929 nocte
1870 3873 1980 3928 sol-

327 3970 555 4026 licitam
587 3973 850 4024 exercent
880 3967 1203 4022 custodiam
1229 3967 1240 4020 !
1277 3965 1600 4037 Dispositos
1628 3963 1832 4035 vigiles
1863 3979 1981 4018 cer-

331 4075 473 4125 nas;
522 4062 579 4112 et
619 4056 842 4111 caeteris
900 4055 1274 4109 consortibus
1319 4053 1780 4125 quiescentibus,
1853 4050 1980 4105 aliae

332 4147 702 4202 circumeunt
730 4149 786 4199 et
816 4142 1137 4214 explorant,
1172 4159 1243 4198 ne
1274 4159 1393 4214 qua
1425 4158 1492 4196 ex
1542 4146 1706 4212 parte
1756 4139 1980 4193 insidia

341 4234 680 4297 tendantur,
717 4235 888 4303 atque
921 4247 1154 4286 omnem
1185 4231 1455 4285 deferunt
1487 4229 1736 4300 impigro
1768 4227 1858 4283 sui
1905 4227 1984 4282 vi-

340 4338 478 4396 gore
507 4320 771 4376 tutelam.
809 4320 944 4374 Post
994 4319 1092 4374 ubi
1140 4318 1474 4390 vigiliarum
1527 4317 1700 4372 fuerit
1751 4321 1984 4387 tempus

337 4409 671 4482 impletum,
703 4409 1008 4479 perfuncta
1025 4424 1261 4462 munere
1283 4406 1341 4460 in
1360 4422 1633 4460 somnum
1649 4421 1711 4459 se
1724 4404 1983 4476 premis-

2098 534 2499 591 moderatione
2532 555 2763 595 omnem
2799 542 3055 601 laborem
3084 546 3360 616 allevant;
3395 551 3459 602 ut
3477 547 3746 619 pervices

2099 622 2419 693 fungantur
2450 628 2661 682 ductus
2693 630 2782 685 sui
2818 649 3080 688 munere.
3114 636 3394 692 Praecedit
3423 636 3578 692 enim
3627 653 3746 694 una

2099 715 2336 766 caeteras
2365 716 2686 784 prastituto
2721 719 2832 773 sibi
2859 725 3140 792 tempore,
3168 728 3225 779 et
3243 724 3412 795 quasi
3432 724 3744 797 antesigna

2098 801 2402 868 praecurrit
2449 803 2596 873 (i8):
2647 805 2855 862 deinde
2905 810 3278 877 convertitur,
3352 816 3408 867 et
3476 815 3740 884 sequenti

2101 891 2318 941 sortem
2351 890 2601 945 ducendi
2633 895 2886 963 agminis
2914 897 3086 952 cedit.
3117 900 3264 963 Quid
3284 899 3393 954 hoc
3416 900 3739 970 pulchrius,

2100 977 2156 1026 et
2189 973 2444 1030 laborem
2480 979 2751 1035 omnibus
2783 987 2839 1036 et
2870 983 3150 1039 honorem
3187 1003 3312 1041 esse
3345 1004 3739 1060 communem,

2101 1078 2204 1116 nec
2220 1065 2422 1134 paucis
2445 1069 2699 1137 arrogari
2715 1071 3051 1140 potentiam,
3069 1074 3168 1127 sed
3191 1074 3444 1144 quadam
3459 1075 3517 1129 in
3539 1093 3742 1134 omnes

2099 1149 2428 1207 voluntaria
2450 1158 2604 1209 sorte
2631 1158 2980 1213 transcribi?

2167 1240 2257 1293 52.
2293 1242 2560 1313 Antiquae
2591 1243 2698 1299 hoc
2731 1246 3058 1317 reipublicae
3090 1265 3330 1315 munus,
3365 1255 3424 1305 et
3454 1250 3640 1306 instar
3669 1252 3737 1306 li-

2099 1327 2246 1382 berae
2278 1327 2524 1384 civitatis
2555 1336 2660 1386 est.
2696 1333 2788 1388 Sic
2815 1335 2884 1388 ab
2918 1335 3080 1391 initio
3110 1341 3408 1408 acceptam
3442 1355 3475 1394 a
3524 1345 3736 1395 natura

2097 1416 2360 1487 exemplo
2392 1419 2582 1472 avium
2617 1421 2875 1490 politiam
2919 1422 3186 1479 homines
3237 1440 3500 1481 exercere
3548 1443 3738 1499 ccepe-

2097 1509 2235 1558 runt
2254 1505 2364 1576 (19)
2382 1524 2393 1572 ;
2410 1509 2813 1562 utcommunis
2828 1514 2981 1564 esset
3002 1511 3738 1586 labor,communisdigni-

2095 1597 2206 1653 tas,
2241 1610 2343 1664 per
2370 1595 2521 1648 vices
2549 1595 2765 1667 singuli
2798 1598 2998 1668 partiri
3033 1616 3205 1655 curas
3236 1600 3544 1667 discerent,
3568 1605 3738 1659 obse-

2094 1681 2234 1751 quia
2265 1682 2626 1754 imperiaque
2672 1683 3011 1754 dividerent,
3064 1703 3233 1743 nemo
3293 1693 3448 1745 esset
3495 1689 3740 1746 honoris

2093 1785 2318 1839 exsors,
2347 1770 2544 1826 nullus
2577 1772 2860 1827 immunis
2890 1774 3128 1830 laboris.
3164 1776 3265 1831 Hic
3297 1781 3423 1832 erat
3461 1778 3741 1849 pulcher-

2093 1859 2280 1913 rimus
2340 1877 2531 1914 rerum
2581 1864 2792 1926 status,
2844 1878 2948 1916 nec
2990 1863 3379 1918 insolescebat
3422 1866 3741 1937 quisquam

2090 1952 2373 2018 perpetua
2385 1951 2834 2018 postestate,nec
2849 1950 3013 2004 diutu
3025 1967 3128 2004 rno
3156 1951 3388 2007 servitio
3429 1954 3742 2025 frangeba-

2090 2039 2188 2090 tur
2205 2035 2410 2105 quiaet
2423 2035 2547 2090 sine
2561 2036 2776 2091 invidia
2794 2039 3134 2094 eratordine
3151 2041 3409 2095 muneris
3427 2045 3482 2095 et
3510 2046 3738 2113 tempo-

2093 2123 2171 2177 ris
2191 2123 2588 2178 moderatione
2606 2124 2796 2178 delata
2811 2126 3098 2196 promotio
3115 2131 3191 2192 ;et
3206 2127 3562 2184 tolerabilior
3574 2130 3738 2186 vide-

2089 2212 2265 2267 batur
2294 2229 2418 2282 quae
2447 2213 2742 2266 communi
2785 2214 3025 2268 cadebat
3081 2219 3235 2270 sorte
3288 2217 3551 2272 custodia
3597 2219 3735 2289 (20).

2091 2299 2272 2353 Nemo
2303 2299 2556 2354 audebat
2587 2299 2766 2354 alium
2801 2301 3034 2356 servitio
3078 2319 3363 2374 premere,
3409 2307 3578 2375 cujus
3619 2304 3737 2361 sibi

2093 2387 2419 2440 successuri
2471 2387 2527 2440 in
2578 2387 2856 2442 honorem
2929 2393 3134 2444 mutua
3179 2390 3366 2446 forent
3427 2393 3737 2451 subeunda

2093 2473 2358 2528 fastidia:
2395 2475 2612 2528 nemini
2645 2475 2809 2530 labor
2838 2476 3048 2546 gravis,
3083 2495 3255 2549 quem
3288 2479 3543 2552 dignitas
3572 2498 3738 2538 secu-

2091 2567 2223 2617 tura
2273 2561 2568 2617 relevaret.
2622 2564 2730 2617 Sed
2786 2569 3099 2634 postquam
3147 2566 3488 2622 dominandi
3548 2569 3734 2627 libido

2089 2649 2384 2704 vindicare
2417 2650 2587 2721 coepit
2619 2651 2930 2718 indebitas,
2965 2657 3022 2706 et
3049 2652 3316 2724 indeptas
3360 2654 3514 2710 nolle
3552 2656 3732 2728 depo-

2092 2753 2227 2792 nere
2256 2742 2602 2809 potestates;
2637 2743 2981 2809 poteaquam
3017 2738 3238 2796 militias
3269 2757 3383 2796 non
3416 2742 3519 2811 jus
3568 2759 3730 2798 com-

2092 2841 2269 2879 mune
2301 2826 2474 2896 coepit
2513 2843 2660 2892 esse,
2705 2827 2804 2880 sed
2854 2826 3133 2883 servitus:
3183 2831 3565 2900 posteaquam
3611 2848 3731 2887 non

2093 2914 2233 2968 ordo
2265 2915 2452 2969 factus
2483 2919 2570 2969 est
2601 2915 2984 2986 suscipiendae
3017 2917 3308 2985 potentiae,
3343 2918 3444 2972 sed
3467 2918 3731 2975 studium

2089 3001 2470 3068 vindicandae,
2499 3003 2668 3074 coepit
2697 3002 2869 3057 etiam
2903 3002 3032 3072 ipsa
3059 3002 3277 3059 laboris
3308 3005 3529 3062 functio
3546 3007 3730 3064 durus

2092 3089 2365 3144 sustineri
2395 3107 2408 3156 ;
2441 3094 2497 3144 et
2528 3107 2654 3160 qua:
2688 3107 2799 3144 non
2831 3095 2920 3145 est
2975 3091 3323 3159 voluntaria,
3384 3094 3497 3150 cito
3535 3093 3730 3152 locum

2007 3164 2049 3229 C
2088 3176 2644 3247 relinquitincurise.
2702 3177 2976 3232 Homines
3027 3195 3204 3250 quam
3251 3179 3422 3236 inviti
3472 3182 3731 3238 subeunt

2081 3264 2413 3336 vigiliarum
2433 3265 2835 3335 munia,quam
2852 3280 3003 3337 aegre
3019 3267 3429 3340 unusquisque
3447 3269 3505 3324 in
3520 3270 3728 3326 castris

2085 3351 2406 3423 periculurn
2467 3353 2709 3408 sortitus
2757 3353 3023 3421 excubat,
3075 3357 3230 3427 quod
3278 3358 3564 3412 tuendum
3616 3357 3729 3414 sibi

2084 3439 2261 3510 regali
2284 3441 2663 3512 prreceptione
2709 3441 3124 3498 committitur!
3172 3444 3516 3516 Proponitur
3560 3462 3732 3518 pcena

2085 3526 2354 3592 desidim;
2389 3533 2443 3582 et
2469 3533 2662 3581 tamen
2698 3526 3045 3600 plerumque
3076 3531 3303 3602 obrepit
3331 3533 3578 3603 incuria,
3613 3552 3729 3591 non

2087 3619 2391 3670 servantur
2455 3614 2726 3669 excubiae.
2771 3615 3100 3674 Necessitas
3159 3621 3316 3676 enim
3374 3639 3501 3692 quas
3553 3621 3754 3692 invito.

2086 3701 2335 3772 imponit
2365 3702 2731 3773 obsequium,
2787 3703 2954 3758 affert
3001 3706 3347 3778 plerumque
3405 3709 3729 3764 fastidium.

2087 3790 2244 3844 Nihil
2267 3795 2356 3846 est
2385 3790 2541 3845 enim
2571 3794 2690 3843 tam
2711 3789 2896 3855 facile,
2915 3791 3056 3862 quin
3076 3793 3288 3848 habeat
3303 3796 3730 3862 difficultatem,

2090 3880 2244 3950 quod
2287 3879 2464 3934 facias
2503 3877 2738 3932 invitus.
2782 3878 2931 3950 Ergo
2971 3883 3028 3933 et
3079 3881 3244 3952 jugis
3297 3881 3462 3936 labor
3529 3882 3736 3937 avertit

2090 3968 2380 4033 affectum,
2414 3972 2470 4022 et
2501 3965 2779 4022 continua
2808 3973 2865 4020 et
2896 3967 3176 4023 diuturna
3231 3968 3491 4040 potentia
3547 3968 3735 4041 gignit

2088 4054 2486 4111 insolentiam.
2521 4058 2702 4119 Quem
2736 4053 2996 4110 invenias
3029 4056 3358 4123 hominum,
3393 4055 3495 4128 qui
3526 4061 3734 4128 sponte

2091 4143 2341 4214 deponat
2366 4143 2698 4214 imperium,
2733 4145 2790 4196 et
2833 4143 3080 4199 ducatus
3129 4144 3220 4199 sui
3266 4145 3432 4200 cedat
3478 4144 3731 4216 insigne,

2091 4230 2310 4302 ﬁatque
2340 4231 2539 4286 volens
2567 4245 2809 4285 numero
2862 4237 3190 4302 postremus
3237 4249 3303 4288 ex
3352 4230 3570 4303 primo!
3620 4232 3735 4288 Nos

2093 4324 2285 4374 autem
2320 4335 2434 4372 non
2468 4317 2659 4373 solum
2695 4318 2765 4372 de
2795 4318 3003 4388 primo,
3055 4320 3155 4374 sed
3205 4319 3379 4374 etiam
3431 4319 3501 4375 de
3544 4319 3735 4376 medio

2093 4423 2246 4477 sazpe
2277 4423 2383 4461 con
2411 4406 2704 4468 endimus,
2736 4406 3030 4476 etprimos
3047 4406 3378 4462 discubitus
3400 4407 3460 4462 in
3476 4408 3735 4464 convivio

343 4514 412 4556 so
443 4498 711 4568 clangore
743 4497 899 4551 100
917 4495 1240 4567 componit;
1265 4499 1329 4548 ut
1349 4492 1981 4561 excitetdormientem,
2016 4525 2061 4588 Β
2092 4495 2496 4549 vindicamus:
2523 4509 2588 4548 ac
2619 4491 2668 4548 si
2700 4498 2885 4548 semet
2914 4493 3170 4549 delatum
3221 4495 3414 4566 fuerit,
3462 4497 3734 4553 volumus

339 4586 434 4642 cui
487 4586 668 4640 vicem
722 4584 983 4639 muneris
1033 4582 1322 4637 traditura
1357 4585 1474 4637 est.
1523 4583 1593 4636 At
1643 4579 1743 4635 illa
1782 4580 1981 4634 volens

339 4672 592 4744 suscipit
621 4677 865 4736 sortem,
897 4687 1000 4726 nec
1031 4688 1142 4726 usu
1184 4675 1384 4725 nostro
1434 4670 1612 4724 invita
1666 4673 1722 4724 et
1773 4668 1991 4740 pigrior

344 4777 552 4818 somno
581 4759 908 4816 renuntiat:
945 4760 1044 4815 sed
1077 4759 1325 4830 impigre
1355 4757 1479 4812 suis
1505 4757 1799 4812 excutitur
1842 4762 1989 4811 stra-

353 4851 452 4918 tis,
486 4849 668 4904 vicem
694 4848 1050 4920 exsequitur,
1083 4852 1330 4918 etquam
1352 4846 1574 4917 accepit
1599 4847 1844 4917 gratiam
1870 4845 1992 4916 pari

352 4955 494 4994 cura
524 4944 694 5008 atque
725 4937 913 4992 officio
947 4939 1340 5008 reprzesentat.
1377 4935 1507 4988 Ideo
1539 4932 1701 4988 nulla
1719 4933 1990 5001 desertio,

355 5027 497 5098 quia
525 5026 752 5081 devotio
798 5024 1111 5092 naturalis;
1163 5023 1291 5078 ideo
1340 5027 1468 5077 tuta
1515 5022 1808 5089 custodia,
1857 5021 1996 5092 quia

343 5114 620 5171 voluntas
650 5113 851 5169 libera.

411 5317 528 5390 (i8)
559 5316 881 5390 Gronovius
912 5316 995 5390 ait
1043 5314 1441 5390 scribendum,
1494 5318 1620 5390 ante
1665 5315 1841 5390 signa
1871 5330 1998 5384 pro-

338 5385 590 5448 currit...
634 5388 883 5460 Antiqu
922 5388 1012 5442 hic
1057 5387 1395 5460 ircipubltcw
1443 5387 1667 5460 inimus,
1715 5393 1764 5439 et
1820 5385 2003 5440 instar

358 5462 530 5520 iberae
562 5456 804 5514 civitatis
834 5467 930 5514 est.
959 5459 1071 5514 Sed
1104 5456 1162 5512 id
1190 5457 1353 5512 nulla
1402 5456 1586 5510 ullius
1643 5472 1754 5510 ms.
1806 5462 2002 5512 aucto-

359 5533 536 5592 ritate
569 5531 964 5587 conﬁrmatur.
995 5529 1141 5586 Vict.
1177 5546 1332 5585 unus
1362 5545 1426 5584 ac
1472 5527 1640 5585 Corb.
1691 5543 1794 5599 per
1855 5544 2000 5582 corr.

343 5605 585 5679 (habent
633 5605 1026 5672 antesignatus.
1081 5603 1223 5659 Gem
1273 5600 1448 5657 etiam
1500 5616 1603 5672 per
1653 5614 1800 5655 corr.
1854 5603 2004 5655 antc-

2095 4599 2222 4639 esse
2254 4585 2621 4653 perpetuum.
2656 4581 2789 4636 Ideo
2821 4581 2972 4638 inter
3003 4599 3176 4654 grues
3224 4584 3630 4656 aequanimitas
3677 4585 3736 4638 in

2096 4670 2398 4725 laboribus
2429 4674 2534 4738 est,
2560 4667 2865 4724 humilitas
2890 4671 2949 4724 in
2968 4672 3378 4742 potestatibus.
3407 4673 3737 4728 Admonen-

2099 4764 2197 4813 tur
2227 4762 2292 4812 ut
2321 4761 2620 4812 exerceant
2641 4758 2916 4813 custodias
2948 4759 3122 4828 vices,
3157 4777 3270 4816 non
3332 4760 3740 4814 admomentur

2104 4849 2245 4902 101
2281 4850 2342 4900 ut
2373 4847 2444 4900 de
2475 4850 2758 4917 potestate
2789 4847 3098 4914 decedant;
3147 4847 3411 4918 quiaibi
3457 4843 3740 4900 naturalis

2103 4934 2270 5006 quies
2302 4935 2492 4988 somni
2523 4934 2973 5006 interpellanda,
2993 4935 3086 4991 hic
3113 4933 3448 4990 voluntariae
3471 4930 3744 4987 sedulita-

2103 5022 2179 5077 tis
2211 5021 2398 5094 gratia
2429 5023 2756 5093 priestanda
2785 5026 2895 5078 est.

2147 5333 2217 5371 na
2223 5334 2295 5370 na
2303 5357 2314 5368 .

2112 5335 2314 5458 g'ntaig‘l.
2345 5386 2484 5441 Mss.
2565 5384 2799 5458 aliquod
2850 5382 3102 5458 antiquae
3149 5397 3382 5452 manus,
3451 5388 3747 5458 acceptam,

2112 5453 2333 5522 natura,
2367 5456 2630 5526 exemplo,
2662 5453 2856 5509 avibus
2879 5453 3201 5526 petilium...
3233 5457 3524 5526 coeperant.

2187 5530 2300 5600 (20)
2317 5527 2453 5582 Tres
2485 5523 2771 5600 mss.__non
2803 5523 2967 5580 malae
3027 5529 3176 5581 notas
3221 5523 3347 5597 quae
3394 5525 3754 5584 communica-

2123 5597 2211 5657 bat
2235 5597 2432 5656 sertem
2458 5597 2738 5655 custodiae.
