4158 6168
454 258 599 326 ’243

1086 395 1321 456 CAPUT
1361 394 1476 461 XV,

484 465 753 540 Quomodo
796 469 1015 525 ciconiae
1059 469 1476 540 proﬁciscantur
1531 476 1692 537 atque
1734 484 1769 522 (ι
1811 468 2119 523 cornicibus

553 537 890 595 deducantur
937 559 1000 595 ac
1041 537 1420 609 defenduntur.
1476 540 1753 593 Laudatur
1807 540 2122 595 earumdem

551 611 831 665 cornicum
876 613 1237 682 hospitalitas,
1304 618 1355 664 et
1402 610 1645 665 humana
1708 610 2124 679 reprehenditur

550 682 907 751 negligentia.
945 681 1173 736 Tandem
1195 682 1535 735 ciconiarum
1557 683 1751 753 pietati
1786 683 1844 735 in.
1870 685 2124 752 parentes

551 760 742 808 nostra
771 754 1018 823 impietas
1045 753 1355 821 opponitur.

556 840 643 893 53.
677 839 938 894 Ciconias
971 840 1161 893 ferunt
1190 838 1429 893 collecto
1463 838 1750 910 proﬁcisci
1785 839 2039 911 agmine,
2074 840 2124 895 si

483 943 599 998 quo
620 927 973 998 pergendum
1006 930 1233 998 putant,
1289 931 1345 982 et
1394 926 1569 982 simul
1622 926 1915 999 plerisque
1964 929 2118 983 circa

484 1013 775 1086 Qrientem
824 1013 968 1069 locis
1016 1014 1226 1082 invehi,
1278 1020 1334 1070 et
1383 1014 1551 1086 quasi
1598 1021 1820 1070 tessera
1879 1015 2122 1071 militari

481 1101 697 1174 pariter
724 1118 926 1157 omnes
955 1103 1189 1158 moveri.
1207 1104 1532 1159 Exercitum
1556 1105 1758 1159 credas
1776 1120 1909 1159 cum
1938 1104 2123 1176 signis

482 1188 606 1245 suis
648 1206 905 1262 pergere,
963 1190 1045 1246 sic
1092 1208 1293 1247 omnes
1342 1192 1535 1247 viandi
1586 1191 2021 1263 comitandique
2069 1197 2125 1247 et

479 1277 777 1349 praeeundi
808 1279 1071 1333 ordinem
1104 1284 1353 1335 servant.
1390 1280 1661 1335 Cornices
1703 1284 1897 1335 autem
1948 1281 2125 1335 dedu-

482 1369 622 1421 cunt
651 1381 749 1421 eas
782 1383 846 1421 ac
877 1367 1143 1439 dirigunt
1173 1373 1229 1423 et
1287 1369 1448 1423 velut
1506 1368 1862 1439 quibusdam
1912 1368 2124 1423 turmis

481 1454 880 1526 stipatricibus
959 1460 1425 1526 prosequuntur;
1477 1457 1619 1511 adeo
1682 1460 1747 1510 ut
1787 1456 2126 1525 adjumenta

482 1543 646 1614 quaed
656 1559 750 1597 am
760 1541 1116 1599 bellantibus
1131 1544 1410 1599 adversus
1424 1543 1696 1599 inimicas
1716 1560 1848 1599 aves
1864 1544 2124 1599 conferre

480 1631 813 1695 credantur,
846 1635 903 1686 et
932 1632 1181 1703 prepriis
1212 1631 1488 1702 periculis
1519 1632 1670 1687 bella
1710 1630 1902 1687 aliena
1936 1633 2125 1687 susci-

1942 262 2006 328 S.
2051 262 2424 329 AMBROSII

3759 270 3876 335 2M

2148 400 2205 466 Α
2234 402 2443 455 cusant
2471 415 2604 457 aves
2635 414 2872 473 pascere
2902 404 3148 474 patrem,
3181 400 3337 475 quod
3377 400 3557 458 etiam
3607 402 3874 475 pressori-

2234 492 2333 560 pta
2366 489 2712 545 necessitate
2739 491 2849 545 sub
2884 494 3101 546 terrore
3130 507 3437 562 poenarum
3470 490 3736 565 plerique
3774 493 3879 550 ho-

2236 577 2463 632 minum
2510 583 2876 634 recusarunt.
2930 583 3078 634 Aves
3111 596 3225 635 non
3277 580 3513 652 scripta,
3575 582 3677 637 sed
3744 586 3881 638 nata

2234 664 2326 720 lex
2356 666 2611 739 stringit.
2644 669 2790 723 Aves
2836 668 2908 723 ad
2954 668 3064 723 hoc
3113 684 3328 723 munus
3384 667 3547 724 nulla
3598 675 3886 743 praecepta

2235 756 2590 811 conveniunt
2621 757 2757 826 (22),
2792 758 2887 811 sed
2924 756 3123 829 gratiae
3150 756 3440 813 naturalis
3471 758 3684 814 ofﬁcia.
3730 765 3884 817 Aves

2234 860 2351 899 non
2382 844 2739 899 erubescunt
2769 845 3067 901 reverendi
3108 846 3267 901 senis
3300 846 3567 902 membra
3612 852 3875 919 portare;

2234 937 2323 988 est
2350 931 2505 987 enim
2536 936 2771 988 vectura
2802 933 3054 1005 pietatis,
3088 935 3243 1006 quod
3275 951 3341 990 eo
3374 951 3562 1007 usque
3593 935 3883 1008 frequenti

2233 1021 2639 1077 testiﬁcatione
2690 1021 3040 1093 percrebuit,
3102 1027 3169 1077 ut
3215 1038 3484 1095 congruae
3550 1025 3882 1082 mercedem

2234 1110 2724 1166 remunerationis
2764 1108 3068 1166 invenerit.
3120 1110 3267 1165 Nam
3317 1111 3717 1168 Romanorum
3766 1131 3882 1171 usu

2233 1197 2329 1269 pia
2359 1198 2479 1253 avis
2508 1204 2763 1253 vocatur.
2795 1200 2863 1253 Et
2893 1199 3046 1270 quod
3077 1197 3170 1253 vix
3217 1199 3317 1253 uni
3363 1199 3696 1271 miperatori
3738 1218 3879 1258 con-

2233 1285 2386 1341 sulto
2418 1290 2655 1342 senatus
2686 1286 2944 1342 delatum
2992 1286 3229 1352 dicitur,
3284 1287 3392 1343 hoc
3440 1288 3565 1344 ista:
3619 1306 3755 1346 aves
3818 1290 3881 1345 in

2233 1390 2542 1430 commune
2581 1378 2944 1431 meruerunt.
2978 1374 3204 1431 Habent
3241 1391 3377 1447 ergo
3426 1392 3561 1432 aves
3606 1378 3731 1434 istae
3774 1379 3875 1435 de-

2233 1466 2390 1518 creta
2418 1466 2651 1533 patrum
2694 1463 2767 1519 ad
2798 1463 3030 1535 proprie
3071 1463 3301 1536 insigne
3355 1462 3697 1522 clementiae.
3752 1466 3885 1524 Pios

2232 1550 2390 1606 enim
2438 1550 2589 1606 ﬁlios
2622 1556 2855 1622 patrum
2902 1551 3067 1622 prius
3114 1551 3371 1623 oportuit
3408 1552 3634 1623 judicio
3680 1555 3890 1626 pradi-

2234 1639 2372 1695 cari.
2433 1639 2664 1694 Habent
2715 1640 2891 1695 etiam
2916 1638 3327 1695 universorum
3376 1640 3684 1713 suffragia;
3736 1660 3875 1699 nam

483 1734 638 1789 pere.
672 1718 852 1789 Cujus
883 1718 963 1773 rei
996 1719 1275 1774 indicium
1306 1724 1414 1786 est,
1450 1719 1590 1791 quia
1620 1719 1788 1773 nulla:
1810 1735 1913 1790 per
1947 1720 2125 1774 inter-
2154 1763 2200 1826 Β
2233 1727 2537 1783 retributio
2577 1727 2993 1783 beneﬁciorum
3038 1735 3446 1800 ἀντιπελάργησις
3493 1730 3873 1798 nominatur;

483 1804 691 1826 ---ιι-η.-
733 1806 957 1826 -12_.____1
994 1806 1269 1826 1A_-#_,,!x
1306 1806 1552 1826 _-_SJA,,_
1590 1806 1639 1826 ἐμ
1684 1806 1915 1826 f!_'I__E-
1968 1824 2089 1826 ,,,,_
2279 1815 2309 1826 Α
2599 1814 2611 1825 ο
2784 1815 2794 1824 α
2917 1815 2929 1826 ι
3043 1816 3081 1826 -σ
3127 1816 3158 1826 ο.
3306 1814 3365 1826 πν-
3408 1820 3417 1826 .
3543 1816 3575 1826 ..
3841 1820 3853 1826 -

480 1804 699 1861 vallum
727 1806 961 1877 aliquod
993 1806 1272 1878 temporis
1304 1806 1558 1862 residere
1590 1806 1649 1861 in
1680 1807 1753 1861 iis
1783 1806 1924 1862 locis
1966 1824 2124 1879 repe-

483 1894 744 1963 riuntur;
805 1898 861 1950 et
935 1895 1075 1965 quia
1146 1912 1280 1950 cum
1351 1895 1694 1950 vulneribus
1772 1899 2121 1950 revertentes

483 1982 795 2038 manifesta
824 1983 1076 2054 quadam
1108 1983 1414 2055 sanguinis
1445 1983 1537 2038 sui
1593 1998 1731 2037 voce
1787 1983 2124 2054 caeterisque

481 2070 805 2142 loquuntur
828 2070 1063 2126 indiciis
1087 2071 1350 2142 gravium
1370 2087 1431 2126 se
1453 2070 1839 2125 certaminum
1871 2070 2124 2126 subiisse

482 2159 840 2215 conﬂictum.
892 2159 1032 2222 Quis
1080 2159 1260 2231 igitur
1308 2158 1427 2213 illis
1491 2175 1723 2230 pcenam
1777 2159 2124 2214 desertionis

482 2246 730 2302 indixit?
745 2246 884 2310 Quis
906 2247 1191 2302 derelictae
1209 2246 1432 2302 militiae
1456 2246 1745 2318 supplicia
1765 2248 1997 2318 prmscri
2007 2248 2124 2319 psit

480 2334 887 2403 formidolosa;
939 2339 1005 2390 ut
1055 2334 1216 2389 nulla
1261 2333 1687 2406 prosequendis
1731 2333 2124 2406 hospitalibus

484 2423 700 2478 turmis
756 2439 883 2479 sese
960 2422 1306 2478 subtrahere
1367 2422 1621 2477 nitatur:
1686 2423 1786 2477 sed
1859 2423 2124 2478 certatim

482 2527 687 2566 omnes
717 2511 1082 2566 deductionis
1110 2527 1350 2566 munere
1381 2510 1686 2582 ofﬁcioque
1729 2511 2068 2584 fungantur.

554 2601 647 2654 54.
680 2599 917 2655 Discant
946 2599 1213 2655 homines
1243 2598 1556 2670 hospitalia
1587 2616 1816 2654 servare
1862 2600 2019 2669 jura,
2070 2604 2126 2656 et

485 2702 553 2742 ex
584 2687 789 2743 avibus
818 2692 1175 2759 cognoscant
1205 2688 1346 2758 quid
1378 2686 1677 2758 religionis
1694 2686 2025 2757 hospitibus
2049 2688 2124 2743 sit

484 2775 882 2842 deferendum,
916 2792 1043 2845 qua:
1076 2776 1353 2847 obsequia
1384 2774 1740 2845 deputanda,
1767 2774 1981 2844 quibus
2003 2792 2124 2831 cor-

484 2863 643 2918 nices
674 2862 849 2916 etiam
881 2862 1142 2934 pericula
1167 2879 1274 2918 sua
1300 2877 1511 2933 negare
1561 2878 1677 2915 non
1724 2861 1968 2916 soleant.
2022 2862 2121 2918 His

481 2949 663 3021 igitur
690 2965 796 3004 nos
824 2951 1041 3020 januas
1084 2949 1440 3016 claudimus,
1489 2948 1705 3019 quibus
1755 2966 1889 3005 aves
1945 2951 2121 3006 etiam

482 3036 710 3091 animas
736 3052 875 3092 suas
904 3037 1231 3104 conferunt,
1262 3040 1318 3091 et
1349 3053 1495 3107 quos
1526 3035 1621 3091 ille
1653 3038 1948 3093 consortio
1987 3055 2118 3110 pro-

2228 1815 2468 1880 πέλαργος
2522 1814 2678 1870 enim
2747 1815 2971 1872 ciconia
3025 1816 3259 1871 dicitur.
3306 1814 3500 1871 Virtus
3538 1816 3735 1890 itaque
3803 1820 3876 1875 ab

2230 1896 2325 1953 his
2352 1916 2564 1956 nomen
2598 1902 2844 1974 accepit,
2877 1918 3011 1957 cum
3040 1901 3244 1959 relatio
3273 1902 3592 1975 gratiarum
3642 1904 3877 1962 ciconiae

2230 1987 2511 2044 vocabulo
2540 1996 2933 2063 nuncupatur.

2834 2104 3066 2161 CAPUT
3103 2106 3272 2162 XVII.

2232 2191 2664 2280 Dentiirana‘inis
2719 2193 3028 2280 sedulitate,
3087 2195 3382 2280 industria
3427 2200 3510 2278 et.
3563 2199 3768 2280 pietate
3815 2200 3878 2253 in

2303 2263 2465 2331 ﬁlios.
2502 2266 3162 2340 Depanpertateipsias
3209 2263 3608 2340 quahominis
3648 2270 3710 2323 in
3759 2285 3879 2340 ege-

2304 2340 2439 2397 state
2482 2336 2646 2411 positi
2692 2338 3058 2406 impatientia,
3099 2338 3424 2407 improbitas
3470 2341 3523 2394 et
3574 2336 3877 2411 desperatio

2304 2407 2635 2473 arguuntur.

2300 2501 2390 2555 56.
2425 2502 2720 2557 Habemus
2749 2502 2977 2558 aviariae
3009 2502 3229 2559 sobolis
3257 2519 3395 2575 erga
3417 2503 3608 2561 cultus
3645 2508 3878 2578 patrios

2233 2586 2465 2658 pietatis
2495 2589 2851 2662 exemplum,
2885 2591 3244 2663 accipiamus
3274 2609 3430 2647 nunc
3460 2600 3734 2649 materna;
3775 2612 3877 2651 se-

2232 2676 2497 2732 dulitatis
2528 2678 2587 2732 in
2635 2678 2787 2734 ﬁlios
2834 2681 3057 2751 grande
3105 2681 3539 2736 documentum.
3596 2681 3869 2740 Hirundo

2232 2764 2565 2821 minuscula
2593 2784 2849 2838 corpore,
2884 2768 2985 2822 sed
3018 2769 3245 2840 egregie
3276 2767 3371 2839 pio
3402 2768 3671 2826 sublimis
3730 2772 3880 2827 affe-

2231 2857 2348 2918 ctu,
2374 2869 2503 2923 quas
2533 2854 2731 2927 indiga
2761 2872 2958 2911 rerum
3008 2856 3273 2911 omnium
3333 2855 3683 2927 pretiosores
3724 2875 3875 2915 auro

2229 2939 2397 2994 nidos
2419 2940 2620 3009 struit;
2654 2942 2791 3013 quia
2821 2944 3111 3014 sapienter
3140 2943 3422 2999 nidiﬁcat.
3466 2945 3650 3001 Nidus
3705 2947 3873 3003 enim

2230 3028 2525 3099 sapientia
2556 3030 2747 3101 potior
2774 3035 2864 3086 est
2894 3048 3054 3087 auro.
3110 3032 3256 3095 Quid
3305 3032 3464 3088 enim
3515 3034 3869 3106 sapientius,

482 3127 812 3197 sequuntur
840 3123 1220 3189 discriminis,
1252 3140 1350 3179 eos
1381 3124 1550 3179 tectis
1583 3124 1964 3195 prohibemus
2012 3127 2116 3181 ho-

2232 3131 2403 3186 quam
2433 3122 2497 3172 ut
2525 3123 2582 3173 et
2608 3118 2839 3174 volandi
2863 3136 3007 3191 vaga
3029 3118 3294 3175 libertate
3324 3120 3598 3192 potiatur,
3659 3126 3716 3177 et
3759 3122 3877 3178 ho-

480 3212 684 3286 spitio;
718 3216 773 3267 et
802 3228 1053 3283 quorum
1085 3210 1197 3265 illae
1253 3211 1404 3266 bella
1454 3211 1806 3283 suscipiunt,
1864 3214 1957 3269 his
2014 3231 2119 3270 nos

476 3300 628 3357 bella
652 3301 984 3371 frequenter
1012 3299 1336 3355 inferimus.
1370 3300 1634 3367 Mentior,
1669 3300 1716 3355 si
1774 3317 1887 3356 non
1935 3302 2116 3357 Sodo-

474 3387 715 3446 mitanis
771 3387 890 3442 haec
929 3388 1038 3441 fuit
1086 3404 1263 3443 causa
1307 3387 1609 3460 supplicii:
1671 3392 1773 3443 aut
1812 3389 2114 3461 Egyptius

469 3476 634 3531 furor
661 3474 818 3548 genti
846 3474 1087 3546 hospita;
1133 3476 1272 3531 dum
1303 3475 1526 3531 bellum
1583 3481 1829 3531 conatur
1876 3478 2108 3544 inferre,

468 3562 945 3636 inhospitalitatis
968 3579 1168 3634 poenas
1199 3564 1391 3619 inﬁda:
1422 3564 1727 3636 naufragio
1777 3564 1966 3635 plebis
2019 3582 2111 3622 ex-

465 3651 655 3708 solvit.

530 3741 621 3795 55.
654 3740 837 3804 Quam
867 3756 1000 3794 vero
1048 3740 1486 3796 rationabilium
1537 3756 1650 3794 non
1699 3741 1936 3796 excedat
1981 3742 2102 3813 pie-

458 3831 638 3884 tatem
670 3844 736 3884 ac
759 3828 1132 3899 prudentiam
1162 3828 1285 3883 avis
1317 3828 1495 3898 hujus
1514 3827 2101 3885 clementiaconside-

456 3916 728 3984 randum,
762 3933 941 3988 quam
970 3932 1076 3971 nec
1108 3921 1239 3987 post
1268 3915 1600 3986 exemplum
1650 3916 1889 3985 quidem
1950 3917 2098 3973 irra-

455 4003 826 4061 tionabilium
866 4004 1181 4075 quisquam
1241 4008 1510 4058 nostrum
1562 4002 1779 4057 imitari
1824 4006 2093 4075 potuerit.

452 4092 599 4148 Nam
630 4091 877 4164 depositi
911 4092 1022 4161 (2t)
1053 4091 1236 4162 patris
1288 4096 1451 4145 artus
1480 4107 1584 4161 per
1631 4090 1955 4163 longaevum
2005 4112 2093 4150 se-

2234 3204 2461 3258 minum
2508 3206 2821 3262 domiciliis
2878 3207 3154 3279 parvulos
3198 3223 3337 3263 suos
3392 3213 3451 3263 et
3506 3213 3653 3265 tecto
3707 3226 3878 3267 com-

2227 3293 2480 3361 mendet,
2514 3294 2614 3348 ubi
2644 3294 2899 3351 sobolem
2934 3294 3132 3351 nullus
3162 3294 3604 3352 incurset.Nam
3633 3301 3691 3353 et
3712 3296 3869 3355 illud

2223 3384 2311 3434 est
2341 3380 2651 3451 pulchrum
2676 3401 2689 3451 ;
2724 3387 2789 3438 ut
2817 3401 2852 3438 a
2880 3384 3075 3455 primo
3099 3388 3224 3439 ortu
3261 3382 3453 3455 pullos
3483 3401 3619 3440 suos
3649 3384 3871 3443 huma-

2221 3484 2306 3521 nae
2362 3486 2471 3523 usu
2512 3471 2972 3526 conversationis
3020 3475 3342 3539 assuescat,
3392 3477 3450 3528 et
3496 3478 3728 3543 praestet
3786 3476 3868 3531 ab

2214 3554 2583 3612 inimicarum
2642 3560 2835 3613 avium
2887 3558 3119 3615 insidiis
3166 3559 3432 3615 tutiores.
3489 3561 3639 3615 Tum
3709 3560 3862 3619 illud

2214 3643 2578 3715 praeclarum,
2611 3663 2727 3718 qua
2756 3647 2944 3719 gratia
2974 3647 3178 3703 domos
3210 3647 3323 3702 sibi
3354 3647 3479 3704 sine
3515 3647 3636 3704 ullo
3682 3650 3869 3721 adju-

2210 3736 2333 3788 tore
2365 3738 2643 3806 tanquam
2693 3737 2834 3791 artis
2861 3735 3047 3807 perita
3094 3740 3425 3807 componat.
3468 3736 3633 3809 Legit
3689 3738 3861 3797 enim

2209 3821 2463 3877 festucas
2491 3839 2609 3890 ore,
2652 3838 2870 3893 easque
2908 3823 3032 3878 luto
3088 3822 3283 3891 illinit,
3338 3827 3404 3879 ut
3448 3824 3866 3897 conglutinare

2208 3910 2409 3980 possit.
2443 3911 2550 3965 Sed
2584 3910 2721 3981 quia
2751 3910 2944 3966 lutum
2978 3910 3224 3983 pedibus
3258 3928 3370 3967 non
3399 3912 3857 3983 potestdeferre.

2206 3998 2607 4053 summitatem
2642 4015 2969 4070 pennarum
3000 4016 3163 4070 aqua:
3212 3999 3502 4068 infundit;
3553 4005 3617 4055 ut
3671 4001 3858 4059 facile

2204 4083 2296 4140 his
2328 4086 2516 4157 pulvis
2564 4087 2876 4152 adhaereat,
2925 4091 2983 4142 et
3029 4087 3131 4142 ﬁat
3170 4086 3348 4142 limus
3399 4104 3513 4159 quo
3562 4088 3860 4160 paulatim

451 4180 703 4235 nectutis
733 4177 1070 4250 plumarum
1100 4178 1355 4249 tegmine
1369 4178 1712 4250 alarumque
1726 4181 1968 4252 remigio
1992 4200 2094 4238 nu-
2201 4174 2455 4230 festucas
2476 4173 2562 4230 vel
2600 4174 2862 4231 minutos
2894 4174 3162 4231 surculos
3207 4175 3319 4231 sibi
3362 4175 3614 4249 colligat,
3664 4182 3859 4249 atque

449 4268 616 4321 datos
647 4266 1037 4322 circumstans
1070 4265 1302 4321 soboles
1349 4267 1559 4337 pennis
1606 4267 1856 4338 propriis
1912 4270 2086 4325 fovet.
2200 4261 2492 4318 adhaerere
2521 4262 2727 4317 faciat:
2786 4278 2852 4318 eo
2901 4278 3111 4335 genere
3154 4263 3276 4318 nidi
3331 4263 3512 4320 totius
3559 4264 3862 4324 fabricam

446 4352 517 4407 Et
535 4352 675 4422 quid
707 4352 920 4419 dicam,
947 4350 1226 4408 collatitio
1258 4353 1386 4408 cibo
1417 4354 1623 4424 pascit,
1661 4356 2086 4425 quandoetiam
2198 4350 2401 4418 struit;
2458 4357 2523 4406 ut
2565 4351 2736 4422 quasi
2783 4351 3104 4422 pavimenti
3154 4350 3276 4407 solo
3325 4351 3472 4424 pulli
3519 4352 3649 4422 ejus
3689 4353 3868 4411 intra

444 4438 576 4510 ipsa
603 4443 835 4511 reparat
856 4443 1073 4494 naturai
1106 4439 1431 4511 dispendia,
1464 4446 1531 4496 ut
1556 4441 1692 4496 hinc
1739 4446 1913 4514 atque
1951 4445 2087 4500 inde
2117 4467 2165 4531 Β
2195 4437 2345 4491 aedes
2375 4454 2514 4492 suas
2561 4438 2688 4492 sine
2737 4437 3054 4493 offensione
3100 4443 3426 4505 versentur,
3483 4454 3587 4494 nec
3634 4440 3893 4523 pedem.

444 4525 815 4582 sublevantes
847 4542 1045 4582 senem
1083 4527 1264 4583 fulcro
1295 4528 1522 4583 alarum
1571 4546 1814 4584 suarum
1868 4532 1939 4585 ad
1986 4549 2083 4586 vo-
2117 4523 2157 4531 '
2194 4523 2407 4595 aliquis
2440 4524 2749 4581 interserat
2779 4542 2880 4597 per
2900 4525 3143 4582 rimulas
3175 4530 3557 4597 texturarum,
3609 4533 3716 4585 aut
3758 4534 3859 4586 te-

440 4614 686 4670 landum
717 4618 1037 4680 exerceant,
1070 4616 1203 4670 etin
1217 4616 1498 4686 pristinos
1514 4633 1661 4671 usus
1684 4618 1755 4671 de
1778 4623 1944 4673 sueta
1957 4619 2084 4690 jam
2193 4612 2349 4667 neris
2380 4613 2565 4685 frigus
2596 4613 2835 4685 irrepat.

440 4707 711 4758 revocent
738 4702 819 4774 pii
852 4702 1038 4774 patris
1068 4704 1377 4759 membra?
1406 4704 1546 4766 Quis
1579 4710 1846 4759 nostrum
1894 4705 2083 4763 levare
2260 4702 2350 4753 57.
2386 4702 2496 4757 Sed
2530 4701 2637 4757 hoc
2668 4701 2972 4757 industriae
3004 4702 3261 4759 ofﬁcium
3291 4720 3471 4776 prope
3524 4720 3862 4764 commune

439 4807 661 4863 aegrum
691 4807 805 4847 non
833 4790 1097 4845 fastidiat
1126 4794 1389 4862 patrem?
1418 4792 1559 4857 Quis
1609 4793 1831 4848 fessum
1883 4812 2079 4851 senem
2190 4788 2391 4844 multis
2422 4790 2656 4845 avibus:
2722 4789 2869 4845 illud
2918 4807 3050 4847 vero
3108 4792 3424 4864 singulare,
3460 4793 3518 4846 in
3579 4809 3698 4864 quo
3747 4801 3864 4851 est

438 4879 565 4935 suis
593 4878 856 4935 humeris
888 4879 1170 4949 imponat,
1206 4879 1359 4949 quod
1414 4879 1474 4933 in
1524 4879 1653 4949 ipsa
1696 4880 1943 4936 historia
1989 4884 2081 4939 vix
2189 4876 2463 4947 praeclara
2493 4894 2634 4933 cura
2663 4878 2914 4950 pietatis,
2949 4884 3005 4935 et
3034 4880 3348 4952 prudentia
3395 4878 3732 4937 intellectus
3784 4890 3865 4941 et

438 4966 714 5023 credibile
746 4967 1034 5023 habetur?
1067 4968 1205 5032 Quis
1237 4973 1300 5024 ut
1331 4969 1464 5039 pius
1497 4970 1590 5035 sit,
1627 4988 1741 5024 non
1791 4971 1899 5025 hoc
1957 4990 2078 5027 ser-
2187 4965 2538 5034 cognitionis
2587 4966 2840 5039 insigne,
2893 4973 3019 5023 tum
3064 4969 3332 5038 quaedam
3394 4968 3631 5024 medicas
3682 4971 3853 5029 artis

433 5056 586 5112 vulis
619 5058 856 5110 mandet
881 5056 1225 5127 obsequium
1244 5057 1271 5110 ‘2
1303 5061 1375 5109 At
1404 5073 1535 5111 vero
1569 5058 1771 5112 avibus
1822 5077 1936 5115 non
1990 5065 2080 5115 est
2187 5053 2420 5122 Ρθνίιίεις
2478 5055 2632 5124 quod
2663 5055 2711 5110 Si
2760 5072 2877 5126 qua
2906 5055 3050 5127 pulli
3108 5057 3237 5128 ejus
3307 5055 3526 5113 fuerint
3577 5058 3863 5117 Caecitate

433 5157 624 5213 grave,
661 5144 811 5213 quod
872 5142 1109 5213 pietatis
1141 5147 1229 5199 est
1260 5142 1525 5214 plenum:
1564 5162 1676 5199 non
1733 5151 1822 5201 est
1879 5162 2079 5202 onero-
2185 5140 2421 5195 sulfossi
2461 5142 2660 5197 oculos
2708 5144 2827 5199 sive
2884 5146 3246 5217 compuncti,
3295 5144 3473 5201 habet
3527 5146 3852 5217 quoddam

436 5244 568 5283 sum
599 5230 752 5285 102
784 5232 937 5301 quod
970 5231 1214 5286 solvitur
1263 5237 1483 5288 natura;
1527 5233 1742 5288 debito.
1804 5234 1929 5288 Non
1988 5250 2075 5289 re-
2187 5229 2457 5283 medendi
2488 5246 2700 5302 genus,
2734 5248 2849 5304 quo
2874 5233 3065 5304 possit
3092 5249 3296 5289 eorum
3327 5232 3556 5288 lumina
3593 5234 3874 5293 interea.

2256 5397 2365 5472 (22)
2397 5397 2530 5452 Edit
2555 5397 2923 5472 etlnonnulli
2975 5417 3142 5467 mss.,
3190 5400 3345 5456 nullo
3384 5402 3869 5472 praeoptaren-

2184 5471 2429 5543 veniunt,
2476 5469 2568 5524 sed
2596 5472 3136 5543 ‘gratimﬂnaturatis
3191 5469 3401 5543 o/ﬁcioI
3442 5469 3585 5526 Mss.
3631 5470 3875 5543 plures

2194 5475 2429 5536 veniunt,
2476 5475 2568 5524 sed
2596 5475 3136 5541 'gratiwﬂnaturatis
3191 5489 3220 5529 ο
3320 5475 3372 5527 io

2194 5540 3138 5615 potioresque,_nulla:pra"cepta...
3168 5475 3373 5615 all/{icon

497 5395 609 5520 (211)
650 5399 914 5469 Depositi,
944 5399 1001 5453 id
1054 5404 1160 5465 est,
1212 5400 1551 5512 desperati;
1572 5399 1743 5470 juxta
1790 5399 1936 5456 illud
1983 5402 2074 5455 1E-

497 5482 533 5520 u
558 5508 570 5520 .
599 5484 689 5520 x1:
1040 5504 1059 5516 ν.
1224 5481 1265 5519 :4
1684 5504 1729 5515 ,η
1758 5488 1835 5518 ικὴ

425 5481 570 5522 neut.
599 5484 689 5523 Χῐτ
1040 5504 1059 5516 ν.
1129 5489 1200 5517 νζοειη
1224 5481 1265 5519 ῙΔ
1510 5481 1551 5512 Ὦ
1570 5506 1573 5509 .
1592 5494 1655 5517 κπ-
1684 5504 1729 5515 ηη.
1758 5490 1769 5511 1
1793 5488 1835 5518 κὴ

496 5536 615 5608 Ille,
652 5543 719 5596 ut
752 5539 998 5610 depositi
1030 5532 1283 5615 proferet
1316 5520 1835 5614 falsiparentisgf
