4158 6168
216 272 343 338 245

1551 259 2115 329 HEXAEMERGN
2159 263 2311 329 LIB.
2349 264 2428 331 ν.

3600 271 3719 344 246

220 416 325 485 pto
359 403 493 466 usui
521 401 852 462 reformare.
883 397 1068 458 Nemo
1099 390 1411 489 igitur-de
1465 391 1668 489 inopia
1717 411 1933 489 quera-
1967 396 2024 463 Λ
2055 414 2192 455 aves
2251 400 2324 455 ad
2356 401 2714 489 )cavendum
2763 380 3016 468 formido
3064 415 3356 486 exerceat;
3391 427 3463 472 ne
3492 374 3713 489 passim

222 480 346 567 tur,
380 495 534 571 quod
561 510 775 551 vacuas
803 490 1060 565 pecuniae
1102 480 1394 562 proprias
1458 482 1618 537 aedes
1668 482 1935 555 relique-

227 589 325 645 rit.
357 584 673 658 Pauperior
702 585 790 638 est
814 580 1090 644 hirundo,
1133 573 1290 632 l03
1343 585 1498 640 qua:
1560 587 1743 626 vacua
1793 572 1936 627 aeris

229 676 494 734 abundat
521 670 826 727 industria.
857 668 1147 733 zEdiﬁoat,
1196 675 1319 718 nec
1376 658 1690 730 impendit
1725 675 1737 715 :
1772 664 1939 715 tecta

233 763 529 827 attollit,et
577 759 721 816 nihil
769 758 942 814 aufert
969 755 1289 829 proximo;
1320 762 1445 802 nec
1498 748 1828 820 indigentia
1875 751 1938 802 ct

231 853 581 927 paupertate
636 849 707 902 ad
763 846 1091 901 nocendum
1150 839 1295 927 aliis
1353 836 1783 927 compellitur;
1818 852 1939 890 nec

231 925 301 996 in
333 938 493 1013 gravi
524 936 775 991 ﬁliorum
819 932 1217 988 imbecillitate
1248 925 1569 995 desperat.
1616 925 1732 980 Nos
1788 940 1937 978 vero

236 1034 304 1087 et
334 1030 645 1101 paupertas
674 1022 864 1089 afﬁcit,
896 1025 949 1075 et
975 1020 1197 1092 inopiae
1251 1013 1597 1069 necessitas
1644 1016 1831 1079 vexat,
1878 1016 1940 1101 et

236 1117 552 1191 plerosque
581 1110 896 1183 indigentia
923 1109 1091 1181 cogit
1118 1109 1177 1162 in
1206 1101 1546 1174 flagitium,
1579 1101 1832 1174 impellit
1874 1100 1937 1154 in

233 1206 486 1262 crimen.
519 1200 689 1257 Lucri
722 1213 947 1270 quoque
976 1197 1189 1252 studio
1218 1195 1283 1249 in
1319 1191 1566 1248 fraudes
1612 1205 1934 1247 versamus

234 1291 572 1367 ingenium,
606 1291 873 1360 aptemus
903 1285 1212 1351 affectum,
1244 1285 1427 1352 atque
1461 1282 1523 1336 in
1557 1278 1938 1354 gravissimis

234 1379 628 1456 passionibus
695 1392 854 1448 spem
927 1372 1317 1445 deponimus,
1378 1371 1669 1443 fractique
1726 1368 1935 1426 animo

237 1468 623 1531 resolvimur,
655 1462 956 1536 improvidi
987 1467 1053 1518 et
1084 1462 1309 1517 inertes
1333 1460 1640 1534 jacemus;
1683 1476 1816 1515 cum
1858 1458 1933 1513 de

237 1558 446 1616 divina
505 1553 876 1610 miseratione
925 1555 1079 1606 tunc
1130 1551 1494 1622 sperandum
1537 1549 1791 1621 amplius
1824 1548 1927 1615 sit,

240 1664 383 1706 cum
416 1642 693 1719 praesidia
720 1641 974 1697 humana
1006 1638 1361 1695 defecerint.

842 1763 1091 1820 CAPUT
1133 1763 1331 1818 XVIII.

239 1873 504 1929 Amorem
548 1868 611 1921 in
650 1865 788 1935 ﬁlios
833 1881 865 1917 a
906 1861 1235 1917 cornicibus
1268 1861 1515 1935 homines
1561 1859 1793 1927 edoceri,
1834 1877 1923 1935 eo-

318 1954 556 2011 rumque
579 1933 829 2011 damnari
846 1935 1230 2011 impietatem.
1264 1933 1561 2011 Accipitres
1608 1936 1661 2011 et
1705 1933 1927 2011 aquilas

316 2002 688 2068 inclementia:
730 2002 1055 2077 neutiquam
1111 2003 1480 2077 accusandos;
1541 2002 1636 2057 sed
1688 2003 1928 2077 fulicam

319 2097 449 2156 quae
471 2080 774 2137 abdicatum
800 2073 1036 2149 aequitas
1055 2075 1287 2145 pullum
1313 2076 1511 2140 nutrit,
1539 2073 1928 2129 commendan-

322 2156 474 2211 dam.

321 2271 411 2327 58.
438 2268 678 2325 Discant
704 2263 967 2320 homines
1018 2276 1228 2316 amare
1275 2259 1429 2316 filios
1461 2277 1529 2315 ex
1562 2276 1675 2314 usu
1709 2262 1767 2313 et
1794 2257 1925 2330 pie-

246 2362 380 2416 tate
408 2355 720 2420 cornicum,
750 2369 873 2424 qua:
902 2350 1086 2406 etiam
1136 2347 1398 2403 volantes
1448 2347 1603 2402 ﬁlios
1635 2346 1923 2401 comitatu

249 2446 470 2505 sedulo
501 2446 945 2517 prosequuntur,
977 2443 1038 2494 et
1100 2435 1359 2492 sollicitae
1419 2453 1491 2491 ne
1534 2435 1720 2491 teneri
1770 2434 1924 2491 forte

248 2535 557 2600 deficiant,
589 2532 782 2588 cibum
822 2529 1176 2601 suggerunt,
1208 2541 1273 2580 ac
1326 2524 1583 2596 plurimo
1634 2523 1922 2594 temporis

250 2621 560 2682 nutriendi
609 2619 798 2677 officia
843 2634 961 2673 non
1014 2613 1374 2685 relinquunt.
1408 2615 1479 2667 At
1507 2629 1641 2667 vero
1685 2610 1921 2666 feminae

249 2712 445 2771 nostri
478 2710 713 2784 generis
742 2708 856 2764 cito
888 2705 1188 2762 ahlactant
1212 2702 1385 2757 etiam
1417 2700 1550 2756 illos
1598 2717 1745 2772 quos
1783 2699 1922 2754 dili-

246 2806 405 2877 gunt
434 2818 449 2855 :
485 2803 590 2855 aut
617 2798 667 2853 si
696 2796 937 2852 ditiores
968 2795 1129 2855 sunt,
1162 2789 1375 2845 lactare
1406 2788 1731 2877 fastidiunt.
1767 2787 1922 2842 Pau-

248 2876 516 2966 periores
590 2903 725 2942 vero
803 2884 917 2955 (23)
987 2879 1272 2950 abjiciunt
1337 2876 1631 2951 parvulos,
1700 2881 1758 2931 et
1822 2892 1922 2931 ex-

249 2984 505 3055 ponunt,
567 2982 625 3033 et
683 2973 1082 3046 deprehensos
1141 2968 1449 3038 abnegant.
1489 2967 1629 3055 Ipsa:
1687 2980 1924 3055 quoque

250 3052 487 3133 divites,
522 3082 598 3121 ne
629 3080 729 3135 per
760 3061 960 3133 plures
1009 3073 1186 3112 suum
1234 3054 1658 3128 patrimonium
1698 3052 1924 3108 divida-

250 3164 375 3223 tur,
408 3124 672 3210 in'uterb
703 3124 970 3223 pr-oprios
1002 3149 1215 3201 necant
1235 3124 1418 3211 fetus,
1452 3147 1509 3197 et
1556 3140 1922 3213 parricidali-
1955 3124 1998 3190 C

257 3248 377 3302 bus
406 3243 600 3301 succis
631 3241 690 3296 in
718 3240 847 3311 ipso
878 3232 1118 3309 genitali
1150 3233 1275 3289 alvo
1308 3232 1554 3305 pignora
1583 3230 1675 3285 sui
1707 3230 1925 3286 ventris

260 3334 670 3405 exstinguunt,
697 3327 982 3401 priusque
1015 3322 1276 3379 aufertur
1325 3321 1446 3375 vita
1498 3336 1673 3391 quam
1728 3318 1924 3373 trada-

259 3427 381 3478 tur.
412 3421 559 3484 Quis
598 3417 796 3473 docuit
844 3412 962 3469 nisi
1010 3411 1186 3467 homo
1236 3409 1387 3465 filios
1440 3406 1736 3463 abdicari?
1784 3408 1925 3472 Quis

259 3510 481 3584 reperit
512 3512 633 3563 tam
675 3501 934 3560 immitia
968 3503 1199 3573 patrum
1224 3498 1406 3570 jura?
1438 3496 1578 3562 Quis
1628 3496 1778 3584 inter
1818 3512 1923 3551 na-

258 3583 411 3655 tura:
430 3598 690 3652 fraterna
707 3591 1005 3649 consortia
1025 3588 1232 3645 fratres
1256 3588 1513 3659 impares
1538 3585 1669 3641 fecit
1688 3587 1710 3638 Ρ
1739 3583 1923 3641 Unius

258 3686 463 3743 divitis
522 3683 625 3738 ﬁlii
673 3683 907 3738 diversa
965 3682 1121 3733 sorte
1176 3676 1499 3732 caeduntur.
1534 3673 1697 3728 Alius
1743 3674 1923 3729 totius

260 3780 521 3848 paterna:
581 3770 757 3827 sortis
808 3764 1266 3839 ascriptionibus
1323 3762 1645 3818 inundatur
1703 3777 1716 3814 :
1773 3759 1924 3818 alius

260 3861 556 3936 opulenta
607 3855 964 3913 hereditatis
1014 3853 1213 3925 patriae
1262 3850 1528 3923 deplorat
1580 3848 1923 3905 exhaustam

260 3955 444 4022 atque
498 3948 732 4019 inopem
777 3943 1126 4017 portionem.
1159 3939 1459 4011 Numquid
1490 3942 1700 3993 natura
1730 3936 1925 3993 divisit

262 4038 479 4094 merita
525 4033 824 4090 filiorum?
874 4032 957 4087 Ex
993 4030 1127 4101 pari
1178 4028 1453 4084 omnibus
1508 4025 1733 4092 tribuit,
1767 4028 1922 4097 quod

264 4128 339 4183 ad
370 4122 647 4180 nascendi
677 4126 852 4193 atque
880 4118 1111 4174 vivendi
1143 4117 1373 4189 possint
1401 4115 1616 4170 habere
1647 4114 1921 4170 substan-

269 4215 434 4269 tiam.
469 4218 606 4284 lpsa
632 4227 733 4266 vos
777 4209 983 4264 doceat
1022 4223 1137 4261 non
1170 4206 1497 4261 discernere
1547 4203 1920 4275 patrimonio,

269 4318 420 4375 quos
447 4300 619 4356 titulo
664 4295 1075 4371 germanitatis
1108 4293 1405 4366 zequastis.
1431 4292 1655 4347 Etenim
1708 4291 1921 4362 quibus

269 4389 518 4447 dedistis
546 4385 937 4443 communiter
965 4399 1093 4440 esse
1124 4383 1279 4454 quod
1313 4381 1434 4436 nati
1466 4384 1625 4447 sunt,
1659 4396 1775 4435 non
1823 4380 1919 4435 dc-

269 4479 426 4535 betis
456 4475 570 4546 bis,
601 4479 666 4529 ut
693 4474 752 4529 id
783 4471 1176 4529 communiter
1206 4470 1461 4526 habeant
1492 4469 1550 4523 in
1574 4469 1728 4541 quod
1762 4486 1796 4523 a
1826 4486 1923 4524 na-
1952 4495 2001 4557 D

270 4573 408 4623 tura
434 4562 736 4620 substituti
769 4565 928 4629 sunt,
960 4559 1246 4615 invidere.

340 4654 435 4711 59.
465 4652 780 4723 Accipitres
812 4649 1083 4705 feruntur
1129 4647 1189 4701 in
1243 4663 1308 4702 eo
1353 4647 1562 4701 duram
1610 4645 1921 4701 adversum

270 4743 540 4818 proprios
567 4741 716 4797 fetus
746 4739 959 4794 habere
1005 4735 1463 4802 inclementiam,
1506 4735 1661 4805 quod
1696 4733 1792 4788 ubi
1824 4750 1922 4788 eos

270 4830 628 4891 adverterint
669 4832 894 4884 tentare
941 4825 1169 4883 volatus
1216 4824 1560 4896 primordia,
1608 4822 1762 4879 nidis
1813 4822 1921 4894 eji-

265 4924 441 4981 ciunt
488 4920 630 4986 suis,
682 4917 1077 4987 continuoque
1121 4914 1457 4980 eliminant;
1490 4929 1555 4967 ac
1603 4912 1653 4967 si
1693 4929 1921 4968 moren-

265 5018 396 5077 tur,
446 5007 790 5081 propulsant
834 5004 1044 5078 pennis
1091 5007 1266 5074 atque
1311 5000 1697 5073 praecipitant,
1727 5002 1924 5057 verbe-

268 5103 411 5158 rant
438 5096 570 5164 alis,
602 5099 931 5168 coguntque
974 5092 1187 5148 audere
1234 5090 1388 5163 quod
1436 5090 1762 5162 trepidant;
1819 5107 1923 5146 nec

272 5187 468 5245 ullum
502 5188 701 5257 postea
728 5183 992 5239 deferunt
1040 5180 1134 5235 his
1184 5196 1399 5234 munus
1429 5178 1737 5235 alimoniae.
1773 5179 1923 5242 Quid

271 5277 499 5333 mirum
530 5278 724 5328 tamen
755 5271 804 5326 si
835 5285 1036 5342 rapere
1065 5268 1278 5324 assueti
1324 5266 1544 5322 nutrire
1591 5267 1917 5324 fastidiunt.

272 5363 724 5422 Consideremus
759 5360 830 5415 ad
878 5359 987 5414 hoc
1017 5374 1115 5414 eos
1160 5373 1289 5413 esse
1326 5359 1727 5429 generatos,ut
1746 5358 1921 5412 etiam

343 5508 457 5579 (23)
492 5504 633 5579 Mss.
668 5506 937 5579 quatuor,
965 5503 1186 5579 Pauper
1212 5501 1479 5579 quaeritur
1510 5498 1923 5579 quod‘pecuniae

270 5573 516 5653 propriae
537 5574 685 5633 sedes
713 5574 1018 5646 reliqueris.
1050 5573 1411 5645 Pauperiores
1438 5586 1581 5641 vero,
1617 5575 1724 5627 etc.

2051 503 2229 544 curas
2288 481 2570 560 relaxent,
2633 494 2734 550 sed
2792 497 3055 568 pericula
3110 481 3513 577 praedonibus-
3537 500 3715 560 decli-

2053 578 2253 633 nanda
2286 581 2900 653 prospiciant.Deinde
2931 606 3064 646 cum
3096 593 3187 650 his
3219 599 3429 650 natura
3459 593 3713 666 quadam

2052 667 2359 735 praedandi
2387 686 2607 725 munus
2639 671 2957 743 inolevcrit,
2992 682 3181 754 magis
3212 700 3245 738 a
3276 686 3472 739 tenero
3521 679 3716 754 pullos

2053 769 2200 843 suos
2232 755 2543 813 instituere
2573 758 2846 817 videntur
2873 766 2945 819 ad
2978 770 3255 839 praedam,
3290 788 3467 843 quam
3511 772 3714 842 pastus

2053 840 2334 899 abdicare
2366 847 2746 917 compendiis.
2783 854 2935 911 104
2994 855 3207 912 Cavent
3267 840 3338 913 ne
3395 859 3455 914 in
3512 840 3716 913 tenera

2052 934 2227 986 aetate
2256 933 2608 1005 pigrescant,
2644 954 2713 991 ne
2745 939 3043 998 solvantur
3071 944 3324 1010 deliciis;
3377 962 3449 1003 ne
3499 950 3716 1001 marei-

2052 1024 2231 1075 scant
2279 1022 2415 1089 otio,
2478 1039 2550 1078 ne
2606 1025 2833 1083 discant
2889 1031 3082 1088 cibum
3144 1034 3333 1106 magis
3376 1035 3717 1105 exspectem

2051 1122 2240 1177 quam
2275 1127 2550 1181 quaerere,
2584 1130 2655 1169 ne
2687 1120 2904 1172 naturae
2933 1137 3049 1175 suae
3084 1122 3380 1193 deponant
3427 1120 3717 1190 vigorem.

2052 1194 2463 1254 Intermittunt
2495 1202 2689 1258 studia
2721 1207 3048 1275 nutriendi;
3084 1212 3148 1263 ut
3177 1210 3233 1263 in
3268 1225 3413 1264 usus
3446 1197 3721 1276 rapiendi

2049 1286 2272 1341 audere
2304 1288 2671 1359 compellant.

2124 1376 2213 1431 60.
2246 1375 2455 1446 Aquila
2482 1394 2714 1451 quoque
2765 1381 3021 1453 plurimo
3072 1400 3340 1439 sermone
3384 1380 3726 1451 usurpatur

2044 1464 2206 1536 quod
2239 1480 2377 1519 suos
2409 1465 2640 1522 abdicet
2670 1468 2841 1540 fetus,
2875 1471 2974 1525 sed
3004 1488 3119 1526 non
3150 1475 3724 1543 utrumque,verum

2040 1569 2231 1607 unum
2265 1568 2334 1606 ex
2363 1552 2541 1624 pullis
2574 1556 2821 1611 duobus.
2855 1557 3015 1620 Quod
3058 1558 3238 1630 aliqui
3290 1558 3419 1614 fieri
3475 1558 3725 1627 putave-

2039 1643 2179 1696 runt
2207 1639 2697 1711 geminandorum
2731 1643 3146 1700 alimentorum
3199 1645 3463 1701 fastidio.
3495 1642 3616 1698 Sed
3663 1643 3724 1702 id

2041 1746 2160 1784 non
2211 1728 2463 1785 arbitror
2507 1731 2675 1786 facile
2735 1733 3114 1799 credendum,
3178 1733 3522 1803 praesertim
3587 1747 3723 1791 cum

2040 1818 2272 1887 Moyses
2302 1822 2530 1874 tantum
2554 1821 2958 1876 testimonium
2981 1820 3216 1892 pietatis
3250 1821 3307 1875 in
3342 1818 3556 1892 pullos
3581 1835 3720 1879 suos

2038 1904 2180 1959 huic
2229 1906 2452 1962 dederit
2501 1908 2613 1975 avi,
2648 1912 2713 1963 ut
2761 1909 2977 1963 diceret
3011 1925 3024 1962 :
3053 1909 3205 1964 Sicut
3249 1909 3447 1979 aquila
3473 1912 3724 1981 protegit

2037 1992 2234 2047 nidum
2273 2011 2452 2063 suum,
2508 2006 2563 2052 et
2605 2014 2771 2069 super
2817 1997 2998 2065 pullos
3044 2011 3168 2051 suos
3215 1996 3446 2066 conﬁdit
3497 1995 3620 2069 (24)
3668 2005 3724 2057 et

2039 2082 2304 2151 expandit
2363 2086 2481 2140 alas
2536 2103 2702 2155 suas,-
2764 2089 2816 2140 et
2875 2085 3177 2157 adsumpsit
3222 2102 3336 2153 eos,
3368 2089 3423 2141 et
3476 2097 3724 2161 suscepit

2037 2185 2208 2241 super
2272 2175 2519 2245 scapulas
2573 2191 2722 2230 suas.
2784 2175 3046 2229 Dominus
3114 2174 3261 2229 solus
3325 2173 3575 2231 ducebat
3631 2194 3719 2235 eos

2039 2259 2218 2326 (Deut.
2251 2278 2425 2329 xxxu,
2464 2265 2546 2327 ll,
2579 2263 2691 2333 42).
2724 2262 3024 2325 Quomodo
3075 2277 3211 2335 ergo
3258 2263 3523 2334 expandi
3568 2265 3713 2337 alas,

2039 2347 2096 2404 si
2154 2348 2426 2406 occiderit
2481 2350 2772 2406 alterum?
2832 2349 2994 2405 Unde
3066 2354 3206 2422 puto
3264 2367 3381 2407 non
3456 2355 3713 2412 avaritia

2040 2437 2338 2493 nutriendi
2371 2456 2499 2495 eam
2541 2439 2955 2495 inclementem
2986 2438 3134 2508 fieri,
3173 2439 3273 2494 sed
3306 2442 3591 2499 examine
3613 2445 3713 2517 ju-

2036 2526 2297 2581 dicandi.
2331 2528 2573 2599 Semper
2601 2527 2758 2582 enim
2790 2526 2972 2581 fertur
2999 2525 3244 2598 probare
3275 2544 3425 2599 quos
3460 2533 3706 2605 genuit;

2036 2632 2113 2670 ne
2142 2616 2372 2686 generis
2404 2617 2493 2672 sui
2533 2616 2684 2671 inter
2719 2631 2923 2670 omnes
2973 2630 3107 2670 aves
3156 2615 3460 2687 quoddam
3516 2623 3709 2693 regale

2037 2703 2341 2777 fastigium
2384 2703 2689 2777 degeneris
2739 2707 2941 2774 partus
2991 2701 3327 2758 deformitas
3377 2704 3703 2766 decoloret.

2036 2793 2239 2863 Itaque
2269 2794 2557 2849 asseritur
2586 2791 2741 2863 quod
2793 2789 2951 2861 pullo
3011 2808 3148 2847 suos
3199 2792 3378 2848 radiis
3419 2794 3570 2852 solis
3601 2798 3727 2865 ob-r

2026 2880 2217 2950 jiciat,
2250 2888 2427 2953 atque
2478 2882 2539 2937 in
2584 2879 2734 2936 aeris
2764 2877 2955 2934 medio
3002 2878 3274 2950 parvulos
3321 2896 3529 2954 ungue
3572 2902 3705 2944 sus-

2034 2970 2280 3040 pendat;
2315 2987 2382 3026 ac
2437 2971 2488 3027 si
2531 2970 2663 3043 quis
2708 2982 3046 3039 repercusso
3096 2966 3256 3038 solis,
3308 2967 3561 3042 lumine,
3612 2975 3701 3030 in-

2034 3058 2323 3130 trepidam
2357 3060 2663 3116 oculorum
2695 3058 2879 3113 aciem
2919 3054 3201 3113 inoffenso
3248 3059 3456 3116 tuendi
3502 3063 3701 3137 vigore

2037 3147 2372 3218 servaverit,
2434 3149 2484 3203 is
2544 3148 2842 3219 probatur,
2901 3146 3055 3216 quod
3113 3144 3417 3204 veritatem
3473 3155 3698 3209 naturae

2030 3233 2245 3289 sinceri
2304 3236 2549 3292 obtutus
2604 3233 2933 3291 constantia
2990 3235 3477 3293 demonstraverit
3536 3258 3550 3296 :
3603 3241 3696 3297 sin

2032 3338 2168 3377 vero
2197 3321 2433 3379 lumina
2463 3341 2571 3380 sua
2599 3323 2958 3396 praestrictus
2989 3323 3150 3379 radio
3197 3322 3339 3380 solis
3384 3325 3691 3401 inﬂexerit,

2034 3409 2203 3478 quasi
2234 3411 2488 3482 degener
2515 3418 2571 3468 et
2601 3416 2765 3466 tanta
2794 3410 3073 3484 indignus
3106 3416 3345 3486 parente
3399 3415 3691 3488 rejicitur;

2034 3515 2138 3553 nec
2169 3499 2495 3554 aestimatur
2525 3499 2870 3555 educatione
2901 3500 3246 3573 diguus,qui
3269 3502 3381 3559 fuit
3408 3503 3689 3579 indignus

2034 3587 2423 3658 susceptione.
2452 3588 2579 3642 Non
2612 3603 2748 3657 ergo
2800 3603 2934 3643 eum
2987 3590 3301 3647 acerbitate
3333 3596 3557 3650 naturae
3589 3597 3691 3653 sed

2025 3673 2233 3747 judicii
2264 3674 2593 3744 integritate
2621 3675 3001 3744 condemnat;
3035 3694 3140 3733 nec
3163 3679 3333 3749 quasi
3366 3697 3541 3738 suum
3593 3683 3691 3740 ab-

2032 3763 2205 3829 dicat,
2240 3763 2340 3818 sed
2373 3763 2540 3834 quasi
2574 3761 2831 3817 alienum
2863 3770 3112 3820 recusat.

2101 3853 2190 3906 6t.
2228 3851 2387 3906 Hanc
2432 3855 2649 3917 tamen,
2683 3854 2748 3904 ut
2796 3850 3151 3922 quibusdam
3190 3852 3441 3923 videtur,
3474 3855 3689 3927 regalis

2031 3940 2153 3994 avis
2185 3938 2618 3995 inclementiam
2671 3937 2906 4009 plebeiae
2960 3941 3083 3997 avis
3132 3939 3395 3998 exclusat
3440 3940 3690 3997 clemen-

2030 4027 2129 4084 tia.
2163 4030 2298 4083 Avis
2331 4028 2488 4082 enim
2520 4027 2612 4083 cui
2664 4026 2844 4083 fulica
2894 4045 3106 4085 nomen
3155 4033 3265 4097 est,
3320 4046 3447 4101 quae
3495 4028 3689 4087 Graece

2031 4115 2246 4174 dicitur
2294 4125 2445 4189 φηνή,
2496 4120 2833 4186 susceptum
2896 4116 3089 4187 illum,
3149 4117 3271 4174 sive
3328 4116 3685 4187 abdicatum,

2031 4202 2150 4259 sive
2182 4221 2295 4260 non
2327 4204 2593 4276 agnitum
2644 4204 2853 4274 aquilae
2903 4205 3131 4277 pullum
3183 4223 3319 4263 cum
3371 4223 3481 4262 sua
3529 4207 3725 4280 prole

2032 4293 2350 4360 connectit;
2411 4297 2585 4365 atque
2640 4291 3054 4350 intermiscens
3115 4295 3261 4362 suis,
3310 4296 3515 4352 eodem
3571 4313 3687 4368 quo

2031 4381 2295 4453 proprios
2325 4382 2476 4436 fetus
2518 4384 2794 4435 materna:
2844 4382 3174 4439 sedulitatis
3221 4383 3413 4440 ofﬁcio
3463 4389 3520 4440 et
3563 4384 3688 4458 pari

2033 4470 2524 4525 nutrimentorum
2559 4468 3108 4528 subministratione
3160 4474 3353 4545 pascit
3381 4476 3439 4529 et
3477 4476 3688 4530 nutrit.

2034 4559 2180 4632 Ergo
2210 4566 2362 4631 φηνή,
2386 4557 2607 4613 alienos
2635 4559 2824 4613 nutrit
2855 4574 2870 4614 :
2904 4576 3012 4617 nos
3038 4577 3171 4617 vero
3205 4567 3438 4620 nostros
3469 4562 3688 4619 immiti

2032 4646 2373 4702 crudelitate
2404 4645 2769 4719 projicimus.
2804 4648 3018 4720 Aquila
3048 4667 3178 4706 vero
3211 4651 3262 4707 si
3292 4651 3545 4724 projicit,
3569 4668 3684 4707 non

2032 4736 2199 4806 quasi
2226 4751 2400 4791 suum
2432 4734 2681 4808 projicit,
2712 4736 2815 4791 sed
2850 4737 3019 4809 quasi
3048 4739 3394 4812 degenerem
3446 4755 3560 4794 non
3593 4754 3682 4793 re-

2032 4824 2327 4897 cognoscit
2358 4840 2372 4878 :
2408 4841 2533 4892 nos,
2567 4823 2723 4894 quod
2755 4826 2925 4896 pejus
2956 4831 3064 4895 est,
3089 4844 3238 4899 quos
3270 4830 3498 4883 nostros
3528 4841 3685 4881 reco-

2032 4913 2294 4986 gnoscim
2305 4930 2392 4979 us,
2429 4911 2791 4968 abdicamus.

2648 5054 2878 5111 CAPUT
2919 5057 3062 5112 ΧΙΧ.

2035 5163 2314 5220 Laudatur
2356 5162 2419 5218 ob
2461 5162 2785 5218 viduitatem
2832 5170 3034 5231 turtur,
3066 5171 3116 5217 el
3158 5163 3256 5217 hoc
3300 5164 3523 5219 nomine
3556 5179 3680 5219 mu-

2275 5234 2506 5289 lieribus
2538 5235 2888 5304 anteponitur
2915 5236 3080 5289 etiam
3107 5233 3446 5290 christianis.

2101 5362 2191 5416 62.
2222 5359 2332 5414 Sed
2372 5356 2677 5411 veniamus
2732 5356 2802 5410 ad
2852 5360 3162 5426 turturem,
3215 5373 3394 5429 quam
3441 5357 3534 5414 lex
3578 5356 3681 5413 Dei

2103 5503 2412 5576 (24)”Rom.
2448 5498 2614 5576 edit._,_
2659 5502 2710 5553 et
2757 5514 2918 5570 super
2962 5500 3141 5572 pullos
3181 5517 3305 5558 suos
3347 5502 3678 5575 concupivit.

2033 5568 2172 5633 Co‘d.
2195 5568 2356 5639 'Vat.,
2386 5568 2637 5626 considit.
