4158 6168
483 263 601 378 tu

1942 308 2010 374 S.
2052 307 2214 373 AMB
2224 304 2426 371 ROSII

3769 308 3890 376 248

480 441 640 502 velut
695 446 866 503 castae
917 443 1123 505 hostiae
1180 461 1397 502 munus
1455 442 1629 518 elegit
1657 444 1844 517 (Lavit.
1898 462 1997 512 xu,
2046 444 2123 514 8).
2158 446 2210 510 Α
2240 457 2441 496 eorum
2499 439 2682 497 series
2736 440 3109 513 producatur,
3142 456 3249 505 nec
3305 438 3476 498 facile
3516 452 3616 498 eos
3653 446 3889 516 angusti

481 533 742 607 Denique
799 552 933 592 cum
987 535 1268 592 Dominus
1336 533 1870 599 circumcideretur,
1931 531 2125 587 oblata

479 626 570 679 est
599 625 744 696 (25);
788 626 926 697 quia
973 624 1255 695 scriptum
1309 627 1399 677 est
1455 622 1514 677 in
1574 621 1698 694 lege
1748 622 2001 691 Domini,
2060 625 2125 676 ut

479 711 688 768 darent
717 713 969 769 hostiam
1000 729 1104 783 par
1131 716 1453 778 turturum,
1487 717 1589 766 aut
1620 712 1767 766 duos
1794 710 1985 782 pullos
2026 726 2123 765 co-

478 798 818 857 lumbarum
875 802 1024 871 (Luc.
1082 816 1142 853 ΙΙ.
1202 801 1315 871 24).
1375 800 1493 855 Hoc
1558 805 1646 855 est
1708 800 1865 855 enim
1921 815 2121 854 verum

478 888 693 945 Christi
740 888 1092 942 sacriﬁcium
1143 887 1427 959 pudicitia
1474 887 1811 959 corporalis,
1844 891 1901 944 et
1936 887 2125 959 gratia

478 974 791 1047 spiritalis:
818 975 1104 1030 Pudicitia
1152 976 1224 1030 ad
1279 981 1565 1031 turturem
1615 976 1881 1041 refertur,
1925 975 1998 1030 ad
2029 991 2120 1030 co-

477 1061 741 1118 lumbam
774 1064 979 1136 gratia.
1016 1064 1221 1119 Fertur
1257 1065 1472 1119 etenim
1522 1069 1718 1121 turtur
1764 1064 1861 1120 ubi
1902 1064 2124 1137 jugalis

478 1151 694 1224 proprii
742 1151 915 1207 fuerit
963 1152 1278 1209 amissione
1310 1153 1461 1209 105
1502 1153 1758 1222 viduata,
1810 1158 2122 1225 pertaesum

478 1239 790 1309 thalamos,
824 1244 879 1296 et
909 1258 1121 1296 nomen
1152 1241 1365 1297 habere
1396 1242 1651 1314 conjugii
1695 1243 1836 1313 (26);
1871 1258 1936 1297 eo
1966 1242 2122 1313 quod

477 1328 709 1401 primus
738 1345 903 1385 amor
922 1329 1191 1385 fefellerit
1211 1346 1340 1385 eam
1364 1330 1558 1385 dilecti
1590 1335 1774 1386 morte
1796 1332 2120 1402 deceptam,

478 1417 759 1489 quoniam
811 1422 868 1473 et
922 1417 1176 1473 infidelis
1236 1420 1307 1473 ad
1367 1420 1813 1490 perpetuitatem
1880 1419 2011 1486 fuit,
2067 1425 2124 1474 et

476 1521 718 1562 amarus
748 1506 820 1560 ad
851 1505 1122 1578 gratiam,
1164 1506 1264 1577 qui
1325 1506 1459 1578 plus
1518 1506 1735 1562 doloris
1789 1523 1859 1562 ex
1914 1512 2121 1576 morte,

478 1596 658 1666 quam
689 1594 995 1650 suavitatis
1024 1611 1093 1650 ex
1148 1594 1431 1650 charitate
1484 1595 1863 1667 generaverit.
1925 1596 2123 1667 Itaque

475 1680 687 1738 iterare
745 1682 1214 1752 conjunctionem
1271 1686 1525 1748 recusat,
1557 1698 1661 1737 nec
1717 1683 1957 1754 pudoris
1986 1683 2125 1753 jura

477 1773 580 1826 aut
604 1769 932 1841 complaciti
977 1769 1082 1824 viri
1131 1769 1367 1825 resolvit
1413 1770 1648 1838 ﬁndere,
1682 1769 1766 1824 illi
1805 1770 1913 1826 soli
1954 1787 2119 1826 suam

478 1858 821 1919 charitatem
868 1861 1145 1926 reservat,
1182 1857 1267 1912 illi
1325 1860 1579 1914 custodit
1635 1876 1846 1914 nomen
1904 1860 2121 1915 uxoris.

474 1945 709 2014 Discite,
742 1945 1039 2012 mulieres,
1073 1951 1291 2017 quanta
1317 1946 1395 2002 sit
1421 1946 1720 2003 viduitatis
1756 1947 1962 2020 gratia,
1997 1965 2123 2019 quae

477 2033 655 2090 etiam
685 2034 745 2088 in
779 2034 982 2090 avibus
1004 2034 1370 2105 praedicatur.

547 2122 639 2176 63.
675 2121 815 2187 Quis
845 2122 1024 2193 igitur
1053 2122 1159 2177 has
1213 2122 1370 2194 leges
1411 2124 1626 2179 turturi
1673 2125 1869 2180 dedit?
1912 2125 1969 2181 Si
2019 2125 2121 2181 ho-

476 2208 700 2265 minem
722 2226 936 2281 quaaro,
970 2227 1087 2265 non
1124 2212 1377 2267 invenio.
1410 2212 1592 2267 Homo
1622 2214 1779 2268 enim
1806 2212 2005 2269 nullus
2036 2218 2125 2269 est

477 2314 681 2364 ausus,
704 2299 938 2369 quando
963 2315 1068 2354 nec
1098 2300 1313 2355 Paulus
1344 2317 1526 2356 ausus
1555 2305 1645 2357 est
1675 2301 1831 2374 leges
1860 2303 2123 2358 tenendae

475 2385 779 2442 viduitatis
834 2387 1223 2458 praescribere.
1300 2388 1560 2460 Denique
1626 2390 1749 2462 ipse
1798 2391 1880 2445 ait
1932 2409 1945 2446 :
2003 2392 2122 2446 Volo

475 2488 605 2543 ergo
625 2475 875 2545 juniores
920 2477 1150 2543 nubere,
1184 2476 1327 2545 ﬁlios
1368 2493 1674 2547 procreare,
1706 2481 1907 2534 matres
1953 2482 2121 2550 fami-

476 2562 584 2617 lias
638 2578 767 2628 esse,
824 2563 1043 2618 nullam
1099 2566 1436 2619 occasionem
1505 2566 1638 2622 dare
1708 2567 2017 2624 adversario
2077 2570 2125 2641 (I

478 2650 611 2704 Tim.
644 2667 699 2718 v,
736 2651 843 2722 14).
880 2652 947 2705 Et
977 2651 1115 2706 alibi
1150 2669 1163 2706 :
1203 2653 1416 2708 Bonum
1461 2659 1541 2709 est
1588 2656 1720 2722 illis,
1779 2657 1830 2709 si
1873 2658 1951 2710 sic
1996 2672 2120 2726 per-

472 2746 736 2794 maneant
765 2757 782 2793 :
810 2740 953 2809 quod
988 2742 1040 2794 si
1067 2756 1122 2795 se
1152 2756 1260 2795 non
1307 2734 1605 2809 continent,
1656 2744 1883 2798 nubant.
1932 2744 2123 2799 Melius

473 2833 553 2881 est
580 2827 729 2880 enim
755 2827 958 2882 nubere
990 2844 1155 2898 quam
1183 2830 1279 2883 uri
1307 2830 1354 2899 (I
1383 2829 1502 2884 Cor.
1561 2847 1662 2895 vn,
1720 2833 1773 2899 8,
1822 2832 1898 2902 9).
1950 2832 2122 2904 Optat

474 2912 692 2968 Paulus
723 2913 784 2967 in
815 2913 1182 2982 mulieribus,
1208 2917 1362 2987 quod
1397 2917 1455 2971 in
1490 2920 1822 2975 turturibus
1854 2937 2122 2991 perseve-

405 2986 409 2991 ’
473 3003 585 3056 rat.
619 3000 689 3054 Et
716 3000 857 3055 alibi
906 3002 1172 3072 juniores
1228 2986 1496 3058 hortatur
1552 3010 1616 3060 ut
1672 2986 1943 3064 nubant:
1985 3009 2124 3081 quia

473 3087 751 3144 mulieres
776 3092 987 3145 nostrae
1016 3094 1315 3146 turturum
1346 3093 1689 3163 pudicitiam
1740 3095 1980 3167 implere
2027 3098 2122 3152 vix

2231 529 2367 584 aevis
2400 530 2536 586 ﬁnis
2567 530 2837 601 excipiat.

2301 620 2389 673 65.
2423 618 2572 682 Quid
2599 620 2783 688 aiunt,
2820 620 2919 691 qui
2951 619 3139 676 solent
3180 622 3382 675 nostra
3430 618 3621 676 ridere
3668 626 3890 694 myste-

2232 706 2338 776 ria,
2372 724 2502 762 cum
2537 707 2786 763 audiunt
2817 709 2972 780 quod
3010 708 3176 781 virgo
3225 708 3541 777 generavit,
3570 712 3627 764 et
3669 708 3890 782 impos-

2232 793 2460 849 sibilem
2504 795 2784 867 innuptae,
2818 797 2986 867 cujus
3034 797 3318 868 pudorem
3380 795 3544 851 nulla
3587 797 3700 852 viri
3746 814 3886 854 con-

2232 884 2483 939 suetudo
2513 885 2874 952 temerasset,
2909 884 3250 942 existimant
3302 889 3576 957 partum?
3608 886 3888 958 Impossi-

2233 970 2648 1043 bileputatur
2703 971 2763 1027 in
2822 972 2921 1027 Dei
2978 973 3183 1041 Matre,
3218 973 3373 1045 quod
3434 973 3494 1028 in
3549 972 3890 1032 vulturibUs

2232 1060 2513 1131 possibile
2545 1077 2661 1116 non
2693 1063 2983 1134 negatur?
3012 1062 3149 1117 Avis
3180 1061 3307 1117 sine
3340 1061 3603 1119 masculo
3633 1063 3811 1135 parit,
3833 1068 3892 1120 et

2233 1148 2433 1205 nullus
2493 1148 2735 1217 refellit;
2802 1156 2860 1205 et
2915 1151 3054 1221 quia
3111 1151 3467 1223 desponsata
3520 1151 3644 1207 viro
3704 1152 3890 1208 Maria

2229 1236 2393 1308 virgo
2422 1237 2668 1309 peperit,
2703 1239 2912 1310 pudori
2941 1239 3200 1310 ejus(29)
3229 1238 3452 1294 faciunt
3479 1239 3885 1311 quaestionem.

2230 1323 2433 1381 Nonne
2484 1326 2840 1382 advertimus
2885 1328 3040 1399 quod
3092 1327 3379 1382 Dominus
3411 1344 3478 1382 ex
3509 1327 3638 1400 ipsa
3679 1332 3892 1384 natura

2233 1412 2486 1484 plurima
2516 1413 2782 1486 exempla
2834 1420 2966 1471 ante
3005 1415 3320 1487 praemisit,
3353 1415 3570 1488 quibus
3600 1422 3887 1489 susceth

2230 1500 2654 1557 incarnationis
2685 1503 2951 1558 decorem
2980 1504 3337 1576 probaret,et
3367 1507 3654 1561 astrueret
3680 1504 3889 1561 verita-

2230 1593 2373 1644 tem.

2752 1680 2907 1735 106
2945 1678 3180 1735 CAPUT
3220 1679 3364 1735 XXI.

2233 1765 2308 1819 De
2340 1765 2553 1839 avibus,
2597 1766 2698 1821 sub
2753 1765 2997 1839 quadam
3040 1765 3361 1839 reipublicz:
3400 1769 3583 1839 forma
3619 1771 3888 1826 constitu-

2302 1837 2391 1910 tis,
2419 1838 2556 1910 __Ubi
2609 1837 2886 1910 praecipue
2942 1838 3007 1893 de
3052 1837 3277 1910 apibus,
3318 1837 3488 1909 degue
3533 1854 3726 1895 earum
3778 1842 3888 1896 mi-

2304 1906 2472 1981 rabili
2539 1906 2741 1981 natura
2776 1906 2889 1981 'i‘n‘
2940 1906 3116 1980 prolis
3184 1906 3548 1981 generatione,
3611 1912 3673 1964 in
3737 1914 3886 1981 regis

2303 1979 2649 2052 institutione
2698 1995 2766 2052 ac
2815 1978 3117 2052 ﬁde—erga”
3151 1980 3341 2046 illum;
3378 1982 3440 2035 in
3485 1978 3889 2039 constructione

2301 2050 2574 2119 favorum,
2620 2051 2934 2106 collectione
2989 2050 3189 2119 mellis,
3245 2066 3344 2106 nec
3389 2067 3500 2106 non
3555 2054 3673 2124 ejus
3727 2056 3887 2111 utili-

2307 2123 2435 2187 tate,
2468 2124 2575 2175 etc.

2301 2208 2392 2262 66.
2428 2208 2593 2264 Nunc
2623 2224 2752 2281 age,
2785 2223 2915 2280 quae
2944 2224 3077 2265 aves
3108 2207 3266 2264 velut
3295 2211 3617 2281 quamdam
3645 2224 3887 2285 rempu-

2232 2294 2447 2351 blicam
2508 2313 2711 2353 curare
2766 2297 3073 2353 videantur
3138 2298 3464 2369 expediam,
3522 2306 3698 2372 atque
3753 2301 3887 2357 vitae

2231 2383 2413 2455 hujus
2442 2389 2671 2442 aetatem
2698 2401 2865 2457 agere
2896 2386 3005 2441 sub
3037 2385 3287 2457 legibus.
3322 2386 3426 2443 Hic
3478 2387 3636 2444 enim
3688 2390 3887 2462 reipu-

2232 2471 2396 2527 blicae
2444 2490 2590 2530 usus
2637 2479 2744 2542 est,
2799 2474 2958 2546 leges
3006 2475 3282 2531 omnibus
3340 2490 3471 2532 esse
3518 2488 3888 2547 communes,

2233 2566 2413 2632 atque
2482 2562 2777 2618 observari
2841 2578 2941 2618 eas
3008 2562 3311 2619 devotione
3376 2565 3692 2622 communi.
3750 2565 3893 2623 Uno

2232 2665 2439 2704 omnes
2487 2651 2672 2706 teneri
2720 2649 2952 2706 vinculo
2990 2668 3002 2704 :
3038 2668 3155 2707 non
3208 2650 3373 2707 alteri
3394 2653 3495 2724 jus
3540 2669 3690 2723 esse,
3722 2656 3891 2725 quod

2232 2735 2384 2792 alius
2443 2737 2555 2793 sibi
2612 2737 2901 2811 intelligat
2944 2755 3060 2794 non
3117 2738 3317 2809 licere;
3352 2740 3454 2796 sed
3494 2741 3650 2812 quod
3688 2740 3894 2813 liceat,

2231 2823 2405 2880 licere
2432 2827 2736 2895 omnibus;
2769 2831 2826 2882 et
2854 2828 3006 2900 quod
3057 2842 3175 2883 non
3222 2826 3417 2899 liceat,
3446 2829 3723 2885 omnibus
3766 2847 3887 2888 non

2231 2911 2423 2969 licere.
2470 2914 2610 2969 Esse
2674 2914 2851 2970 etiam
2908 2931 3279 2971 communem
3339 2916 3721 2973 reverentiam
3779 2935 3887 2990 pa-

2230 3004 2387 3055 trum
2419 3002 2553 3072 (30).
2588 3017 2839 3073 quorum
2871 3003 3116 3059 consilio
3147 3002 3480 3076 respublica
3499 3005 3885 3078 gubernetur,

2230 3104 2544 3146 commune
2602 3091 2879 3147 omnibus
2937 3091 3101 3149 urbis
3153 3091 3538 3162 domicilium,
3570 3110 3891 3152 commune

474 3181 741 3249 possunt.
774 3178 922 3250 Ergo
953 3178 1282 3236 turturibus
1312 3180 1466 3236 Deus
1516 3182 1673 3237 hunc
1715 3182 1931 3240 infudit
1979 3186 2119 3242 aﬂ'e-
2152 3175 2193 3240 C
2233 3178 2691 3235 conversationis
2720 3180 3004 3246 ofﬁcium.
3037 3197 3221 3236 unum
3252 3182 3658 3256 praescriptum
3689 3184 3887 3239 omni-

476 3265 661 3331 ctum,
692 3264 843 3320 hanc
869 3266 1143 3322 virtutem
1178 3267 1542 3324 continentiae
1582 3271 1760 3339 dedit,
1812 3272 1912 3344 qui
1962 3273 2122 3329 solus

475 3355 670 3424 potest
699 3354 1068 3424 praescribere
1098 3357 1252 3427 quod
1283 3373 1485 3413 omnes
1528 3364 1867 3430 sequantur.
1903 3362 2124 3417 Turtur

477 3454 595 3495 non
625 3440 817 3495 uritur
847 3441 986 3498 ﬂore
1016 3443 1126 3515 (27)
1146 3445 1494 3515 juventutis,
1529 3463 1644 3502 non
1674 3451 1933 3504 tentatur
1961 3466 2123 3506 occa-

475 3526 661 3583 sionis
688 3528 991 3599 illecebra;
1026 3535 1220 3587 turtur
1249 3534 1433 3589 nescit
1462 3535 1713 3606 primam
1765 3537 1942 3593 ﬁdem
1986 3538 2115 3593 irri-

473 3617 597 3670 tam
626 3615 846 3686 facere;
881 3618 1017 3690 quia
1047 3619 1202 3675 novit
1232 3622 1640 3678 castimoniam
1670 3640 1897 3680 servare
1927 3626 2117 3696 prima

470 3704 746 3760 connubii
776 3710 931 3762 sorte
961 3710 1311 3779 promissam
1346 3710 1479 3781 (28).

1103 3814 1333 3870 CAPUT
1373 3815 1488 3869 XX.

469 3896 883 3979 Vulturesquw
917 3902 1261 3979 _sinemaris
1303 3905 1504 3979 copula
1556 3905 1781 3976 gignere
1826 3907 2105 3979 dicuntur,

686 3973 926 4040 virginei
949 3978 1134 4042 partes
1164 3975 1587 4044 possibilitatem
1615 3973 1878 4033 astruere.

529 4058 620 4114 64.
652 4058 920 4115 Diximus
950 4060 1020 4114 de
1049 4061 1330 4117 viduitate
1363 4062 1578 4133 avium,
1610 4081 1857 4138 eamque
1889 4068 1960 4123 ab
1989 4068 2106 4127 illis

456 4146 716 4217 primum
746 4152 1005 4203 exortam
1038 4165 1164 4205 esse
1196 4150 1465 4206 virtutem
1499 4169 1512 4206 :
1547 4170 1703 4209 nunc
1751 4156 1821 4210 de
1866 4156 2103 4230 integri-

453 4237 572 4291 tate
603 4235 890 4303 dicamus,
924 4253 1051 4305 quae
1083 4238 1139 4291 in
1173 4237 1440 4310 pluribus
1488 4242 1727 4312 quidem
1779 4244 1982 4301 avibus
2021 4248 2105 4304 ita

455 4326 584 4378 esse
635 4328 1023 4394 asseveratur,
1055 4330 1121 4381 ut
1177 4328 1366 4398 possit
1421 4329 1598 4385 etiam
1659 4332 1716 4386 in
1773 4332 2101 4391 vulturibus

395 4438 408 4448 -
453 4410 832 4482 deprehendi.
892 4412 1190 4486 Negantur
1247 4417 1403 4473 enim
1461 4417 1722 4475 vultures
1795 4420 2100 4495 indulgere

2232 3266 2364 3334 bus,
2398 3283 2583 3322 unum
2604 3284 2733 3324 esse
2748 3267 3095 3325 ‘consilium.

2299 3355 2388 3410 67.
2424 3355 2634 3428 Magna
2663 3355 2792 3425 hac,
2827 3357 2928 3413 sed
2961 3360 3180 3429 quanto
3228 3357 3290 3415 in
3338 3358 3549 3430 apibus
3596 3365 3886 3431 praestan-

2226 3441 2396 3511 tiora,
2430 3460 2559 3515 quae
2589 3444 2723 3500 solae
2755 3445 2812 3501 in
2842 3446 3003 3502 omni
3033 3462 3243 3519 genere
3282 3447 3676 3507 animantium
3716 3465 3885 3507 com-

2228 3546 2470 3603 munem
2520 3533 2795 3588 omnibus
2843 3532 3105 3591 sobolem
3152 3534 3391 3601 habent,
3433 3552 3611 3609 unam
3671 3551 3886 3596 omnes

2226 3619 2489 3676 incolunt
2546 3621 2929 3690 mansionem,
3004 3623 3183 3679 unius
3251 3624 3452 3695 patriai
3517 3623 3888 3683 clauduntur

2223 3706 2446 3779 limine,
2498 3708 2556 3763 in
2614 3724 2928 3765 commune
2984 3710 3262 3766 omnibus
3313 3710 3478 3767 labor
3537 3714 3883 3771 communis

2222 3796 2409 3864 cibus,
2470 3797 2802 3853 communis
2872 3798 3153 3871 operatio,
3221 3799 3553 3857 communis
3609 3818 3758 3858 usus
3816 3808 3889 3860 et

2218 3884 2443 3940 fructus
2472 3888 2579 3951 est,
2612 3886 2945 3943 communis
2990 3885 3236 3943 volatus.
3269 3886 3417 3950 Quid
3466 3887 3673 3960 plura?
3700 3888 3889 3947 Com-

2219 3973 2417 4029 munis
2446 3974 2721 4029 omnibus
2752 3975 3069 4046 generatio,
3113 3975 3418 4048 integritas
3468 3993 3699 4049 quoque
3742 3993 3885 4035 cor-

2216 4061 2374 4132 poris
2428 4061 2730 4134 virginalis
2789 4064 3068 4119 omnibus
3141 4065 3475 4121 communis
3525 4068 3583 4120 et
3629 4071 3883 4138 partus;

2216 4148 2493 4220 quoniam
2527 4166 2717 4222 neque
2745 4149 2900 4206 inter
2926 4168 2991 4208 se
3022 4150 3138 4208 ullo
3170 4153 3483 4208 concubitu
3524 4152 3884 4223 miscentur,
3970 4216 3977 4219 ,

2215 4252 2320 4292 nec
2360 4237 2600 4295 libidine
2657 4237 3049 4310 resolvuntur,
3100 4255 3206 4296 nec
3262 4244 3467 4312 partus
3522 4241 3891 4314 quatiuntur

2211 4324 2532 4393 doloribus,
2565 4332 2623 4383 et
2680 4328 2875 4383 subito
2933 4328 3258 4385 maximum
3316 4328 3573 4387 ﬁliorum
3620 4342 3885 4389 examen

2210 4414 2505 4484 emittunt,
2539 4432 2569 4471 e
2624 4415 2778 4471 foliis
2837 4420 2894 4473 et
2951 4417 3148 4474 herbis
3205 4434 3303 4474 ore
3360 4434 3468 4475 suo
3524 4418 3749 4490 prolem
3780 4418 3888 4477 le-

451 4499 788 4600 concubitu,
821 4504 878 4556 et
908 4504 1199 4576 conjugali
1231 4506 1486 4576 quodam
1540 4524 1651 4562 usu
1701 4508 2100 4582 nuptialisque
2130 4538 2177 4600 Β
2209 4509 2431 4600 Bellice-

450 4587 671 4660 copulae
698 4594 855 4647 sorte
886 4591 1139 4661 misceri,
1173 4598 1348 4665 atque
1380 4594 1460 4650 ita
1491 4595 1617 4651 sine
1648 4596 1766 4651 ullo
1812 4599 2098 4656 masculo-

447 4693 579 4733 rum
611 4679 913 4752 concipere
943 4682 1185 4752 semine,
1220 4688 1277 4737 et
1306 4682 1431 4737 sine
1462 4685 1872 4755 conjunctione
1920 4703 2092 4758 gene-

442 4782 590 4836 rare,
625 4770 912 4840 natosque
941 4787 1010 4825 ex
1040 4770 1133 4826 his
1164 4772 1221 4825 in
1255 4770 1501 4826 multam
1546 4779 1774 4829 aetatem
1822 4774 2091 4848 longaevi-

442 4857 558 4910 tate
587 4856 927 4928 procedere;
956 4863 1021 4912 ut
1065 4875 1252 4930 usque
1310 4859 1381 4913 ad
1443 4865 1677 4915 centum
1736 4878 1921 4919 annos
1965 4864 2091 4920 vitae

510 4980 621 5049 (25)
655 4980 850 5035 Germ.
885 4983 1081 5049 codex,
1117 4984 1378 5038 Dominus
1424 4984 1485 5037 in
1532 4987 1726 5056 templo
1780 4987 2085 5058 o/ferretur,
2154 4987 2162 4992 ’

443 5053 551 5105 etc.

509 5122 620 5191 (26)
679 5122 808 5197 Edit
856 5124 1148 5197 nonnullae
1199 5123 1406 5191 Paris,
1465 5129 1760 5197 pertaesum
1815 5128 2087 5183 thalamos

435 5195 488 5269 et
520 5208 749 5269 nomen
782 5192 1259 5269 habetconjugii:
1312 5192 1535 5251 ultima.
1584 5239 1596 5251 .
1644 5239 1655 5251 .
1706 5200 1844 5269 quod
1892 5216 2085 5254 nomen

437 5261 893 5341 hatetconjugii,
920 5266 1044 5321 Vet.
1066 5261 1288 5322 omnes.
1323 5277 1372 5323 et
1398 5285 1615 5341 (nomen
1660 5261 1857 5325 habere
1896 5272 2082 5341 conju-

437 5282 595 5317 naoet
623 5282 893 5387 conﬂigit,
930 5282 1044 5321 vet.
1066 5283 1288 5322 omnes.
1323 5282 1372 5323 et
1421 5285 1615 5323 nomen
1660 5282 1857 5325 habere
1896 5286 2077 5341 Cﬂlljlt-

432 5333 533 5410 gii.
586 5334 735 5410 ltiss.
830 5336 943 5392 ’ict.
1007 5355 1160 5393 unus
1208 5344 1262 5393 et
1311 5339 1494 5404 Colb.,
1526 5348 1760 5410 pUI'L'L’Sa
1791 5342 2077 5396 thalamos.

433 5408 542 5459 etc.
579 5404 733 5478 Qum.
770 5410 1030 5478 aciVict.
1083 5410 1228 5464 alter
1274 5404 1563 5478 pertaesum
1611 5427 1769 5465 usum
1820 5412 2077 5476 thalami,

432 5478 541 5551 etc.
567 5473 911 5551 _Meliu_s__alii
945 5480 1043 5551 qui
1077 5487 1184 5536 vet.
1220 5473 1760 5537 edit.consentiuut.
1794 5483 1892 5538 Est
1922 5473 2079 5539 enim

428 5545 540 5623 hoc
566 5546 690 5623 locg
718 5545 1102 5621 ellipsis,'qum
1130 5552 1389 5623 suppleri
1420 5558 1608 5623 potest
1653 5553 1714 5607 in
1760 5554 1917 5610 hunc
1961 5571 2081 5612 mo-

426 5615 567 5674 dum
601 5635 615 5674 :
646 5615 869 5677 Ferunt
898 5615 1476 5680 tur'turem’éxosuin
1520 5623 1824 5698 negotium
1864 5626 2077 5686 habere

2278 4593 2367 4647 68.
2397 4593 2539 4665 Ipsae
2571 4593 2683 4649 sibi
2713 4609 2910 4668 regem
2961 4595 3253 4663 ordinant,
3286 4594 3427 4667 ipsae
3458 4594 3569 4651 sibi
3610 4595 3884 4668 populos

2205 4686 2403 4737 creant
2432 4700 2445 4737 :
2479 4686 2536 4737 et
2563 4681 2697 4738 licet
2753 4683 2956 4755 posita:
2988 4683 3098 4740 sub
3129 4700 3282 4757 rege,
3316 4689 3458 4741 sunt
3486 4688 3684 4741 tamen
3715 4684 3883 4742 libe-

2205 4788 2300 4825 rae.
2335 4770 2480 4826 Nam
2512 4776 2568 4827 et
2598 4773 3039 4845 praerogativam
3087 4773 3299 4845 judicii
3358 4778 3577 4842 tenent,
3628 4777 3688 4829 et
3728 4772 3885 4833 ﬁdae

2203 4859 2525 4915 devotionis
2573 4861 2889 4918 affectum:
2926 4861 3064 4933 quia
3111 4866 3171 4918 et
3217 4866 3498 4934 tanquam
3541 4878 3576 4917 a
3623 4877 3685 4918 se
3714 4863 3882 4919 sub-

2200 4982 2514 5051 thalamos,
2546 4989 2656 5039 etc.

2292 5056 2383 5120 27)
2412 5055 2550 5127 Mss.
2576 5056 2818 5127 aliquot,
2850 5057 3050 5113 Turtur
3076 5074 3187 5113 non
3218 5058 3398 5113 utitur
3428 5057 3584 5126 ﬂore,
3617 5058 3725 5113 etc.

2292 5127 2381 5196 28)
2412 5126 2552 5181 Mss.
2605 5126 2830 5200 aliquot
2886 5133 2944 5183 et
2991 5129 3128 5184 edit.
3178 5135 3337 5195 vet.,'
3360 5130 3550 5200 prima
3590 5129 3887 5187 connubii

2195 5203 2337 5252 sorte
2364 5199 2757 5268 praetermissa.

2267 5267 2538 5341 (‘49)7Edit
2566 5269 3055 5341 omnes,pudoris
3096 5272 3232 5340 eius.
3287 5267 3569 5338 Latinius,
3609 5268 3882 5341 pudoris

2192 5340 2505 5413 ei.Mel‘ius
2539 5356 2682 5413 mss.
2711 5340 2911 5412 pudori
2938 5344 3073 5413 ejus.

2263 5412 2372 5536 (30)
2406 5410 2680 5466 Nonnulli
2711 5408 3267 5493 ’ωεεππθύθνεηιίατη
3313 5415 3586 5467 natorum.
3631 5408 3876 5472 Melius

2263 5499 2288 5535 ,ι
2321 5499 2354 5536 a
2381 5483 2562 5536 iuuot.
2597 5489 2653 5536 et
2681 5484 3308 5536 vet.edit..senatorum.
3335 5483 3535 5536 Plures
3554 5485 3760 5536 tamen
3791 5498 3876 5536 ac

2190 5479 2288 5554 alii
2321 5479 2562 5554 aliquot,
2597 5489 2653 5537 et
2681 5479 3308 5552 vet.edit.,senatorum.
3335 5483 3535 5539 Plures
3554 5485 3760 5538 tamen
3791 5498 3881 5543 ac

2189 5552 2353 5609 Rom.
2388 5552 2552 5623 edit,
2583 5558 2646 5608 ut
2677 5569 2782 5610 nos
2813 5554 2873 5611 in
2904 5559 3083 5611 textu.
