4084 6188
278 361 394 426 349

1553 358 2094 425 HEXAEMERON
2137 357 2288 423 LIB.
2329 357 2405 422 ν.

3559 358 3682 427 280

279 494 549 552 stitutum
616 484 891 569 diligunt,
959 498 1016 552 et
1070 497 1234 551 tanto
1289 493 1578 551 honorant
1633 494 1915 549 examine.
1947 497 1998 561 Α
2034 494 2230 560 mella,
2261 499 2317 549 et
2346 494 2565 550 intexta
2610 493 2854 553 ﬂoribus
2902 492 3111 553 horrea
3152 498 3383 553 nectare
3423 497 3677 569 quodam

282 585 397 641 Rex
420 587 617 640 autem
647 600 763 641 non
794 587 948 641 sorte
977 585 1237 653 ducitur;
1271 585 1410 658 quia
1461 585 1519 639 in
1567 588 1720 640 sorte
1750 600 1919 639 even-

282 678 376 730 tus
421 678 530 741 est,
563 688 680 729 non
719 674 1034 745 judicium,
1067 679 1125 730 et
1166 691 1318 747 saepe
1365 672 1751 730 irrationabili
1783 689 1921 728 casu

284 762 452 818 sortis
479 762 822 819 melioribus
852 763 1096 819 ultimus
1135 763 1389 836 quisque
1436 763 1739 835 praefertur
1772 780 1784 817 :
1818 778 1922 817 ne-

284 867 391 924 que
417 851 701 924 imperita
733 851 1128 908 multitudinis
1176 852 1399 924 vulgari
1441 852 1693 907 clamore
1722 851 1922 923 signa-‘-

278 945 397 1008 tur,
427 954 549 1013 quis
582 957 697 995 non
731 941 940 996 merita
966 941 1199 996 virtutis
1230 941 1521 1014 expendit,
1542 956 1647 996 nec
1678 939 1923 1012 publicae

287 1028 545 1084 utilitatis
574 1028 974 1085 emolumenta
1002 1030 1270 1097 rimatur,
1306 1030 1405 1084 sed
1439 1029 1783 1085 mobilitatis
1814 1045 1921 1083 nu-

286 1121 371 1172 tat
397 1117 607 1173 incerto
641 1134 656 1172 :
689 1134 879 1190 neque
911 1118 1210 1190 privilegio
1242 1118 1633 1175 successionis
1662 1121 1718 1173 et
1757 1133 1926 1190 gene-

282 1206 364 1261 ris
417 1205 709 1278 regalibus
760 1206 988 1262 thronis
1044 1207 1289 1275 insidet;
1343 1207 1634 1278 siquidem
1684 1206 1926 1279 ignarus

266 1292 523 1366 publica;
553 1295 1032 1362 conversationis,
1057 1300 1265 1351 cautus
1295 1300 1470 1367 atque
1500 1295 1765 1351 eruditus
1797 1310 1925 1350 esse

280 1399 393 1439 non
424 1384 659 1455 poterit.
691 1384 852 1439 Adde
882 1384 1247 1441 adulationes
1278 1390 1455 1457 atque
1503 1384 1762 1450 delicias,
1797 1400 1924 1456 quis

262 1472 494 1528 teneris
522 1471 739 1528 inclitae
791 1474 1060 1529 aetatibus
1106 1473 1193 1528 vel
1245 1491 1374 1529 acre
1421 1474 1724 1545 ingenium
1756 1489 1924 1528 ener-

260 1575 409 1615 vare
440 1565 902 1616 consueverunt:
952 1568 1070 1616 tum
1126 1560 1526 1617 institutiones
1573 1562 1922 1633 spadonum,

278 1664 531 1721 quorum
559 1648 824 1720 plerique
868 1666 976 1705 suo
1026 1650 1214 1723 magis
1253 1651 1524 1722 quaestui,
1572 1666 1750 1721 quam
1791 1649 1923 1705 usui

276 1736 509 1811 publico
579 1738 845 1793 animum
894 1738 1047 1811 regis
1094 1737 1396 1793 inclinant.
1456 1738 1677 1810 Apibus
1728 1742 1921 1794 autem

275 1842 374 1882 rex
405 1830 628 1882 naturas
652 1825 825 1882 claris
868 1826 1155 1883 formatur
1200 1825 1561 1900 insignibus;
1596 1831 1661 1882 ut
1690 1828 1921 1901 magni-
1954 1861 2003 1927 B

268 1912 481 1971 tudine
531 1915 792 1988 corporis
840 1918 1073 1988 praestet
1119 1918 1177 1971 et
1223 1916 1447 1988 specie;
1494 1920 1619 1972 tum
1668 1916 1823 1989 quod
1864 1915 1924 1970 in

274 2020 411 2077 rege
460 2004 819 2076 pracipuum
850 2007 958 2071 est,
992 2020 1224 2060 morum
1275 2004 1746 2060 mansuetudine.
1779 2004 1925 2060 Nam

275 2093 387 2149 etsi
420 2092 597 2148 habet
625 2091 913 2160 aculeum,
945 2096 1141 2148 tamen
1175 2109 1241 2148 eo
1271 2110 1388 2148 non
1418 2093 1605 2149 utitur
1635 2095 1703 2148 ad
1738 2093 1924 2148 vindi-

277 2180 554 2236 candum.
587 2181 733 2236 Sunt
763 2180 919 2236 enim
949 2180 1108 2253 leges
1138 2185 1360 2237 naturae
1408 2199 1523 2237 non
1565 2180 1794 2254 scriptae
1824 2181 1926 2235 lit-

274 2268 439 2336 teris,
471 2269 575 2325 sed
628 2268 926 2342 impressae
974 2269 1238 2325 moribus
1271 2286 1284 2324 :
1320 2275 1385 2325 ut
1413 2269 1661 2326 leniores
1706 2270 1824 2325 sint
1855 2269 1926 2323 ad

266 2357 781 2431 'puniendum,qui
812 2357 1068 2413 maxima
1096 2359 1244 2414 101
1282 2362 1569 2430 potestate
1601 2359 1924 2431 potiuntur.

281 2446 394 2503 Sed
426 2450 483 2503 et
524 2462 662 2520 apes
710 2446 823 2501 illa!
873 2463 999 2519 quae
1049 2444 1165 2503 nan
1211 2447 1673 2519 obtemperavint
1702 2446 1928 2519 legibus

266 2536 439 2609 regis
486 2535 792 2608 pmnitenti
840 2535 1321 2592 condemnatione
1368 2553 1430 2592 se
1478 2535 1801 2603 mulctant;
1867 2539 1932 2590 ut

264 2624 700 2680 immoriantur
728 2623 913 2679 aculei
957 2624 1048 2679 sui
1099 2625 1359 2680 vulnere.
1408 2626 1569 2691 Quod
1620 2625 1930 2681 Persarum

279 2712 483 2786 populi
529 2711 819 2784 hodieque
872 2729 1100 2768 servare
1152 2713 1427 2769 dicuntur
1461 2732 1473 2770 :
1507 2718 1573 2769 ut
1619 2731 1723 2786 pro
1771 2730 1929 2769 com-

276 2800 447 2857 missi
472 2801 791 2873 pretioipsi
821 2802 880 2856 in
915 2819 975 2857 se
1007 2801 1252 2873 propriae
1302 2803 1509 2859 mortis
1538 2808 1933 2876 exsequantur

277 2890 654 2947 sententiam.
686 2891 889 2962 Itaque
921 2889 1067 2945 nulli
1095 2890 1177 2944 sic
1208 2906 1401 2963 regem
1434 2892 1567 2963 (3i),
1598 2909 1712 2947 non
1743 2892 1929 2948 Persea

277 2978 379 3051 qui
439 2978 820 3052 gravissimas
876 2979 936 3033 in
993 2976 1262 3034 subditos
1310 2979 1529 3035 habent
1576 2978 1753 3053 leges,
1814 2998 1928 3037 non

276 3067 432 3135 Indi,
465 3084 582 3123 non
632 3065 833 3139 populi
864 3067 1265 3122 Sarmatarum
1315 3070 1481 3123 tanta
1527 3073 1746 3140 quanta
1793 3087 1931 3142 apes

260 3155 605 3212 reverentia
632 3154 952 3211 devotionis
981 3155 1317 3223 observant;
1368 3160 1435 3211 ut
1482 3156 1655 3212 nulla
1680 3173 1710 3212 e
1736 3154 1928 3227 domi-

2029 582 2395 639 distendere?
2454 584 2668 639 Cernas
2737 600 2941 640 omnes
3011 589 3232 641 certare
3285 586 3357 641 de
3414 602 3677 655 munere,

2032 670 2177 727 alias
2207 671 2509 745 invigilare
2539 673 2851 744 quaerendo
2904 673 3143 742 victum,
3175 674 3319 730 alias
3363 674 3677 731 sollicitam

2029 759 2238 816 castris
2265 760 2540 816 adhibere
2571 762 2917 830 custodiam,
2952 762 3096 819 alias
3123 765 3351 820 futuros
3380 764 3678 836 explorem

2030 849 2271 917 imbres,
2305 853 2363 905 et
2420 850 2708 922 speculari
2761 866 3079 908 concursus
3132 853 3399 919 nubium,
3434 852 3579 909 alias
3608 855 3679 908 de

2032 938 2275 993 ﬂoribus
2306 954 2468 994 ceras
2501 938 2891 1010 fingere,alias
2922 956 3110 995 rorem
3144 941 3403 997 infusum
3436 942 3679 999 ﬂoribus

2032 1043 2130 1082 ore
2159 1025 2460 1099 colligere;
2495 1026 2717 1082 nullam
2749 1031 2942 1083 tamen
2978 1028 3183 1084 alienis
3214 1030 3481 1084 insidiari
3518 1031 3681 1087 labo-

2033 1116 2217 1182 ribus,
2248 1121 2306 1170 et
2336 1120 2504 1187 rapto
2534 1116 2711 1171 vitam
2746 1133 3003 1188 quaerere
3035 1134 3049 1173 :
3083 1122 3253 1189 atque
3284 1118 3507 1173 utinam
3550 1136 3680 1191 rap-

2032 1208 2225 1259 torum
2277 1205 2521 1271 insidias
2569 1221 2686 1260 non
2733 1205 3029 1260 ti'nerent.
3078 1205 3263 1262 Habet
3306 1211 3503 1262 tamen
3562 1208 3681 1281 spi-

2035 1292 2165 1349 cula
2221 1310 2347 1359 sua,
2397 1297 2454 1348 et
2511 1294 2662 1349 inter
2723 1292 2895 1350 mella
2956 1293 3210 1349 fundunt
3264 1312 3575 1364 venenum,
3628 1296 3677 1351 si

2034 1382 2252 1437 fuerint
2323 1382 2625 1451 lacessitis,
2714 1382 3059 1454 animasque
3141 1387 3368 1455 ponunt
3431 1384 3489 1439 in
3554 1383 3684 1439 vul-

2034 1487 2169 1526 nere
2240 1472 2445 1526 ardore
2511 1471 2798 1527 vindictae.
2864 1471 3013 1543 Ergo
3079 1473 3289 1527 mediis
3356 1479 3680 1529 castrorum

2031 1558 2282 1615 vallibus
2312 1559 2527 1615 humor
2554 1560 2652 1616 ille
2698 1560 2847 1617 roris
2897 1560 3248 1629 infunditur,
3284 1561 3684 1634 paulatimque

2031 1664 2308 1719 processu
2364 1648 2645 1719 temporis
2690 1648 2749 1703 in
2799 1648 2977 1705 mella
3034 1649 3279 1721 cogitur,
3322 1666 3455 1705 cum
3515 1651 3689 1707 fuerit

2031 1735 2294 1808 liquidus
2351 1737 2425 1792 ab
2483 1737 2737 1804 exordio,
2799 1741 2855 1792 et
2922 1736 3132 1792 coalitu
3192 1753 3332 1793 certe
3387 1740 3522 1810 (33),
3582 1740 3684 1795 ﬂo-

2032 1840 2282 1896 rumque
2340 1825 2514 1880 odore
2571 1825 2828 1898 fragrare
2889 1825 3084 1881 mellis
3158 1826 3365 1899 incipit
3433 1828 3684 1884 suavita-

2034 1916 2173 1969 tem.

2101 2002 2190 2056 70.
2242 2001 2446 2057 Merito
2503 2002 2669 2073 quasi
2720 2002 2936 2057 bonam
2998 2003 3323 2075 operariam
3385 2003 3690 2077 Scriptura

2034 2106 2201 2163 apem
2260 2090 2534 2162 praedicat
2587 2090 2787 2147 dicens
2849 2109 2862 2146 :
2929 2090 3066 2148 Vade
3119 2092 3189 2148 ad
3255 2109 3431 2164 apem,
3462 2096 3514 2149 et
3561 2093 3685 2150 vide

2033 2179 2294 2250 quomodo
2349 2181 2605 2251 operaria
2658 2188 2755 2234 est.
2817 2178 3200 2251 Operationem
3257 2197 3465 2254 quoque
3521 2197 3689 2253 quam

2033 2269 2399 2323 venerabilem
2440 2274 2717 2323 mercatur
2769 2268 2902 2340 (34),
2953 2270 3110 2341 cujus
3156 2269 3395 2326 laborem
3444 2285 3594 2342 reges
3638 2275 3690 2327 et

2033 2356 2327 2412 mediocres
2384 2357 2454 2411 ad
2507 2358 2739 2413 salutem
2784 2362 3025 2412 sumunt.
3059 2358 3381 2430 Appetibilis
3423 2361 3575 2415 enim
3611 2364 3690 2416 est

2035 2445 2284 2500 omnibus
2334 2448 2385 2499 et
2438 2446 2591 2500 clara
2643 2445 2755 2517 (35)
2801 2446 2981 2517 (Prov.
3015 2463 3093 2515 v1,
3144 2448 3285 2515 6-8).
3336 2447 3519 2503 Audis
3549 2448 3687 2519 quid

2035 2532 2191 2589 dicat
2224 2532 2546 2605 propheta?
2574 2533 2754 2588 Mittit
2786 2533 2983 2605 utique
3033 2537 3089 2589 te
3138 2539 3203 2589 ut
3258 2535 3498 2607 apicula:
3530 2535 3692 2592 illius

2036 2620 2302 2692 sequaris
2361 2620 2716 2692 exemplum,
2754 2620 3003 2677 imiteris
3060 2622 3476 2693 operationem.
3510 2623 3688 2679 Vides

2038 2726 2215 2782 quam
2249 2709 2560 2778 laboriosa,
2596 2725 2774 2781 quam
2824 2713 2991 2782 grata
3037 2710 3133 2764 sit.
3170 2711 3418 2765 Fructus
3449 2712 3577 2781 ejus
3616 2712 3689 2766 ab

2037 2799 2311 2855 omnibus
2342 2798 2727 2865 desideratur,
2759 2802 2815 2853 et
2865 2798 3165 2870 quaeritur,
3199 2814 3305 2854 nec
3336 2815 3439 2870 pro
3488 2815 3688 2871 perso-

2039 2905 2247 2943 narum
2289 2887 2624 2944 diversitate
2672 2886 3021 2942 discernitur
3053 2902 3067 2941 :
3101 2886 3201 2942 sed
3233 2887 3551 2942 indiscreta
3598 2888 3690 2943 sui

2037 2976 2224 3050 gratia
2289 2976 2527 3049 regibus
2599 2974 2819 3049 pariter
2882 2992 2948 3031 ac
3020 2974 3414 3031 mediocribus
3484 2975 3691 3048 aequali

2038 3065 2319 3122 suavitate
2376 3065 2674 3121 dulcescit.
2760 3063 2875 3119 Nec
2948 3063 3139 3120 solum
3216 3063 3523 3135 voluptati,
3590 3065 3690 3120 sed

2037 3154 2214 3211 etiam
2246 3154 2419 3210 saluti
2471 3158 2595 3221 est;
2648 3154 2845 3209 fauces
2896 3152 3189 3218 obdulcat,
3243 3156 3299 3209 et
3348 3156 3515 3209 curat
3564 3154 3691 3208 vul-

280 3244 393 3300 bus
420 3244 576 3299 exire
608 3244 885 3310 audeant,
916 3260 1033 3298 non
1064 3243 1124 3298 in
1150 3241 1377 3315 aliquos
1408 3245 1639 3317 prodire
1669 3246 1784 3317 (32)
1825 3264 1931 3319 pa-
1956 3228 2000 3295 C
2038 3259 2199 3309 nera,
2258 3242 2501 3299 internis
2559 3258 2791 3315 quoque
2865 3241 3361 3297 medicamentum
3436 3241 3693 3298 infundit

279 3336 429 3399 stus,
464 3331 576 3388 nisi
607 3349 708 3387 rex
735 3332 913 3387 fuerit
943 3333 1130 3404 primo
1161 3347 1454 3405 egressus,
1478 3338 1534 3390 et
1560 3334 1788 3391 volatus
1814 3336 1925 3392 sibi

274 3418 662 3477 vindicaverit
686 3419 1101 3493 principatum.

344 3510 438 3565 69.
463 3512 783 3565 Processus
841 3513 1035 3565 autem
1092 3512 1182 3564 est
1238 3526 1342 3582 per
1395 3526 1533 3566 rura
1584 3511 1925 3586 redolentia,

273 3599 379 3654 ubi
407 3598 741 3654 inhalantes
768 3597 922 3653 horti
955 3597 1218 3664 floribus,
1243 3597 1344 3654 ubi
1375 3598 1605 3671 fugiens
1638 3600 1795 3657 rivus
1826 3619 1929 3674 per

276 3686 566 3759 gramina,
598 3685 698 3741 ubi
730 3702 960 3741 amoena
988 3684 1251 3757 riparum
1284 3703 1297 3741 :
1342 3685 1461 3742 illic
1496 3685 1672 3743 ludus
1717 3688 1927 3747 alacris

268 3775 621 3847 iuventutis,
652 3773 771 3829 illic
818 3778 1141 3847 campestre
1189 3774 1547 3841 exercitium,
1586 3775 1707 3833 illic
1758 3795 1926 3835 cura-

273 3866 408 3920 rum
438 3863 731 3920 remissio.
758 3863 919 3935 Opus
966 3864 1162 3936 ipsum
1216 3881 1413 3930 suave,
1448 3865 1519 3920 de
1559 3866 1821 3936 ﬂoribus,
1855 3869 1925 3924 de

270 3951 471 4008 herbis
501 3949 775 4006 dulcibus
812 3950 1161 4007 fundamina
1208 3956 1534 4008 castrorum
1586 3955 1775 4026 prima
1822 3973 1922 4029 po-

271 4034 696 4103 nuntur.'Quid
726 4039 881 4095 enim
936 4038 1095 4095 aliud
1144 4044 1232 4096 est
1278 4041 1464 4110 favus,
1500 4042 1613 4098 nisi
1654 4044 1919 4114 quaedam

268 4131 603 4185 castrorum
649 4126 916 4201 species?
965 4128 1221 4202 Denique
1276 4130 1348 4185 ab
1408 4129 1502 4186 his
1565 4126 1925 4205 praesepibus

266 4220 452 4287 apum
484 4215 656 4271 fucus
688 4219 937 4271 arcetur.
969 4216 1107 4280 Quae
1137 4221 1328 4272 castra
1357 4210 1643 4290 quadrata
1688 4223 1921 4277 tantum

273 4300 526 4376 possunt
552 4303 772 4360 habere
810 4304 953 4360 artis
1009 4309 1065 4359 et
1110 4305 1331 4377 gratiae,
1370 4311 1655 4378 quantum
1704 4308 1920 4365 habent

269 4394 461 4449 crates
517 4393 805 4461 favorum,
858 4392 918 4447 in
976 4393 1194 4465 quibus
1244 4394 1484 4450 minutae
1538 4412 1605 4452 ac
1660 4399 1922 4453 rotundae

266 4479 497 4537 cellulas
559 4480 914 4537 connexione
972 4481 1065 4537 sui
1117 4482 1362 4538 invicem
1409 4483 1746 4540 faciuntur?
1781 4486 1922 4550 Quis

266 4569 627 4626 architectus
675 4586 772 4625 eas
817 4571 1015 4626 docuit
1062 4568 1383 4643 hexagonia
1432 4571 1534 4629 illa
1576 4572 1920 4632 cellularum

264 4656 589 4715 indiscreta
614 4657 864 4715 laterum
895 4658 1228 4731 aequalitate
1250 4676 1688 4734 componere,ac
1717 4667 1923 4722 tenues

264 4745 420 4803 inter
455 4748 769 4803 domorum
825 4752 989 4819 septa
1043 4765 1203 4805 ceras
1262 4750 1639 4821 suspendere,
1705 4752 1921 4826 stipare

336 4880 452 4953 (3i)
478 4879 605 4955 γει,
637 4880 777 4955 edit.
809 4881 994 4955 Itaque
1046 4883 1195 4937 nulli
1250 4885 1391 4938 sicut
1431 4900 1584 4953 reges
1627 4887 1924 4944 Persarum

261 4954 381 5029 tam
434 4952 814 5029 gravissimas.
981 4995 993 5007 .
1034 4957 1246 5029 tantam
1286 4952 1548 5026 quantam
1576 4973 1723 5029 apes.
1776 4959 1917 5016 Mss.

572 5025 756 5095 itaque
993 5026 1074 5079 sic
1119 5020 1309 5112 regem'
1352 5042 1463 5112 nan
1498 5020 1779 5112 ‘pefsequi
1832 5031 1921 5087 vel

254 5098 537 5166 prosequi.
588 5136 601 5149 .
648 5138 661 5150 .
708 5133 721 5149 .
776 5103 1004 5167 tantam,
1065 5100 1347 5167 quantam.
1382 5098 1533 5155 ,Sed‘
1591 5098 1921 5158 scribarum

259 5165 440 5237 error
495 5170 835 5237 esthquem
882 5165 981 5221 alii
1041 5165 1099 5222 et
1158 5168 1322 5223 Rom.
1384 5169 1521 5225 edit.
1580 5173 1916 5229 restituunt.

259 5234 557 5363 gestarum
587 5234 733 5293 illud
761 5253 793 5293 e
824 5236 863 5291 ι.
892 5252 950 5292 ιν
978 5237 1164 5309 Georg.
1198 5238 1379 5295 voluit
1408 5241 1495 5295 vir
1525 5248 1763 5299 sanctus
1786 5244 1917 5301 imi-

326 5325 358 5363 r
388 5349 401 5361 .

326 5325 401 5363 ιἰ.

320 5423 590 5493 Mter“
615 5436 795 5493 rosam
817 5437 935 5493 ἔξοέ
959 5423 1034 5493 εἰς
1063 5424 1337 5493 «Emme.
1363 5428 1422 5493 at
1444 5425 1634 5493 ipsese

319 5484 508 5598 Lﬁdia,
540 5498 643 5536 nec
668 5484 855 5550 populi
884 5484 1218 5545 Parthorum}
1251 5488 1345 5535 aut
1363 5484 1550 5538 Medu's
1579 5489 1856 5555 Hydaspes

320 5547 369 5597 Ο
407 5552 645 5598 derunt.

327 5664 449 5738 (30)
481 5663 619 5723 God.
652 5664 799 5723 bene
829 5664 1019 5735 multi,
1042 5680 1155 5722 non
1182 5665 1395 5739 aliquos
1418 5666 1592 5725 adire.

2035 3331 2349 3387 ulceribus.
2409 3333 2607 3404 Itaque
2664 3331 2818 3387 ιθε
2876 3347 3009 3388 cum
3073 3331 3151 3386 sit
3224 3329 3460 3387 inﬁrma
3522 3332 3692 3387 robo-

2034 3436 2097 3476 re
2129 3419 2276 3492 apis,
2307 3419 2499 3475 valida
2527 3424 2616 3476 est
2642 3419 2838 3493 vigore
2865 3418 3160 3491 sapientia
3192 3423 3249 3475 et
3282 3436 3477 3475 amore
3504 3419 3688 3475 virtu-

2033 3509 2131 3565 tis.

2103 3597 2194 3653 7i.
2237 3597 2495 3668 Denique
2554 3611 2750 3668 regem
2807 3613 2980 3653 suum
3037 3613 3274 3653 summa
3330 3597 3691 3669 protectione

2032 3685 2372 3753 defendunt,
2406 3687 2463 3740 et
2512 3686 2695 3757 perire
2725 3702 2828 3758 pro
2860 3702 2926 3741 eo
2956 3683 3268 3758 pulchrum
3318 3689 3547 3758 putant.
3596 3687 3689 3741 In-

2034 3773 2249 3831 columi
2299 3789 2432 3846 rege
2480 3773 2751 3829 nesciunt
2798 3776 3025 3829 mutare
3067 3773 3381 3845 judicium,
3434 3781 3688 3831 mentem

2034 3862 2326 3919 inflectere
2359 3878 2372 3918 :
2405 3860 2647 3929 amisso,
2698 3862 2873 3917 fidem
2924 3861 3191 3917 servandi
3223 3861 3486 3917 muneris
3517 3864 3683 3919 dere-

2031 3949 2328 4024 linquunt,
2362 3953 2539 4023 atque
2566 3949 2707 4022 ipsas
2768 3967 2876 4006 sua
2928 3949 3104 4005 mella
3158 3949 3480 4021 diripiunt;
3532 3952 3687 4022 quod

2033 4040 2084 4096 is
2116 4040 2214 4112 qui
2249 4039 2645 4112 principatum
2704 4038 2913 4095 habuit
2957 4038 3240 4104 muneris,
3291 4037 3687 4111 interemptus

2032 4133 2140 4185 est.

2100 4218 2190 4272 72.
2227 4217 2423 4289 Itaque
2454 4232 2589 4272 cum
2619 4233 2753 4273 aves
2785 4216 2907 4272 alia:
2933 4217 3030 4272 vix
3058 4216 3119 4272 in
3154 4232 3308 4273 anno
3340 4216 3516 4271 edant
3564 4216 3684 4271 sin-

2032 4304 2200 4379 gulos
2232 4305 2405 4375 fetus,
2438 4322 2577 4378 apes
2610 4305 2874 4378 geminos
2928 4310 3146 4374 creant,
3178 4309 3235 4361 et
3263 4303 3482 4377 duplici
3518 4309 3686 4360 caate-

2029 4393 2114 4450 ris
2145 4393 2496 4450 fecunditate
2527 4395 2993 4467 praeponderent.

2639 4518 2871 4575 CAPUT
2913 4520 3086 4577 XXII.

1951 4596 1998 4660 D
2035 4608 2289 4692 Votnatilia
2316 4607 2729 4692 medicantur.
2750 4606 3009 4692 volantia
3045 4625 3222 4692 super
3271 4612 3487 4692 terram
3520 4622 3688 4692 secus

2108 4681 2546 4752 firmamentum
2604 4677 2751 4752 coeli.
2820 4680 2991 4752 Atque
3058 4677 3258 4752 ibidem
3322 4678 3388 4733 de
3443 4695 3508 4733 ea
3564 4691 3689 4749 qua:

2104 4750 2418 4807 observatur
2475 4750 2535 4804 in
2591 4750 2808 4817 avibus,
2875 4750 3118 4824 corporis
3184 4751 3514 4807 diversitate.
3576 4753 3684 4802 Po-

2101 4886 2213 4959 (33)
2260 4885 2400 4941 Mss.
2452 4882 2739 4953 nonnulli,
2792 4890 2843 4941 et
2898 4888 3106 4941 nutrito
3164 4892 3216 4941 et
3268 4883 3464 4939 coalito
3516 4896 3681 4949 certe,

2030 4964 2210 5103 mihi)
2262 5032 2425 5103 item,
2478 5024 2640 5096 edit.,
2689 5029 3057 5103 venerabilem
3110 5028 3264 5103 facit.
3318 5024 3539 5103 hiemps
3592 5038 3682 5077 se~

2029 5094 2166 5158 cuta
2194 5094 2354 5156 'LXX
2407 5094 2630 5169 interp.
2652 5099 2973 5169 secundum
3025 5094 3681 5169 codicem__Vaticanum

2030 5178 2088 5230 et
2118 5162 2675 5236 Florentinumfubi
2724 5168 2958 5241 legitur,
2990 5174 3212 5241 ποιεῖται.
3248 5165 3384 5241 Alite
3433 5162 3573 5220 edit.
3626 5170 3685 5221 et

2030 5261 2235 5302 omnes
2267 5259 2409 5299 mss.
2456 5283 2468 5295 .
2515 5282 2527 5294 .
2559 5237 2836 5296 mercatur
2862 5260 2884 5296 :
2915 5239 3242 5297 secundum
3266 5237 3553 5293 Venetum
3586 5251 3681 5292 co-

2027 5317 2238 5383 dicem,
2271 5315 2394 5380 ubi,
2423 5321 2760 5387 ἐμπορεύεται.

2099 5388 2210 5438 (35)
2260 5388 2519 5438 Ouatuor
2573 5401 2743 5438 mss..
2800 5384 2985 5438 chara.
3046 5381 3159 5437 Alii
3216 5385 3274 5438 et
3323 5380 3490 5438 edit..
3528 5379 3683 5435 clara

2074 5388 2221 5515 ἐῶ)
2260 5384 2519 5452 Quatuor
2554 5384 2743 5449 'mss.,
2800 5384 2985 5438 chara.
3046 5384 3159 5437 Alii
3216 5385 3274 5438 et
3323 5384 3490 5447 edit.,
3528 5384 3683 5461 clara

2026 5461 2069 5516 L
2123 5460 2170 5514 Χ
2225 5461 2436 5529 nterp._,
2470 5462 2698 5523 ἐπίδοξος.
2730 5457 2959 5529 Totum
2993 5452 3186 5509 locum
3244 5469 3359 5529 ms.
3394 5453 3684 5529 Cosmum

2025 5530 2279 5595 exhibet,
2307 5522 2466 5582 vade.
2513 5566 2527 5580 .
2571 5567 2584 5581 .
2620 5522 2678 5580 et
2707 5526 2825 5597 ejus
2856 5527 3078 5582 imitare
3105 5526 3500 5598 operationem.
3555 5522 3683 5594 Ope-

2022 5604 2294 5727 ration'enz
2322 5612 2557 5669 namque
2592 5612 2758 5670 quam
2793 5598 3163 5655 venerabilem
3207 5599 3486 5656 mercatur
3528 5609 3678 5667 apes,

2023 5689 2203 5727 cuius.
2234 5687 2264 5727 e
2291 5686 2341 5727 c.

2023 5689 2203 5747 cujus,
2234 5686 2341 5728 etc.
