4084 6188
426 237 543 306 ΞΜ

1884 235 1953 302 S.
1996 235 2377 304 AMBROSII

3710 239 3831 305 25!

478 385 694 457 'stremo
754 371 1027 433 nonnulla
1094 369 1160 433 de
1228 385 1399 448 cygno
1469 370 1521 431 et
1578 369 1768 432 cicada
1828 373 2063 446 subjun-
2094 371 2419 457 Aloribus,
2448 387 2563 447 quo
2593 368 2889 446 puriorem
2937 387 3129 433 aerem
3159 371 3274 449 (36)
3303 370 3364 433 id
3406 372 3690 449 temporis
3739 378 3832 432 at-

422 453 651 519 guntur.

492 554 581 610 73.
637 554 1086 611 Consideremus
1152 570 1305 610 nunc
1357 553 1495 625 quid
1546 553 1641 624 sit,
1696 552 1849 624 quod
1911 552 1993 608 ait
2049 568 2062 606 :

421 643 729 699 Producant
777 660 939 717 aqua?
997 644 1216 715 reptilia
1264 644 1583 697 animarum
1630 643 1927 697 viventium
1982 657 2066 696 se-

419 733 660 789 cundum
697 749 887 805 genus,
935 741 983 788 et
1039 731 1287 785 volatilia
1342 731 1586 805 volantia
1640 747 1804 801 super
1860 734 2067 785 terram

419 803 718 877 secundum
775 836 943 890 genus
991 834 1140 873 secus
1196 803 1602 889 firmamentum
1654 820 1782 873 caeli
1833 817 1983 889 (Gen.
2029 834 2067 885 ι,

416 910 531 983 20).
580 910 696 966 Cur
739 925 902 980 super
946 916 1148 962 terram
1196 907 1425 973 dixerit,
1477 911 1698 962 certum
1749 911 1883 962 est:
1929 906 2069 978 quia

415 999 633 1054 victum
691 998 760 1052 de
818 1001 973 1052 terra
1011 1000 1298 1067 quaerunt.
1331 995 1498 1049 Secus
1527 995 1935 1063 ﬁrmamentum
1963 1011 2067 1049 au-

417 1091 530 1142 tem
564 1087 690 1141 coeli
718 1084 1031 1156 quomodo,
1067 1101 1200 1138 cum
1234 1084 1441 1155 aquilae
1473 1084 1626 1139 ultra
1654 1089 1891 1139 czeteras
1934 1099 2067 1138 aves

412 1174 623 1242 volent,
686 1178 743 1228 et
802 1178 1001 1228 tamen
1051 1172 1190 1243 ipsae
1241 1189 1355 1227 non
1403 1189 1571 1227 secus
1629 1173 2067 1227 ﬁrmamentum

413 1264 583 1320 caeli?
628 1262 739 1317 Sed
797 1263 935 1334 quia
982 1261 1174 1316 Graece
1218 1269 1420 1333 οὐρανὸς
1468 1260 1700 1326 dicitur,
1755 1260 1907 1331 quod
1958 1260 2068 1314 La-

410 1352 531 1407 tine
587 1350 803 1407 oculum
856 1349 1223 1422 appellamus
1280 1368 1292 1405 :
1339 1358 1543 1422 οὐρανὸς
1603 1354 1799 1405 autem
1856 1357 2066 1404 ἀπὸτοῦ

407 1448 629 1514 ὁρᾶσθαι,
663 1438 720 1493 id
752 1444 842 1494 est
899 1455 932 1493 a
988 1438 1256 1505 videndo,
1290 1438 1419 1493 ideo
1475 1438 1630 1510 quod
1692 1452 1791 1492 aer
1839 1435 2064 1508 perspi-

409 1545 556 1584 cuus
600 1528 698 1593 sit,
732 1528 803 1582 ad
860 1527 1180 1582 videndum
1242 1526 1462 1598 purior,
1522 1526 1579 1580 in
1634 1542 1764 1581 aere
1819 1524 2066 1579 volitan-

409 1618 493 1673 tia
521 1633 738 1689 genera
768 1616 914 1670 dixit
945 1615 1357 1671 animantium.
1410 1615 1478 1669 Et
1527 1632 1597 1670 ne
1657 1619 1881 1669 moveat
1911 1612 2066 1684 quod

409 1706 509 1774 ait,
563 1722 713 1761 secus
760 1705 1167 1774 ﬁrmamentum
1218 1704 1361 1771 caeli,
1414 1719 1530 1759 non
1578 1702 1810 1777 proprie
1872 1702 2068 1756 ﬁrma-

411 1798 673 1849 mentum
719 1791 814 1847 hic
859 1792 1076 1863 posuit,
1130 1793 1231 1848 sed
1282 1791 1519 1847 abusive
1554 1808 1567 1845 :
1601 1807 1666 1846 eo
1701 1790 1854 1862 quod
1904 1806 2059 1845 com-
2096 1760 2142 1824 Β

410 1881 711 1954 paratione
765 1880 992 1935 aetherei
1046 1879 1206 1936 illius
1262 1880 1521 1952 corporis
1570 1878 1744 1934 etiam
1794 1879 1904 1934 iste
1960 1893 2059 1933 aer

408 1986 583 2042 quem
662 1985 979 2041 possumus
1054 1967 1239 2024 oculis
1310 1967 1826 2041 comprehendere,
1886 1965 2056 2038 quasi

408 2057 661 2116 crassior
689 2062 747 2113 et
776 2056 1012 2114 densior
1039 2056 1226 2112 vicem
1258 2056 1472 2112 habeat
1504 2055 1877 2111 firmamenti.

475 2148 567 2202 74.
598 2147 765 2201 Nunc
794 2144 932 2217 quia
957 2144 1214 2200 diximus
1265 2160 1394 2216 qua;
1443 2142 1723 2209 volatilia,
1755 2159 1931 2215 quam
1965 2159 2061 2198 na-

407 2240 603 2292 turam
635 2234 890 2290 habeant
918 2236 975 2290 et
1003 2233 1272 2305 gratiam,
1305 2237 1362 2288 et
1390 2249 1457 2288 ea
1487 2248 1673 2304 pauca
1703 2232 1774 2286 de
1807 2230 2010 2287 multis
2042 2247 2055 2285 :

408 2341 598 2397 neque
645 2322 800 2379 enim
849 2326 1017 2378 vacat
1068 2322 1341 2377 universa
1388 2320 1738 2387 describere,
1772 2336 1906 2374 cum
1940 2319 2061 2375 sint

408 2412 627 2470 similia
681 2416 855 2483 atque
911 2410 1177 2480 ejusdem
1236 2409 1467 2481 generis
1524 2413 1722 2463 tamen
1756 2424 1890 2463 aves
1919 2407 2057 2479 ipsa:

409 2518 585 2575 quam
618 2501 769 2555 inter
798 2516 859 2554 se
889 2498 1285 2553 diversitatem
1317 2497 1571 2552 habeant
1598 2496 2056 2552 consideremus.

408 2589 743 2646 Invenimus
788 2586 945 2642 enim
992 2586 1239 2641 cornicis
1271 2586 1449 2658 pedes
1495 2584 1655 2640 velut
1703 2584 2060 2656 quihusdam

407 2677 606 2749 digitis
638 2675 995 2731 distantibus
1037 2678 1332 2745 separatos
1381 2677 1554 2744 atque
1584 2672 1822 2741 divisos,
1856 2689 2058 2728 corvo-

405 2782 538 2821 rum
565 2780 794 2837 quoque
825 2768 1001 2834 atque
1032 2761 1326 2835 pullorum
1358 2762 1525 2817 aliter
1554 2761 1728 2816 etiam
1780 2762 2059 2816 formatos

406 2872 441 2911 a
469 2859 681 2909 natura
708 2853 886 2924 pedes
920 2867 932 2905 :
967 2851 1162 2906 avium
1196 2867 1322 2922 quae
1354 2866 1526 2905 carne
1550 2853 1887 2917 vescuntur,
1934 2865 2062 2904 cer-

405 2943 605 2998 nimus
659 2940 826 3012 quasi
886 2940 1159 2994 incurvos
1216 2944 1390 3011 atque
1445 2938 1735 3003 sinuatos,
1784 2954 1849 2993 ac
1905 2937 2064 2993 velut

409 3029 482 3085 ad
541 3029 798 3102 praedam
857 3031 1110 3099 paratos.
1145 3027 1235 3081 Ea:
1293 3043 1427 3082 vero
1479 3042 1605 3098 quae
1658 3024 1901 3081 natandi
1958 3024 2060 3080 ha-

2173 462 2415 519 trahunt
2442 461 2672 535 spiritu,
2703 478 2769 520 eo
2797 467 3002 521 cantus
3032 467 3310 522 resonant
3358 457 3680 533 clariores.{
3712 463 3832 520 Nec

2174 567 2313 623 apes
2342 552 2480 623 ipsa:
2512 551 2751 608 insuave
2792 553 3078 624 quiddam
3132 558 3390 622 canunt;
3424 553 3644 610 habent
3670 554 3833 610 enim

2173 644 2399 712 gratam
2418 640 2476 695 in
2494 657 2669 696 rauco
2692 640 2793 697 illo
2811 642 2966 698 vocis
2985 659 3102 698 sua:
3123 636 3425 699 murmure
3455 643 3805 699 suavitatem
3820 685 3835 710 ,

2176 745 2355 800 quam
2384 745 2491 785 nos
2521 730 2703 786 fracto
2734 731 3040 787 turbarum
3087 731 3281 787 sonitu
3327 730 3544 788 lentius
3571 731 3836 805 primum

2173 818 2441 872 videmur
2468 817 2707 886 imitari,
2741 835 2857 891 quo
2890 819 3115 892 crepitu
3142 820 3212 876 ad
3238 820 3579 877 excitandos
3599 820 3834 876 animos

2175 906 2235 961 in
2264 905 2522 977 vigorem
2564 905 2709 962 nihil
2767 907 2963 980 aptius
3010 908 3353 965 aestimatur.
3410 910 3480 965 Et
3534 908 3658 964 haec
3714 908 3835 965 illis

2174 994 2362 1067 gratia
2391 997 2753 1060 manet,cum
2778 996 3117 1068 pulmonem
3141 996 3588 1070 respirandique
3610 1013 3836 1052 munus

2176 1087 2351 1154 atque
2393 1100 2569 1139 usum
2617 1100 2990 1156 nequaquam
3041 1085 3257 1141 habere
3311 1086 3673 1158 prodantur;
3728 1085 3835 1141 sed

2175 1172 2332 1227 aerio
2360 1172 2511 1227 vesci
2546 1172 2883 1244 spiramine.
2916 1173 3179 1246 Denique
3209 1174 3258 1230 si
3290 1173 3425 1247 quis
3474 1190 3573 1229 eas
3621 1190 3834 1247 super-

2175 1260 2379 1316 fundat
2405 1260 2517 1332 (37)
2552 1260 2698 1330 oleo,
2753 1278 2994 1333 propere
3040 1266 3352 1330 necantur;
3406 1278 3474 1317 eo
3522 1262 3677 1334 quod
3725 1262 3835 1317 ob-

2174 1348 2413 1403 structis
2439 1349 2596 1420 poris
2627 1348 2849 1405 aerium
2889 1350 3187 1422 spiramen
3239 1350 3380 1405 illud
3430 1349 3668 1406 haurire
3713 1366 3835 1405 non

2175 1436 2447 1510 possint:
2484 1436 2878 1510 continuoque
2926 1438 2976 1495 si
3024 1440 3158 1511 quis
3209 1442 3443 1495 acetum
3484 1437 3577 1494 his
3625 1455 3835 1511 super-

2175 1525 2382 1579 fundat
2409 1523 2563 1580 illico
2594 1526 2966 1592 reviviscunt,
2999 1542 3065 1582 eo
3100 1528 3255 1600 quod
3287 1527 3375 1583 vis
3405 1526 3548 1583 aceti
3599 1526 3714 1584 cito
3763 1527 3839 1582 il-

2175 1612 2263 1669 los
2305 1629 2499 1683 poros,
2530 1613 2631 1685 qui
2678 1614 3047 1677 concretione
3107 1614 3218 1671 olei
3278 1615 3686 1684 obstruuntur,
3720 1614 3837 1671 hu-

2176 1718 2336 1757 more
2366 1702 2585 1757 feratur
2612 1702 2839 1775 aperire
2864 1703 2999 1775 (38).

2769 1790 3004 1847 CAPUT
3039 1789 3235 1847 XXIII.

2164 1861 2238 1915 De
2265 1876 2443 1934 verme
2488 1860 2690 1934 Indico,
2739 1861 3151 1928 chamaeleonte,
3211 1862 3390 1934 lepore
3433 1879 3497 1918 ac
3538 1862 3833 1934 phznice;

2233 1932 2429 2006 quibus
2460 1931 2719 2006 adi/idem
2764 1933 3179 2006 resurrectionis
3208 1931 3272 1988 ac
3298 1935 3493 2006 mortis
3535 1931 3831 2006 praepara-

2233 2004 2437 2058 tionem
2465 2004 2936 2075 informamur.De
2959 2005 3305 2075 prazscientia
3336 2004 3619 2059 vulturum
3629 2004 3663 2067 ;⁷
3676 2008 3729 2059 et
3759 2006 3839 2061 lo-

2234 2082 2401 2129 custa:
2428 2073 2498 2129 ad
2526 2073 2792 2129 ultionem
2836 2073 3087 2130 divinam
3133 2075 3543 2146 exsequendum
3573 2077 3832 2132 ministe-

2235 2146 2339 2213 rio,
2372 2159 2497 2215 qua
2523 2149 2709 2201 tamen
2739 2162 2774 2200 a
2801 2146 3003 2201 seleuci
3024 2163 3125 2202 ave
3149 2146 3472 2202 devoratur.

2234 2233 2324 2288 77.
2356 2232 2425 2287 Et
2455 2233 2593 2304 quia
2618 2233 2690 2288 de
2717 2232 3061 2289 volatilibus
3093 2233 3371 2300 dicimus,
3407 2250 3523 2290 non
3553 2237 3838 2307 putamus

2168 2318 2426 2375 alienum
2458 2337 2525 2377 ea
2556 2319 2863 2393 complecti
2894 2338 3021 2393 quae
3073 2321 3143 2377 de
3190 2338 3386 2378 verme
3415 2321 3612 2378 Indico
3651 2323 3840 2379 tradit

2166 2408 2431 2475 historia,
2480 2408 2566 2464 vel
2622 2425 2824 2465 eorum
2870 2407 3074 2464 relatio
3105 2410 3204 2481 qui
3252 2408 3447 2465 videre
3485 2414 3828 2482 potuerunt.

2170 2496 2375 2551 Fertur
2425 2496 2521 2551 hic
2572 2496 2842 2569 corniger
2884 2497 3102 2553 vermis
3131 2498 3239 2570 (39)
3271 2498 3527 2554 converti
3563 2498 3830 2570 primum

2168 2584 2228 2639 in
2260 2584 2512 2657 speciem
2545 2583 2735 2640 caulis
2764 2586 2904 2657 (40),
2938 2589 3114 2657 atque
3141 2584 3199 2639 in
3231 2602 3360 2641 eam
3404 2586 3616 2641 mutari
3645 2589 3827 2642 natu-

2169 2689 2327 2742 ram;
2364 2672 2499 2729 inde
2531 2689 2809 2746 processu
2841 2674 3098 2745 quodam
3144 2673 3267 2729 ﬁeri
3312 2673 3680 2745 bombylius;
3713 2690 3830 2731 nec

2170 2778 2301 2817 eam
2332 2764 2529 2817 tamen
2562 2762 2834 2828 formam,
2866 2762 3236 2835 figuramque
3265 2763 3540 2830 custodit,
3555 2763 3655 2818 sed
3676 2762 3832 2819 laxis

2172 2854 2229 2905 et
2258 2849 2565 2905 latioribus
2596 2850 2750 2906 foliis
2781 2850 3009 2906 videtur
3037 2867 3261 2923 pennas
3291 2851 3699 2907 assumere.Ex
3730 2851 3827 2908 his

2171 2937 2328 2993 foliis
2358 2937 2472 3009 (41)
2504 2937 2704 2994 mollia
2750 2936 2853 2993 illa
2899 2939 3068 2995 Seres
3089 2939 3404 3011 depectunt
3429 2938 3664 3005 vellera,
3698 2956 3832 3012 qua

2172 3027 2244 3082 ad
2277 3043 2421 3081 usus
2453 3026 2564 3082 sibi
2598 3026 2865 3099 proprios
2896 3026 3124 3095 divites,
3156 3026 3540 3084 vindicarunt.
3579 3027 3744 3085 Unde
3772 3034 3835 3085 et

406 3119 549 3174 bent
580 3133 753 3173 usum
786 3121 843 3172 et
874 3115 1378 3183 consuetudinem,
1424 3114 1574 3169 latos
1615 3114 1832 3169 habent
1855 3114 2056 3185 pedes,
2087 3118 2130 3186 α
2168 3114 2453 3173 Dominus
2483 3115 2565 3170 ait
2598 3131 2612 3170 :
2648 3115 2789 3183 Quid
2817 3115 3009 3171 existis
3042 3118 3101 3170 in
3147 3116 3420 3172 desertum
3470 3116 3695 3174 videre?
3724 3117 3830 3173 ho-

406 3210 464 3263 et
505 3207 849 3262 membrana
901 3204 1158 3277 quadam
1215 3202 1347 3259 illos
1405 3202 1619 3275 digitos
1675 3202 1892 3274 pedum
1941 3201 2055 3256 sibi

406 3295 706 3368 copulatas
765 3300 940 3366 atque
992 3294 1354 3365 conjunctos.
1404 3291 1467 3346 In
1528 3307 1643 3363 quo
1692 3289 2057 3346 admirabilis

406 3389 565 3459 patet
595 3384 741 3439 ratio
773 3387 1028 3449 naturai;
1065 3386 1128 3436 ut
1156 3385 1214 3436 et
1244 3379 1341 3435 ille
1373 3381 1445 3435 ad
1486 3379 1802 3434 volandum
1850 3377 1937 3434 vel
1982 3379 2056 3434 ad

406 3473 751 3546 rapiendum
801 3472 1000 3527 cibum
1052 3487 1163 3526 usu
1207 3468 1582 3524 accommodo
1632 3467 1968 3534 fulciantur,
2001 3471 2058 3523 et

404 3564 527 3619 ista:
550 3564 622 3619 ad
653 3562 974 3618 natandum
1006 3560 1349 3632 adjumenta
1368 3558 1624 3613 habeant
1645 3557 2055 3629 competentia,

407 3669 521 3725 quo
549 3650 761 3708 melius
791 3650 962 3722 aquis
989 3642 1217 3721 possint
1245 3650 1649 3720 supernatare,
1682 3650 1739 3701 et
1768 3645 1938 3717 quasi
1967 3660 2056 3700 re-

406 3742 519 3796 mis
554 3739 929 3812 quibusdam,
960 3738 1040 3792 ita
1070 3736 1320 3809 pedibus
1351 3735 1476 3789 suis
1508 3734 1864 3790 membranae
1898 3733 2059 3789 illius

404 3828 739 3885 extensione
760 3827 1069 3883 latioribus
1099 3841 1387 3897 aquarum
1420 3824 1646 3878 ‘ﬂuenta
1694 3821 2055 3894 propulsent.

474 3916 568 3974 75.
602 3915 833 3988 Cygnus
883 3929 1116 3986 quoque
1160 3930 1265 3968 cur
1311 3910 1635 3983 proceriore
1676 3908 1823 3964 collo
1862 3913 2061 3964 utatur

404 4005 767 4077 impromptu
797 4008 887 4059 est
920 4019 932 4056 :
969 4007 1032 4058 ut
1063 4001 1202 4073 quia
1231 4003 1319 4055 est
1349 3998 1655 4071 paululum
1678 3998 1913 4069 segnior
1941 4014 2061 4053 cor-

404 4110 562 4166 pore,
597 4109 703 4147 nec
729 4091 895 4146 facile
928 4095 1117 4163 potest
1147 4103 1435 4160 aquarum
1477 4085 1747 4141 inferiora
1797 4090 2061 4156 penetra-

406 4199 486 4248 re,
520 4182 673 4237 109
705 4179 985 4235 cervicem
1020 4177 1292 4233 extendat
1334 4176 1405 4230 ad
1450 4174 1708 4245 praedam
1739 4190 1867 4244 quae
1890 4173 2058 4245 quasi

405 4270 617 4340 praevia
648 4267 859 4338 reliqui
889 4264 1147 4339 corporis
1179 4280 1372 4320 escam
1407 4278 1583 4335 quam
1616 4262 1924 4328 invenerit,
1969 4279 2059 4318 ra-

406 4362 547 4428 piat,
583 4362 757 4428 atque
783 4362 948 4411 eruat
978 4372 1008 4411 e
1048 4353 1359 4426 profundo.
1394 4351 1558 4406 Adde
1604 4355 1660 4406 et
1708 4350 1878 4418 illud,
1922 4350 2063 4422 quia

408 4444 642 4500 suavior
669 4448 726 4499 et
756 4444 941 4516 magis
972 4459 1223 4499 canorus
1244 4458 1347 4513 per
1378 4456 1617 4513 procera
1647 4438 1925 4494 modulus
1950 4439 2064 4494 col-

2093 4485 2141 4551 D

2165 3205 2369 3259 minem
2395 3204 2654 3259 mollibus
2682 3205 3019 3259 vestimentis
3050 3204 3337 3260 indutum?
3366 3207 3507 3261 Ecce
3546 3208 3645 3277 qui
3686 3207 3827 3269 mol-

2164 3292 2309 3347 libus
2335 3293 2645 3347 vestiuntur
2694 3293 2756 3347 in
2800 3291 3048 3348 domibus
3094 3309 3285 3364 regum
3320 3302 3449 3349 sunt
3476 3293 3684 3366 (Matth.
3746 3311 3827 3363 ιι,

2163 3382 2239 3452 8).
2259 3379 2623 3436 Chamaeleon
2652 3396 2885 3453 quoque
2913 3380 3174 3438 diversas
3204 3384 3428 3454 species
3458 3382 3640 3438 fertur
3656 3384 3824 3440 vario

2165 3468 2355 3525 colore
2412 3468 2669 3523 mentiri.
2730 3469 2979 3541 Lepores
3036 3474 3207 3539 certe,
3242 3471 3398 3542 quod
3444 3471 3514 3527 de
3555 3471 3823 3543 proximo

2165 3555 2334 3613 facile
2386 3554 2787 3629 cognovimus,
2838 3556 3046 3630 hyeme
3113 3556 3430 3624 albescere,
3489 3563 3690 3615 aestate
3761 3559 3823 3615 in

2166 3661 2342 3700 suum
2374 3643 2627 3700 colorem
2659 3645 2848 3701 redire
2880 3661 2996 3701 non
3029 3645 3276 3701 dubium
3305 3651 3414 3703 est.

2235 3735 2327 3788 78.
2362 3732 2491 3788 Haec
2521 3732 2649 3788 ideo
2675 3732 2871 3799 libavi,
2900 3732 2972 3789 ut
3001 3734 3074 3789 ad
3104 3735 3584 3791 commutationis
3616 3735 3822 3808 fidem,

2168 3838 2294 3893 quae
2327 3821 2386 3875 in
2418 3820 2841 3877 resurrectione
2872 3822 3070 3877 futura
3105 3827 3213 3891 est,
3247 3823 3422 3879 etiam
3470 3822 3586 3880 ista
3631 3840 3833 3881 exem-

2168 3908 2266 3983 pla
2296 3926 2402 3965 nos
2429 3913 2739 3981 provocent
2770 3926 2783 3964 :
2820 3912 2922 3965 sed
2966 3909 3048 3965 ita
3095 3914 3159 3965 ut
3197 3912 3719 3968 commutationem
3750 3912 3824 3968 il-

2167 3996 2285 4054 lam
2318 3997 2605 4066 dicamus,
2639 4014 2817 4070 quam
2848 3998 3161 4071 Apostolus
3191 3999 3511 4056 evidenter
3534 3990 3828 4073 expressit

2169 4086 2371 4142 dicens
2425 4102 2439 4140 :
2497 4086 2692 4143 Omnes
2746 4088 2965 4158 quidem
3010 4103 3353 4158 resurgemus
3403 4106 3423 4143 :
3476 4104 3587 4144 non
3641 4106 3831 4147 omnes

2169 4178 2355 4230 autem
2384 4175 2806 4231 immutabimur
2848 4176 2900 4247 (Ι
2941 4174 3061 4231 Cor.
3110 4193 3203 4243 xv,
3252 4176 3366 4249 54).
3400 4177 3469 4232 Et
3512 4176 3668 4231 infra
3696 4178 3830 4235 ait:

2172 4267 2237 4319 Et
2265 4264 2473 4318 mortui
2497 4270 2783 4332 resurgent
2812 4265 3138 4336 incorrupti,
3170 4272 3222 4320 et
3247 4280 3346 4319 nos
3388 4265 3831 4322 immutabimur.
3924 4318 3940 4335 ,

2173 4352 2389 4424 Oportet
2416 4352 2565 4406 enim
2591 4351 2948 4424 corruptibile
2979 4352 3077 4408 hoc
3104 4352 3333 4408 induere
3365 4354 3829 4425 incorruptelam,

2172 4443 2223 4495 et
2281 4439 2510 4495 mortale
2565 4439 2662 4494 hoc
2716 4438 2947 4496 induere
3004 4442 3475 4497 immortalitatem
3511 4442 3674 4513 (Ibid.
3733 4444 3833 4509 52,

407 4532 466 4588 la
520 4532 925 4603 distinguitur,
968 4538 1025 4587 et
1082 4530 1343 4602 longiore
1400 4528 1809 4585 exercitatione
1866 4527 2067 4599 purior
2093 4527 2141 4551 υ
2175 4528 2289 4601 53).
2312 4527 2581 4599 Plerique
2608 4527 2766 4583 enim
2797 4528 3274 4585 commutationis
3306 4545 3494 4602 genus
3520 4534 3579 4586 et
3605 4530 3833 4589 formas

405 4620 578 4694 longe
609 4617 872 4675 resultat.

479 4712 566 4766 76.
602 4710 787 4776 Quam
821 4705 1011 4763 dulcis
1038 4707 1214 4763 etiam
1245 4706 1304 4761 in
1336 4705 1541 4779 exiguo
1584 4704 1799 4761 cicadis
1829 4708 2064 4777 gutture

408 4788 731 4865 cantilena,
774 4812 1025 4868 quarum
1070 4794 1338 4851 cantibus
1386 4792 1577 4849 medio
1627 4798 1769 4849 aestu
1823 4794 2066 4849 arbusta

407 4891 790 4960 rumpuntur,
822 4901 888 4941 eo
916 4885 1070 4957 quod
1106 4882 1293 4956 magis
1325 4899 1549 4938 canorae
1581 4880 2061 4938 meridianis'ca-

480 5004 592 5084 (B6)
625 5003 766 5084 Mss.
787 5000 1040 5084 aliquot,
1076 5004 1127 5055 et
1155 5015 1258 5072 quo
1285 4999 1572 5071 puriorem
1601 5013 1725 5052 aere
1765 4997 1821 5052 id
1862 5002 2065 5070 tempo-

408 5076 486 5128 ris
510 5075 799 5130 attrahunt
828 5075 1107 5145 spiritum.

410 5214 444 5268 ά
482 5144 593 5268 (‘57)
623 5146 764 5202 Mss.
798 5141 1087 5211 nonnulli,
1120 5144 1170 5197 si
1197 5144 1320 5214 quis
1358 5156 1449 5195 eas
1496 5141 1582 5195 vel
1634 5142 1785 5211 fucos
1825 5144 2063 5212 per/un—

447 5232 481 5268 a
510 5257 521 5268 .

623 5285 760 5341 Cod.
809 5285 1031 5358 aliquot
1078 5284 1334 5340 melioris
1381 5284 1551 5349 notae,
1597 5285 1698 5358 qui
1733 5285 2064 5339 concretiore

410 5354 1173 5427 olei,obstrmmtur'humore,
1206 5359 1421 5427 feratur
1448 5354 1687 5424 aperire.

507 5426 596 5495 39)
628 5427 865 5496 Aliquot
897 5444 1036 5482 mss.
1071 5430 1265 5481 Fertur
1294 5427 1383 5481 hic
1410 5427 1568 5496 niger
1598 5426 1817 5479 vermis.

508 5497 597 5568 40)
627 5497 709 5551 Ita
738 5497 932 5551 cuncti
965 5514 1105 5553 mss.
1140 5504 1197 5552 et
1234 5498 1372 5553 edit.
1425 5500 1664 5568 excepta
1712 5496 1903 5562 Rom.,
1937 5512 2062 5568 quae

412 5567 571 5647 legit,
608 5569 665 5623 in
693 5570 927 5640 speciem
953 5584 1150 5626 erucae.
1179 5568 1441 5625 Latinius
1473 5567 1784 5641 legendum
1806 5567 2061 5639 coniicit,

2172 4633 2319 4688 quas
2350 4633 2465 4673 non
2492 4621 2853 4688 acceperant,
2886 4616 3250 4689 interpretati
3280 4619 3418 4689 (42),
3447 4634 3830 4691 nequaquam

2172 4704 2646 4779 praesumptionis
2677 4706 2830 4763 uo
2884 4705 3154 4762 indebitae
3211 4706 3534 4780 incongrua
3582 4723 3835 4781 usurpa-

2170 4796 2329 4851 tione
2359 4798 2692 4851 caruerunt.

2240 4883 2332 4938 79.
2365 4882 2607 4938 Phcenix
2636 4897 2869 4956 quoque
2898 4883 3021 4940 avis
3066 4883 3127 4940 in
3170 4884 3313 4941 locis
3360 4884 3583 4941 Arabiae
3623 4884 3834 4957 perhi-

2172 5001 2234 5072 in
2260 4999 2493 5072 speciem
2521 4996 2965 5072 cam_pa:.?rocul
2998 4998 3177 5072 dubio
3207 5002 3443 5072 propter
3472 4998 3616 5055 illud
3648 4997 3830 5055 Basil.

2175 5069 2237 5129 ὣς
2266 5066 2330 5125 εἶς
2360 5069 2563 5131 κάμπην
2588 5066 2652 5116 τᾶ
2679 5066 2850 5134 πρῶτα
2878 5068 3187 5131 μεταϐαλών.

2242 5139 2356 5212 (At)
2382 5140 2534 5194 Edit.
2567 5140 2735 5195 Rom.
2768 5144 2858 5196 Ex
2882 5139 3045 5264 h‘iltjus
3073 5141 3203 5212 ﬁlis.
3244 5140 3386 5195 Alite
3431 5157 3635 5197 omnes
3685 5141 3829 5196 edit.

2269 5228 2438 5264 mss..
2468 5212 2552 5264 Ex
2581 5212 2665 5264 his
2696 5212 2872 5264 foliis.
2954 5227 3061 5264 ινα.
3097 5211 3284 5264 Geora.
3319 5212 3359 5264 l.
3394 5228 3470 5264 II:

2171 5217 2229 5267 et
2252 5211 2438 5278 'mss.,
2468 5212 2552 5266 Ex
2581 5212 2665 5265 his
2694 5212 2872 5282 foliis,
2902 5211 3284 5284 Virg.’Georg.
3319 5212 3359 5266 l.
3394 5228 3470 5267 11:

2357 5315 2669 5380 Velleraque
2702 5319 2761 5366 ut
2787 5316 2930 5366 foliis
2958 5316 3245 5381 depectant
3276 5318 3462 5368 tenuia
3488 5315 3641 5369 Seres

2244 5421 3265 5550 (ᾱέΜεε.ᾳ11ᾳυοῐ.,τἠ-ιενρνειιιηιαν,
3312 5426 3411 5495 qui
3465 5438 3832 5507 nequaquam,

2244 5512 2281 5550 δ.
2360 5512 2498 5550 mm.
2532 5499 2980 5550 interpretatione
3009 5496 3243 5550 auadam
3272 5498 3716 5550 praesumptionis
3747 5510 3832 5549 in-

2172 5500 2291 5569 otc.
2314 5496 2498 5562 Cum,
2532 5496 2980 5567 interpretatione
3009 5496 3243 5569 quadam
3268 5496 3716 5568 praesumptionis
3747 5496 3835 5549 in-

2171 5567 2383 5637 debitae,
2417 5568 2727 5638 incongrua
2755 5567 3114 5642 usurpatione
3141 5567 3472 5625 everterunt.
