4158 6168
265 257 391 323 ,53
1601 235 2162 303 HEXAEMEBON
2206 235 2359 301 LIB.
2403 234 2478 299 V.

267 391 449 448 betur
476 388 702 462 degere,
735 388 910 459 atque
935 401 1003 441 ea
1032 396 1229 455 usque
1259 374 1342 433 ad
1377 374 1986 462 annosquingentos
2017 375 2073 438 Α

270 478 536 552 longaeva
564 460 727 532 aetate
756 475 1080 549 procedere.
1117 472 1256 536 Quae
1293 477 1448 519 cum
1491 461 1613 552 sibi
1644 461 1823 552 finem
1845 460 1984 552 vitae

3649 250 3766 316 254

2174 373 2263 431 83.
2300 373 2465 433 Hanc
2509 393 2745 450 quoque
2780 376 2901 437 avis
2932 379 3171 440 devorat
3229 390 3466 453 αελευκῑς,
3498 382 3580 440 sic
3612 382 3758 441 iﬂ

2102 462 2264 517 enim
2297 463 2495 521 Graeco
2527 467 2650 522 avis
2684 475 3061 542 nuncupatur
3089 472 3344 542 nomine,
3378 474 3514 530 data
3560 475 3632 529 ad
3683 489 3767 528 re-

274 549 483 624 adesse
524 564 844 631 adverterit,
876 563 1007 618 facit
1066 560 1184 617 sibi
1233 555 1505 611 thecam
1568 550 1640 605 de
1690 549 1865 603 thure
1927 551 1988 602 et

277 655 521 728 myrrha
547 658 605 709 et
632 652 849 708 caeteris
878 651 1181 713 odoribus,
1215 646 1277 699 in
1312 655 1522 728 quam
1576 636 1817 728 impleto
1846 635 1987 689 vitae

279 725 404 799 suae
435 747 696 813 tempore
726 740 897 795 intrat
945 743 999 793 et
1048 736 1338 793 moritur.
1372 726 1467 781 De
1522 727 1696 798 cujus
1726 725 1989 813 humore

283 830 485 887 carnis
515 811 728 884 vermis
776 826 1042 898 exsurgit,
1081 818 1523 897 paulatimque
1574 811 1877 879 adolescit,
1919 827 1989 865 ac

287 934 567 992 processu
601 914 801 971 statuti
828 914 1112 985 temporis
1169 903 1372 966 induit
1425 902 1673 958 alarum
1706 898 1988 970 remigia,

294 991 476 1079 atque
504 1006 558 1059 in
586 1002 896 1074 superioris
924 1000 1046 1056 avis
1083 998 1349 1073 Speciem
1392 991 1781 1062 formamque
1807 1003 1989 1059 repa-

297 1075 484 1151 ratur.
517 1092 729 1147 Doceat
755 1089 926 1162 igitur
954 1104 1066 1143 nos
1098 1089 1223 1143 haec
1252 1081 1383 1140 avis
1438 1081 1537 1136 vel
1588 1077 1850 1151 exemplo
1891 1075 1989 1131 sui

294 1179 783 1238 resurrectionem
838 1176 1097 1241 credere,
1129 1191 1254 1246 quae
1307 1174 1366 1226 et
1416 1168 1557 1226 sine
1603 1165 1897 1239 exemplo,
1937 1166 1993 1218 et

294 1271 431 1327 sine
462 1267 708 1323 rationis
739 1264 1114 1337 perceptione
1148 1263 1279 1334 ipsa
1328 1258 1445 1314 sibi
1492 1257 1753 1330 insignia
1782 1270 1990 1311 resur-

294 1356 579 1415 rectionis
609 1355 914 1410 instaurat.
946 1353 1013 1407 Et
1046 1351 1259 1423 utique
1316 1365 1452 1404 aves
1503 1351 1740 1420 propter
1784 1342 1989 1399 horni-

296 1449 440 1503 nem
472 1447 637 1511 sunt,
671 1459 784 1497 non
811 1440 981 1496 homo
1014 1444 1267 1512 propter
1293 1438 1545 1493 aves.Sit
1574 1436 1754 1509 igitur
1781 1449 1986 1489 exem-

294 1535 396 1607 plo
430 1532 625 1597 nobis,
678 1530 814 1603 quia
860 1534 1066 1584 auctor
1114 1532 1176 1583 et
1223 1530 1450 1582 creator
1496 1525 1691 1582 avium
1742 1525 1985 1578 sanctos

297 1639 444 1680 suos
474 1622 535 1677 in
566 1624 908 1692 perpetuum
958 1615 1165 1689 perire
1227 1632 1342 1670 non
1400 1614 1647 1686 patitur,
1680 1611 1779 1684 qui
1813 1626 1980 1667 avem

2104 551 2373 607 medium
2407 557 2696 611 malorum
2750 574 2880 630 quae
2912 559 3138 618 locusta
3159 563 3459 619 consuevit
3504 563 3715 619 inferre
3747 575 3760 612 :

2105 639 2201 693 cui
2234 645 2461 698 creator
2490 643 2900 716 inexplebilem
2931 649 3091 705 dedit
3119 652 3429 707 devorandi
3461 654 3761 712 naturam;

2106 729 2515 786 utinsatiabili
2548 738 2722 805 pastu
2753 735 2985 809 plagam
3037 755 3211 810 quam
3257 756 3439 811 supra
3484 738 3763 799 diximus,

2105 818 2301 886 possit
2331 820 2720 894 exstinguere.

2714 973 2943 1030 CAPUT
2981 976 3167 1032 XXIV.

2109 1071 2496 1156 Depoctumis
2527 1078 2755 1156 aribus;
2784 1082 2840 1134 in
2867 1083 3068 1152 primis
3096 1083 3160 1156 de
3191 1083 3445 1137 lusciniae
3494 1077 3770 1156 incubo".-

2188 1147 2257 1199 tis
2304 1156 2470 1221 cantu
2498 1148 2612 1221 {de
2637 1142 3259 1221 nobtuafvespertitione
3295 1156 3347 1207 et
3391 1152 3542 1220 gallo
3558 1166 3581 1210 ,'
3627 1142 3774 1201 unde

2185 1218 2455 1272 nonnulla
2474 1219 2543 1273 ad
2572 1225 2779 1277 nostros
2808 1218 2982 1278 mores
3007 1218 3504 1279 accommodaniur.

2181 1350 2267 1403 84.
2304 1349 2413 1404 Sed
2449 1351 2587 1422 quid
2620 1352 2726 1409 hoc
2754 1353 2879 1410 est?
2907 1355 3057 1409 Dum
3110 1370 3444 1409 sermonem
3496 1346 3776 1422 produci-

2102 1454 2261 1506 mus,
2296 1453 2429 1492 ecce
2480 1439 2584 1495 tibi
2621 1443 2748 1513 jam
2795 1447 2851 1497 et
2904 1446 3199 1497 nocturnae
3250 1458 3382 1496 aves
3430 1440 3777 1496 circumvo-

2099 1525 2248 1591 lant,
2280 1530 2338 1580 et
2377 1525 2434 1580 in
2481 1544 2547 1583 eo
2593 1530 2721 1602 ipso
2763 1531 2820 1585 in
2872 1546 2987 1602 quo
3045 1529 3368 1584 finiendum
3428 1540 3778 1583 sermonem

2098 1615 2439 1683 admonent,
2474 1617 2563 1671 sui
2599 1635 2833 1690 quoque
2863 1617 3283 1673 assumendam
3333 1628 3778 1671 commemora-

299 1711 545 1800 unicam
598 1708 787 1800 perire
828 1722 939 1761 non
991 1721 1244 1800 passus.
1276 1706 1845 1800 res-urgentem‘eam
1886 1698 1980 1755 sui
2014 1736 2063 1800 B
2095 1703 2319 1758 tionem
2349 1705 2699 1774 producunt.
2735 1707 3025 1778 Repetunt
3067 1704 3303 1760 diversae
3351 1720 3495 1760 aves
3558 1701 3782 1762 aviaria

299 1799 534 1856 semine
570 1795 752 1852 voluit
796 1793 1053 1865 reparari
1089 1791 1234 1862 (43).
1269 1791 1408 1857 Quis
1460 1791 1642 1863 igitur
1688 1788 1827 1844 huic
1878 1805 1982 1843 an-

304 1886 545 1945 nuntiat
571 1884 722 1940 diem
753 1882 953 1938 mortis
984 1884 1055 1936 ut
1086 1880 1270 1936 faciat
1312 1879 1425 1935 sibi
1478 1878 1739 1942 thecam,
1772 1880 1830 1931 et
1870 1876 1983 1931 im-

305 1976 468 2049 pleat
522 1989 651 2029 eam
702 1970 863 2027 bonis
911 1968 1231 2033 odoribus,
1272 1971 1449 2039 atque
1500 1963 1872 2037 ingrediatur
1922 1964 1986 2018 in

303 2080 463 2131 eam,
493 2066 552 2118 et
598 2059 873 2116 moriatur
900 2057 1018 2113 illic
1077 2056 1189 2112 ubi
1244 2055 1526 2111 odoribus
1578 2052 1764 2125 gratis
1816 2051 1989 2107 foetor

306 2150 535 2208 funeris
567 2148 749 2222 possit
777 2146 1007 2204 aboleri.

381 2241 473 2296 80.
506 2240 618 2296 Fac
645 2244 701 2293 et
727 2242 807 2304 tu,
842 2254 874 2292 ο
904 2233 1129 2291 homo!
1184 2231 1288 2287 tibi
1336 2232 1570 2288 thecam
1599 2248 1612 2297 ;
1644 2226 1987 2301 exspolians

308 2334 568 2385 veterem
598 2326 889 2382 hominem
922 2339 1062 2379 cum
1099 2321 1326 2376 actibus
1358 2320 1507 2386 suis,
1531 2333 1748 2373 novum
1775 2316 1984 2371 indue.

309 2417 512 2473 Theca
539 2420 655 2482 tua,
691 2415 897 2487 vagina
924 2416 1030 2467 tua
1061 2409 1333 2465 Christus
1358 2412 1465 2474 est,
1492 2405 1592 2477 qui
1626 2409 1682 2461 te
1713 2407 1990 2476 protegat

308 2510 369 2563 et
400 2503 720 2560 abscondat
746 2504 803 2558 in
836 2502 930 2557 die
960 2498 1143 2555 malo.
1176 2496 1278 2552 Vis
1307 2497 1456 2552 scire
1482 2494 1623 2567 quia
1652 2492 1824 2548 theca
1851 2508 1988 2563 pro-

308 2594 488 2651 tectio
509 2593 639 2648 est?
668 2593 958 2658 Pharetra,
982 2586 1199 2659 inquit,
1238 2601 1360 2641 mea
1406 2584 1623 2656 protexi
1673 2598 1796 2637 eum
1845 2581 1981 2652 (lea.

307 2700 464 2750 xux,
495 2685 576 2750 2).
610 2680 802 2736 Theca
833 2694 970 2750 ergo
1003 2680 1111 2731 tua
1140 2677 1228 2729 est
1258 2674 1401 2729 ﬁdes
1437 2691 1448 2727 :
1481 2669 1661 2742 imple
1702 2685 1832 2724 eam
1880 2669 1988 2725 bo-

314 2772 412 2827 nis
439 2769 729 2824 virtutum
778 2771 1019 2822 tuarum
1067 2761 1377 2829 odoribus;
1410 2761 1520 2815 hoc
1549 2762 1638 2814 est
1671 2756 1985 2824 castitatis,

316 2856 756 2923 misericordiae,
789 2859 966 2925 atque
1005 2850 1277 2923 justitiae,
1311 2857 1367 2905 et
1393 2849 1455 2903 in
1488 2848 1618 2920 ipsa
1661 2843 1989 2916 penetralia

315 2947 451 3004 ﬁdei
485 2945 653 3003 suavi
683 2945 973 2999 factorum
1007 2938 1412 3012 praestantium
1445 2937 1621 2992 odore
1659 2932 1990 2990 redolentia

313 3041 478 3092 totus
520 3033 827 3106 ingredere
862 3048 874 3084 :
908 3046 977 3085 ea
1025 3033 1080 3083 te
1129 3027 1409 3082 amictum
1462 3025 1576 3079 fide
1622 3023 1812 3078 exitus
1856 3022 1987 3077 vitae

2100 1807 2229 1855 sua,
2282 1807 2428 1862 quas
2480 1811 2687 1867 vesper
2742 1799 2909 1850 nocte
2970 1792 3126 1864 cogit
3173 1793 3476 1858 decedere,
3516 1792 3581 1845 et
3614 1806 3676 1846 se
3720 1793 3780 1851 in

2098 1878 2365 1935 latibulis
2397 1881 2523 1937 suis
2554 1884 2800 1950 abdunt,
2835 1897 3048 1937 canoro
3082 1896 3356 1935 occasum
3388 1878 3519 1936 diei
3564 1882 3779 1938 carmi-

2100 1982 2174 2020 ne
2222 1974 2772 2040 prosequentes;ne
2802 1968 3099 2023 immunes
3151 1968 3361 2023 abeant
3409 1965 3778 2040 gratiarum,

2101 2053 2317 2124 quibus
2347 2056 2671 2113 Creatorem
2705 2073 2881 2112 suum
2915 2056 3109 2111 omnis
3134 2054 3777 2119 creatura,collandat.

2126 2218 2133 2223 ι
2174 2142 2451 2201 85.11abet
2480 2146 2656 2202 etiam
2689 2163 2804 2201 nox
2827 2144 3087 2200 carmina
3119 2161 3246 2212 sua,
3281 2145 3511 2216 quibus
3543 2146 3779 2221 vigilias

2103 2229 2409 2288 hominum
2443 2235 2698 2291 mulcere
2721 2233 3053 2300 consuevit;
3085 2232 3263 2288 habet
3291 2237 3346 2288 et
3378 2239 3611 2292 noctua
3637 2255 3776 2296 suos

2104 2323 2332 2378 cantus.
2367 2323 2514 2389 Quid
2544 2327 2739 2379 autem
2790 2322 2861 2377 de
2912 2320 3163 2376 luscinia
3203 2320 3416 2391 dicam,
3453 2340 3596 2395 quae
3647 2344 3775 2399 per-

2104 2407 2238 2480 vigil
2272 2415 2471 2467 custos
2497 2428 2630 2467 cum
2662 2428 2769 2465 ova
2800 2409 3051 2481 quodam
3088 2408 3219 2464 sinu
3251 2412 3523 2482 corporis
3557 2419 3617 2470 et
3646 2432 3772 2490 gre-

2105 2496 2221 2552 mio
2253 2498 2422 2567 fovet,
2452 2501 2780 2555 insomnem
2830 2497 3014 2570 longae
3063 2498 3250 2554 noctis
3281 2497 3553 2557 laborem
3587 2506 3773 2562 canti-

2102 2584 2244 2641 lenae
2311 2589 2596 2644 suavitate
2662 2586 2913 2654 solatur;
2978 2590 3041 2640 ut
3107 2586 3248 2642 mihi
3304 2586 3585 2646 videatur
3650 2594 3770 2650 haec

2102 2692 2336 2731 summa
2366 2678 2495 2748 ejus
2526 2694 2653 2732 esse
2701 2675 2968 2742 intentio,
3002 2691 3118 2746 quo
3158 2675 3342 2747 possit
3398 2694 3528 2734 non
3571 2682 3769 2740 minus

2101 2763 2376 2820 dulcibus
2407 2764 2686 2833 modulis,
2713 2781 2893 2837 quam
2924 2764 3043 2819 fotu
3079 2763 3337 2836 corporis
3368 2766 3642 2826 animare
3664 2789 3770 2828 ova

2100 2869 2230 2924 quae
2267 2854 2479 2911 foveat.
2536 2854 2691 2910 Hanc
2725 2853 2951 2931 imitata
2998 2854 3193 2908 tenuis
3241 2852 3342 2908 illa
3390 2856 3633 2926 mulier,
3666 2863 3764 2918 sed

2100 2940 2330 3012 pudica,
2364 2943 2425 2999 in
2470 2960 2644 2999 usum
2679 2943 2790 3015 (’15)
2836 2940 3000 2996 molae
3048 2941 3305 3015 lapidem
3351 2942 3602 3005 brachio
3647 2953 3766 3007 tra-

2101 3030 2266 3097 hens,
2301 3035 2365 3086 ut
2397 3033 2588 3105 possit
2619 3033 2964 3088 alimentum
2990 3032 3157 3103 panis
3188 3031 3312 3087 suis
3345 3036 3609 3104 parvulis
3649 3057 3764 3096 non

315 3124 500 3195 hujus
532 3119 821 3186 inveniat;
858 3122 923 3173 ut
965 3116 1197 3189 possint
1242 3131 1378 3171 ossa
1426 3117 1528 3168 tua
1580 3110 1983 3184 pinguescere.
2015 3100 2061 3163 C
2100 3119 2321 3187 deesse,
2357 3100 2646 3178 ηδριυνηο
2674 3124 2844 3178 cantu
2881 3100 3154 3176 mm'stum
3200 3100 3568 3192 paup‘ertatis
3610 3129 3762 3185 mul_

314 3216 378 3268 et
409 3210 529 3266 sint
559 3209 714 3264 sicut
743 3207 952 3262 hortus
982 3204 1204 3272 ebrius,
1236 3203 1408 3274 cujus
1453 3200 1567 3256 cito
1617 3199 1844 3255 semina
1884 3215 1985 3254 su-

314 3296 934 3367 scitantur.Cognosce
967 3309 1103 3364 ergo
1129 3292 1281 3347 diem
1316 3289 1529 3346 mortis
1563 3287 1859 3358 tuae,sicut
1890 3304 1986 3343 co-

314 3387 519 3460 gnovit
545 3390 604 3440 et
635 3384 877 3452 Paulus,
912 3382 1016 3454 qui
1048 3380 1129 3436 ait
1160 3399 1172 3436 :
1208 3380 1492 3436 Certamen
1524 3380 1725 3433 bonum
1760 3378 1985 3444 certavi,

318 3491 547 3533 cursum
570 3473 971 3538 consummaui,
1021 3469 1182 3540 ﬁdem
1226 3469 1489 3525 servavi:
1522 3465 1661 3537 quod
1709 3464 1986 3535 reliquum
2058 3501 2062 3505 -

320 3573 421 3635 est,
476 3563 719 3634 reposita
775 3564 858 3616 est
911 3557 1057 3614 mihi
1103 3573 1301 3613 corona
1339 3556 1575 3629 justitiae
1624 3554 1697 3625 (II
1741 3553 1872 3606 Tim.
1908 3568 1984 3619 ιν,

320 3654 379 3721 7,
413 3653 491 3719 8).
528 3649 772 3706 Intravit
802 3647 983 3720 igitur
1010 3646 1069 3700 in
1095 3645 1326 3701 thecam
1373 3660 1543 3700 suam
1586 3642 1756 3714 quasi
1795 3640 1987 3695 bonus

323 3738 589 3814 phmnix,
625 3753 800 3810 quam
831 3736 987 3791 bono
1019 3733 1257 3806 replevit
1288 3734 1463 3789 odore
1495 3726 1777 3802 martyrii.

402 3827 497 3884 8|.
552 3824 929 3896 Interrogabo
961 3827 1017 3878 te
1053 3839 1065 3876 :
1097 3827 1161 3877 tu
1221 3826 1416 3877 autem
1472 3818 1760 3892 responde
1812 3817 1982 3885 mihi,

328 3915 491 3972 unde
519 3913 785 3969 vultures
817 3915 1063 3967 mortem
1088 3909 1393 3966 hominum
1416 3909 1601 3982 signis
1631 3905 1985 3979 quibusdam

326 4001 681 4060 annuntiare
706 3999 1134 4065 consueverint,
1171 4016 1285 4071 quo
1332 3996 1547 4053 indicio
1591 3993 1776 4051 edocti
1810 3997 1985 4065 atque

326 4090 604 4147 instructi
637 4090 782 4157 sint;
818 4094 883 4144 ut
911 4104 1049 4144 cum
1078 4087 1296 4143 bellum
1326 4084 1699 4159 lacrymabile
1731 4083 1882 4137 inter
1923 4097 1984 4136 se

329 4181 588 4238 adversae
618 4178 772 4233 acies
802 4178 1126 4246 instruunt,
1162 4175 1348 4231 multo
1392 4174 1676 4247 praedictae
1718 4170 1984 4226 volucres

332 4270 662 4339 sequantur
692 4266 943 4339 agmine,
969 4269 1025 4319 et
1054 4281 1120 4320 eo
1151 4264 1479 4336 significent
1508 4262 1646 4335 quia
1665 4258 1981 4321 multitudo

330 4353 641 4410 hominum
671 4369 879 4408 casura
922 4352 1000 4408 sit
1047 4350 1218 4419 bello,
1254 4352 1451 4407 futura
1498 4350 1692 4423 praeda
1736 4347 1983 4404 vulturi-

2097 3210 2183 3261 cet
2218 3208 2514 3265 affectum.
2549 3212 2618 3265 Et
2643 3209 2910 3283 quamvis
2941 3210 3286 3266 suavitatem
3337 3210 3602 3272 lusciniae
3646 3236 3761 3274 non

2096 3296 2285 3366 possit
2315 3297 2562 3370 imitari,
2594 3299 2863 3355 imitatur
2892 3302 3086 3355 tamen
3118 3316 3244 3355 eam
3278 3300 3593 3361 sedulitate
3636 3306 3759 3379 pie-

2094 3384 2256 3439 tatis.

2165 3472 2253 3527 86.
2287 3472 2512 3529 Noctua
2543 3475 2669 3546 ipsa
2700 3475 3202 3546 quemadmodum
3235 3480 3469 3553 magnis
3503 3486 3559 3537 et
3587 3482 3757 3555 glau-

2095 3557 2178 3613 cis
2234 3558 2537 3616 oculorum
2594 3560 2836 3633 pupillis
2890 3569 3311 3622 nocturnarum
3382 3572 3757 3627 tenebrarum

2095 3645 2444 3720 caligantem
2476 3666 2592 3704 non
2626 3650 2802 3704 sentit
2832 3649 3155 3722 horrorem,
3190 3658 3247 3709 et
3278 3672 3393 3728 quo
3427 3658 3602 3714 fuerit
3645 3678 3758 3716 nox

2095 3734 2417 3803 obscurior,
2451 3753 2516 3792 eo
2548 3740 2750 3792 contra
2782 3754 2957 3794 usum
2989 3742 3183 3796 avium
3217 3748 3560 3801 caeterarum
3598 3746 3753 3803 inof-

2094 3824 2289 3879 fensos
2340 3829 2566 3881 exercet
2612 3823 2862 3881 volatus.
2894 3828 3104 3885 Exorto
3155 3834 3352 3886 autem
3399 3832 3511 3897 die,
3544 3837 3601 3888 et
3638 3836 3751 3890 cir-

2093 3912 2363 3968 cumfuso
2423 3913 2733 3985 Splendore
2786 3914 2950 3982 solis,
3010 3917 3173 3972 visus
3225 3920 3355 3989 ejus
3414 3919 3746 3985 hebetatur,

2093 4000 2262 4072 quasi
2314 4001 2670 4072 quibusdam
2729 4008 2880 4059 erret
2929 4005 2987 4059 in
3041 4006 3317 4062 tenebris.
3362 4007 3485 4071 Quo
3532 4008 3748 4064 indicio

2092 4089 2184 4145 sui
2216 4088 2473 4145 declarat
2499 4107 2626 4147 esse
2683 4090 2933 4164 aliquos,
2968 4095 3070 4166 qui
3096 4112 3230 4151 cum
3262 4095 3462 4152 oculos
3493 4094 3750 4153 habeant

2091 4178 2161 4233 ad
2198 4178 2535 4245 videndum,
2565 4179 2762 4236 videre
2795 4198 2908 4237 non
2942 4183 3189 4249 soleant,
3222 4189 3279 4240 et
3323 4186 3486 4239 visus
3536 4185 3629 4241 sui
3661 4186 3746 4242 oi-

2088 4266 2220 4322 ﬁcio
2251 4266 2392 4322 solis
2424 4268 2747 4340 fungantur
2788 4269 2848 4324 in
2880 4272 3154 4327 tenebris.
3190 4273 3271 4328 De
3320 4273 3512 4328 cordis
3560 4273 3745 4331 oculis

2088 4353 2313 4426 loquor,
2348 4372 2496 4426 quos
2544 4355 2764 4412 habent
2805 4359 3100 4431 sapientes
3152 4363 3380 4426 mundi,
3413 4365 3471 4417 et
3499 4379 3617 4418 non
3661 4363 3744 4418 vi-

330 4443 485 4498 bus?
515 4442 675 4507 Quod
716 4440 917 4513 utique
966 4458 1034 4497 ex
1080 4440 1272 4512 specie
1320 4439 1728 4496 instructionis
1776 4439 1982 4496 huma—
2009 4459 2055 4523 D
2088 4445 2246 4511 dent,
2277 4443 2336 4498 in
2368 4443 2496 4501 luce
2526 4443 2668 4497 nihil
2705 4452 2973 4514 cernunt,
3006 4448 3066 4503 in
3107 4451 3365 4507 tenebris
3414 4451 3743 4518 ambulant,

331 4548 420 4587 me
450 4530 699 4602 quadam
730 4530 1000 4586 videntur
1031 4528 1253 4585 ratione
1282 4528 1571 4601 colligere.

405 4618 494 4672 82.
538 4617 732 4690 Usque
787 4618 857 4672 ad
916 4616 1202 4674 locustam
1257 4634 1486 4689 quoque
1533 4617 1722 4688 gratia
1777 4617 1976 4675 divina

332 4707 675 4779 penetravit,
730 4723 858 4778 quae
933 4723 1068 4762 cum
1126 4706 1358 4778 agmine
1405 4706 1663 4761 conferto
1716 4705 1973 4779 regionis

330 4795 621 4867 cujusque
677 4794 1039 4867 occupaverit
1093 4793 1483 4865 latitudinem,
1547 4793 1783 4850 innoxio
1854 4796 1972 4868 pri-

329 4899 500 4940 mum
530 4884 769 4939 feriatur
796 4884 908 4961 (44)
938 4882 1289 4949 habitacula,
1322 4899 1426 4938 nec
1457 4883 1683 4940 fructus
1715 4884 1973 4958 inhospi-

326 4971 436 5027 tali
512 4970 840 5028 incursione
900 4971 1249 5044 depascitur,
1300 4972 1411 5027 nisi
1472 4971 1678 5027 divinaa
1735 4972 1970 5045 signum

330 5059 733 5135 praeceptionis
798 5060 1100 5133 acceperit.
1174 5057 1399 5114 Etenim
1458 5060 1609 5114 sicut
1663 5061 1720 5115 in
1779 5063 1971 5117 Exodo

328 5148 583 5221 legimus
612 5148 797 5220 (Exod.
825 5166 879 5216 χ,
912 5149 1021 5219 42).
1057 5165 1124 5204 ea
1151 5164 1382 5220 quoque
1411 5147 1658 5204 ccelestis
1689 5148 1966 5207 ultionem

328 5235 670 5293 offensionis
700 5237 1037 5308 exsequitur
1063 5238 1169 5308 piae
1202 5236 1473 5292 ministra
1499 5237 1787 5294 vindictae.

422 5387 515 5461 43)
546 5385 789 5461 Quidam
822 5388 1191 5461 mss.,voluit
1212 5391 1528 5461 propagari.

423 5459 517 5525 44)
547 5458 699 5530 Edit.
731 5463 923 5530 fertur.
952 5459 1115 5528 Mss.,
1146 5458 1399 5530 feriatur.

426 5530 517 5594 45)
547 5528 687 5585 Mss.
739 5529 1014 5601 quinque,
1061 5528 1321 5587 inlusam.
1380 5531 1665 5602 Totidem,
1713 5536 1768 5588 et
1825 5535 1963 5594 edit.

2086 4534 2229 4588 dum
2260 4530 2682 4587 daemoniorum
2712 4535 3024 4591 tenebrosa
3054 4537 3434 4605 riinantur,et
3465 4539 3594 4595 caeli
3625 4540 3745 4596 alta

2082 4639 2145 4677 se
2198 4621 2391 4676 videre
2446 4620 2711 4689 credunt,
2766 4623 3165 4683 describentes
3211 4629 3374 4684 radio
3420 4629 3731 4695 mundum,

2081 4726 2415 4765 mensuram
2447 4709 2596 4766 aeris
2624 4709 2815 4781 ipsius
2846 4712 3208 4787 colligentes.
3255 4717 3428 4772 Porro
3469 4721 3663 4771 autem
3703 4733 3736 4770 a

2080 4799 2192 4854 fide
2221 4798 2388 4865 devii,
2416 4802 2706 4871 perpetuae
2742 4801 3019 4859 caecitatis
3048 4804 3308 4859 tenebris
3336 4802 3731 4875 implicantur.

2079 4887 2359 4942 habentes
2390 4886 2449 4942 in
2482 4887 2744 4960 proximo
2778 4890 2930 4946 diem
2963 4890 3176 4947 Christi
3207 4896 3264 4947 et
3294 4874 3495 4946 lumen
3537 4888 3730 4944 Eccle-
3790 4874 3797 4877 ’

2080 4977 2198 5044 size,
2231 4980 2288 5031 et
2331 4976 2475 5030 nihil
2523 4977 2785 5033 videntes
2835 4980 3104 5050 aperiunt
3152 4996 3217 5033 os
3262 4978 3429 5049 quasi
3475 4977 3727 5035 scientes

2079 5066 2295 5131 omnia,
2329 5065 2482 5120 acuti
2513 5066 2585 5120 ad
2616 5083 2782 5134 vana,
2813 5066 3051 5123 hebetes
3099 5067 3169 5121 ad
3217 5071 3515 5134 aeterna,et
3542 5065 3729 5140 longae

2079 5153 2491 5226 disputationis
2537 5155 2798 5209 anfractu
2850 5156 3158 5225 prodentes
3205 5154 3448 5210 inscitia:
3480 5158 3731 5227 propriae

2079 5244 2392 5300 caecitatem
2451 5244 2582 5315 (46).
2645 5243 2843 5313 Itaque
2914 5244 3057 5298 dum
3106 5244 3352 5315 cupiunt
3409 5244 3728 5303 subtilibus

2077 5397 2230 5453 Cost.
2263 5399 2320 5450 et
2348 5393 2613 5466 quaedam
2644 5392 2847 5466 Paris,
2883 5395 3181 5450 incussum.

2150 5466 2266 5545 (46).
2293 5462 2531 5545 Arnerb.
2556 5468 2613 5517 et
2642 5462 2891 5545 gruem?
2925 5468 3180 5545 anfractu
3214 5468 3525 5540 prudentes,
3562 5471 3725 5524 inscii

2076 5535 2318 5612 propriae
2348 5536 2597 5591 inscitiae.
2635 5535 2969 5609 chitatem,
3000 5535 3109 5595 etc.
