  <div class='ocr_page' id='page_1' title='image "/cluster/home/n/w/nwhite01/storage/ocr_20150623/14/hvd.32044048207138/133.png"; bbox 0 0 4158 6168; ppageno 0'>
   <div class='ocr_carea' id='block_1_1' title="bbox 525 258 647 368">
    <p class='ocr_par' dir='ltr' id='par_1_1' title="bbox 525 258 647 368">
     <span class='ocr_line' id='line_1_1' title="bbox 525 258 647 368; baseline 0.008 -1"><span class='ocrx_word' id='word_1_1' title='bbox 525 258 647 368; x_wconf 66' lang='lat' dir='ltr'>sas</span> 
     </span>
    </p>
   </div>
   <div class='ocr_carea' id='block_1_2' title="bbox 1985 276 2479 367">
    <p class='ocr_par' dir='ltr' id='par_1_2' title="bbox 1985 276 2479 367">
     <span class='ocr_line' id='line_1_2' title="bbox 1985 276 2479 367; baseline 0.002 -2"><span class='ocrx_word' id='word_1_2' title='bbox 1985 276 2479 367; x_wconf 78' lang='lat' dir='ltr'>s.AMnaosn</span> 
     </span>
    </p>
   </div>
   <div class='ocr_carea' id='block_1_3' title="bbox 3784 294 3935 372">
    <p class='ocr_par' dir='ltr' id='par_1_3' title="bbox 3784 294 3935 372">
     <span class='ocr_line' id='line_1_3' title="bbox 3784 294 3935 372; baseline 0 0"><span class='ocrx_word' id='word_1_3' title='bbox 3784 326 3793 339; x_wconf 90' lang='grc'><strong>·</strong></span> <span class='ocrx_word' id='word_1_4' title='bbox 3821 294 3935 372; x_wconf 68' lang='grc' dir='ltr'>ΞΒϐ</span> 
     </span>
    </p>
   </div>
   <div class='ocr_carea' id='block_1_4' title="bbox 525 433 3927 511">
    <p class='ocr_par' dir='ltr' id='par_1_4' title="bbox 525 433 3927 511">
     <span class='ocr_line' id='line_1_4' title="bbox 525 433 3927 511; baseline 0.002 -17"><span class='ocrx_word' id='word_1_5' title='bbox 525 438 749 495; x_wconf 82' lang='lat' dir='ltr'>evolare</span> <span class='ocrx_word' id='word_1_6' title='bbox 779 434 1170 509; x_wconf 84' lang='lat' dir='ltr'>sermonibus,</span> <span class='ocrx_word' id='word_1_7' title='bbox 1220 433 1388 511; x_wconf 90' lang='lat' dir='ltr'>quasi</span> <span class='ocrx_word' id='word_1_8' title='bbox 1434 437 1658 493; x_wconf 67' lang='lat' dir='ltr'>noctuae</span> <span class='ocrx_word' id='word_1_9' title='bbox 1692 434 1753 493; x_wconf 91' lang='lat' dir='ltr'>in</span> <span class='ocrx_word' id='word_1_10' title='bbox 1784 435 2006 494; x_wconf 86' lang='lat' dir='ltr'>lumine</span> <span class='ocrx_word' id='word_1_11' title='bbox 2037 453 2170 494; x_wconf 85' lang='lat' dir='ltr'>eva-</span> <span class='ocrx_word' id='word_1_12' title='bbox 2197 439 2251 507; x_wconf 86' lang='grc' dir='ltr'><strong>Α</strong></span> <span class='ocrx_word' id='word_1_13' title='bbox 2285 441 2481 511; x_wconf 83' lang='lat' dir='ltr'>posset</span> <span class='ocrx_word' id='word_1_14' title='bbox 2516 440 2617 503; x_wconf 88' lang='lat' dir='ltr'>:_et</span> <span class='ocrx_word' id='word_1_15' title='bbox 2641 435 2701 493; x_wconf 90' lang='lat' dir='ltr'>in</span> <span class='ocrx_word' id='word_1_16' title='bbox 2732 436 3007 496; x_wconf 77' lang='lat' dir='ltr'>virtutem</span> <span class='ocrx_word' id='word_1_17' title='bbox 3039 434 3111 495; x_wconf 88' lang='lat' dir='ltr'>ab</span> <span class='ocrx_word' id='word_1_18' title='bbox 3140 452 3334 497; x_wconf 88' lang='lat' dir='ltr'>errore</span> <span class='ocrx_word' id='word_1_19' title='bbox 3362 440 3649 509; x_wconf 82' lang='lat' dir='ltr'>mutatus,</span> <span class='ocrx_word' id='word_1_20' title='bbox 3683 440 3927 500; x_wconf 77' lang='lat' dir='ltr'>amaris-</span> 
     </span>
    </p>
   </div>
   <div class='ocr_carea' id='block_1_5' title="bbox 523 529 795 584">
    <p class='ocr_par' dir='ltr' id='par_1_5' title="bbox 523 529 795 584">
     <span class='ocr_line' id='line_1_5' title="bbox 523 529 795 584; baseline 0.007 -2"><span class='ocrx_word' id='word_1_21' title='bbox 523 529 795 584; x_wconf 86' lang='lat' dir='ltr'>nuerunt.</span> 
     </span>
    </p>
   </div>
   <div class='ocr_carea' id='block_1_6' title="bbox 592 657 2172 733">
    <p class='ocr_par' dir='ltr' id='par_1_6' title="bbox 592 657 2172 733">
     <span class='ocr_line' id='line_1_6' title="bbox 592 657 2172 733; baseline 0 -16"><span class='ocrx_word' id='word_1_22' title='bbox 592 662 683 717; x_wconf 90' lang='lat'>87.</span> <span class='ocrx_word' id='word_1_23' title='bbox 714 660 1064 733; x_wconf 89' lang='lat' dir='ltr'>Vespertilio</span> <span class='ocrx_word' id='word_1_24' title='bbox 1095 657 1312 715; x_wconf 82' lang='lat' dir='ltr'>animal</span> <span class='ocrx_word' id='word_1_25' title='bbox 1344 659 1599 732; x_wconf 83' lang='lat' dir='ltr'>ignobile</span> <span class='ocrx_word' id='word_1_26' title='bbox 1631 678 1665 716; x_wconf 90' lang='lat' dir='ltr'>a</span> <span class='ocrx_word' id='word_1_27' title='bbox 1692 677 1927 732; x_wconf 78' lang='lat' dir='ltr'>vespere</span> <span class='ocrx_word' id='word_1_28' title='bbox 1959 678 2172 717; x_wconf 84' lang='lat' dir='ltr'>nomen</span> 
     </span>
    </p>
   </div>
   <div class='ocr_carea' id='block_1_7' title="bbox 523 747 2169 822">
    <p class='ocr_par' dir='ltr' id='par_1_7' title="bbox 523 747 2169 822">
     <span class='ocr_line' id='line_1_7' title="bbox 523 747 2169 822; baseline 0 -17"><span class='ocrx_word' id='word_1_29' title='bbox 523 750 763 822; x_wconf 88' lang='lat' dir='ltr'>accepit.</span> <span class='ocrx_word' id='word_1_30' title='bbox 792 752 891 805; x_wconf 87' lang='lat' dir='ltr'>Est</span> <span class='ocrx_word' id='word_1_31' title='bbox 920 754 1112 805; x_wconf 88' lang='lat' dir='ltr'>autem</span> <span class='ocrx_word' id='word_1_32' title='bbox 1140 747 1413 814; x_wconf 83' lang='lat' dir='ltr'>volatilis,</span> <span class='ocrx_word' id='word_1_33' title='bbox 1444 751 1767 822; x_wconf 88' lang='lat' dir='ltr'>eademque</span> <span class='ocrx_word' id='word_1_34' title='bbox 1811 751 2169 822; x_wconf 80' lang='lat' dir='ltr'>quadrupes,</span> 
     </span>
    </p>
   </div>
   <div class='ocr_carea' id='block_1_8' title="bbox 522 838 2172 911">
    <p class='ocr_par' dir='ltr' id='par_1_8' title="bbox 522 838 2172 911">
     <span class='ocr_line' id='line_1_8' title="bbox 522 838 2172 911; baseline -0.001 -16"><span class='ocrx_word' id='word_1_35' title='bbox 522 842 579 895; x_wconf 90' lang='lat' dir='ltr'>et</span> <span class='ocrx_word' id='word_1_36' title='bbox 627 840 900 895; x_wconf 86' lang='lat' dir='ltr'>dentibus</span> <span class='ocrx_word' id='word_1_37' title='bbox 950 838 1152 902; x_wconf 87' lang='lat' dir='ltr'>utitur,</span> <span class='ocrx_word' id='word_1_38' title='bbox 1188 853 1334 908; x_wconf 91' lang='lat' dir='ltr'>quos</span> <span class='ocrx_word' id='word_1_39' title='bbox 1393 838 1452 892; x_wconf 92' lang='lat' dir='ltr'>in</span> <span class='ocrx_word' id='word_1_40' title='bbox 1484 838 1612 894; x_wconf 91' lang='lat' dir='ltr'>aliis</span> <span class='ocrx_word' id='word_1_41' title='bbox 1659 839 1864 896; x_wconf 88' lang='lat' dir='ltr'>avibus</span> <span class='ocrx_word' id='word_1_42' title='bbox 1921 838 2172 911; x_wconf 89' lang='lat' dir='ltr'>reperire</span> 
     </span>
    </p>
   </div>
   <div class='ocr_carea' id='block_1_9' title="bbox 524 926 2168 998">
    <p class='ocr_par' dir='ltr' id='par_1_9' title="bbox 524 926 2168 998">
     <span class='ocr_line' id='line_1_9' title="bbox 524 926 2168 998; baseline -0.001 -15"><span class='ocrx_word' id='word_1_43' title='bbox 524 945 639 983; x_wconf 92' lang='lat' dir='ltr'>non</span> <span class='ocrx_word' id='word_1_44' title='bbox 672 927 880 983; x_wconf 84' lang='lat' dir='ltr'>soleas.</span> <span class='ocrx_word' id='word_1_45' title='bbox 922 926 1080 980; x_wconf 86' lang='lat' dir='ltr'>Parit</span> <span class='ocrx_word' id='word_1_46' title='bbox 1133 929 1195 978; x_wconf 90' lang='lat' dir='ltr'>ut</span> <span class='ocrx_word' id='word_1_47' title='bbox 1250 926 1675 998; x_wconf 86' lang='lat' dir='ltr'>quadrupedia,</span> <span class='ocrx_word' id='word_1_48' title='bbox 1710 945 1824 983; x_wconf 90' lang='lat' dir='ltr'>non</span> <span class='ocrx_word' id='word_1_49' title='bbox 1858 930 1897 983; x_wconf 85' lang='grc' dir='ltr'><strong>Ι</strong></span> <span class='ocrx_word' id='word_1_50' title='bbox 1919 929 2009 984; x_wconf 72' lang='lat' dir='ltr'>I2</span> <span class='ocrx_word' id='word_1_51' title='bbox 2042 944 2168 993; x_wconf 87' lang='lat' dir='ltr'>ova,</span> 
     </span>
    </p>
   </div>
   <div class='ocr_carea' id='block_1_10' title="bbox 523 1012 2167 1085">
    <p class='ocr_par' dir='ltr' id='par_1_10' title="bbox 523 1012 2167 1085">
     <span class='ocr_line' id='line_1_10' title="bbox 523 1012 2167 1085; baseline 0 -15"><span class='ocrx_word' id='word_1_52' title='bbox 523 1015 623 1070; x_wconf 90' lang='lat' dir='ltr'>sed</span> <span class='ocrx_word' id='word_1_53' title='bbox 654 1013 845 1085; x_wconf 91' lang='lat' dir='ltr'>pullos</span> <span class='ocrx_word' id='word_1_54' title='bbox 875 1012 1150 1067; x_wconf 85' lang='lat' dir='ltr'>viventes.</span> <span class='ocrx_word' id='word_1_55' title='bbox 1186 1013 1404 1068; x_wconf 87' lang='lat' dir='ltr'>Volitat</span> <span class='ocrx_word' id='word_1_56' title='bbox 1456 1015 1515 1069; x_wconf 92' lang='lat' dir='ltr'>in</span> <span class='ocrx_word' id='word_1_57' title='bbox 1560 1032 1691 1071; x_wconf 85' lang='lat' dir='ltr'>aere</span> <span class='ocrx_word' id='word_1_58' title='bbox 1740 1017 1935 1071; x_wconf 89' lang='lat' dir='ltr'>avium</span> <span class='ocrx_word' id='word_1_59' title='bbox 1969 1032 2167 1082; x_wconf 90' lang='lat' dir='ltr'>more;</span> 
     </span>
    </p>
   </div>
   <div class='ocr_carea' id='block_1_11' title="bbox 521 1100 2166 1175">
    <p class='ocr_par' dir='ltr' id='par_1_11' title="bbox 521 1100 2166 1175">
     <span class='ocr_line' id='line_1_11' title="bbox 521 1100 2166 1175; baseline -0.001 -16"><span class='ocrx_word' id='word_1_60' title='bbox 521 1104 621 1159; x_wconf 91' lang='lat' dir='ltr'>sed</span> <span class='ocrx_word' id='word_1_61' title='bbox 672 1100 1012 1173; x_wconf 89' lang='lat' dir='ltr'>crepusculo</span> <span class='ocrx_word' id='word_1_62' title='bbox 1063 1102 1388 1173; x_wconf 88' lang='lat' dir='ltr'>vespertino</span> <span class='ocrx_word' id='word_1_63' title='bbox 1436 1105 1737 1159; x_wconf 84' lang='lat' dir='ltr'>consuevit</span> <span class='ocrx_word' id='word_1_64' title='bbox 1785 1104 2006 1159; x_wconf 82' lang='lat' dir='ltr'>oﬂ‘undi</span> <span class='ocrx_word' id='word_1_65' title='bbox 2038 1104 2166 1175; x_wconf 71' lang='grc'>(47).</span> 
     </span>
    </p>
   </div>
   <div class='ocr_carea' id='block_1_12' title="bbox 517 1189 2170 1263">
    <p class='ocr_par' dir='ltr' id='par_1_12' title="bbox 517 1189 2170 1263">
     <span class='ocr_line' id='line_1_12' title="bbox 517 1189 2170 1263; baseline 0.001 -19"><span class='ocrx_word' id='word_1_66' title='bbox 517 1189 734 1247; x_wconf 87' lang='lat' dir='ltr'>Volitat</span> <span class='ocrx_word' id='word_1_67' title='bbox 757 1195 951 1246; x_wconf 87' lang='lat' dir='ltr'>autem</span> <span class='ocrx_word' id='word_1_68' title='bbox 986 1207 1101 1246; x_wconf 90' lang='lat' dir='ltr'>non</span> <span class='ocrx_word' id='word_1_69' title='bbox 1133 1190 1329 1263; x_wconf 89' lang='lat' dir='ltr'>aliquo</span> <span class='ocrx_word' id='word_1_70' title='bbox 1360 1208 1706 1263; x_wconf 79' lang='lat' dir='ltr'>pennarum,</span> <span class='ocrx_word' id='word_1_71' title='bbox 1739 1193 1838 1248; x_wconf 88' lang='lat' dir='ltr'>sed</span> <span class='ocrx_word' id='word_1_72' title='bbox 1872 1193 2170 1247; x_wconf 90' lang='lat' dir='ltr'>membra-</span> 
     </span>
    </p>
   </div>
   <div class='ocr_carea' id='block_1_13' title="bbox 519 1277 2171 1352">
    <p class='ocr_par' dir='ltr' id='par_1_13' title="bbox 519 1277 2171 1352">
     <span class='ocr_line' id='line_1_13' title="bbox 519 1277 2171 1352; baseline -0.001 -17"><span class='ocrx_word' id='word_1_73' title='bbox 519 1296 605 1335; x_wconf 61' lang='lat' dir='ltr'>na:</span> <span class='ocrx_word' id='word_1_74' title='bbox 637 1296 755 1335; x_wconf 62' lang='lat' dir='ltr'>suae</span> <span class='ocrx_word' id='word_1_75' title='bbox 784 1277 931 1334; x_wconf 86' lang='lat' dir='ltr'>fulta</span> <span class='ocrx_word' id='word_1_76' title='bbox 960 1277 1225 1350; x_wconf 87' lang='lat' dir='ltr'>remigio,</span> <span class='ocrx_word' id='word_1_77' title='bbox 1259 1296 1373 1351; x_wconf 92' lang='lat' dir='ltr'>quo</span> <span class='ocrx_word' id='word_1_78' title='bbox 1420 1296 1708 1351; x_wconf 89' lang='lat' dir='ltr'>suspensa</span> <span class='ocrx_word' id='word_1_79' title='bbox 1752 1279 1913 1335; x_wconf 90' lang='lat' dir='ltr'>velut</span> <span class='ocrx_word' id='word_1_80' title='bbox 1960 1296 2171 1352; x_wconf 89' lang='lat' dir='ltr'>penna-</span> 
     </span>
    </p>
   </div>
   <div class='ocr_carea' id='block_1_14' title="bbox 517 1365 2163 1441">
    <p class='ocr_par' dir='ltr' id='par_1_14' title="bbox 517 1365 2163 1441">
     <span class='ocr_line' id='line_1_14' title="bbox 517 1365 2163 1441; baseline -0.001 -18"><span class='ocrx_word' id='word_1_81' title='bbox 517 1385 649 1423; x_wconf 91' lang='lat' dir='ltr'>rum</span> <span class='ocrx_word' id='word_1_82' title='bbox 703 1365 899 1424; x_wconf 84' lang='lat' dir='ltr'>volatu</span> <span class='ocrx_word' id='word_1_83' title='bbox 959 1368 1368 1424; x_wconf 78' lang='lat' dir='ltr'>circumfertur</span> <span class='ocrx_word' id='word_1_84' title='bbox 1434 1371 1607 1439; x_wconf 89' lang='lat' dir='ltr'>atque</span> <span class='ocrx_word' id='word_1_85' title='bbox 1675 1373 1976 1441; x_wconf 83' lang='lat' dir='ltr'>vegetatur</span> <span class='ocrx_word' id='word_1_86' title='bbox 2030 1369 2163 1439; x_wconf 63' lang='grc'>(48).</span> 
     </span>
    </p>
   </div>
   <div class='ocr_carea' id='block_1_15' title="bbox 516 1455 2166 1528">
    <p class='ocr_par' dir='ltr' id='par_1_15' title="bbox 516 1455 2166 1528">
     <span class='ocr_line' id='line_1_15' title="bbox 516 1455 2166 1528; baseline -0.001 -15"><span class='ocrx_word' id='word_1_87' title='bbox 516 1457 701 1513; x_wconf 85' lang='lat' dir='ltr'>Habet</span> <span class='ocrx_word' id='word_1_88' title='bbox 727 1461 785 1512; x_wconf 91' lang='lat' dir='ltr'>et</span> <span class='ocrx_word' id='word_1_89' title='bbox 810 1455 955 1511; x_wconf 91' lang='lat' dir='ltr'>illud</span> <span class='ocrx_word' id='word_1_90' title='bbox 1006 1456 1114 1511; x_wconf 90' lang='lat' dir='ltr'>hoc</span> <span class='ocrx_word' id='word_1_91' title='bbox 1157 1455 1268 1510; x_wconf 90' lang='lat' dir='ltr'>vile</span> <span class='ocrx_word' id='word_1_92' title='bbox 1316 1455 1557 1523; x_wconf 85' lang='lat' dir='ltr'>animal,</span> <span class='ocrx_word' id='word_1_93' title='bbox 1589 1457 1745 1528; x_wconf 89' lang='lat' dir='ltr'>quod</span> <span class='ocrx_word' id='word_1_94' title='bbox 1777 1457 1890 1512; x_wconf 88' lang='lat' dir='ltr'>sibi</span> <span class='ocrx_word' id='word_1_95' title='bbox 1919 1456 2166 1512; x_wconf 88' lang='lat' dir='ltr'>invicem</span> 
     </span>
    </p>
   </div>
   <div class='ocr_carea' id='block_1_16' title="bbox 516 1544 2165 1618">
    <p class='ocr_par' dir='ltr' id='par_1_16' title="bbox 516 1544 2165 1618">
     <span class='ocr_line' id='line_1_16' title="bbox 516 1544 2165 1618; baseline -0.001 -16"><span class='ocrx_word' id='word_1_96' title='bbox 516 1545 836 1612; x_wconf 61' lang='lat' dir='ltr'>adimerent,</span> <span class='ocrx_word' id='word_1_97' title='bbox 867 1549 927 1600; x_wconf 93' lang='lat' dir='ltr'>et</span> <span class='ocrx_word' id='word_1_98' title='bbox 955 1544 1125 1616; x_wconf 90' lang='lat' dir='ltr'>quasi</span> <span class='ocrx_word' id='word_1_99' title='bbox 1148 1544 1208 1598; x_wconf 91' lang='lat' dir='ltr'>in</span> <span class='ocrx_word' id='word_1_100' title='bbox 1239 1546 1491 1616; x_wconf 89' lang='lat' dir='ltr'>speciem</span> <span class='ocrx_word' id='word_1_101' title='bbox 1523 1546 1821 1618; x_wconf 84' lang='lat' dir='ltr'>botryonis</span> <span class='ocrx_word' id='word_1_102' title='bbox 1859 1561 1926 1600; x_wconf 84' lang='lat' dir='ltr'>ex</span> <span class='ocrx_word' id='word_1_103' title='bbox 1968 1544 2165 1617; x_wconf 71' lang='lat' dir='ltr'>aliquo</span> 
     </span>
    </p>
   </div>
   <div class='ocr_carea' id='block_1_17' title="bbox 513 1632 2161 1707">
    <p class='ocr_par' dir='ltr' id='par_1_17' title="bbox 513 1632 2161 1707">
     <span class='ocr_line' id='line_1_17' title="bbox 513 1632 2161 1707; baseline -0.002 -16"><span class='ocrx_word' id='word_1_104' title='bbox 513 1634 639 1691; x_wconf 92' lang='lat' dir='ltr'>loco</span> <span class='ocrx_word' id='word_1_105' title='bbox 688 1635 990 1707; x_wconf 89' lang='lat' dir='ltr'>pendent:</span> <span class='ocrx_word' id='word_1_106' title='bbox 1025 1649 1091 1688; x_wconf 91' lang='lat' dir='ltr'>ac</span> <span class='ocrx_word' id='word_1_107' title='bbox 1138 1633 1187 1687; x_wconf 89' lang='lat' dir='ltr'>si</span> <span class='ocrx_word' id='word_1_108' title='bbox 1240 1650 1302 1688; x_wconf 91' lang='lat' dir='ltr'>se</span> <span class='ocrx_word' id='word_1_109' title='bbox 1348 1633 1555 1689; x_wconf 89' lang='lat' dir='ltr'>ultima</span> <span class='ocrx_word' id='word_1_110' title='bbox 1584 1651 1831 1707; x_wconf 70' lang='lat' dir='ltr'>quaeque</span> <span class='ocrx_word' id='word_1_111' title='bbox 1869 1632 2161 1703; x_wconf 84' lang='lat' dir='ltr'>laxaverit,</span> 
     </span>
    </p>
   </div>
   <div class='ocr_carea' id='block_1_18' title="bbox 513 1722 2163 1794">
    <p class='ocr_par' dir='ltr' id='par_1_18' title="bbox 513 1722 2163 1794">
     <span class='ocr_line' id='line_1_18' title="bbox 513 1722 2163 1794; baseline -0.002 -13"><span class='ocrx_word' id='word_1_112' title='bbox 513 1739 718 1781; x_wconf 90' lang='lat' dir='ltr'>omnes</span> <span class='ocrx_word' id='word_1_113' title='bbox 745 1722 1136 1779; x_wconf 89' lang='lat' dir='ltr'>resolvuntur.</span> <span class='ocrx_word' id='word_1_114' title='bbox 1174 1722 1332 1785; x_wconf 83' lang='lat' dir='ltr'>Quod</span> <span class='ocrx_word' id='word_1_115' title='bbox 1360 1723 1424 1777; x_wconf 82' lang='lat' dir='ltr'>ﬁt</span> <span class='ocrx_word' id='word_1_116' title='bbox 1455 1723 1709 1794; x_wconf 91' lang='lat' dir='ltr'>quodam</span> <span class='ocrx_word' id='word_1_117' title='bbox 1755 1739 1997 1778; x_wconf 88' lang='lat' dir='ltr'>munere</span> <span class='ocrx_word' id='word_1_118' title='bbox 2026 1722 2163 1778; x_wconf 88' lang='lat' dir='ltr'>cha-</span> 
     </span>
    </p>
   </div>
   <div class='ocr_carea' id='block_1_19' title="bbox 514 1804 2244 1883">
    <p class='ocr_par' dir='ltr' id='par_1_19' title="bbox 514 1804 2244 1883">
     <span class='ocr_line' id='line_1_19' title="bbox 514 1804 2244 1883; baseline 0.002 -17"><span class='ocrx_word' id='word_1_119' title='bbox 514 1811 726 1878; x_wconf 89' lang='lat' dir='ltr'>ritatis,</span> <span class='ocrx_word' id='word_1_120' title='bbox 761 1827 889 1883; x_wconf 67' lang='lat' dir='ltr'>quae</span> <span class='ocrx_word' id='word_1_121' title='bbox 940 1809 1179 1866; x_wconf 84' lang='lat' dir='ltr'>difﬁcile</span> <span class='ocrx_word' id='word_1_122' title='bbox 1233 1809 1294 1865; x_wconf 89' lang='lat' dir='ltr'>in</span> <span class='ocrx_word' id='word_1_123' title='bbox 1343 1810 1685 1866; x_wconf 89' lang='lat' dir='ltr'>hominibus</span> <span class='ocrx_word' id='word_1_124' title='bbox 1730 1810 1910 1882; x_wconf 87' lang='lat' dir='ltr'>hujus</span> <span class='ocrx_word' id='word_1_125' title='bbox 1961 1810 2164 1867; x_wconf 91' lang='lat' dir='ltr'>mundi</span> <span class='ocrx_word' id='word_1_126' title='bbox 2195 1804 2244 1869; x_wconf 88' lang='lat' dir='ltr'><strong>B</strong></span> 
     </span>
    </p>
   </div>
   <div class='ocr_carea' id='block_1_20' title="bbox 514 1900 821 1972">
    <p class='ocr_par' dir='ltr' id='par_1_20' title="bbox 514 1900 821 1972">
     <span class='ocr_line' id='line_1_20' title="bbox 514 1900 821 1972; baseline -0.007 -16"><span class='ocrx_word' id='word_1_127' title='bbox 514 1900 821 1972; x_wconf 89' lang='lat' dir='ltr'>reperitur.</span> 
     </span>
    </p>
   </div>
   <div class='ocr_carea' id='block_1_21' title="bbox 582 2031 2160 2105">
    <p class='ocr_par' dir='ltr' id='par_1_21' title="bbox 582 2031 2160 2105">
     <span class='ocr_line' id='line_1_21' title="bbox 582 2031 2160 2105; baseline -0.001 -17"><span class='ocrx_word' id='word_1_128' title='bbox 582 2034 671 2090; x_wconf 90' lang='lat'>88.</span> <span class='ocrx_word' id='word_1_129' title='bbox 704 2034 805 2089; x_wconf 88' lang='lat' dir='ltr'>Est</span> <span class='ocrx_word' id='word_1_130' title='bbox 834 2031 1011 2087; x_wconf 90' lang='lat' dir='ltr'>etiam</span> <span class='ocrx_word' id='word_1_131' title='bbox 1070 2031 1210 2105; x_wconf 87' lang='lat' dir='ltr'>galli</span> <span class='ocrx_word' id='word_1_132' title='bbox 1269 2035 1476 2087; x_wconf 90' lang='lat' dir='ltr'>cantus</span> <span class='ocrx_word' id='word_1_133' title='bbox 1535 2031 1733 2087; x_wconf 89' lang='lat' dir='ltr'>suavis</span> <span class='ocrx_word' id='word_1_134' title='bbox 1764 2031 1824 2086; x_wconf 93' lang='lat' dir='ltr'>in</span> <span class='ocrx_word' id='word_1_135' title='bbox 1855 2032 2160 2101; x_wconf 89' lang='lat' dir='ltr'>noctibus;</span> 
     </span>
    </p>
   </div>
   <div class='ocr_carea' id='block_1_22' title="bbox 509 2113 2163 2193">
    <p class='ocr_par' dir='ltr' id='par_1_22' title="bbox 509 2113 2163 2193">
     <span class='ocr_line' id='line_1_22' title="bbox 509 2113 2163 2193; baseline -0.002 -13"><span class='ocrx_word' id='word_1_136' title='bbox 509 2139 615 2179; x_wconf 90' lang='lat' dir='ltr'>nec</span> <span class='ocrx_word' id='word_1_137' title='bbox 645 2113 837 2178; x_wconf 78' lang='lat' dir='ltr'>soluin</span> <span class='ocrx_word' id='word_1_138' title='bbox 870 2120 1089 2189; x_wconf 89' lang='lat' dir='ltr'>suavis,</span> <span class='ocrx_word' id='word_1_139' title='bbox 1120 2121 1218 2176; x_wconf 89' lang='lat' dir='ltr'>sed</span> <span class='ocrx_word' id='word_1_140' title='bbox 1254 2119 1427 2175; x_wconf 90' lang='lat' dir='ltr'>etiam</span> <span class='ocrx_word' id='word_1_141' title='bbox 1459 2119 1749 2193; x_wconf 89' lang='lat' dir='ltr'>utilis,qui</span> <span class='ocrx_word' id='word_1_142' title='bbox 1782 2121 1951 2193; x_wconf 91' lang='lat' dir='ltr'>quasi</span> <span class='ocrx_word' id='word_1_143' title='bbox 1972 2122 2163 2177; x_wconf 91' lang='lat' dir='ltr'>bonus</span> 
     </span>
    </p>
   </div>
   <div class='ocr_carea' id='block_1_23' title="bbox 508 2208 2163 2275">
    <p class='ocr_par' dir='ltr' id='par_1_23' title="bbox 508 2208 2163 2275">
     <span class='ocr_line' id='line_1_23' title="bbox 508 2208 2163 2275; baseline -0.002 -6"><span class='ocrx_word' id='word_1_144' title='bbox 508 2210 872 2269; x_wconf 86' lang='lat' dir='ltr'>oohabitator</span> <span class='ocrx_word' id='word_1_145' title='bbox 920 2213 976 2265; x_wconf 90' lang='lat' dir='ltr'>et</span> <span class='ocrx_word' id='word_1_146' title='bbox 1019 2208 1407 2265; x_wconf 84' lang='lat' dir='ltr'>dormientem</span> <span class='ocrx_word' id='word_1_147' title='bbox 1459 2210 1693 2275; x_wconf 83' lang='lat' dir='ltr'>excitat,</span> <span class='ocrx_word' id='word_1_148' title='bbox 1743 2214 1800 2265; x_wconf 91' lang='lat' dir='ltr'>et</span> <span class='ocrx_word' id='word_1_149' title='bbox 1845 2209 2163 2265; x_wconf 90' lang='lat' dir='ltr'>sollicitum</span> 
     </span>
    </p>
   </div>
   <div class='ocr_carea' id='block_1_24' title="bbox 507 2297 2161 2370">
    <p class='ocr_par' dir='ltr' id='par_1_24' title="bbox 507 2297 2161 2370">
     <span class='ocr_line' id='line_1_24' title="bbox 507 2297 2161 2370; baseline -0.002 -13"><span class='ocrx_word' id='word_1_150' title='bbox 507 2302 803 2365; x_wconf 88' lang='lat' dir='ltr'>admonet,</span> <span class='ocrx_word' id='word_1_151' title='bbox 868 2302 924 2353; x_wconf 88' lang='lat' dir='ltr'>et</span> <span class='ocrx_word' id='word_1_152' title='bbox 976 2297 1227 2354; x_wconf 86' lang='lat' dir='ltr'>viantem</span> <span class='ocrx_word' id='word_1_153' title='bbox 1282 2297 1524 2365; x_wconf 90' lang='lat' dir='ltr'>solatur,</span> <span class='ocrx_word' id='word_1_154' title='bbox 1576 2314 1917 2370; x_wconf 86' lang='lat' dir='ltr'>processum</span> <span class='ocrx_word' id='word_1_155' title='bbox 1970 2298 2161 2354; x_wconf 88' lang='lat' dir='ltr'>noctis</span> 
     </span>
    </p>
   </div>
   <div class='ocr_carea' id='block_1_25' title="bbox 509 2385 2161 2458">
    <p class='ocr_par' dir='ltr' id='par_1_25' title="bbox 509 2385 2161 2458">
     <span class='ocr_line' id='line_1_25' title="bbox 509 2385 2161 2458; baseline -0.003 -13"><span class='ocrx_word' id='word_1_156' title='bbox 509 2404 724 2446; x_wconf 88' lang='lat' dir='ltr'>canora</span> <span class='ocrx_word' id='word_1_157' title='bbox 753 2385 1179 2458; x_wconf 80' lang='lat' dir='ltr'>significatione</span> <span class='ocrx_word' id='word_1_158' title='bbox 1229 2390 1581 2458; x_wconf 89' lang='lat' dir='ltr'>protestans.</span> <span class='ocrx_word' id='word_1_159' title='bbox 1616 2386 1733 2441; x_wconf 88' lang='lat' dir='ltr'>Hoc</span> <span class='ocrx_word' id='word_1_160' title='bbox 1777 2390 2017 2442; x_wconf 90' lang='lat' dir='ltr'>canente</span> <span class='ocrx_word' id='word_1_161' title='bbox 2048 2385 2161 2457; x_wconf 67' lang='lat'>(59)</span> 
     </span>
    </p>
   </div>
   <div class='ocr_carea' id='block_1_26' title="bbox 508 2473 2158 2547">
    <p class='ocr_par' dir='ltr' id='par_1_26' title="bbox 508 2473 2158 2547">
     <span class='ocr_line' id='line_1_26' title="bbox 508 2473 2158 2547; baseline -0.003 -13"><span class='ocrx_word' id='word_1_162' title='bbox 508 2476 655 2534; x_wconf 81' lang='lat' dir='ltr'>latro</span> <span class='ocrx_word' id='word_1_163' title='bbox 685 2493 825 2532; x_wconf 87' lang='lat' dir='ltr'>suas</span> <span class='ocrx_word' id='word_1_164' title='bbox 858 2474 1135 2547; x_wconf 87' lang='lat' dir='ltr'>relinquit</span> <span class='ocrx_word' id='word_1_165' title='bbox 1159 2473 1435 2542; x_wconf 90' lang='lat' dir='ltr'>insidias;</span> <span class='ocrx_word' id='word_1_166' title='bbox 1470 2475 1579 2530; x_wconf 91' lang='lat' dir='ltr'>hoc</span> <span class='ocrx_word' id='word_1_167' title='bbox 1620 2475 1745 2547; x_wconf 91' lang='lat' dir='ltr'>ipse</span> <span class='ocrx_word' id='word_1_168' title='bbox 1777 2474 1981 2531; x_wconf 83' lang='lat' dir='ltr'>lucifer</span> <span class='ocrx_word' id='word_1_169' title='bbox 2010 2474 2158 2530; x_wconf 89' lang='lat' dir='ltr'>exci-</span> 
     </span>
    </p>
   </div>
   <div class='ocr_carea' id='block_1_27' title="bbox 507 2563 2161 2635">
    <p class='ocr_par' dir='ltr' id='par_1_27' title="bbox 507 2563 2161 2635">
     <span class='ocr_line' id='line_1_27' title="bbox 507 2563 2161 2635; baseline -0.002 -13"><span class='ocrx_word' id='word_1_170' title='bbox 507 2571 667 2624; x_wconf 83' lang='lat' dir='ltr'>tatus</span> <span class='ocrx_word' id='word_1_171' title='bbox 723 2564 927 2629; x_wconf 90' lang='lat' dir='ltr'>oritur,</span> <span class='ocrx_word' id='word_1_172' title='bbox 983 2563 1311 2635; x_wconf 83' lang='lat' dir='ltr'>ccelumque</span> <span class='ocrx_word' id='word_1_173' title='bbox 1371 2563 1693 2631; x_wconf 88' lang='lat' dir='ltr'>illuminat;</span> <span class='ocrx_word' id='word_1_174' title='bbox 1753 2564 1862 2619; x_wconf 89' lang='lat' dir='ltr'>hoc</span> <span class='ocrx_word' id='word_1_175' title='bbox 1919 2568 2161 2619; x_wconf 89' lang='lat' dir='ltr'>canente</span> 
     </span>
    </p>
   </div>
   <div class='ocr_carea' id='block_1_28' title="bbox 508 2652 2159 2725">
    <p class='ocr_par' dir='ltr' id='par_1_28' title="bbox 508 2652 2159 2725">
     <span class='ocr_line' id='line_1_28' title="bbox 508 2652 2159 2725; baseline -0.002 -14"><span class='ocrx_word' id='word_1_176' title='bbox 508 2654 842 2712; x_wconf 64' lang='lat' dir='ltr'>mastitiam</span> <span class='ocrx_word' id='word_1_177' title='bbox 865 2652 1129 2725; x_wconf 91' lang='lat' dir='ltr'>trepidus</span> <span class='ocrx_word' id='word_1_178' title='bbox 1153 2656 1333 2707; x_wconf 88' lang='lat' dir='ltr'>nauta</span> <span class='ocrx_word' id='word_1_179' title='bbox 1354 2652 1611 2725; x_wconf 86' lang='lat' dir='ltr'>deponit,</span> <span class='ocrx_word' id='word_1_180' title='bbox 1627 2652 1936 2724; x_wconf 90' lang='lat' dir='ltr'>omnisque</span> <span class='ocrx_word' id='word_1_181' title='bbox 1957 2653 2159 2708; x_wconf 90' lang='lat' dir='ltr'>crebro</span> 
     </span>
    </p>
   </div>
   <div class='ocr_carea' id='block_1_29' title="bbox 505 2740 2161 2816">
    <p class='ocr_par' dir='ltr' id='par_1_29' title="bbox 505 2740 2161 2816">
     <span class='ocr_line' id='line_1_29' title="bbox 505 2740 2161 2816; baseline -0.004 -15"><span class='ocrx_word' id='word_1_182' title='bbox 505 2741 853 2816; x_wconf 88' lang='lat' dir='ltr'>vespertinis</span> <span class='ocrx_word' id='word_1_183' title='bbox 885 2741 1122 2796; x_wconf 90' lang='lat' dir='ltr'>ﬂatibus</span> <span class='ocrx_word' id='word_1_184' title='bbox 1153 2740 1399 2797; x_wconf 88' lang='lat' dir='ltr'>excitata</span> <span class='ocrx_word' id='word_1_185' title='bbox 1442 2745 1759 2813; x_wconf 88' lang='lat' dir='ltr'>tempestas</span> <span class='ocrx_word' id='word_1_186' title='bbox 1806 2745 1862 2795; x_wconf 91' lang='lat' dir='ltr'>et</span> <span class='ocrx_word' id='word_1_187' title='bbox 1909 2740 2161 2812; x_wconf 90' lang='lat' dir='ltr'>procella</span> 
     </span>
    </p>
   </div>
   <div class='ocr_carea' id='block_1_30' title="bbox 507 2828 2155 2899">
    <p class='ocr_par' dir='ltr' id='par_1_30' title="bbox 507 2828 2155 2899">
     <span class='ocr_line' id='line_1_30' title="bbox 507 2828 2155 2899; baseline -0.003 -10"><span class='ocrx_word' id='word_1_188' title='bbox 507 2832 796 2899; x_wconf 88' lang='lat' dir='ltr'>mitescit;</span> <span class='ocrx_word' id='word_1_189' title='bbox 831 2829 939 2884; x_wconf 89' lang='lat' dir='ltr'>hoc</span> <span class='ocrx_word' id='word_1_190' title='bbox 972 2833 1214 2886; x_wconf 88' lang='lat' dir='ltr'>canente</span> <span class='ocrx_word' id='word_1_191' title='bbox 1261 2830 1503 2885; x_wconf 88' lang='lat' dir='ltr'>devotus</span> <span class='ocrx_word' id='word_1_192' title='bbox 1551 2829 1793 2885; x_wconf 73' lang='lat' dir='ltr'>affectus</span> <span class='ocrx_word' id='word_1_193' title='bbox 1840 2828 2032 2884; x_wconf 84' lang='lat' dir='ltr'>exsilit</span> <span class='ocrx_word' id='word_1_194' title='bbox 2084 2830 2155 2884; x_wconf 89' lang='lat' dir='ltr'>ad</span> 
     </span>
    </p>
   </div>
   <div class='ocr_carea' id='block_1_31' title="bbox 508 2916 2158 2994">
    <p class='ocr_par' dir='ltr' id='par_1_31' title="bbox 508 2916 2158 2994">
     <span class='ocr_line' id='line_1_31' title="bbox 508 2916 2158 2994; baseline -0.004 -17"><span class='ocrx_word' id='word_1_195' title='bbox 508 2919 892 2994; x_wconf 87' lang='lat' dir='ltr'>precandum,</span> <span class='ocrx_word' id='word_1_196' title='bbox 925 2916 1157 2989; x_wconf 83' lang='lat' dir='ltr'>legendi</span> <span class='ocrx_word' id='word_1_197' title='bbox 1190 2934 1425 2989; x_wconf 90' lang='lat' dir='ltr'>quoque</span> <span class='ocrx_word' id='word_1_198' title='bbox 1456 2933 1675 2972; x_wconf 88' lang='lat' dir='ltr'>munus</span> <span class='ocrx_word' id='word_1_199' title='bbox 1702 2917 2023 2972; x_wconf 89' lang='lat' dir='ltr'>instaurat:</span> <span class='ocrx_word' id='word_1_200' title='bbox 2047 2917 2158 2973; x_wconf 93' lang='lat' dir='ltr'>hoc</span> 
     </span>
    </p>
   </div>
   <div class='ocr_carea' id='block_1_32' title="bbox 506 3004 2156 3082">
    <p class='ocr_par' dir='ltr' id='par_1_32' title="bbox 506 3004 2156 3082">
     <span class='ocr_line' id='line_1_32' title="bbox 506 3004 2156 3082; baseline -0.002 -18"><span class='ocrx_word' id='word_1_201' title='bbox 506 3011 800 3082; x_wconf 90' lang='lat' dir='ltr'>postremo</span> <span class='ocrx_word' id='word_1_202' title='bbox 833 3010 1073 3061; x_wconf 88' lang='lat' dir='ltr'>canente</span> <span class='ocrx_word' id='word_1_203' title='bbox 1099 3004 1229 3078; x_wconf 87' lang='lat' dir='ltr'>ipsa</span> <span class='ocrx_word' id='word_1_204' title='bbox 1248 3004 1514 3060; x_wconf 73' lang='lat' dir='ltr'>Ecclesia:</span> <span class='ocrx_word' id='word_1_205' title='bbox 1538 3010 1701 3077; x_wconf 88' lang='lat' dir='ltr'>petra</span> <span class='ocrx_word' id='word_1_206' title='bbox 1730 3004 1961 3078; x_wconf 88' lang='lat' dir='ltr'>culpam</span> <span class='ocrx_word' id='word_1_207' title='bbox 1986 3022 2156 3062; x_wconf 88' lang='lat' dir='ltr'>suam</span> 
     </span>
    </p>
   </div>
   <div class='ocr_carea' id='block_1_33' title="bbox 505 3092 2157 3168">
    <p class='ocr_par' dir='ltr' id='par_1_33' title="bbox 505 3092 2157 3168">
     <span class='ocr_line' id='line_1_33' title="bbox 505 3092 2157 3168; baseline -0.002 -16"><span class='ocrx_word' id='word_1_208' title='bbox 505 3096 698 3164; x_wconf 89' lang='lat' dir='ltr'>diluit,</span> <span class='ocrx_word' id='word_1_209' title='bbox 734 3111 911 3168; x_wconf 89' lang='lat' dir='ltr'>quam</span> <span class='ocrx_word' id='word_1_210' title='bbox 951 3093 1295 3166; x_wconf 89' lang='lat' dir='ltr'>priusquam</span> <span class='ocrx_word' id='word_1_211' title='bbox 1340 3092 1531 3165; x_wconf 87' lang='lat' dir='ltr'>gallus</span> <span class='ocrx_word' id='word_1_212' title='bbox 1580 3097 1843 3150; x_wconf 90' lang='lat' dir='ltr'>cantaret</span> <span class='ocrx_word' id='word_1_213' title='bbox 1889 3095 2157 3166; x_wconf 88' lang='lat' dir='ltr'>negando</span> 
     </span>
    </p>
   </div>
   <div class='ocr_carea' id='block_1_34' title="bbox 2283 524 3731 601">
    <p class='ocr_par' dir='ltr' id='par_1_34' title="bbox 2283 524 3731 601">
     <span class='ocr_line' id='line_1_34' title="bbox 2283 524 3731 601; baseline 0.002 -19"><span class='ocrx_word' id='word_1_214' title='bbox 2283 526 2429 583; x_wconf 88' lang='lat' dir='ltr'>sime</span> <span class='ocrx_word' id='word_1_215' title='bbox 2461 526 2618 583; x_wconf 87' lang='lat' dir='ltr'>ﬂexit</span> <span class='ocrx_word' id='word_1_216' title='bbox 2648 530 2713 583; x_wconf 88' lang='lat' dir='ltr'>ut</span> <span class='ocrx_word' id='word_1_217' title='bbox 2742 524 3016 601; x_wconf 81' lang='lat' dir='ltr'>laerymis</span> <span class='ocrx_word' id='word_1_218' title='bbox 3047 527 3422 601; x_wconf 83' lang='lat' dir='ltr'>suisdeleret</span> <span class='ocrx_word' id='word_1_219' title='bbox 3450 545 3731 587; x_wconf 89' lang='lat' dir='ltr'>errorem.</span> 
     </span>
    </p>
   </div>
   <div class='ocr_carea' id='block_1_35' title="bbox 2892 634 3325 691">
    <p class='ocr_par' dir='ltr' id='par_1_35' title="bbox 2892 634 3325 691">
     <span class='ocr_line' id='line_1_35' title="bbox 2892 634 3325 691; baseline 0 -1"><span class='ocrx_word' id='word_1_220' title='bbox 2892 634 3121 691; x_wconf 86' lang='lat' dir='ltr'>CAPUT</span> <span class='ocrx_word' id='word_1_221' title='bbox 3157 635 3325 691; x_wconf 83' lang='lat' dir='ltr'><strong>XXV.</strong></span> 
     </span>
    </p>
   </div>
   <div class='ocr_carea' id='block_1_36' title="bbox 2279 723 3924 806">
    <p class='ocr_par' dir='ltr' id='par_1_36' title="bbox 2279 723 3924 806">
     <span class='ocr_line' id='line_1_36' title="bbox 2279 723 3924 806; baseline 0.003 -28"><span class='ocrx_word' id='word_1_222' title='bbox 2279 723 2385 778; x_wconf 91' lang='lat' dir='ltr'>Pia</span> <span class='ocrx_word' id='word_1_223' title='bbox 2413 723 2669 806; x_wconf 48' lang='lat' dir='ltr'>{ductoris</span> <span class='ocrx_word' id='word_1_224' title='bbox 2684 725 2941 806; x_wconf 67' lang='lat' dir='ltr'>precatio.</span> <span class='ocrx_word' id='word_1_225' title='bbox 2958 724 3369 806; x_wconf 49' lang='lat' dir='ltr'>&#39;Lacryuiarum</span> <span class='ocrx_word' id='word_1_226' title='bbox 3393 724 3787 806; x_wconf 59' lang='lat' dir='ltr'>commutatio</span> <span class='ocrx_word' id='word_1_227' title='bbox 3831 728 3924 783; x_wconf 87' lang='lat' dir='ltr'>Di-</span> 
     </span>
    </p>
   </div>
   <div class='ocr_carea' id='block_1_37' title="bbox 2349 793 3924 871">
    <p class='ocr_par' dir='ltr' id='par_1_37' title="bbox 2349 793 3924 871">
     <span class='ocr_line' id='line_1_37' title="bbox 2349 793 3924 871; baseline 0.003 -22"><span class='ocrx_word' id='word_1_228' title='bbox 2349 793 2873 871; x_wconf 56' lang='lat' dir='ltr'>missiaauditorum</span> <span class='ocrx_word' id='word_1_229' title='bbox 2902 794 2974 849; x_wconf 85' lang='lat' dir='ltr'>ad</span> <span class='ocrx_word' id='word_1_230' title='bbox 3016 793 3381 871; x_wconf 63' lang='lat' dir='ltr'>refectionem.</span> <span class='ocrx_word' id='word_1_231' title='bbox 3413 798 3657 868; x_wconf 75' lang='lat' dir='ltr'>Denique</span> <span class='ocrx_word' id='word_1_232' title='bbox 3684 797 3753 853; x_wconf 85' lang='lat' dir='ltr'>ad</span> <span class='ocrx_word' id='word_1_233' title='bbox 3779 815 3924 871; x_wconf 78' lang='lat' dir='ltr'>mys-</span> 
     </span>
    </p>
   </div>
   <div class='ocr_carea' id='block_1_38' title="bbox 2351 866 3367 938">
    <p class='ocr_par' dir='ltr' id='par_1_38' title="bbox 2351 866 3367 938">
     <span class='ocr_line' id='line_1_38' title="bbox 2351 866 3367 938; baseline 0.003 -19"><span class='ocrx_word' id='word_1_234' title='bbox 2351 867 2494 920; x_wconf 85' lang='lat' dir='ltr'>teria</span> <span class='ocrx_word' id='word_1_235' title='bbox 2522 866 2798 921; x_wconf 84' lang='lat' dir='ltr'>Dominici</span> <span class='ocrx_word' id='word_1_236' title='bbox 2823 868 3066 938; x_wconf 71' lang='lat' dir='ltr'>corporis</span> <span class='ocrx_word' id='word_1_237' title='bbox 3094 868 3367 922; x_wconf 76' lang='lat' dir='ltr'>invitatio.</span> 
     </span>
    </p>
   </div>
   <div class='ocr_carea' id='block_1_39' title="bbox 2350 971 3928 1045">
    <p class='ocr_par' dir='ltr' id='par_1_39' title="bbox 2350 971 3928 1045">
     <span class='ocr_line' id='line_1_39' title="bbox 2350 971 3928 1045; baseline 0.004 -20"><span class='ocrx_word' id='word_1_238' title='bbox 2350 972 2439 1025; x_wconf 89' lang='lat'>89.</span> <span class='ocrx_word' id='word_1_239' title='bbox 2473 971 2716 1044; x_wconf 81' lang='lat' dir='ltr'>Respice</span> <span class='ocrx_word' id='word_1_240' title='bbox 2774 987 2882 1027; x_wconf 91' lang='lat' dir='ltr'>nos</span> <span class='ocrx_word' id='word_1_241' title='bbox 2940 987 3193 1045; x_wconf 88' lang='lat' dir='ltr'>quoque,</span> <span class='ocrx_word' id='word_1_242' title='bbox 3242 971 3484 1029; x_wconf 89' lang='lat' dir='ltr'>Domine</span> <span class='ocrx_word' id='word_1_243' title='bbox 3536 973 3700 1040; x_wconf 89' lang='lat' dir='ltr'>Jesu,</span> <span class='ocrx_word' id='word_1_244' title='bbox 3757 977 3822 1030; x_wconf 91' lang='lat' dir='ltr'>ut</span> <span class='ocrx_word' id='word_1_245' title='bbox 3874 980 3928 1031; x_wconf 86' lang='lat' dir='ltr'>et</span> 
     </span>
    </p>
   </div>
   <div class='ocr_carea' id='block_1_40' title="bbox 2278 1059 3925 1134">
    <p class='ocr_par' dir='ltr' id='par_1_40' title="bbox 2278 1059 3925 1134">
     <span class='ocr_line' id='line_1_40' title="bbox 2278 1059 3925 1134; baseline 0.004 -20"><span class='ocrx_word' id='word_1_246' title='bbox 2278 1076 2386 1115; x_wconf 91' lang='lat' dir='ltr'>nos</span> <span class='ocrx_word' id='word_1_247' title='bbox 2465 1059 2702 1132; x_wconf 91' lang='lat' dir='ltr'>propria</span> <span class='ocrx_word' id='word_1_248' title='bbox 2770 1076 3263 1134; x_wconf 91' lang='lat' dir='ltr'>recognoscamus</span> <span class='ocrx_word' id='word_1_249' title='bbox 3344 1065 3554 1128; x_wconf 87' lang='lat' dir='ltr'>errata,</span> <span class='ocrx_word' id='word_1_250' title='bbox 3632 1062 3925 1120; x_wconf 87' lang='lat' dir='ltr'>solvamus</span> 
     </span>
    </p>
   </div>
   <div class='ocr_carea' id='block_1_41' title="bbox 2276 1147 3923 1225">
    <p class='ocr_par' dir='ltr' id='par_1_41' title="bbox 2276 1147 3923 1225">
     <span class='ocr_line' id='line_1_41' title="bbox 2276 1147 3923 1225; baseline 0.004 -23"><span class='ocrx_word' id='word_1_251' title='bbox 2276 1147 2392 1220; x_wconf 93' lang='lat' dir='ltr'>piis</span> <span class='ocrx_word' id='word_1_252' title='bbox 2460 1147 2693 1204; x_wconf 87' lang='lat' dir='ltr'>ﬂetibus</span> <span class='ocrx_word' id='word_1_253' title='bbox 2758 1148 3014 1222; x_wconf 92' lang='lat' dir='ltr'>culpam,</span> <span class='ocrx_word' id='word_1_254' title='bbox 3106 1166 3437 1205; x_wconf 89' lang='lat' dir='ltr'>mereamur</span> <span class='ocrx_word' id='word_1_255' title='bbox 3499 1150 3923 1225; x_wconf 82' lang='lat' dir='ltr'>indulgentiam</span> 
     </span>
    </p>
   </div>
   <div class='ocr_carea' id='block_1_42' title="bbox 2274 1236 3924 1312">
    <p class='ocr_par' dir='ltr' id='par_1_42' title="bbox 2274 1236 3924 1312">
     <span class='ocr_line' id='line_1_42' title="bbox 2274 1236 3924 1312; baseline 0.004 -21"><span class='ocrx_word' id='word_1_256' title='bbox 2274 1240 2668 1309; x_wconf 88' lang='lat' dir='ltr'>peccatorum.</span> <span class='ocrx_word' id='word_1_257' title='bbox 2738 1237 2872 1294; x_wconf 90' lang='lat' dir='ltr'>Ideo</span> <span class='ocrx_word' id='word_1_258' title='bbox 2938 1236 3205 1294; x_wconf 90' lang='lat' dir='ltr'>consulto</span> <span class='ocrx_word' id='word_1_259' title='bbox 3285 1254 3616 1295; x_wconf 88' lang='lat' dir='ltr'>sermonem</span> <span class='ocrx_word' id='word_1_260' title='bbox 3697 1244 3924 1312; x_wconf 88' lang='lat' dir='ltr'>protra-</span> 
     </span>
    </p>
   </div>
   <div class='ocr_carea' id='block_1_43' title="bbox 2273 1323 3924 1399">
    <p class='ocr_par' dir='ltr' id='par_1_43' title="bbox 2273 1323 3924 1399">
     <span class='ocr_line' id='line_1_43' title="bbox 2273 1323 3924 1399; baseline 0.003 -20"><span class='ocrx_word' id='word_1_261' title='bbox 2273 1325 2489 1391; x_wconf 89' lang='lat' dir='ltr'>ximus,</span> <span class='ocrx_word' id='word_1_262' title='bbox 2535 1330 2602 1380; x_wconf 91' lang='lat' dir='ltr'>ut</span> <span class='ocrx_word' id='word_1_263' title='bbox 2644 1325 2812 1381; x_wconf 89' lang='lat' dir='ltr'>nobis</span> <span class='ocrx_word' id='word_1_264' title='bbox 2864 1338 3104 1398; x_wconf 91' lang='lat' dir='ltr'>quoque</span> <span class='ocrx_word' id='word_1_265' title='bbox 3163 1323 3353 1399; x_wconf 88' lang='lat' dir='ltr'>gallus</span> <span class='ocrx_word' id='word_1_266' title='bbox 3407 1331 3688 1396; x_wconf 85' lang='lat' dir='ltr'>cantaret,</span> <span class='ocrx_word' id='word_1_267' title='bbox 3738 1333 3796 1384; x_wconf 91' lang='lat' dir='ltr'>et</span> <span class='ocrx_word' id='word_1_268' title='bbox 3843 1327 3924 1384; x_wconf 87' lang='lat' dir='ltr'>lo-</span> 
     </span>
    </p>
   </div>
   <div class='ocr_carea' id='block_1_44' title="bbox 2275 1413 3923 1487">
    <p class='ocr_par' dir='ltr' id='par_1_44' title="bbox 2275 1413 3923 1487">
     <span class='ocr_line' id='line_1_44' title="bbox 2275 1413 3923 1487; baseline 0.004 -20"><span class='ocrx_word' id='word_1_269' title='bbox 2275 1413 2594 1486; x_wconf 87' lang='lat' dir='ltr'>quentibus</span> <span class='ocrx_word' id='word_1_270' title='bbox 2624 1413 2979 1481; x_wconf 87' lang='lat' dir='ltr'>subveniret,</span> <span class='ocrx_word' id='word_1_271' title='bbox 3015 1430 3131 1486; x_wconf 92' lang='lat' dir='ltr'>quo</span> <span class='ocrx_word' id='word_1_272' title='bbox 3162 1413 3211 1470; x_wconf 91' lang='lat' dir='ltr'>si</span> <span class='ocrx_word' id='word_1_273' title='bbox 3244 1414 3399 1487; x_wconf 92' lang='lat' dir='ltr'>quod</span> <span class='ocrx_word' id='word_1_274' title='bbox 3431 1413 3708 1472; x_wconf 88' lang='lat' dir='ltr'>delictum</span> <span class='ocrx_word' id='word_1_275' title='bbox 3760 1417 3923 1473; x_wconf 89' lang='lat' dir='ltr'>obre-</span> 
     </span>
    </p>
   </div>
   <div class='ocr_carea' id='block_1_45' title="bbox 2273 1500 3923 1574">
    <p class='ocr_par' dir='ltr' id='par_1_45' title="bbox 2273 1500 3923 1574">
     <span class='ocr_line' id='line_1_45' title="bbox 2273 1500 3923 1574; baseline 0.002 -17"><span class='ocrx_word' id='word_1_276' title='bbox 2273 1500 2493 1574; x_wconf 89' lang='lat' dir='ltr'>psisset</span> <span class='ocrx_word' id='word_1_277' title='bbox 2545 1501 2606 1556; x_wconf 90' lang='lat' dir='ltr'>in</span> <span class='ocrx_word' id='word_1_278' title='bbox 2663 1502 2859 1571; x_wconf 87' lang='lat' dir='ltr'>verbo,</span> <span class='ocrx_word' id='word_1_279' title='bbox 2921 1501 3176 1574; x_wconf 91' lang='lat' dir='ltr'>culpam,</span> <span class='ocrx_word' id='word_1_280' title='bbox 3204 1500 3461 1571; x_wconf 82' lang='lat' dir='ltr'>Christo,</span> <span class='ocrx_word' id='word_1_281' title='bbox 3512 1503 3781 1560; x_wconf 88' lang='lat' dir='ltr'>donares.</span> <span class='ocrx_word' id='word_1_282' title='bbox 3816 1505 3923 1573; x_wconf 91' lang='lat' dir='ltr'>Da,</span> 
     </span>
    </p>
   </div>
   <div class='ocr_carea' id='block_1_46' title="bbox 2273 1588 3923 1664">
    <p class='ocr_par' dir='ltr' id='par_1_46' title="bbox 2273 1588 3923 1664">
     <span class='ocr_line' id='line_1_46' title="bbox 2273 1588 3923 1664; baseline 0.003 -19"><span class='ocrx_word' id='word_1_283' title='bbox 2273 1607 2492 1663; x_wconf 63' lang='lat' dir='ltr'>quaeso,</span> <span class='ocrx_word' id='word_1_284' title='bbox 2531 1589 2838 1662; x_wconf 82' lang='lat' dir='ltr'>lacrymas&#39;</span> <span class='ocrx_word' id='word_1_285' title='bbox 2873 1590 3047 1657; x_wconf 91' lang='lat' dir='ltr'>Petri,</span> <span class='ocrx_word' id='word_1_286' title='bbox 3099 1588 3232 1646; x_wconf 89' lang='lat' dir='ltr'>nolo</span> <span class='ocrx_word' id='word_1_287' title='bbox 3277 1589 3537 1647; x_wconf 67' lang='lat' dir='ltr'>laetitiam</span> <span class='ocrx_word' id='word_1_288' title='bbox 3584 1593 3923 1664; x_wconf 86' lang='lat' dir='ltr'>peccatoris.</span> 
     </span>
    </p>
   </div>
   <div class='ocr_carea' id='block_1_47' title="bbox 2273 1677 3929 1751">
    <p class='ocr_par' dir='ltr' id='par_1_47' title="bbox 2273 1677 3929 1751">
     <span class='ocr_line' id='line_1_47' title="bbox 2273 1677 3929 1751; baseline 0.003 -17"><span class='ocrx_word' id='word_1_289' title='bbox 2273 1678 2581 1734; x_wconf 86' lang='lat' dir='ltr'>Fleverunt</span> <span class='ocrx_word' id='word_1_290' title='bbox 2635 1677 2879 1749; x_wconf 68' lang='lat' dir='ltr'>Hebraei,</span> <span class='ocrx_word' id='word_1_291' title='bbox 2912 1681 2969 1734; x_wconf 90' lang='lat' dir='ltr'>et</span> <span class='ocrx_word' id='word_1_292' title='bbox 2998 1694 3103 1751; x_wconf 91' lang='lat' dir='ltr'>per</span> <span class='ocrx_word' id='word_1_293' title='bbox 3137 1694 3300 1734; x_wconf 90' lang='lat' dir='ltr'>mare</span> <span class='ocrx_word' id='word_1_294' title='bbox 3339 1683 3474 1734; x_wconf 89' lang='lat' dir='ltr'>sunt</span> <span class='ocrx_word' id='word_1_295' title='bbox 3494 1678 3929 1739; x_wconf 85' lang='lat' dir='ltr'>dehiscentibus</span> 
     </span>
    </p>
   </div>
   <div class='ocr_carea' id='block_1_48' title="bbox 2274 1763 3925 1840">
    <p class='ocr_par' dir='ltr' id='par_1_48' title="bbox 2274 1763 3925 1840">
     <span class='ocr_line' id='line_1_48' title="bbox 2274 1763 3925 1840; baseline 0.003 -18"><span class='ocrx_word' id='word_1_296' title='bbox 2274 1767 2450 1824; x_wconf 89' lang='lat' dir='ltr'>undis</span> <span class='ocrx_word' id='word_1_297' title='bbox 2501 1763 2752 1823; x_wconf 89' lang='lat' dir='ltr'>liberati.</span> <span class='ocrx_word' id='word_1_298' title='bbox 2787 1765 3040 1822; x_wconf 68' lang='lat' dir='ltr'>Laetatus</span> <span class='ocrx_word' id='word_1_299' title='bbox 3073 1771 3165 1823; x_wconf 88' lang='lat' dir='ltr'>est</span> <span class='ocrx_word' id='word_1_300' title='bbox 3192 1766 3413 1824; x_wconf 88' lang='lat' dir='ltr'>Pharao</span> <span class='ocrx_word' id='word_1_301' title='bbox 3455 1768 3611 1840; x_wconf 91' lang='lat' dir='ltr'>quod</span> <span class='ocrx_word' id='word_1_302' title='bbox 3650 1767 3925 1827; x_wconf 65' lang='lat' dir='ltr'>Hebraeos</span> 
     </span>
    </p>
   </div>
   <div class='ocr_carea' id='block_1_49' title="bbox 2274 1855 3924 1929">
    <p class='ocr_par' dir='ltr' id='par_1_49' title="bbox 2274 1855 3924 1929">
     <span class='ocr_line' id='line_1_49' title="bbox 2274 1855 3924 1929; baseline 0.002 -18"><span class='ocrx_word' id='word_1_303' title='bbox 2274 1857 2506 1913; x_wconf 78' lang='lat' dir='ltr'>tenebat</span> <span class='ocrx_word' id='word_1_304' title='bbox 2535 1855 2815 1924; x_wconf 88' lang='lat' dir='ltr'>inclusos,</span> <span class='ocrx_word' id='word_1_305' title='bbox 2848 1858 2906 1911; x_wconf 90' lang='lat' dir='ltr'>et</span> <span class='ocrx_word' id='word_1_306' title='bbox 2935 1855 3083 1911; x_wconf 89' lang='lat' dir='ltr'>mari</span> <span class='ocrx_word' id='word_1_307' title='bbox 3116 1870 3347 1911; x_wconf 89' lang='lat' dir='ltr'>mersus</span> <span class='ocrx_word' id='word_1_308' title='bbox 3376 1871 3511 1911; x_wconf 88' lang='lat' dir='ltr'>cum</span> <span class='ocrx_word' id='word_1_309' title='bbox 3552 1856 3767 1929; x_wconf 89' lang='lat' dir='ltr'>populo</span> <span class='ocrx_word' id='word_1_310' title='bbox 3817 1875 3924 1915; x_wconf 89' lang='lat' dir='ltr'>suo</span> 
     </span>
    </p>
   </div>
   <div class='ocr_carea' id='block_1_50' title="bbox 2274 1942 3925 2016">
    <p class='ocr_par' dir='ltr' id='par_1_50' title="bbox 2274 1942 3925 2016">
     <span class='ocr_line' id='line_1_50' title="bbox 2274 1942 3925 2016; baseline 0.002 -17"><span class='ocrx_word' id='word_1_311' title='bbox 2274 1944 2504 2000; x_wconf 89' lang='lat' dir='ltr'>occidit.</span> <span class='ocrx_word' id='word_1_312' title='bbox 2537 1942 2859 2001; x_wconf 87' lang='lat' dir='ltr'>Exsultavit</span> <span class='ocrx_word' id='word_1_313' title='bbox 2881 1947 2939 1999; x_wconf 90' lang='lat' dir='ltr'>et</span> <span class='ocrx_word' id='word_1_314' title='bbox 2965 1942 3150 1999; x_wconf 87' lang='lat' dir='ltr'>Judas</span> <span class='ocrx_word' id='word_1_315' title='bbox 3180 1943 3240 1998; x_wconf 91' lang='lat' dir='ltr'>in</span> <span class='ocrx_word' id='word_1_316' title='bbox 3273 1943 3540 1999; x_wconf 89' lang='lat' dir='ltr'>mercede</span> <span class='ocrx_word' id='word_1_317' title='bbox 3577 1945 3925 2016; x_wconf 88' lang='lat' dir='ltr'>proditionis</span> 
     </span>
    </p>
   </div>
   <div class='ocr_carea' id='block_1_51' title="bbox 2274 2030 3924 2107">
    <p class='ocr_par' dir='ltr' id='par_1_51' title="bbox 2274 2030 3924 2107">
     <span class='ocr_line' id='line_1_51' title="bbox 2274 2030 3924 2107; baseline 0.001 -19"><span class='ocrx_word' id='word_1_318' title='bbox 2274 2048 2394 2088; x_wconf 76' lang='lat' dir='ltr'>suae</span> <span class='ocrx_word' id='word_1_319' title='bbox 2425 2032 2526 2087; x_wconf 90' lang='lat' dir='ltr'>sed</span> <span class='ocrx_word' id='word_1_320' title='bbox 2559 2031 2746 2104; x_wconf 90' lang='lat' dir='ltr'>ipsius</span> <span class='ocrx_word' id='word_1_321' title='bbox 2778 2047 2841 2088; x_wconf 91' lang='lat' dir='ltr'>se</span> <span class='ocrx_word' id='word_1_322' title='bbox 2880 2032 3024 2088; x_wconf 69' lang='lat' dir='ltr'><strong>I13</strong></span> <span class='ocrx_word' id='word_1_323' title='bbox 3058 2031 3350 2087; x_wconf 89' lang='lat' dir='ltr'>mercedis</span> <span class='ocrx_word' id='word_1_324' title='bbox 3390 2030 3599 2103; x_wconf 86' lang='lat' dir='ltr'>laqueo</span> <span class='ocrx_word' id='word_1_325' title='bbox 3651 2037 3924 2107; x_wconf 88' lang='lat' dir='ltr'>strangu-</span> 
     </span>
    </p>
   </div>
   <div class='ocr_carea' id='block_1_52' title="bbox 2273 2119 3927 2188">
    <p class='ocr_par' dir='ltr' id='par_1_52' title="bbox 2273 2119 3927 2188">
     <span class='ocr_line' id='line_1_52' title="bbox 2273 2119 3927 2188; baseline 0.002 -13"><span class='ocrx_word' id='word_1_326' title='bbox 2273 2119 2432 2177; x_wconf 89' lang='lat' dir='ltr'>lavit.</span> <span class='ocrx_word' id='word_1_327' title='bbox 2468 2119 2649 2176; x_wconf 91' lang='lat' dir='ltr'>Flevit</span> <span class='ocrx_word' id='word_1_328' title='bbox 2687 2122 2941 2177; x_wconf 85' lang='lat' dir='ltr'>errorém</span> <span class='ocrx_word' id='word_1_329' title='bbox 2991 2136 3167 2177; x_wconf 90' lang='lat' dir='ltr'>suum</span> <span class='ocrx_word' id='word_1_330' title='bbox 3217 2123 3446 2188; x_wconf 90' lang='lat' dir='ltr'>Petrus,</span> <span class='ocrx_word' id='word_1_331' title='bbox 3498 2123 3556 2177; x_wconf 91' lang='lat' dir='ltr'>et</span> <span class='ocrx_word' id='word_1_332' title='bbox 3602 2121 3818 2179; x_wconf 87' lang='lat' dir='ltr'>meruit</span> <span class='ocrx_word' id='word_1_333' title='bbox 3864 2127 3927 2179; x_wconf 90' lang='lat' dir='ltr'>ut</span> 
     </span>
    </p>
   </div>
   <div class='ocr_carea' id='block_1_53' title="bbox 2272 2207 3083 2267">
    <p class='ocr_par' dir='ltr' id='par_1_53' title="bbox 2272 2207 3083 2267">
     <span class='ocr_line' id='line_1_53' title="bbox 2272 2207 3083 2267; baseline -0.001 -2"><span class='ocrx_word' id='word_1_334' title='bbox 2272 2209 2523 2265; x_wconf 89' lang='lat' dir='ltr'>aliorum</span> <span class='ocrx_word' id='word_1_335' title='bbox 2554 2207 2811 2265; x_wconf 87' lang='lat' dir='ltr'>aboleret</span> <span class='ocrx_word' id='word_1_336' title='bbox 2839 2225 3083 2267; x_wconf 89' lang='lat' dir='ltr'>errores.</span> 
     </span>
    </p>
   </div>
   <div class='ocr_carea' id='block_1_54' title="bbox 2341 2296 3929 2371">
    <p class='ocr_par' dir='ltr' id='par_1_54' title="bbox 2341 2296 3929 2371">
     <span class='ocr_line' id='line_1_54' title="bbox 2341 2296 3929 2371; baseline 0.003 -19"><span class='ocrx_word' id='word_1_337' title='bbox 2341 2298 2431 2353; x_wconf 83' lang='lat'>90.</span> <span class='ocrx_word' id='word_1_338' title='bbox 2463 2298 2574 2354; x_wconf 90' lang='lat' dir='ltr'>Sed</span> <span class='ocrx_word' id='word_1_339' title='bbox 2598 2299 2724 2371; x_wconf 85' lang='lat' dir='ltr'>jam</span> <span class='ocrx_word' id='word_1_340' title='bbox 2753 2301 2986 2370; x_wconf 89' lang='lat' dir='ltr'>tempus</span> <span class='ocrx_word' id='word_1_341' title='bbox 3028 2300 3119 2353; x_wconf 86' lang='lat' dir='ltr'>est</span> <span class='ocrx_word' id='word_1_342' title='bbox 3149 2313 3263 2370; x_wconf 91' lang='lat' dir='ltr'>quo</span> <span class='ocrx_word' id='word_1_343' title='bbox 3292 2296 3457 2354; x_wconf 84' lang='lat' dir='ltr'>finire</span> <span class='ocrx_word' id='word_1_344' title='bbox 3490 2312 3825 2355; x_wconf 88' lang='lat' dir='ltr'>sermonem</span> <span class='ocrx_word' id='word_1_345' title='bbox 3872 2304 3929 2357; x_wconf 88' lang='lat' dir='ltr'>et</span> 
     </span>
    </p>
   </div>
   <div class='ocr_carea' id='block_1_55' title="bbox 2271 2385 3923 2458">
    <p class='ocr_par' dir='ltr' id='par_1_55' title="bbox 2271 2385 3923 2458">
     <span class='ocr_line' id='line_1_55' title="bbox 2271 2385 3923 2458; baseline 0.001 -16"><span class='ocrx_word' id='word_1_346' title='bbox 2271 2385 2542 2442; x_wconf 89' lang='lat' dir='ltr'>claudere</span> <span class='ocrx_word' id='word_1_347' title='bbox 2572 2386 2924 2453; x_wconf 88' lang='lat' dir='ltr'>debeamus;</span> <span class='ocrx_word' id='word_1_348' title='bbox 2958 2390 3191 2458; x_wconf 86' lang='lat' dir='ltr'>tempus</span> <span class='ocrx_word' id='word_1_349' title='bbox 3249 2389 3339 2442; x_wconf 89' lang='lat' dir='ltr'>est</span> <span class='ocrx_word' id='word_1_350' title='bbox 3391 2402 3507 2458; x_wconf 90' lang='lat' dir='ltr'>quo</span> <span class='ocrx_word' id='word_1_351' title='bbox 3558 2386 3773 2443; x_wconf 87' lang='lat' dir='ltr'>melius</span> <span class='ocrx_word' id='word_1_352' title='bbox 3822 2394 3923 2444; x_wconf 87' lang='lat' dir='ltr'>aut</span> 
     </span>
    </p>
   </div>
   <div class='ocr_carea' id='block_1_56' title="bbox 2270 2474 3927 2548">
    <p class='ocr_par' dir='ltr' id='par_1_56' title="bbox 2270 2474 3927 2548">
     <span class='ocr_line' id='line_1_56' title="bbox 2270 2474 3927 2548; baseline 0.003 -19"><span class='ocrx_word' id='word_1_353' title='bbox 2270 2478 2513 2540; x_wconf 89' lang='lat' dir='ltr'>tacetur,</span> <span class='ocrx_word' id='word_1_354' title='bbox 2573 2478 2673 2531; x_wconf 89' lang='lat' dir='ltr'>aut</span> <span class='ocrx_word' id='word_1_355' title='bbox 2736 2474 2937 2543; x_wconf 90' lang='lat' dir='ltr'>ﬂetur;</span> <span class='ocrx_word' id='word_1_356' title='bbox 2991 2478 3227 2547; x_wconf 90' lang='lat' dir='ltr'>tempus</span> <span class='ocrx_word' id='word_1_357' title='bbox 3282 2479 3371 2532; x_wconf 90' lang='lat' dir='ltr'>est</span> <span class='ocrx_word' id='word_1_358' title='bbox 3425 2492 3542 2548; x_wconf 92' lang='lat' dir='ltr'>quo</span> <span class='ocrx_word' id='word_1_359' title='bbox 3597 2476 3927 2535; x_wconf 86' lang='lat' dir='ltr'>celebratur</span> 
     </span>
    </p>
   </div>
   <div class='ocr_carea' id='block_1_57' title="bbox 2270 2562 3925 2637">
    <p class='ocr_par' dir='ltr' id='par_1_57' title="bbox 2270 2562 3925 2637">
     <span class='ocr_line' id='line_1_57' title="bbox 2270 2562 3925 2637; baseline 0.003 -20"><span class='ocrx_word' id='word_1_360' title='bbox 2270 2562 2638 2636; x_wconf 87' lang='lat' dir='ltr'>indulgentia</span> <span class='ocrx_word' id='word_1_361' title='bbox 2668 2567 3057 2635; x_wconf 89' lang='lat' dir='ltr'>peccatorum.</span> <span class='ocrx_word' id='word_1_362' title='bbox 3108 2562 3288 2620; x_wconf 89' lang='lat' dir='ltr'>Nobis</span> <span class='ocrx_word' id='word_1_363' title='bbox 3328 2580 3562 2637; x_wconf 91' lang='lat' dir='ltr'>quoque</span> <span class='ocrx_word' id='word_1_364' title='bbox 3589 2564 3781 2637; x_wconf 90' lang='lat' dir='ltr'>gallus</span> <span class='ocrx_word' id='word_1_365' title='bbox 3812 2565 3925 2622; x_wconf 89' lang='lat' dir='ltr'>iste</span> 
     </span>
    </p>
   </div>
   <div class='ocr_carea' id='block_1_58' title="bbox 2271 2650 3925 2725">
    <p class='ocr_par' dir='ltr' id='par_1_58' title="bbox 2271 2650 3925 2725">
     <span class='ocr_line' id='line_1_58' title="bbox 2271 2650 3925 2725; baseline 0.002 -18"><span class='ocrx_word' id='word_1_366' title='bbox 2271 2650 2556 2724; x_wconf 85' lang='lat' dir='ltr'>mysticus</span> <span class='ocrx_word' id='word_1_367' title='bbox 2612 2651 2671 2706; x_wconf 92' lang='lat' dir='ltr'>in</span> <span class='ocrx_word' id='word_1_368' title='bbox 2730 2651 2913 2707; x_wconf 88' lang='lat' dir='ltr'>sacris</span> <span class='ocrx_word' id='word_1_369' title='bbox 2983 2655 3178 2708; x_wconf 87' lang='lat' dir='ltr'>cantet</span> <span class='ocrx_word' id='word_1_370' title='bbox 3233 2653 3512 2725; x_wconf 91' lang='lat' dir='ltr'>quoniam</span> <span class='ocrx_word' id='word_1_371' title='bbox 3574 2654 3699 2725; x_wconf 85' lang='lat' dir='ltr'>jam</span> <span class='ocrx_word' id='word_1_372' title='bbox 3766 2652 3925 2710; x_wconf 88' lang='lat' dir='ltr'>Petri</span> 
     </span>
    </p>
   </div>
   <div class='ocr_carea' id='block_1_59' title="bbox 2268 2739 3924 2814">
    <p class='ocr_par' dir='ltr' id='par_1_59' title="bbox 2268 2739 3924 2814">
     <span class='ocr_line' id='line_1_59' title="bbox 2268 2739 3924 2814; baseline 0.002 -19"><span class='ocrx_word' id='word_1_373' title='bbox 2268 2739 2460 2812; x_wconf 87' lang='lat' dir='ltr'>gallus</span> <span class='ocrx_word' id='word_1_374' title='bbox 2488 2739 2548 2795; x_wconf 92' lang='lat' dir='ltr'>in</span> <span class='ocrx_word' id='word_1_375' title='bbox 2580 2742 2779 2795; x_wconf 91' lang='lat' dir='ltr'>nostro</span> <span class='ocrx_word' id='word_1_376' title='bbox 2812 2754 3079 2797; x_wconf 90' lang='lat' dir='ltr'>sermone</span> <span class='ocrx_word' id='word_1_377' title='bbox 3106 2742 3381 2797; x_wconf 88' lang='lat' dir='ltr'>cantavit.</span> <span class='ocrx_word' id='word_1_378' title='bbox 3418 2741 3578 2797; x_wconf 88' lang='lat' dir='ltr'>Fleat</span> <span class='ocrx_word' id='word_1_379' title='bbox 3607 2742 3924 2814; x_wconf 58' lang='lat' dir='ltr'>pro-nobis</span> 
     </span>
    </p>
   </div>
   <div class='ocr_carea' id='block_1_60' title="bbox 2267 2828 3919 2903">
    <p class='ocr_par' dir='ltr' id='par_1_60' title="bbox 2267 2828 3919 2903">
     <span class='ocr_line' id='line_1_60' title="bbox 2267 2828 3919 2903; baseline 0 -18"><span class='ocrx_word' id='word_1_380' title='bbox 2267 2828 2492 2897; x_wconf 90' lang='lat' dir='ltr'>Petrus,</span> <span class='ocrx_word' id='word_1_381' title='bbox 2527 2828 2627 2901; x_wconf 91' lang='lat' dir='ltr'>qui</span> <span class='ocrx_word' id='word_1_382' title='bbox 2656 2845 2760 2901; x_wconf 92' lang='lat' dir='ltr'>pro</span> <span class='ocrx_word' id='word_1_383' title='bbox 2787 2845 2849 2885; x_wconf 89' lang='lat' dir='ltr'>se</span> <span class='ocrx_word' id='word_1_384' title='bbox 2878 2829 3025 2885; x_wconf 90' lang='lat' dir='ltr'>bene</span> <span class='ocrx_word' id='word_1_385' title='bbox 3057 2828 3215 2884; x_wconf 91' lang='lat' dir='ltr'>ﬂevit</span> <span class='ocrx_word' id='word_1_386' title='bbox 3242 2833 3299 2885; x_wconf 88' lang='lat' dir='ltr'>et</span> <span class='ocrx_word' id='word_1_387' title='bbox 3342 2829 3400 2883; x_wconf 92' lang='lat' dir='ltr'>in</span> <span class='ocrx_word' id='word_1_388' title='bbox 3438 2845 3545 2886; x_wconf 91' lang='lat' dir='ltr'>nos</span> <span class='ocrx_word' id='word_1_389' title='bbox 3576 2829 3674 2903; x_wconf 90' lang='lat' dir='ltr'>pia</span> <span class='ocrx_word' id='word_1_390' title='bbox 3701 2830 3919 2887; x_wconf 86' lang='lat' dir='ltr'>Christi</span> 
     </span>
    </p>
   </div>
   <div class='ocr_carea' id='block_1_61' title="bbox 2267 2916 3917 2992">
    <p class='ocr_par' dir='ltr' id='par_1_61' title="bbox 2267 2916 3917 2992">
     <span class='ocr_line' id='line_1_61' title="bbox 2267 2916 3917 2992; baseline 0.001 -18"><span class='ocrx_word' id='word_1_391' title='bbox 2267 2933 2369 2974; x_wconf 90' lang='lat' dir='ltr'>ora</span> <span class='ocrx_word' id='word_1_392' title='bbox 2424 2920 2738 2973; x_wconf 86' lang='lat' dir='ltr'>convertat.</span> <span class='ocrx_word' id='word_1_393' title='bbox 2797 2919 3157 2990; x_wconf 89' lang='lat' dir='ltr'>Approperet</span> <span class='ocrx_word' id='word_1_394' title='bbox 3213 2916 3351 2974; x_wconf 90' lang='lat' dir='ltr'>Jesu</span> <span class='ocrx_word' id='word_1_395' title='bbox 3410 2917 3636 2973; x_wconf 89' lang='lat' dir='ltr'>Domini</span> <span class='ocrx_word' id='word_1_396' title='bbox 3694 2920 3917 2992; x_wconf 87' lang='lat' dir='ltr'>passio,</span> 
     </span>
    </p>
   </div>
   <div class='ocr_carea' id='block_1_62' title="bbox 2266 3002 3920 3078">
    <p class='ocr_par' dir='ltr' id='par_1_62' title="bbox 2266 3002 3920 3078">
     <span class='ocr_line' id='line_1_62' title="bbox 2266 3002 3920 3078; baseline 0.001 -18"><span class='ocrx_word' id='word_1_397' title='bbox 2266 3021 2394 3077; x_wconf 66' lang='lat' dir='ltr'>quae</span> <span class='ocrx_word' id='word_1_398' title='bbox 2445 3003 2704 3078; x_wconf 89' lang='lat' dir='ltr'>quotidie</span> <span class='ocrx_word' id='word_1_399' title='bbox 2749 3002 2960 3060; x_wconf 88' lang='lat' dir='ltr'>delicta</span> <span class='ocrx_word' id='word_1_400' title='bbox 3004 3008 3206 3061; x_wconf 90' lang='lat' dir='ltr'>nostra</span> <span class='ocrx_word' id='word_1_401' title='bbox 3252 3005 3559 3073; x_wconf 91' lang='lat' dir='ltr'>condonat,</span> <span class='ocrx_word' id='word_1_402' title='bbox 3595 3008 3652 3063; x_wconf 89' lang='lat' dir='ltr'>et</span> <span class='ocrx_word' id='word_1_403' title='bbox 3698 3022 3920 3063; x_wconf 89' lang='lat' dir='ltr'>munus</span> 
     </span>
    </p>
   </div>
   <div class='ocr_carea' id='block_1_63' title="bbox 2267 3093 2957 3165">
    <p class='ocr_par' dir='ltr' id='par_1_63' title="bbox 2267 3093 2957 3165">
     <span class='ocr_line' id='line_1_63' title="bbox 2267 3093 2957 3165; baseline 0.003 -16"><span class='ocrx_word' id='word_1_404' title='bbox 2267 3093 2636 3150; x_wconf 89' lang='lat' dir='ltr'>remissionis</span> <span class='ocrx_word' id='word_1_405' title='bbox 2666 3095 2957 3165; x_wconf 87' lang='lat' dir='ltr'>operatur.</span> 
     </span>
    </p>
   </div>
   <div class='ocr_carea' id='block_1_64' title="bbox 505 3164 3919 3255">
    <p class='ocr_par' dir='ltr' id='par_1_64' title="bbox 505 3164 3919 3255">
     <span class='ocr_line' id='line_1_64' title="bbox 505 3164 3919 3255; baseline -0.001 -12"><span class='ocrx_word' id='word_1_406' title='bbox 505 3164 886 3243; x_wconf 79' lang='lat' dir='ltr'>contraxerat.</span> <span class='ocrx_word' id='word_1_407' title='bbox 918 3164 1097 3238; x_wconf 79' lang='lat' dir='ltr'>Istius</span> <span class='ocrx_word' id='word_1_408' title='bbox 1128 3185 1303 3238; x_wconf 90' lang='lat' dir='ltr'>cantu</span> <span class='ocrx_word' id='word_1_409' title='bbox 1333 3164 1469 3254; x_wconf 80' lang='lat' dir='ltr'>spes</span> <span class='ocrx_word' id='word_1_410' title='bbox 1500 3181 1779 3237; x_wconf 90' lang='lat' dir='ltr'>omnibus</span> <span class='ocrx_word' id='word_1_411' title='bbox 1805 3164 2155 3255; x_wconf 36' lang='lat' dir='ltr'>reditiegris</span> <span class='ocrx_word' id='word_1_412' title='bbox 2186 3164 2228 3231; x_wconf 83' lang='lat' dir='ltr'>C</span> <span class='ocrx_word' id='word_1_413' title='bbox 2337 3182 2426 3238; x_wconf 83' lang='lat'>91.</span> <span class='ocrx_word' id='word_1_414' title='bbox 2459 3183 2656 3238; x_wconf 90' lang='lat' dir='ltr'>Bonus</span> <span class='ocrx_word' id='word_1_415' title='bbox 2685 3164 2967 3238; x_wconf 85' lang='lat' dir='ltr'>Dominus</span> <span class='ocrx_word' id='word_1_416' title='bbox 3014 3181 3307 3239; x_wconf 89' lang='lat' dir='ltr'>dimittere</span> <span class='ocrx_word' id='word_1_417' title='bbox 3346 3184 3585 3255; x_wconf 87' lang='lat' dir='ltr'>jejunos</span> <span class='ocrx_word' id='word_1_418' title='bbox 3616 3198 3732 3238; x_wconf 92' lang='lat' dir='ltr'>non</span> <span class='ocrx_word' id='word_1_419' title='bbox 3770 3182 3919 3252; x_wconf 88' lang='lat' dir='ltr'>vult,</span> 
     </span>
    </p>
   </div>
   <div class='ocr_carea' id='block_1_65' title="bbox 503 3269 2155 3340">
    <p class='ocr_par' dir='ltr' id='par_1_65' title="bbox 503 3269 2155 3340">
     <span class='ocr_line' id='line_1_65' title="bbox 503 3269 2155 3340; baseline -0.004 -8"><span class='ocrx_word' id='word_1_420' title='bbox 503 3275 733 3332; x_wconf 90' lang='lat' dir='ltr'>levatur</span> <span class='ocrx_word' id='word_1_421' title='bbox 777 3271 1241 3340; x_wconf 90' lang='lat' dir='ltr'>incommodum,</span> <span class='ocrx_word' id='word_1_422' title='bbox 1293 3269 1579 3326; x_wconf 88' lang='lat' dir='ltr'>minuitur</span> <span class='ocrx_word' id='word_1_423' title='bbox 1624 3269 1789 3326; x_wconf 90' lang='lat' dir='ltr'>dolor</span> <span class='ocrx_word' id='word_1_424' title='bbox 1826 3270 2155 3340; x_wconf 91' lang='lat' dir='ltr'>vulnerum,</span> 
     </span>
    </p>
   </div>
   <div class='ocr_carea' id='block_1_66' title="bbox 505 3357 2155 3433">
    <p class='ocr_par' dir='ltr' id='par_1_66' title="bbox 505 3357 2155 3433">
     <span class='ocr_line' id='line_1_66' title="bbox 505 3357 2155 3433; baseline -0.002 -14"><span class='ocrx_word' id='word_1_425' title='bbox 505 3363 757 3420; x_wconf 88' lang='lat' dir='ltr'>febrium</span> <span class='ocrx_word' id='word_1_426' title='bbox 789 3360 1096 3433; x_wconf 88' lang='lat' dir='ltr'>ﬂagrantia</span> <span class='ocrx_word' id='word_1_427' title='bbox 1126 3359 1763 3433; x_wconf 89' lang='lat' dir='ltr'>mitigatur,revertitur</span> <span class='ocrx_word' id='word_1_428' title='bbox 1784 3359 1927 3414; x_wconf 76' lang='lat' dir='ltr'>fides</span> <span class='ocrx_word' id='word_1_429' title='bbox 1950 3357 2155 3430; x_wconf 88' lang='lat' dir='ltr'>lapsis,</span> 
     </span>
    </p>
   </div>
   <div class='ocr_carea' id='block_1_67' title="bbox 501 3447 2157 3520">
    <p class='ocr_par' dir='ltr' id='par_1_67' title="bbox 501 3447 2157 3520">
     <span class='ocr_line' id='line_1_67' title="bbox 501 3447 2157 3520; baseline -0.002 -13"><span class='ocrx_word' id='word_1_430' title='bbox 501 3451 676 3507; x_wconf 89' lang='lat' dir='ltr'>Jesus</span> <span class='ocrx_word' id='word_1_431' title='bbox 708 3449 1026 3505; x_wconf 84' lang='lat' dir='ltr'>titubantes</span> <span class='ocrx_word' id='word_1_432' title='bbox 1058 3448 1319 3519; x_wconf 89' lang='lat' dir='ltr'>respicit,</span> <span class='ocrx_word' id='word_1_433' title='bbox 1340 3452 1602 3503; x_wconf 87' lang='lat' dir='ltr'>errantes</span> <span class='ocrx_word' id='word_1_434' title='bbox 1631 3447 2157 3520; x_wconf 88' lang='lat' dir='ltr'>corrigit.Denique</span> 
     </span>
    </p>
   </div>
   <div class='ocr_carea' id='block_1_68' title="bbox 505 3535 2157 3613">
    <p class='ocr_par' dir='ltr' id='par_1_68' title="bbox 505 3535 2157 3613">
     <span class='ocr_line' id='line_1_68' title="bbox 505 3535 2157 3613; baseline -0.003 -17"><span class='ocrx_word' id='word_1_435' title='bbox 505 3538 758 3613; x_wconf 88' lang='lat' dir='ltr'>respexit</span> <span class='ocrx_word' id='word_1_436' title='bbox 798 3538 1055 3603; x_wconf 90' lang='lat' dir='ltr'>Petrum,</span> <span class='ocrx_word' id='word_1_437' title='bbox 1088 3541 1145 3593; x_wconf 91' lang='lat' dir='ltr'>et</span> <span class='ocrx_word' id='word_1_438' title='bbox 1174 3536 1371 3592; x_wconf 90' lang='lat' dir='ltr'>statim</span> <span class='ocrx_word' id='word_1_439' title='bbox 1419 3553 1580 3592; x_wconf 91' lang='lat' dir='ltr'>error</span> <span class='ocrx_word' id='word_1_440' title='bbox 1626 3536 1907 3592; x_wconf 87' lang='lat' dir='ltr'>abscessit</span> <span class='ocrx_word' id='word_1_441' title='bbox 1938 3552 1952 3591; x_wconf 90' lang='lat'><strong>:</strong></span> <span class='ocrx_word' id='word_1_442' title='bbox 1985 3535 2157 3608; x_wconf 89' lang='lat' dir='ltr'>pulsa</span> 
     </span>
    </p>
   </div>
   <div class='ocr_carea' id='block_1_69' title="bbox 506 3624 2153 3700">
    <p class='ocr_par' dir='ltr' id='par_1_69' title="bbox 506 3624 2153 3700">
     <span class='ocr_line' id='line_1_69' title="bbox 506 3624 2153 3700; baseline -0.002 -16"><span class='ocrx_word' id='word_1_443' title='bbox 506 3632 597 3685; x_wconf 88' lang='lat' dir='ltr'>est</span> <span class='ocrx_word' id='word_1_444' title='bbox 646 3626 895 3700; x_wconf 89' lang='lat' dir='ltr'>negatio,</span> <span class='ocrx_word' id='word_1_445' title='bbox 928 3629 1128 3681; x_wconf 90' lang='lat' dir='ltr'>secuta</span> <span class='ocrx_word' id='word_1_446' title='bbox 1179 3624 1489 3681; x_wconf 89' lang='lat' dir='ltr'>confessio.</span> <span class='ocrx_word' id='word_1_447' title='bbox 1522 3626 1683 3691; x_wconf 88' lang='lat' dir='ltr'>Quod</span> <span class='ocrx_word' id='word_1_448' title='bbox 1742 3642 1859 3681; x_wconf 90' lang='lat' dir='ltr'>non</span> <span class='ocrx_word' id='word_1_449' title='bbox 1918 3625 2153 3681; x_wconf 88' lang='lat' dir='ltr'>fortuito</span> 
     </span>
    </p>
   </div>
   <div class='ocr_carea' id='block_1_70' title="bbox 505 3713 2150 3783">
    <p class='ocr_par' dir='ltr' id='par_1_70' title="bbox 505 3713 2150 3783">
     <span class='ocr_line' id='line_1_70' title="bbox 505 3713 2150 3783; baseline -0.002 -10"><span class='ocrx_word' id='word_1_450' title='bbox 505 3715 809 3783; x_wconf 87' lang='lat' dir='ltr'>accidisse,</span> <span class='ocrx_word' id='word_1_451' title='bbox 857 3715 958 3771; x_wconf 89' lang='lat' dir='ltr'>sed</span> <span class='ocrx_word' id='word_1_452' title='bbox 1006 3731 1076 3770; x_wconf 90' lang='lat' dir='ltr'>ex</span> <span class='ocrx_word' id='word_1_453' title='bbox 1128 3714 1421 3770; x_wconf 90' lang='lat' dir='ltr'>sententia</span> <span class='ocrx_word' id='word_1_454' title='bbox 1469 3713 1702 3769; x_wconf 83' lang='lat' dir='ltr'>Domini</span> <span class='ocrx_word' id='word_1_455' title='bbox 1750 3713 1919 3768; x_wconf 88' lang='lat' dir='ltr'>lectio</span> <span class='ocrx_word' id='word_1_456' title='bbox 1965 3714 2150 3769; x_wconf 92' lang='lat' dir='ltr'>docet.</span> 
     </span>
    </p>
   </div>
   <div class='ocr_carea' id='block_1_71' title="bbox 502 3802 2153 3875">
    <p class='ocr_par' dir='ltr' id='par_1_71' title="bbox 502 3802 2153 3875">
     <span class='ocr_line' id='line_1_71' title="bbox 502 3802 2153 3875; baseline -0.002 -14"><span class='ocrx_word' id='word_1_457' title='bbox 502 3805 595 3861; x_wconf 84' lang='lat' dir='ltr'>Sic</span> <span class='ocrx_word' id='word_1_458' title='bbox 625 3805 783 3861; x_wconf 90' lang='lat' dir='ltr'>enim</span> <span class='ocrx_word' id='word_1_459' title='bbox 815 3802 1099 3875; x_wconf 91' lang='lat' dir='ltr'>scriptum</span> <span class='ocrx_word' id='word_1_460' title='bbox 1131 3808 1240 3872; x_wconf 91' lang='lat' dir='ltr'>est,</span> <span class='ocrx_word' id='word_1_461' title='bbox 1274 3803 1414 3875; x_wconf 91' lang='lat' dir='ltr'>quia</span> <span class='ocrx_word' id='word_1_462' title='bbox 1446 3802 1591 3857; x_wconf 86' lang='lat' dir='ltr'>dixit</span> <span class='ocrx_word' id='word_1_463' title='bbox 1627 3802 1801 3857; x_wconf 84' lang='lat' dir='ltr'>Jesus</span> <span class='ocrx_word' id='word_1_464' title='bbox 1850 3802 1922 3858; x_wconf 90' lang='lat' dir='ltr'>ad</span> <span class='ocrx_word' id='word_1_465' title='bbox 1965 3802 2153 3858; x_wconf 89' lang='lat' dir='ltr'>Simo-</span> 
     </span>
    </p>
   </div>
   <div class='ocr_carea' id='block_1_72' title="bbox 502 3892 2152 3963">
    <p class='ocr_par' dir='ltr' id='par_1_72' title="bbox 502 3892 2152 3963">
     <span class='ocr_line' id='line_1_72' title="bbox 502 3892 2152 3963; baseline -0.002 -13"><span class='ocrx_word' id='word_1_466' title='bbox 502 3910 680 3951; x_wconf 88' lang='lat' dir='ltr'>nem:</span> <span class='ocrx_word' id='word_1_467' title='bbox 714 3898 836 3951; x_wconf 86' lang='lat' dir='ltr'>Non</span> <span class='ocrx_word' id='word_1_468' title='bbox 880 3892 1122 3948; x_wconf 78' lang='lat' dir='ltr'>cantabit</span> <span class='ocrx_word' id='word_1_469' title='bbox 1168 3892 1369 3963; x_wconf 77' lang='lat' dir='ltr'>gallus,</span> <span class='ocrx_word' id='word_1_470' title='bbox 1420 3892 1751 3963; x_wconf 77' lang='lat' dir='ltr'>priusquam</span> <span class='ocrx_word' id='word_1_471' title='bbox 1798 3907 1885 3946; x_wconf 85' lang='lat' dir='ltr'>me</span> <span class='ocrx_word' id='word_1_472' title='bbox 1932 3894 2012 3946; x_wconf 82' lang='lat' dir='ltr'>ter</span> <span class='ocrx_word' id='word_1_473' title='bbox 2055 3893 2152 3946; x_wconf 90' lang='lat' dir='ltr'>ab-</span> 
     </span>
    </p>
   </div>
   <div class='ocr_carea' id='block_1_73' title="bbox 500 3977 2149 4055">
    <p class='ocr_par' dir='ltr' id='par_1_73' title="bbox 500 3977 2149 4055">
     <span class='ocr_line' id='line_1_73' title="bbox 500 3977 2149 4055; baseline -0.003 -16"><span class='ocrx_word' id='word_1_474' title='bbox 500 3999 659 4053; x_wconf 81' lang='lat' dir='ltr'>neges</span> <span class='ocrx_word' id='word_1_475' title='bbox 688 3981 898 4055; x_wconf 77' lang='lat' dir='ltr'>(Matth.</span> <span class='ocrx_word' id='word_1_476' title='bbox 952 3997 1107 4045; x_wconf 79' lang='lat' dir='ltr'>xxv1,</span> <span class='ocrx_word' id='word_1_477' title='bbox 1139 3981 1251 4048; x_wconf 67' lang='grc'>34).</span> <span class='ocrx_word' id='word_1_478' title='bbox 1284 3980 1434 4035; x_wconf 88' lang='lat' dir='ltr'>Bene</span> <span class='ocrx_word' id='word_1_479' title='bbox 1467 3977 1632 4033; x_wconf 78' lang='lat' dir='ltr'>fortis</span> <span class='ocrx_word' id='word_1_480' title='bbox 1679 3977 1738 4032; x_wconf 92' lang='lat' dir='ltr'>in</span> <span class='ocrx_word' id='word_1_481' title='bbox 1784 3977 1877 4034; x_wconf 90' lang='lat' dir='ltr'>die</span> <span class='ocrx_word' id='word_1_482' title='bbox 1923 3979 2149 4051; x_wconf 88' lang='lat' dir='ltr'>Petrus,</span> 
     </span>
    </p>
   </div>
   <div class='ocr_carea' id='block_1_74' title="bbox 501 4066 2155 4139">
    <p class='ocr_par' dir='ltr' id='par_1_74' title="bbox 501 4066 2155 4139">
     <span class='ocr_line' id='line_1_74' title="bbox 501 4066 2155 4139; baseline -0.002 -12"><span class='ocrx_word' id='word_1_483' title='bbox 501 4076 671 4127; x_wconf 88' lang='lat' dir='ltr'>nocte</span> <span class='ocrx_word' id='word_1_484' title='bbox 700 4070 1003 4136; x_wconf 90' lang='lat' dir='ltr'>turbatur;</span> <span class='ocrx_word' id='word_1_485' title='bbox 1038 4073 1095 4123; x_wconf 90' lang='lat' dir='ltr'>et</span> <span class='ocrx_word' id='word_1_486' title='bbox 1140 4071 1275 4123; x_wconf 88' lang='lat' dir='ltr'>ante</span> <span class='ocrx_word' id='word_1_487' title='bbox 1332 4066 1473 4139; x_wconf 87' lang='lat' dir='ltr'>galli</span> <span class='ocrx_word' id='word_1_488' title='bbox 1530 4070 1767 4122; x_wconf 89' lang='lat' dir='ltr'>cantum</span> <span class='ocrx_word' id='word_1_489' title='bbox 1814 4066 2053 4135; x_wconf 89' lang='lat' dir='ltr'>labitur,</span> <span class='ocrx_word' id='word_1_490' title='bbox 2097 4072 2155 4124; x_wconf 90' lang='lat' dir='ltr'>et</span> 
     </span>
    </p>
   </div>
   <div class='ocr_carea' id='block_1_75' title="bbox 501 4153 2153 4225">
    <p class='ocr_par' dir='ltr' id='par_1_75' title="bbox 501 4153 2153 4225">
     <span class='ocr_line' id='line_1_75' title="bbox 501 4153 2153 4225; baseline -0.001 -10"><span class='ocrx_word' id='word_1_491' title='bbox 501 4159 721 4217; x_wconf 89' lang='lat' dir='ltr'>labitur</span> <span class='ocrx_word' id='word_1_492' title='bbox 765 4157 969 4225; x_wconf 89' lang='lat' dir='ltr'>tertio;</span> <span class='ocrx_word' id='word_1_493' title='bbox 1018 4160 1082 4211; x_wconf 91' lang='lat' dir='ltr'>ut</span> <span class='ocrx_word' id='word_1_494' title='bbox 1129 4156 1281 4211; x_wconf 89' lang='lat' dir='ltr'>scias</span> <span class='ocrx_word' id='word_1_495' title='bbox 1328 4172 1442 4211; x_wconf 90' lang='lat' dir='ltr'>non</span> <span class='ocrx_word' id='word_1_496' title='bbox 1492 4153 1827 4211; x_wconf 90' lang='lat' dir='ltr'>inconsulta</span> <span class='ocrx_word' id='word_1_497' title='bbox 1871 4156 2153 4214; x_wconf 74' lang='lat' dir='ltr'>effusione</span> 
     </span>
    </p>
   </div>
   <div class='ocr_carea' id='block_1_76' title="bbox 501 4243 2152 4318">
    <p class='ocr_par' dir='ltr' id='par_1_76' title="bbox 501 4243 2152 4318">
     <span class='ocr_line' id='line_1_76' title="bbox 501 4243 2152 4318; baseline -0.003 -12"><span class='ocrx_word' id='word_1_498' title='bbox 501 4247 791 4306; x_wconf 88' lang='lat' dir='ltr'>sermonis</span> <span class='ocrx_word' id='word_1_499' title='bbox 821 4261 949 4301; x_wconf 91' lang='lat' dir='ltr'>esse</span> <span class='ocrx_word' id='word_1_500' title='bbox 981 4243 1341 4316; x_wconf 89' lang='lat' dir='ltr'>prolapsum,</span> <span class='ocrx_word' id='word_1_501' title='bbox 1372 4244 1470 4300; x_wconf 90' lang='lat' dir='ltr'>sed</span> <span class='ocrx_word' id='word_1_502' title='bbox 1503 4244 1717 4299; x_wconf 90' lang='lat' dir='ltr'>mentis</span> <span class='ocrx_word' id='word_1_503' title='bbox 1752 4261 1984 4318; x_wconf 92' lang='lat' dir='ltr'>quoque</span> <span class='ocrx_word' id='word_1_504' title='bbox 2022 4263 2152 4302; x_wconf 90' lang='lat' dir='ltr'>mu-</span> 
     </span>
    </p>
   </div>
   <div class='ocr_carea' id='block_1_77' title="bbox 501 4332 2151 4407">
    <p class='ocr_par' dir='ltr' id='par_1_77' title="bbox 501 4332 2151 4407">
     <span class='ocr_line' id='line_1_77' title="bbox 501 4332 2151 4407; baseline -0.002 -14"><span class='ocrx_word' id='word_1_505' title='bbox 501 4337 723 4394; x_wconf 90' lang='lat' dir='ltr'>tatione</span> <span class='ocrx_word' id='word_1_506' title='bbox 752 4334 1056 4391; x_wconf 89' lang='lat' dir='ltr'>turbatum</span> <span class='ocrx_word' id='word_1_507' title='bbox 1088 4332 1220 4405; x_wconf 84' lang='lat'>(50).</span> <span class='ocrx_word' id='word_1_508' title='bbox 1254 4332 1413 4388; x_wconf 92' lang='lat' dir='ltr'>Idem</span> <span class='ocrx_word' id='word_1_509' title='bbox 1443 4335 1639 4387; x_wconf 90' lang='lat' dir='ltr'>tamen</span> <span class='ocrx_word' id='word_1_510' title='bbox 1671 4338 1803 4405; x_wconf 90' lang='lat' dir='ltr'>post</span> <span class='ocrx_word' id='word_1_511' title='bbox 1833 4333 1973 4407; x_wconf 90' lang='lat' dir='ltr'>galli</span> <span class='ocrx_word' id='word_1_512' title='bbox 2016 4352 2151 4391; x_wconf 88' lang='lat' dir='ltr'>can-</span> 
     </span>
    </p>
   </div>
   <div class='ocr_carea' id='block_1_78' title="bbox 502 4420 2153 4493">
    <p class='ocr_par' dir='ltr' id='par_1_78' title="bbox 502 4420 2153 4493">
     <span class='ocr_line' id='line_1_78' title="bbox 502 4420 2153 4493; baseline 0 -13"><span class='ocrx_word' id='word_1_513' title='bbox 502 4428 629 4481; x_wconf 87' lang='lat' dir='ltr'>tum</span> <span class='ocrx_word' id='word_1_514' title='bbox 698 4423 763 4477; x_wconf 86' lang='lat' dir='ltr'>ﬂt</span> <span class='ocrx_word' id='word_1_515' title='bbox 826 4420 1051 4486; x_wconf 86' lang='lat' dir='ltr'>fortior,</span> <span class='ocrx_word' id='word_1_516' title='bbox 1100 4425 1156 4476; x_wconf 91' lang='lat' dir='ltr'>et</span> <span class='ocrx_word' id='word_1_517' title='bbox 1199 4422 1326 4491; x_wconf 88' lang='lat' dir='ltr'>jam</span> <span class='ocrx_word' id='word_1_518' title='bbox 1380 4420 1596 4493; x_wconf 85' lang='lat' dir='ltr'>dignus</span> <span class='ocrx_word' id='word_1_519' title='bbox 1654 4437 1829 4493; x_wconf 91' lang='lat' dir='ltr'>quem</span> <span class='ocrx_word' id='word_1_520' title='bbox 1887 4422 2153 4480; x_wconf 86' lang='lat' dir='ltr'>Christus</span> 
     </span>
    </p>
   </div>
   <div class='ocr_carea' id='block_1_79' title="bbox 2267 3269 3924 3343">
    <p class='ocr_par' dir='ltr' id='par_1_79' title="bbox 2267 3269 3924 3343">
     <span class='ocr_line' id='line_1_79' title="bbox 2267 3269 3924 3343; baseline 0.001 -16"><span class='ocrx_word' id='word_1_521' title='bbox 2267 3288 2339 3327; x_wconf 90' lang='lat' dir='ltr'>ne</span> <span class='ocrx_word' id='word_1_522' title='bbox 2371 3270 2503 3343; x_wconf 91' lang='lat' dir='ltr'>quis</span> <span class='ocrx_word' id='word_1_523' title='bbox 2535 3269 2763 3326; x_wconf 82' lang='lat' dir='ltr'>deﬁciat</span> <span class='ocrx_word' id='word_1_524' title='bbox 2792 3270 2851 3327; x_wconf 93' lang='lat' dir='ltr'>in</span> <span class='ocrx_word' id='word_1_525' title='bbox 2879 3270 2993 3327; x_wconf 91' lang='lat' dir='ltr'>via.</span> <span class='ocrx_word' id='word_1_526' title='bbox 3025 3269 3088 3326; x_wconf 90' lang='lat' dir='ltr'>Si</span> <span class='ocrx_word' id='word_1_527' title='bbox 3135 3269 3234 3327; x_wconf 91' lang='lat' dir='ltr'>ille</span> <span class='ocrx_word' id='word_1_528' title='bbox 3281 3270 3441 3343; x_wconf 88' lang='lat' dir='ltr'>dicit,</span> <span class='ocrx_word' id='word_1_529' title='bbox 3475 3271 3733 3328; x_wconf 77' lang='lat' dir='ltr'>Misereor</span> <span class='ocrx_word' id='word_1_530' title='bbox 3770 3272 3924 3328; x_wconf 76' lang='grc'><strong>114</strong></span> 
     </span>
    </p>
   </div>
   <div class='ocr_carea' id='block_1_80' title="bbox 2266 3358 3928 3432">
    <p class='ocr_par' dir='ltr' id='par_1_80' title="bbox 2266 3358 3928 3432">
     <span class='ocr_line' id='line_1_80' title="bbox 2266 3358 3928 3432; baseline -0.001 -16"><span class='ocrx_word' id='word_1_531' title='bbox 2266 3360 2430 3431; x_wconf 78' lang='lat' dir='ltr'>huius</span> <span class='ocrx_word' id='word_1_532' title='bbox 2478 3359 2694 3425; x_wconf 62' lang='lat' dir='ltr'>turba};</span> <span class='ocrx_word' id='word_1_533' title='bbox 2740 3362 2874 3432; x_wconf 88' lang='lat' dir='ltr'>quia</span> <span class='ocrx_word' id='word_1_534' title='bbox 2930 3358 3180 3416; x_wconf 84' lang='lat' dir='ltr'>triduum</span> <span class='ocrx_word' id='word_1_535' title='bbox 3243 3367 3322 3416; x_wconf 78' lang='lat' dir='ltr'>est</span> <span class='ocrx_word' id='word_1_536' title='bbox 3378 3360 3519 3432; x_wconf 84' lang='lat' dir='ltr'>quod</span> <span class='ocrx_word' id='word_1_537' title='bbox 3572 3367 3928 3431; x_wconf 75' lang='lat' dir='ltr'>perseverant</span> 
     </span>
    </p>
   </div>
   <div class='ocr_carea' id='block_1_81' title="bbox 2262 3448 3921 3521">
    <p class='ocr_par' dir='ltr' id='par_1_81' title="bbox 2262 3448 3921 3521">
     <span class='ocr_line' id='line_1_81' title="bbox 2262 3448 3921 3521; baseline -0.001 -17"><span class='ocrx_word' id='word_1_538' title='bbox 2262 3465 2495 3514; x_wconf 82' lang='lat' dir='ltr'>mecum,</span> <span class='ocrx_word' id='word_1_539' title='bbox 2529 3452 2579 3504; x_wconf 83' lang='lat' dir='ltr'>et</span> <span class='ocrx_word' id='word_1_540' title='bbox 2620 3464 2730 3504; x_wconf 79' lang='lat' dir='ltr'>non</span> <span class='ocrx_word' id='word_1_541' title='bbox 2778 3448 2978 3504; x_wconf 78' lang='lat' dir='ltr'>habent</span> <span class='ocrx_word' id='word_1_542' title='bbox 3023 3464 3222 3516; x_wconf 79' lang='lat' dir='ltr'>escam,</span> <span class='ocrx_word' id='word_1_543' title='bbox 3250 3457 3323 3505; x_wconf 76' lang='grc' dir='ltr'>ει·</span> <span class='ocrx_word' id='word_1_544' title='bbox 3347 3449 3622 3505; x_wconf 73' lang='lat' dir='ltr'>dimittere</span> <span class='ocrx_word' id='word_1_545' title='bbox 3650 3464 3740 3505; x_wconf 75' lang='lat' dir='ltr'>eos</span> <span class='ocrx_word' id='word_1_546' title='bbox 3767 3450 3921 3521; x_wconf 78' lang='lat' dir='ltr'>jeju-</span> 
     </span>
    </p>
   </div>
   <div class='ocr_carea' id='block_1_82' title="bbox 2262 3536 3921 3608">
    <p class='ocr_par' dir='ltr' id='par_1_82' title="bbox 2262 3536 3921 3608">
     <span class='ocr_line' id='line_1_82' title="bbox 2262 3536 3921 3608; baseline 0.001 -16"><span class='ocrx_word' id='word_1_547' title='bbox 2262 3553 2360 3593; x_wconf 81' lang='lat' dir='ltr'>nos</span> <span class='ocrx_word' id='word_1_548' title='bbox 2404 3537 2550 3605; x_wconf 84' lang='lat' dir='ltr'>nolo,</span> <span class='ocrx_word' id='word_1_549' title='bbox 2585 3552 2655 3592; x_wconf 84' lang='lat' dir='ltr'>ne</span> <span class='ocrx_word' id='word_1_550' title='bbox 2680 3536 2936 3607; x_wconf 75' lang='lat' dir='ltr'>deﬁciant</span> <span class='ocrx_word' id='word_1_551' title='bbox 2984 3537 3041 3591; x_wconf 84' lang='lat' dir='ltr'>in</span> <span class='ocrx_word' id='word_1_552' title='bbox 3092 3538 3185 3593; x_wconf 85' lang='lat' dir='ltr'>via</span> <span class='ocrx_word' id='word_1_553' title='bbox 3213 3536 3423 3607; x_wconf 76' lang='lat' dir='ltr'>(Matth.</span> <span class='ocrx_word' id='word_1_554' title='bbox 3455 3553 3545 3606; x_wconf 84' lang='lat' dir='ltr'>xv,</span> <span class='ocrx_word' id='word_1_555' title='bbox 3578 3538 3711 3605; x_wconf 88' lang='lat'>32);</span> <span class='ocrx_word' id='word_1_556' title='bbox 3744 3537 3921 3608; x_wconf 89' lang='lat' dir='ltr'>cujus</span> 
     </span>
    </p>
   </div>
   <div class='ocr_carea' id='block_1_83' title="bbox 2261 3623 3921 3699">
    <p class='ocr_par' dir='ltr' id='par_1_83' title="bbox 2261 3623 3921 3699">
     <span class='ocr_line' id='line_1_83' title="bbox 2261 3623 3921 3699; baseline -0.001 -18"><span class='ocrx_word' id='word_1_557' title='bbox 2261 3626 2488 3682; x_wconf 88' lang='lat' dir='ltr'>intenta</span> <span class='ocrx_word' id='word_1_558' title='bbox 2518 3623 2772 3681; x_wconf 89' lang='lat' dir='ltr'>sermoni</span> <span class='ocrx_word' id='word_1_559' title='bbox 2805 3623 2988 3681; x_wconf 89' lang='lat' dir='ltr'>Maria</span> <span class='ocrx_word' id='word_1_560' title='bbox 3016 3629 3334 3699; x_wconf 87' lang='lat' dir='ltr'>apparatus</span> <span class='ocrx_word' id='word_1_561' title='bbox 3366 3626 3674 3681; x_wconf 89' lang='lat' dir='ltr'>recusabat</span> <span class='ocrx_word' id='word_1_562' title='bbox 3704 3623 3921 3698; x_wconf 83' lang='lat' dir='ltr'>epula-</span> 
     </span>
    </p>
   </div>
   <div class='ocr_carea' id='block_1_84' title="bbox 2262 3713 3921 3787">
    <p class='ocr_par' dir='ltr' id='par_1_84' title="bbox 2262 3713 3921 3787">
     <span class='ocr_line' id='line_1_84' title="bbox 2262 3713 3921 3787; baseline -0.001 -17"><span class='ocrx_word' id='word_1_563' title='bbox 2262 3731 2432 3782; x_wconf 91' lang='lat' dir='ltr'>rum;</span> <span class='ocrx_word' id='word_1_564' title='bbox 2490 3718 2707 3786; x_wconf 90' lang='lat' dir='ltr'>quanto</span> <span class='ocrx_word' id='word_1_565' title='bbox 2765 3713 2954 3787; x_wconf 83' lang='lat' dir='ltr'>magis</span> <span class='ocrx_word' id='word_1_566' title='bbox 3009 3729 3119 3770; x_wconf 89' lang='lat' dir='ltr'>nos</span> <span class='ocrx_word' id='word_1_567' title='bbox 3173 3714 3541 3770; x_wconf 82' lang='lat' dir='ltr'>considerare</span> <span class='ocrx_word' id='word_1_568' title='bbox 3606 3713 3921 3779; x_wconf 82' lang='lat' dir='ltr'>debemus,</span> 
     </span>
    </p>
   </div>
   <div class='ocr_carea' id='block_1_85' title="bbox 2263 3801 3928 3875">
    <p class='ocr_par' dir='ltr' id='par_1_85' title="bbox 2263 3801 3928 3875">
     <span class='ocr_line' id='line_1_85' title="bbox 2263 3801 3928 3875; baseline -0.001 -18"><span class='ocrx_word' id='word_1_569' title='bbox 2263 3804 2403 3875; x_wconf 90' lang='lat' dir='ltr'>quia</span> <span class='ocrx_word' id='word_1_570' title='bbox 2430 3819 2545 3858; x_wconf 93' lang='lat' dir='ltr'>non</span> <span class='ocrx_word' id='word_1_571' title='bbox 2580 3801 2753 3857; x_wconf 91' lang='lat' dir='ltr'>multi</span> <span class='ocrx_word' id='word_1_572' title='bbox 2805 3805 2965 3870; x_wconf 89' lang='lat' dir='ltr'>sunt,</span> <span class='ocrx_word' id='word_1_573' title='bbox 3001 3802 3102 3874; x_wconf 88' lang='lat' dir='ltr'>qui</span> <span class='ocrx_word' id='word_1_574' title='bbox 3135 3801 3195 3857; x_wconf 91' lang='lat' dir='ltr'>in</span> <span class='ocrx_word' id='word_1_575' title='bbox 3224 3803 3398 3858; x_wconf 88' lang='lat' dir='ltr'>verbo</span> <span class='ocrx_word' id='word_1_576' title='bbox 3441 3802 3543 3858; x_wconf 91' lang='lat' dir='ltr'>Dei</span> <span class='ocrx_word' id='word_1_577' title='bbox 3589 3802 3820 3870; x_wconf 87' lang='lat' dir='ltr'>vivunt,</span> <span class='ocrx_word' id='word_1_578' title='bbox 3869 3804 3928 3856; x_wconf 89' lang='lat' dir='ltr'>et</span> 
     </span>
    </p>
   </div>
   <div class='ocr_carea' id='block_1_86' title="bbox 2264 3888 3927 3963">
    <p class='ocr_par' dir='ltr' id='par_1_86' title="bbox 2264 3888 3927 3963">
     <span class='ocr_line' id='line_1_86' title="bbox 2264 3888 3927 3963; baseline -0.002 -16"><span class='ocrx_word' id='word_1_579' title='bbox 2264 3891 2394 3947; x_wconf 91' lang='lat' dir='ltr'>ideo</span> <span class='ocrx_word' id='word_1_580' title='bbox 2452 3891 2686 3947; x_wconf 88' lang='lat' dir='ltr'>refectio</span> <span class='ocrx_word' id='word_1_581' title='bbox 2745 3890 3006 3963; x_wconf 90' lang='lat' dir='ltr'>corporis</span> <span class='ocrx_word' id='word_1_582' title='bbox 3066 3888 3462 3948; x_wconf 77' lang='lat' dir='ltr'>desideratur!</span> <span class='ocrx_word' id='word_1_583' title='bbox 3525 3890 3688 3946; x_wconf 85' lang='lat' dir='ltr'>Certe</span> <span class='ocrx_word' id='word_1_584' title='bbox 3757 3889 3927 3946; x_wconf 89' lang='lat' dir='ltr'>illius</span> 
     </span>
    </p>
   </div>
   <div class='ocr_carea' id='block_1_87' title="bbox 2261 3977 3852 4054">
    <p class='ocr_par' dir='ltr' id='par_1_87' title="bbox 2261 3977 3852 4054">
     <span class='ocr_line' id='line_1_87' title="bbox 2261 3977 3852 4054; baseline -0.001 -19"><span class='ocrx_word' id='word_1_585' title='bbox 2261 3980 2441 4035; x_wconf 88' lang='lat' dir='ltr'>tridui</span> <span class='ocrx_word' id='word_1_586' title='bbox 2472 3984 2744 4036; x_wconf 92' lang='lat' dir='ltr'>nostrum</span> <span class='ocrx_word' id='word_1_587' title='bbox 2774 3979 2883 4035; x_wconf 92' lang='lat' dir='ltr'>hoc</span> <span class='ocrx_word' id='word_1_588' title='bbox 2912 3978 3193 4052; x_wconf 83' lang='lat' dir='ltr'>postridie</span> <span class='ocrx_word' id='word_1_589' title='bbox 3221 3980 3330 4054; x_wconf 78' lang='grc'>(51)</span> <span class='ocrx_word' id='word_1_590' title='bbox 3350 3977 3705 4035; x_wconf 88' lang='lat' dir='ltr'>laboriosius</span> <span class='ocrx_word' id='word_1_591' title='bbox 3734 3984 3852 4035; x_wconf 87' lang='lat' dir='ltr'>est.</span> 
     </span>
    </p>
   </div>
   <div class='ocr_carea' id='block_1_88' title="bbox 2332 4066 3927 4143">
    <p class='ocr_par' dir='ltr' id='par_1_88' title="bbox 2332 4066 3927 4143">
     <span class='ocr_line' id='line_1_88' title="bbox 2332 4066 3927 4143; baseline -0.001 -20"><span class='ocrx_word' id='word_1_592' title='bbox 2332 4069 2421 4124; x_wconf 85' lang='lat'>92.</span> <span class='ocrx_word' id='word_1_593' title='bbox 2451 4069 2519 4124; x_wconf 92' lang='lat' dir='ltr'>Et</span> <span class='ocrx_word' id='word_1_594' title='bbox 2547 4069 2676 4125; x_wconf 91' lang='lat' dir='ltr'>ideo</span> <span class='ocrx_word' id='word_1_595' title='bbox 2703 4067 2803 4143; x_wconf 89' lang='lat' dir='ltr'>qui</span> <span class='ocrx_word' id='word_1_596' title='bbox 2834 4084 2967 4125; x_wconf 92' lang='lat' dir='ltr'>cum</span> <span class='ocrx_word' id='word_1_597' title='bbox 3002 4068 3206 4125; x_wconf 86' lang='lat' dir='ltr'>avibus</span> <span class='ocrx_word' id='word_1_598' title='bbox 3250 4067 3547 4134; x_wconf 72' lang='lat' dir='ltr'>lusimus,‘</span> <span class='ocrx_word' id='word_1_599' title='bbox 3575 4082 3709 4124; x_wconf 89' lang='lat' dir='ltr'>cum</span> <span class='ocrx_word' id='word_1_600' title='bbox 3764 4066 3927 4141; x_wconf 90' lang='lat' dir='ltr'>gallo</span> 
     </span>
    </p>
   </div>
   <div class='ocr_carea' id='block_1_89' title="bbox 2262 4155 3931 4229">
    <p class='ocr_par' dir='ltr' id='par_1_89' title="bbox 2262 4155 3931 4229">
     <span class='ocr_line' id='line_1_89' title="bbox 2262 4155 3931 4229; baseline -0.002 -16"><span class='ocrx_word' id='word_1_601' title='bbox 2262 4157 2648 4224; x_wconf 89' lang='lat' dir='ltr'>cantavimus,</span> <span class='ocrx_word' id='word_1_602' title='bbox 2696 4158 2823 4229; x_wconf 87' lang='lat' dir='ltr'>jam</span> <span class='ocrx_word' id='word_1_603' title='bbox 2878 4156 3110 4214; x_wconf 90' lang='lat' dir='ltr'>Domini</span> <span class='ocrx_word' id='word_1_604' title='bbox 3167 4171 3448 4213; x_wconf 88' lang='lat' dir='ltr'>canamus</span> <span class='ocrx_word' id='word_1_605' title='bbox 3506 4155 3812 4228; x_wconf 86' lang='lat' dir='ltr'>mysteria,</span> <span class='ocrx_word' id='word_1_606' title='bbox 3871 4158 3931 4211; x_wconf 88' lang='lat' dir='ltr'>et</span> 
     </span>
    </p>
   </div>
   <div class='ocr_carea' id='block_1_90' title="bbox 2262 4242 3927 4318">
    <p class='ocr_par' dir='ltr' id='par_1_90' title="bbox 2262 4242 3927 4318">
     <span class='ocr_line' id='line_1_90' title="bbox 2262 4242 3927 4318; baseline -0.001 -17"><span class='ocrx_word' id='word_1_607' title='bbox 2262 4246 2336 4302; x_wconf 91' lang='lat' dir='ltr'>ad</span> <span class='ocrx_word' id='word_1_608' title='bbox 2386 4263 2597 4318; x_wconf 88' lang='lat' dir='ltr'>corpus</span> <span class='ocrx_word' id='word_1_609' title='bbox 2656 4245 2795 4301; x_wconf 90' lang='lat' dir='ltr'>Jesu</span> <span class='ocrx_word' id='word_1_610' title='bbox 2860 4244 3211 4301; x_wconf 85' lang='lat' dir='ltr'>conveniant</span> <span class='ocrx_word' id='word_1_611' title='bbox 3273 4242 3481 4316; x_wconf 69' lang='lat' dir='ltr'>aquilae</span> <span class='ocrx_word' id='word_1_612' title='bbox 3539 4247 3927 4317; x_wconf 86' lang='lat' dir='ltr'>peccatorum</span> 
     </span>
    </p>
   </div>
   <div class='ocr_carea' id='block_1_91' title="bbox 2263 4330 3926 4406">
    <p class='ocr_par' dir='ltr' id='par_1_91' title="bbox 2263 4330 3926 4406">
     <span class='ocr_line' id='line_1_91' title="bbox 2263 4330 3926 4406; baseline -0.002 -15"><span class='ocrx_word' id='word_1_613' title='bbox 2263 4334 2562 4391; x_wconf 89' lang='lat' dir='ltr'>ablutione</span> <span class='ocrx_word' id='word_1_614' title='bbox 2593 4334 3065 4405; x_wconf 65' lang='lat' dir='ltr'>renovatm;jam</span> <span class='ocrx_word' id='word_1_615' title='bbox 3105 4332 3262 4390; x_wconf 90' lang='lat' dir='ltr'>enim</span> <span class='ocrx_word' id='word_1_616' title='bbox 3308 4337 3471 4389; x_wconf 88' lang='lat' dir='ltr'>cetus</span> <span class='ocrx_word' id='word_1_617' title='bbox 3515 4330 3926 4406; x_wconf 84' lang='lat' dir='ltr'>ille&#39;magnus</span> 
     </span>
    </p>
   </div>
   <div class='ocr_carea' id='block_1_92' title="bbox 2262 4419 3926 4495">
    <p class='ocr_par' dir='ltr' id='par_1_92' title="bbox 2262 4419 3926 4495">
     <span class='ocr_line' id='line_1_92' title="bbox 2262 4419 3926 4495; baseline -0.001 -16"><span class='ocrx_word' id='word_1_618' title='bbox 2262 4440 2461 4479; x_wconf 90' lang='lat' dir='ltr'>verum</span> <span class='ocrx_word' id='word_1_619' title='bbox 2494 4422 2662 4480; x_wconf 89' lang='lat' dir='ltr'>nobis</span> <span class='ocrx_word' id='word_1_620' title='bbox 2690 4422 2902 4479; x_wconf 88' lang='lat' dir='ltr'>Jonam</span> <span class='ocrx_word' id='word_1_621' title='bbox 2930 4421 3186 4479; x_wconf 89' lang='lat' dir='ltr'>reddidit</span> <span class='ocrx_word' id='word_1_622' title='bbox 3219 4439 3233 4478; x_wconf 90' lang='lat'><strong>:</strong></span> <span class='ocrx_word' id='word_1_623' title='bbox 3265 4425 3322 4478; x_wconf 88' lang='lat' dir='ltr'>et</span> <span class='ocrx_word' id='word_1_624' title='bbox 3344 4419 3713 4495; x_wconf 88' lang='lat' dir='ltr'>gratulemur</span> <span class='ocrx_word' id='word_1_625' title='bbox 3763 4420 3926 4494; x_wconf 86' lang='lat' dir='ltr'>quod</span> 
     </span>
    </p>
   </div>
   <div class='ocr_carea' id='block_1_93' title="bbox 503 4508 3924 4597">
    <p class='ocr_par' dir='ltr' id='par_1_93' title="bbox 503 4508 3924 4597">
     <span class='ocr_line' id='line_1_93' title="bbox 503 4508 3924 4597; baseline -0.001 -29"><span class='ocrx_word' id='word_1_626' title='bbox 503 4510 747 4584; x_wconf 89' lang='lat' dir='ltr'>aspiciat</span> <span class='ocrx_word' id='word_1_627' title='bbox 777 4526 791 4565; x_wconf 86' lang='lat'><strong>:</strong></span> <span class='ocrx_word' id='word_1_628' title='bbox 824 4508 977 4567; x_wconf 91' lang='lat' dir='ltr'>oculi</span> <span class='ocrx_word' id='word_1_629' title='bbox 1007 4509 1163 4565; x_wconf 89' lang='lat' dir='ltr'>enim</span> <span class='ocrx_word' id='word_1_630' title='bbox 1195 4508 1427 4565; x_wconf 91' lang='lat' dir='ltr'>Domini</span> <span class='ocrx_word' id='word_1_631' title='bbox 1461 4525 1639 4580; x_wconf 91' lang='lat' dir='ltr'>super</span> <span class='ocrx_word' id='word_1_632' title='bbox 1686 4510 1905 4581; x_wconf 86' lang='lat' dir='ltr'>justos.</span> <span class='ocrx_word' id='word_1_633' title='bbox 1953 4514 2151 4584; x_wconf 84' lang='lat' dir='ltr'>Agno-</span> <span class='ocrx_word' id='word_1_634' title='bbox 2182 4531 2229 4597; x_wconf 83' lang='lat' dir='ltr'><strong>D</strong></span> <span class='ocrx_word' id='word_1_635' title='bbox 2260 4512 2448 4569; x_wconf 87' lang='lat' dir='ltr'>factus</span> <span class='ocrx_word' id='word_1_636' title='bbox 2478 4515 2569 4568; x_wconf 89' lang='lat' dir='ltr'>est</span> <span class='ocrx_word' id='word_1_637' title='bbox 2619 4511 2790 4567; x_wconf 90' lang='lat' dir='ltr'>nobis</span> <span class='ocrx_word' id='word_1_638' title='bbox 2838 4527 3078 4585; x_wconf 90' lang='lat' dir='ltr'>vespere</span> <span class='ocrx_word' id='word_1_639' title='bbox 3121 4508 3249 4567; x_wconf 89' lang='lat' dir='ltr'>dies</span> <span class='ocrx_word' id='word_1_640' title='bbox 3297 4509 3577 4582; x_wconf 89' lang='lat' dir='ltr'>quintus;</span> <span class='ocrx_word' id='word_1_641' title='bbox 3609 4508 3727 4565; x_wconf 77' lang='lat' dir='ltr'>ﬂat‘</span> <span class='ocrx_word' id='word_1_642' title='bbox 3746 4510 3924 4567; x_wconf 86' lang='lat' dir='ltr'>nobis</span> 
     </span>
    </p>
   </div>
   <div class='ocr_carea' id='block_1_94' title="bbox 500 4597 2151 4670">
    <p class='ocr_par' dir='ltr' id='par_1_94' title="bbox 500 4597 2151 4670">
     <span class='ocr_line' id='line_1_94' title="bbox 500 4597 2151 4670; baseline -0.001 -13"><span class='ocrx_word' id='word_1_643' title='bbox 500 4600 582 4657; x_wconf 90' lang='lat' dir='ltr'>vit</span> <span class='ocrx_word' id='word_1_644' title='bbox 609 4599 838 4656; x_wconf 88' lang='lat' dir='ltr'>venisse</span> <span class='ocrx_word' id='word_1_645' title='bbox 869 4597 1212 4664; x_wconf 87' lang='lat' dir='ltr'>remedium,</span> <span class='ocrx_word' id='word_1_646' title='bbox 1246 4601 1378 4669; x_wconf 90' lang='lat' dir='ltr'>post</span> <span class='ocrx_word' id='word_1_647' title='bbox 1425 4599 1582 4670; x_wconf 91' lang='lat' dir='ltr'>quod</span> <span class='ocrx_word' id='word_1_648' title='bbox 1622 4598 1750 4669; x_wconf 87' lang='lat' dir='ltr'>jam</span> <span class='ocrx_word' id='word_1_649' title='bbox 1805 4615 1997 4665; x_wconf 84' lang='lat' dir='ltr'>errare</span> <span class='ocrx_word' id='word_1_650' title='bbox 2035 4618 2151 4657; x_wconf 94' lang='lat' dir='ltr'>non</span> 
     </span>
    </p>
   </div>
   <div class='ocr_carea' id='block_1_95' title="bbox 573 4757 1672 4840">
    <p class='ocr_par' dir='ltr' id='par_1_95' title="bbox 573 4757 1672 4840">
     <span class='ocr_line' id='line_1_95' title="bbox 573 4757 1672 4840; baseline 0 -24"><span class='ocrx_word' id='word_1_651' title='bbox 573 4761 684 4840; x_wconf 56' lang='lat' dir='ltr'>(tl)</span> <span class='ocrx_word' id='word_1_652' title='bbox 716 4762 853 4840; x_wconf 51' lang='lat' dir='ltr'>glas.</span> <span class='ocrx_word' id='word_1_653' title='bbox 888 4757 1437 4840; x_wconf 71' lang='lat' dir='ltr'>aliquot.consuevz_t_</span> <span class='ocrx_word' id='word_1_654' title='bbox 1451 4759 1672 4840; x_wconf 56' lang='lat' dir='ltr'>oﬂgndi.</span> 
     </span>
    </p>
   </div>
   <div class='ocr_carea' id='block_1_96' title="bbox 572 4827 2152 4905">
    <p class='ocr_par' dir='ltr' id='par_1_96' title="bbox 572 4827 2152 4905">
     <span class='ocr_line' id='line_1_96' title="bbox 572 4827 2152 4905; baseline -0.004 -16"><span class='ocrx_word' id='word_1_655' title='bbox 572 4827 684 4905; x_wconf 69' lang='grc'>(48)</span> <span class='ocrx_word' id='word_1_656' title='bbox 716 4832 884 4888; x_wconf 83' lang='lat' dir='ltr'>Rom.</span> <span class='ocrx_word' id='word_1_657' title='bbox 919 4827 1082 4897; x_wconf 89' lang='lat' dir='ltr'>edit.,</span> <span class='ocrx_word' id='word_1_658' title='bbox 1113 4838 1366 4900; x_wconf 79' lang='lat' dir='ltr'>vagatur.</span> <span class='ocrx_word' id='word_1_659' title='bbox 1397 4827 1661 4886; x_wconf 60' lang='lat' dir='ltr'>Ex&quot;Bas.</span> <span class='ocrx_word' id='word_1_660' title='bbox 1720 4830 1963 4900; x_wconf 89' lang='lat' dir='ltr'>scilicet,</span> <span class='ocrx_word' id='word_1_661' title='bbox 1996 4827 2152 4901; x_wconf 90' lang='lat' dir='ltr'>apud</span> 
     </span>
    </p>
   </div>
   <div class='ocr_carea' id='block_1_97' title="bbox 501 4910 1026 4977">
    <p class='ocr_par' dir='ltr' id='par_1_97' title="bbox 501 4910 1026 4977">
     <span class='ocr_line' id='line_1_97' title="bbox 501 4910 1026 4977; baseline -0.006 -15"><span class='ocrx_word' id='word_1_662' title='bbox 501 4921 696 4977; x_wconf 90' lang='lat' dir='ltr'>quem,</span> <span class='ocrx_word' id='word_1_663' title='bbox 730 4910 1026 4977; x_wconf 71' lang='grc' dir='ltr'>ἕπιπρλάζει.</span> 
     </span>
    </p>
   </div>
   <div class='ocr_carea' id='block_1_98' title="bbox 566 4972 2152 5049">
    <p class='ocr_par' dir='ltr' id='par_1_98' title="bbox 566 4972 2152 5049">
     <span class='ocr_line' id='line_1_98' title="bbox 566 4972 2152 5049; baseline -0.003 -18"><span class='ocrx_word' id='word_1_664' title='bbox 566 4972 689 5049; x_wconf 75' lang='grc'>(49)</span> <span class='ocrx_word' id='word_1_665' title='bbox 714 4975 925 5049; x_wconf 80' lang='lat' dir='ltr'>Confer</span> <span class='ocrx_word' id='word_1_666' title='bbox 956 4974 1128 5029; x_wconf 89' lang='lat' dir='ltr'>sodes</span> <span class='ocrx_word' id='word_1_667' title='bbox 1149 4972 1307 5029; x_wconf 85' lang='lat' dir='ltr'>hunc</span> <span class='ocrx_word' id='word_1_668' title='bbox 1336 4973 1529 5029; x_wconf 90' lang='lat' dir='ltr'>locum</span> <span class='ocrx_word' id='word_1_669' title='bbox 1560 4972 1776 5045; x_wconf 81' lang='lat' dir='ltr'>hymno</span> <span class='ocrx_word' id='word_1_670' title='bbox 1806 4972 1923 5028; x_wconf 90' lang='lat' dir='ltr'>diei</span> <span class='ocrx_word' id='word_1_671' title='bbox 1956 4972 2152 5028; x_wconf 90' lang='lat' dir='ltr'>Domi-</span> 
     </span>
    </p>
   </div>
   <div class='ocr_carea' id='block_1_99' title="bbox 501 5045 1013 5105">
    <p class='ocr_par' dir='ltr' id='par_1_99' title="bbox 501 5045 1013 5105">
     <span class='ocr_line' id='line_1_99' title="bbox 501 5045 1013 5105; baseline -0.01 -1"><span class='ocrx_word' id='word_1_672' title='bbox 501 5047 645 5105; x_wconf 74' lang='lat' dir='ltr'>nica:</span> <span class='ocrx_word' id='word_1_673' title='bbox 666 5045 738 5104; x_wconf 83' lang='lat' dir='ltr'>ad</span> <span class='ocrx_word' id='word_1_674' title='bbox 774 5045 1013 5102; x_wconf 87' lang='lat' dir='ltr'>Laudes.</span> 
     </span>
    </p>
   </div>
   <div class='ocr_carea' id='block_1_100' title="bbox 572 5114 2156 5193">
    <p class='ocr_par' dir='ltr' id='par_1_100' title="bbox 572 5114 2156 5193">
     <span class='ocr_line' id='line_1_100' title="bbox 572 5114 2156 5193; baseline -0.003 -18"><span class='ocrx_word' id='word_1_675' title='bbox 572 5120 685 5193; x_wconf 91' lang='grc'>(50)</span> <span class='ocrx_word' id='word_1_676' title='bbox 717 5118 858 5174; x_wconf 89' lang='lat' dir='ltr'>Mss.</span> <span class='ocrx_word' id='word_1_677' title='bbox 892 5115 1116 5187; x_wconf 91' lang='lat' dir='ltr'>aliquot</span> <span class='ocrx_word' id='word_1_678' title='bbox 1138 5119 1201 5171; x_wconf 85' lang='lat' dir='ltr'>et</span> <span class='ocrx_word' id='word_1_679' title='bbox 1228 5115 1365 5184; x_wconf 88' lang='lat' dir='ltr'>edit,</span> <span class='ocrx_word' id='word_1_680' title='bbox 1398 5118 1529 5170; x_wconf 83' lang='lat' dir='ltr'>Am.</span> <span class='ocrx_word' id='word_1_681' title='bbox 1580 5132 1645 5171; x_wconf 90' lang='lat' dir='ltr'>ac</span> <span class='ocrx_word' id='word_1_682' title='bbox 1689 5114 1830 5182; x_wconf 90' lang='lat' dir='ltr'>Pet.,</span> <span class='ocrx_word' id='word_1_683' title='bbox 1872 5116 2156 5171; x_wconf 78' lang='lat' dir='ltr'>nutatione</span> 
     </span>
    </p>
   </div>
   <div class='ocr_carea' id='block_1_101' title="bbox 2263 4601 2841 4658">
    <p class='ocr_par' dir='ltr' id='par_1_101' title="bbox 2263 4601 2841 4658">
     <span class='ocr_line' id='line_1_101' title="bbox 2263 4601 2841 4658; baseline -0.005 0"><span class='ocrx_word' id='word_1_684' title='bbox 2263 4617 2436 4658; x_wconf 91' lang='lat' dir='ltr'>mane</span> <span class='ocrx_word' id='word_1_685' title='bbox 2467 4601 2591 4657; x_wconf 91' lang='lat' dir='ltr'>dies</span> <span class='ocrx_word' id='word_1_686' title='bbox 2622 4603 2841 4657; x_wconf 89' lang='lat' dir='ltr'>sextus.</span> 
     </span>
    </p>
   </div>
   <div class='ocr_carea' id='block_1_102' title="bbox 2263 4760 2559 4818">
    <p class='ocr_par' dir='ltr' id='par_1_102' title="bbox 2263 4760 2559 4818">
     <span class='ocr_line' id='line_1_102' title="bbox 2263 4760 2559 4818; baseline -0.01 0"><span class='ocrx_word' id='word_1_687' title='bbox 2263 4760 2559 4818; x_wconf 79' lang='lat' dir='ltr'>turbatum.</span> 
     </span>
    </p>
   </div>
   <div class='ocr_carea' id='block_1_103' title="bbox 2333 4827 3924 4903">
    <p class='ocr_par' dir='ltr' id='par_1_103' title="bbox 2333 4827 3924 4903">
     <span class='ocr_line' id='line_1_103' title="bbox 2333 4827 3924 4903; baseline -0.003 -16"><span class='ocrx_word' id='word_1_688' title='bbox 2333 4832 2446 4903; x_wconf 79' lang='grc'>(51)</span> <span class='ocrx_word' id='word_1_689' title='bbox 2477 4832 2571 4903; x_wconf 85' lang='lat' dir='ltr'>Sic</span> <span class='ocrx_word' id='word_1_690' title='bbox 2600 4830 2738 4887; x_wconf 88' lang='lat' dir='ltr'>edit.</span> <span class='ocrx_word' id='word_1_691' title='bbox 2786 4844 3013 4899; x_wconf 84' lang='lat' dir='ltr'>omnes,</span> <span class='ocrx_word' id='word_1_692' title='bbox 3042 4832 3102 4886; x_wconf 84' lang='lat' dir='ltr'>et</span> <span class='ocrx_word' id='word_1_693' title='bbox 3126 4827 3410 4903; x_wconf 61' lang='lat' dir='ltr'>nonnulli</span> <span class='ocrx_word' id='word_1_694' title='bbox 3455 4844 3600 4903; x_wconf 72' lang='lat' dir='ltr'>mss.</span> <span class='ocrx_word' id='word_1_695' title='bbox 3633 4830 3709 4885; x_wconf 82' lang='lat' dir='ltr'>At</span> <span class='ocrx_word' id='word_1_696' title='bbox 3727 4828 3924 4903; x_wconf 83' lang='lat' dir='ltr'>rCarn.</span> 
     </span>
    </p>
   </div>
   <div class='ocr_carea' id='block_1_104' title="bbox 2262 4899 3926 4975">
    <p class='ocr_par' dir='ltr' id='par_1_104' title="bbox 2262 4899 3926 4975">
     <span class='ocr_line' id='line_1_104' title="bbox 2262 4899 3926 4975; baseline -0.001 -16"><span class='ocrx_word' id='word_1_697' title='bbox 2262 4899 2432 4975; x_wconf 84' lang='lat' dir='ltr'>Corb.</span> <span class='ocrx_word' id='word_1_698' title='bbox 2458 4902 2569 4959; x_wconf 86' lang='lat' dir='ltr'>Th.</span> <span class='ocrx_word' id='word_1_699' title='bbox 2602 4918 2668 4959; x_wconf 86' lang='lat' dir='ltr'>ac</span> <span class='ocrx_word' id='word_1_700' title='bbox 2698 4904 2845 4975; x_wconf 75' lang='lat' dir='ltr'>Reg.</span> <span class='ocrx_word' id='word_1_701' title='bbox 2867 4909 2991 4975; x_wconf 74' lang='lat' dir='ltr'>post</span> <span class='ocrx_word' id='word_1_702' title='bbox 3010 4900 3371 4975; x_wconf 29' lang='lat' dir='ltr'>pridieLBig.</span> <span class='ocrx_word' id='word_1_703' title='bbox 3405 4902 3465 4975; x_wconf 78' lang='lat' dir='ltr'>et</span> <span class='ocrx_word' id='word_1_704' title='bbox 3493 4899 3683 4975; x_wconf 73' lang='lat' dir='ltr'>Cem.,</span> <span class='ocrx_word' id='word_1_705' title='bbox 3710 4900 3926 4975; x_wconf 79' lang='lat' dir='ltr'>postri-</span> 
     </span>
    </p>
   </div>
   <div class='ocr_carea' id='block_1_105' title="bbox 2262 4970 3924 5043">
    <p class='ocr_par' dir='ltr' id='par_1_105' title="bbox 2262 4970 3924 5043">
     <span class='ocr_line' id='line_1_105' title="bbox 2262 4970 3924 5043; baseline -0.003 -13"><span class='ocrx_word' id='word_1_706' title='bbox 2262 4974 2404 5043; x_wconf 87' lang='lat' dir='ltr'>dui.,</span> <span class='ocrx_word' id='word_1_707' title='bbox 2473 4978 2666 5031; x_wconf 90' lang='lat' dir='ltr'>Germ.</span> <span class='ocrx_word' id='word_1_708' title='bbox 2738 4970 2920 5041; x_wconf 57' lang='lat'>0611):,</span> <span class='ocrx_word' id='word_1_709' title='bbox 2979 4970 3115 5030; x_wconf 78' lang='lat' dir='ltr'>cum</span> <span class='ocrx_word' id='word_1_710' title='bbox 3190 4970 3347 5030; x_wconf 53' lang='lat' dir='ltr'>Vict?</span> <span class='ocrx_word' id='word_1_711' title='bbox 3389 4971 3645 5039; x_wconf 89' lang='lat' dir='ltr'>duobus,</span> <span class='ocrx_word' id='word_1_712' title='bbox 3709 4970 3924 5043; x_wconf 61' lang='lat' dir='ltr'>postri-</span> 
     </span>
    </p>
   </div>
   <div class='ocr_carea' id='block_1_106' title="bbox 2263 5041 3928 5114">
    <p class='ocr_par' dir='ltr' id='par_1_106' title="bbox 2263 5041 3928 5114">
     <span class='ocr_line' id='line_1_106' title="bbox 2263 5041 3928 5114; baseline -0.003 -13"><span class='ocrx_word' id='word_1_713' title='bbox 2263 5041 2452 5102; x_wconf 77' lang='lat' dir='ltr'>duum.</span> <span class='ocrx_word' id='word_1_714' title='bbox 2482 5047 2546 5101; x_wconf 93' lang='lat' dir='ltr'>In</span> <span class='ocrx_word' id='word_1_715' title='bbox 2575 5045 2685 5101; x_wconf 91' lang='lat' dir='ltr'>hac</span> <span class='ocrx_word' id='word_1_716' title='bbox 2715 5050 2911 5102; x_wconf 89' lang='lat' dir='ltr'>autem</span> <span class='ocrx_word' id='word_1_717' title='bbox 2936 5043 3300 5111; x_wconf 79' lang='lat' dir='ltr'>diversitate,</span> <span class='ocrx_word' id='word_1_718' title='bbox 3332 5045 3505 5114; x_wconf 88' lang='lat' dir='ltr'>atque</span> <span class='ocrx_word' id='word_1_719' title='bbox 3524 5041 3928 5114; x_wconf 41' lang='lat' dir='ltr'>{obscuritate</span> 
     </span>
    </p>
   </div>
   <div class='ocr_carea' id='block_1_107' title="bbox 2264 5113 3863 5190">
    <p class='ocr_par' dir='ltr' id='par_1_107' title="bbox 2264 5113 3863 5190">
     <span class='ocr_line' id='line_1_107' title="bbox 2264 5113 3863 5190; baseline 0 -17"><span class='ocrx_word' id='word_1_720' title='bbox 2264 5117 2554 5190; x_wconf 81' lang='lat' dir='ltr'>Optimum</span> <span class='ocrx_word' id='word_1_721' title='bbox 2577 5116 2772 5174; x_wconf 84' lang='lat' dir='ltr'>visum</span> <span class='ocrx_word' id='word_1_722' title='bbox 2800 5120 2890 5174; x_wconf 89' lang='lat' dir='ltr'>est</span> <span class='ocrx_word' id='word_1_723' title='bbox 2917 5133 3035 5173; x_wconf 90' lang='lat' dir='ltr'>non</span> <span class='ocrx_word' id='word_1_724' title='bbox 3065 5116 3331 5173; x_wconf 88' lang='lat' dir='ltr'>recedere</span> <span class='ocrx_word' id='word_1_725' title='bbox 3360 5113 3433 5170; x_wconf 84' lang='lat' dir='ltr'>ab</span> <span class='ocrx_word' id='word_1_726' title='bbox 3462 5113 3599 5171; x_wconf 87' lang='lat' dir='ltr'>edit.</span> <span class='ocrx_word' id='word_1_727' title='bbox 3828 5148 3863 5173; x_wconf 80' lang='lat'><em>.</em></span> 
     </span>
    </p>
   </div>
  </div>
