4084 6188
225 369 336 441 26⁸1

1480 367 2023 445 HEXAEMERON
2067 366 2217 445 LIB.
2257 365 2363 429 VI.

3504 368 3662 463 25s,,

1481 690 1810 777 LIBER
1868 687 2344 775 SEXTUS.

1353 895 1470 956 DE
1530 893 1843 955 OPERE
1901 893 2185 955 SEXTI
2248 892 2483 953 DIE].

558 1186 793 1244 CAPUT
821 1186 1109 1245 PRIMUM
1141 1187 1366 1259 (Sermo
1397 1186 1512 1258 IX).

220 1303 402 1359 Ultimi
440 1302 607 1374 hujus
633 1318 929 1374 sermonis
983 1302 1282 1374 difﬁcultas
1336 1303 1585 1374 exemplo
1636 1310 1856 1358 certan-

280 1375 421 1446 tium
455 1373 519 1446 in
547 1373 693 1430 ludis
717 1374 963 1446 publicis
992 1373 1303 1446 capticatur
1322 1393 1345 1439 ;
1374 1373 1536 1446 atque
1570 1391 1606 1429 a
1668 1390 1857 1446 rerum

276 1443 339 1499 de
364 1444 562 1517 quibus
591 1443 801 1516 agitur,
823 1443 1169 1519 jucundilate
1196 1443 1544 1517 utilitateoue
1579 1445 1855 1502 concilia-

278 1523 367 1571 tur
394 1517 647 1572 attentio.

275 1666 327 1720 1.
357 1665 571 1721 Sextus
598 1664 712 1721 iste
739 1669 831 1722 est
875 1666 1021 1734 dies,
1056 1682 1173 1738 quo
1205 1666 1516 1723 mundanis
1575 1671 1857 1722 creaturis

209 1754 363 1827 origo
390 1753 805 1821 concluditur;
838 1759 898 1811 et
921 1754 1052 1811 ideo
1099 1754 1274 1810 eliam
1323 1754 1614 1811 sermonis
1673 1753 1855 1810 nostri

206 1858 375 1916 quem
406 1844 481 1899 de
500 1859 708 1899 rerum
748 1843 1003 1900 exordiis
1030 1843 1143 1915 (52)
1202 1843 1660 1917 assumpsimus,
1723 1842 1858 1899 ﬁnis

208 1934 462 2003 paratur.
520 1931 627 1996 Qui
659 1932 768 1989 etsi
799 1948 903 2005 per
931 1932 1192 2005 quinque
1239 1933 1367 2004 jam
1407 1933 1532 1990 dies
1589 1948 1705 1989 non
1737 1948 1856 1988 me—

204 2020 381 2076 diocri
412 2019 618 2078 labore
664 2021 836 2076 nobis
893 2020 1279 2093 processerit;
1336 2025 1535 2077 tamen
1573 2020 1858 2077 hodierno

204 2109 315 2177 die,
374 2110 602 2180 majore
659 2125 938 2165 curarum
996 2109 1279 2165 accressit
1326 2109 1543 2176 fenore,
1606 2108 1751 2180 quia
1797 2106 1858 2163 in

204 2197 307 2253 hoc
335 2201 399 2254 et
426 2197 802 2269 superiorum
838 2197 1067 2254 dierum
1092 2196 1418 2270 periculum
1449 2201 1558 2266 est,
1590 2201 1647 2253 et
1677 2197 1859 2253 totius

203 2302 439 2342 summa
480 2286 841 2343 certaminis.
874 2286 1106 2343 Etenim
1128 2285 1189 2342 .si
1216 2286 1279 2341 in
1309 2285 1528 2343 fidibus
1577 2290 1680 2342 aut
1728 2301 1860 2342 can-

200 2375 356 2431 tibus
385 2377 446 2430 et
473 2374 830 2431 athletarum
886 2374 1362 2432 contentionibus
1392 2374 1611 2431 crebris
1640 2373 1776 2430 licet
1803 2377 1861 2429 et

199 2463 475 2520 maximis
503 2462 771 2533 ludicris,
802 2468 1000 2520 tamen
1033 2463 1367 2537 superiores
1396 2464 1523 2519 dies
1578 2463 1707 2519 sine
1737 2462 1858 2520 ullo

1888 1185 1942 1251 Α
1974 1219 2075 1274 per
2104 1219 2307 1258 omnes
2338 1202 2573 1274 quidem
2608 1208 2906 1258 creaturas
2965 1203 3388 1274 providentiam
3444 1221 3620 1278 pene-

1965 1294 2117 1345 trare
2169 1290 2447 1357 divinam,
2482 1291 2578 1345 sed
2614 1307 2744 1344 cum
2795 1290 3018 1345 caeteris
3078 1291 3245 1347 vobis
3307 1310 3623 1351 commune

1966 1395 2248 1450 corporea:
2280 1378 2611 1452 fragilitatis
2643 1397 2771 1435 esse
2806 1380 3192 1447 consortium,
3227 1399 3341 1453 pra:
3390 1381 3631 1440 caeteris

1963 1469 2160 1521 tamen
2191 1484 2292 1524 vos
2324 1466 2505 1522 animi
2537 1467 2749 1523 virtute
2781 1473 3070 1538 constare,
3132 1485 3257 1540 quae
3290 1470 3414 1526 sola
3471 1472 3620 1529 nihil

1966 1554 2142 1611 habet
2174 1572 2483 1612 commune
2512 1573 2643 1611 cum
2678 1556 2919 1612 caeteris.

2634 1645 2867 1700 CAPUT
2900 1644 2967 1700 Il.

1966 1732 2044 1787 Ad
2078 1733 2426 1788 tractandum
2455 1733 2520 1789 de
2548 1733 2844 1789 bestiarum
2873 1743 3077 1790 natura
3105 1734 3416 1792 Ambrosius
3470 1756 3623 1796 acce-

2036 1804 2152 1859 dit:
2189 1806 2535 1874 Scripturam
2564 1807 2888 1876 simpliciter
2906 1808 3277 1877 accipiendam
3293 1809 3440 1865 docet
3458 1827 3477 1864 :
3514 1813 3624 1865 ins-

2038 1877 2188 1950 tituit
2215 1878 2304 1930 sui
2331 1892 2456 1950 cum
2482 1893 2720 1947 paupere
2747 1879 2971 1950 conviva
3002 1881 3496 1950 comparationem:
3526 1898 3624 1936 cu-

2037 1948 2214 2023 riosas
2259 1949 2582 2023 quaestiones
2609 1948 2898 2023 fugiendas
2950 1948 3179 2017 monet,-
3226 1966 3454 2023 eamquc
3506 1968 3625 2008 rem

2040 2018 2237 2087 Moysis
2266 2019 2515 2090 exemplo
2545 2020 2852 2089 conﬁrmat.

2037 2106 2090 2159 3.
2125 2105 2290 2161 Nunc
2320 2122 2446 2177 age,
2481 2111 2722 2162 naturas
2746 2106 3070 2163 bestiarum
3103 2109 3392 2178 dicamus,
3424 2115 3483 2168 et
3514 2110 3621 2169 ho-

1968 2192 2143 2249 minis
2173 2195 2628 2267 generationem.
2689 2197 2876 2251 Audio
2908 2197 3065 2253 enim
3113 2199 3472 2269 jamdudum
3509 2200 3624 2257 ali-

1967 2298 2114 2352 quos
2145 2282 2516 2339 insusurrare
2540 2284 2841 2352 dicentes;
2878 2286 3148 2350 Quandiu
3203 2287 3393 2345 aliena
3448 2288 3623 2346 disci-

1970 2387 2122 2438 mus,
2170 2375 2228 2426 et
2278 2376 2479 2427 nostra
2530 2372 2875 2428 nescimus?
2924 2375 3193 2438 Quandiu
3246 2377 3317 2431 de
3377 2376 3623 2450 reliquis

1969 2459 2371 2515 animantibus
2402 2460 2679 2515 docemur
2733 2462 3058 2525 scientiam,
3117 2469 3175 2519 et
3230 2467 3626 2538 nosmetipsos

196 2569 422 2609 coronis
450 2553 861 2624 transiguntur
888 2553 1217 2625 dispendio,
1268 2556 1604 2624 postremus
1661 2556 1857 2608 autem
1889 2553 1935 2617 Β
1966 2547 2307 2619 ignoramus
2327 2548 2355 2603 ‘l
2386 2547 2532 2603 Illud
2560 2549 2716 2604 dicat
2746 2551 2901 2620 quod
2934 2551 3079 2606 mihi
3110 2554 3314 2623 prosit,
3349 2556 3503 2611 unde
3529 2572 3624 2612 me

200 2639 325 2696 dies
357 2640 536 2696 habet
565 2644 783 2697 sortem
814 2652 1058 2709 coronas,
1104 2640 1164 2696 in
1222 2657 1342 2712 quo
1398 2644 1456 2695 et
1510 2641 1858 2696 decernendi

196 2728 525 2801 periculum
555 2732 669 2796 est,
697 2734 753 2785 et
782 2729 1027 2786 cedendi
1055 2728 1460 2803 opprobrium,
1497 2733 1558 2784 et
1585 2729 1858 2785 vincendi

200 2816 534 2889 praemium.
566 2817 793 2881 Quanto
824 2818 1014 2890 magis
1053 2817 1114 2873 in
1169 2817 1281 2873 hoc
1337 2821 1501 2873 tanto
1532 2833 1716 2890 agone
1761 2834 1859 2873 sa-

202 2906 455 2978 pientiai,
489 2909 653 2962 tanto
686 2921 799 2961 non
829 2921 1149 2978 paucorum
1193 2905 1294 2961 sed
1325 2904 1731 2962 universorum
1754 2907 1859 2976 ju-

198 2993 375 3063 dicio,
410 3010 548 3051 cum
572 2994 753 3051 hodie
778 2995 948 3051 nobis
980 2993 1143 3051 velut
1196 2994 1468 3067 quaedam
1518 2993 1859 3051 certaminis

199 3098 416 3139 corona
454 3083 755 3155 procedat,
806 3084 995 3154 major
1050 3082 1388 3139 sollicitudo
1440 3082 1642 3157 angit;
1697 3098 1770 3139 ne
1801 3088 1860 3139 et

196 3172 575 3244 superiorum
608 3171 983 3227 ell‘undamus
1033 3170 1292 3227 laborem
1325 3171 1577 3237 dierum,
1605 3175 1663 3227 et
1714 3189 1856 3245 prm-

197 3260 390 3315 sentis
416 3260 741 3317 subeamus
770 3260 1077 3331 pudorem.
1101 3260 1301 3330 Neque
1328 3258 1484 3316 enim
1515 3260 1719 3317 eadem
1769 3261 1856 3316 di-

197 3348 367 3405 cendi
399 3348 678 3420 conditio,
710 3365 838 3421 quis
868 3348 1114 3404 canendi
1165 3351 1340 3420 atque
1396 3347 1688 3417 luctandi;
1720 3366 1857 3407 cum

198 3436 259 3492 in
288 3436 413 3494 illis
438 3436 623 3493 ludus
650 3437 1009 3506 offensionis,
1034 3437 1094 3492 in
1119 3437 1232 3492 isto
1263 3436 1467 3509 lapsus
1505 3438 1585 3493 sit
1628 3439 1854 3497 mortis.

198 3523 322 3580 Illic
343 3524 399 3581 si
427 3541 654 3598 pecces,
686 3525 1077 3598 spectantium
1119 3524 1424 3581 fastidium
1455 3529 1583 3581 est:
1614 3526 1710 3581 hic
1762 3529 1859 3584 da-

197 3630 409 3669 mnum
428 3618 523 3670 est
537 3613 927 3670 audientium.

267 3706 323 3757 2.
352 3702 628 3759 Assistite
660 3701 842 3775 igitur
859 3700 1005 3757 mihi
1027 3705 1313 3773 tanquam
1332 3718 1583 3768 coronis,
1600 3702 1854 3773 judices,

195 3795 257 3844 et
278 3789 661 3863 ingredimini
692 3806 921 3846 mecum
965 3790 1024 3845 in
1056 3790 1165 3846 hoc
1197 3805 1484 3863 magnum
1514 3795 1571 3846 et
1600 3790 1856 3847 admira-

194 3877 312 3978 bile
338 3878 526 3983 totius
548 3878 799 3983 visibilis
818 3878 1118 3983 theatrum
1138 3882 1433 3983 creaturis.
1466 3878 1690 3983 Etenim
1721 3880 1772 3937 si
1803 3880 1855 3936 is
1886 3916 1929 3983 ρ

193 3968 296 4039 qui
323 3968 591 4041 explorat
616 3984 904 4024 novorum
930 3968 1215 4024 adventus
1243 3967 1568 4039 hospitum,
1602 3972 1724 4024 toto
1755 3986 1856 4027 eos

192 4054 585 4112 circumducit
639 4056 805 4112 urbis
846 4055 1099 4124 ambitu,
1156 4056 1565 4128 praestantiora
1610 4074 1856 4131 qumque

191 4152 371 4214 opera
395 4144 832 4212 demonstrans,
867 4160 985 4200 non
1013 4143 1367 4201 mediocrem
1399 4142 1557 4201 locat
1577 4146 1852 4219 gratiam;

194 4236 412 4302 quanto
442 4232 637 4304 magis
666 4233 793 4289 sine
841 4231 1087 4289 fastidio
1110 4232 1382 4305 accipere
1424 4233 1669 4305 debetis,
1701 4236 1857 4307 quod

195 4318 351 4375 velut
376 4321 639 4393 quadam
671 4321 961 4378 sermonis
991 4337 1172 4378 manu
1194 4336 1300 4394 per
1313 4320 1467 4378 hanc
1482 4338 1856 4389 communem

206 4422 308 4464 vos
335 4409 720 4465 circumduce
768 4412 909 4466 ‘lu
938 4410 1190 4482 patriam
1221 4409 1357 4482 (53),
1388 4415 1447 4466 et
1491 4410 1856 4485 singularum

189 4511 383 4554 rerum
412 4496 641 4570 species
686 4502 743 4553 et
796 4514 1013 4571 genera
1049 4499 1411 4567 demonstro,
1470 4515 1540 4557 ex
1584 4500 1858 4558 omnibus

192 4584 461 4659 colligere
489 4586 764 4659 cupiens,
797 4591 1017 4659 quanto
1046 4587 1221 4643 vobis:
1259 4587 1499 4644 Greater
1549 4588 1857 4646 universo-

192 4687 322 4729 rum
353 4675 604 4746 gratiam
623 4674 976 4742 uberiorem,
1009 4691 1191 4747 quam
1212 4676 1504 4733 universis
1525 4677 1852 4756 donaverit.

190 4759 366 4818 Vobis
415 4762 602 4835 igitur
651 4762 777 4819 haec
823 4780 1039 4820 corona
1093 4764 1457 4837 proponitur,
1517 4781 1621 4822 vos
1677 4765 1857 4829 hodie

188 4851 361 4921 cupio
388 4854 585 4908 vestro
608 4851 833 4921 judicio
863 4868 1162 4909 coronare.
1197 4852 1337 4909 Non
1359 4853 1517 4909 enim
1549 4869 1657 4910 nos
1678 4853 1858 4913 athla.

187 4941 386 4995 tarum
417 4940 603 4996 modo
648 4940 974 4997 marcentia
990 4944 1167 4997 serta:
1187 4940 1580 5013 deposcimus,
1613 4942 1714 4998 sed
1765 4943 1853 4998 vi-

187 5026 310 5083 ride
355 5033 561 5086 vestra;
621 5028 971 5086 sanctitatis
1012 5043 1297 5097 examen;
1352 5046 1468 5102 quo
1524 5030 1852 5088 decernetis

257 5170 376 5242 (52)
434 5171 579 5227 Tres
611 5188 758 5227 mss.
793 5171 859 5228 de
886 5172 1104 5228 dierum
1126 5172 1385 5229 eaordiis.

261 5242 382 5312 (53)
441 5242 586 5299 Mss.
631 5244 842 5326 .Carn.,
901 5243 1094 5326 Corb.,
1167 5244 1276 5328 'l‘h.
1335 5260 1404 5327 ac
1462 5243 1698 5328 Regius,
1757 5262 1858 5317 per

188 5309 801 5387 hanc‘cammunionem
829 5309 920 5371 nos
950 5309 1294 5387 circumduce
1321 5317 1388 5387 in
1404 5309 1671 5386 patriam.

189 5450 202 5462 .
225 5383 368 5462 ,(5ε)
395 5383 553 5440 Edit.
576 5400 802 5462 omnes,
820 5388 1065 5458 quaestio.
1090 5384 1235 5443 Mss.
1251 5383 1491 5455 rectius,
1511 5388 1844 5459 conquestio,

186 5452 245 5507 id
275 5452 369 5511 est
400 5455 662 5512 querela.

248 5525 489 5600 [Salia
517 5543 665 5600 mss.
697 5526 893 5600 plures
920 5528 1318 5600 potioresque.
1350 5525 1462 5581 Alii
1511 5543 1645 5583 cum
1704 5527 1842 5585 edit.

180 5596 229 5674 ᾳ
520 5592 1028 5674 terrae-secundum
1056 5592 1261 5674 genus,
1306 5603 1358 5654 et
1408 5614 1608 5674 pecora
1658 5615 1846 5674 secun-

178 5662 311 5729 dum
340 5662 535 5744 ocnus,
564 5678 616 5730 et
646 5668 897 5748 repentis
923 5662 1091 5734 terra"
1116 5668 1189 5731 ad
1229 5662 1427 5746 ocnus;
1468 5669 1652 5750 Rom.
1700 5669 1843 5737 edit.

1968 2636 2163 2707 ipsum
2196 2637 2474 2691 noverim.
2499 2637 2755 2706 Etjusta
2785 2642 2875 2693 est
2932 2642 3275 2711 conquestio
3306 2643 3457 2712 (54):
3519 2645 3621 2701 sed

1968 2724 2108 2778 ordo
2126 2724 2448 2779 servandus
2464 2729 2551 2780 est
2568 2742 2743 2797 quem
2768 2726 3068 2799 Scriptura
3082 2730 3378 2785 contexuit
3400 2749 3414 2800 ;
3439 2731 3621 2788 simul

1969 2810 2108 2883 quia
2137 2828 2252 2867 non
2286 2829 2601 2883 possumus
2633 2814 2863 2886 plenius
2909 2833 3014 2872 nos
3073 2833 3443 2890 cognoscere,
3506 2819 3621 2875 nisi

1968 2899 2133 2971 prius
2164 2916 2291 2971 quas
2324 2901 2400 2956 sit
2431 2902 2697 2958 omnium
2729 2908 2939 2960 natura
2966 2906 3357 2964 animantium
3407 2925 3620 2982 cogno-

1967 3004 2246 3044 verImus.

2037 3078 2090 3131 4.
2123 3077 2420 3147 Producat,
2474 3080 2685 3152 inquit,
2721 3086 2869 3137 terra
2924 3085 3167 3140 animam
3229 3087 3497 3142 viventem
3535 3103 3620 3144 se-

1964 3164 2206 3220 cundum
2234 3183 2421 3237 genus,
2454 3169 2844 3241 quadrupedes,
2879 3176 2929 3226 et
2970 3182 3260 3243 serpentes,
3315 3178 3365 3229 et
3421 3175 3621 3232 bestias

1966 3258 2145 3322 terrae,
2204 3260 2255 3311 et
2302 3273 2500 3327 pecora
2558 3259 2854 3314 secundum
2906 3278 3078 3332 genus
3132 3264 3265 3334 (55),
3324 3268 3375 3319 et
3431 3266 3619 3321 omnia

1964 3345 2208 3414 reptilia.
2268 3346 2327 3400 Et
2354 3347 2485 3415 fecit
2512 3348 2649 3403 Deus
2696 3348 2892 3405 bestias
2938 3354 3124 3420 terrae,
3178 3360 3231 3406 et
3285 3355 3471 3409 omnia
3525 3369 3619 3425 pe-

1964 3448 2092 3488 cora
2138 3432 2207 3488 ad
2233 3449 2423 3503 genus,
2454 3443 2505 3491 et
2531 3438 2717 3491 omnia
2744 3440 2992 3508 repentia
3020 3448 3187 3498 terra?
3210 3440 3279 3495 ad
3307 3457 3499 3512 genus.
3551 3444 3617 3498 Et

1963 3521 2101 3576 vidit
2142 3526 2283 3577 Deus
2312 3524 2445 3594 quia
2505 3525 2664 3591 bona,
2696 3534 2746 3580 et
2774 3526 2920 3582 dicit
2963 3529 3139 3585 Deus:
3198 3532 3471 3601 faciamus
3512 3531 3619 3586 -h0-

1962 3611 2170 3665 minem
2199 3610 2350 3681 (Gen.
2384 3629 2424 3681 ι,
2455 3614 2548 3678 2ίι,
2577 3614 2670 3681 25,
2703 3615 2815 3685 26).
2876 3616 2994 3672 Hoc
3052 3617 3176 3675 loco
3237 3635 3351 3675 non
3411 3619 3616 3691 ignoro

1964 3698 2251 3769 quosdam
2275 3700 2592 3756 bestiarum
2622 3705 2679 3756 et
2699 3717 2976 3772 pecorum
2995 3708 3049 3759 et
3074 3706 3433 3776 serpentium
3450 3711 3617 3763 terra

1965 3785 2188 3858 species
2219 3786 2330 3842 alio
2347 3787 2616 3844 retulisse
2644 3806 2657 3856 ;
2690 3790 2827 3846 115
2882 3795 2945 3845 ut
2978 3790 3095 3847 haec
3119 3795 3188 3847 ad
3216 3794 3616 3851 immanitates

1966 3874 2302 3941 criminum,
2333 3876 2647 3933 stultitiam
2678 3882 3072 3949 peccatorum,
3105 3882 3425 3952 nequitiam
3457 3883 3616 3954 cogi-

1966 3963 2257 4019 tationum
2289 3965 2567 4021 referrent
2594 3984 2607 4021 :
2637 3982 2741 4037 ego
2771 3971 2966 4023 autem
3026 3967 3320 4041 simplices
3373 3973 3614 4027 naturas

1964 4052 2429 4125 uniuscujusque
2450 4053 2678 4126 generis
2710 4055 2949 4127 accipio.

2034 4143 2089 4197 5.
2121 4142 2235 4197 Nec
2258 4158 2457 4198 vereor
2494 4159 2566 4197 ne
2595 4143 2729 4214 quis
2759 4160 2851 4199 me
2882 4144 3158 4216 pauperis
3189 4146 3436 4203 convivas
3468 4163 3613 4219 pras-

1966 4230 2286 4302 sumptioni
2314 4231 2725 4287 conferendum
2760 4236 2945 4303 putet,
2983 4233 3083 4305 qui
3114 4233 3308 4290 studio
3338 4234 3612 4293 humani-

1965 4318 2103 4374 tatis
2134 4318 2466 4391 complures
2495 4325 2679 4393 roget,
2715 4337 2818 4376 nec
2850 4321 2942 4378 his
2973 4322 3295 4394 quidquam
3322 4324 3434 4380 nisi
3467 4323 3613 4381 viles

1966 4411 2022 4461 et
2052 4407 2300 4464 usitatos
2324 4413 2579 4480 apponat
2608 4408 2788 4475 cibos,
2822 4414 2879 4464 et
2908 4410 3068 4466 tenui
3096 4427 3309 4467 mensae
3336 4413 3612 4485 pauperis

1966 4501 2245 4567 apparatu
2279 4496 2411 4567 plus
2452 4496 2922 4568 reprehensionis
2972 4498 3234 4555 incurrat
3261 4518 3332 4556 ex
3380 4501 3615 4558 fastidio

1965 4584 2361 4652 convivarum,
2395 4600 2572 4656 quam
2604 4586 2794 4657 gratia
2824 4589 3035 4641 relerat
3065 4604 3133 4643 ex
3191 4588 3615 4662 hospitalitatis

1964 4673 2193 4729 affectu.
2247 4674 2361 4729 Nec
2390 4673 2548 4729 enim
2608 4674 2879 4730 Elisaeum
2938 4676 3110 4732 amici
3168 4678 3337 4749 quasi
3395 4677 3615 4734 malum

1964 4763 2263 4817 convivam
2316 4762 2571 4834 agrestia
2625 4768 3013 4835 opponentem
3072 4765 3230 4822 olera
3285 4766 3615 4821 refutarunt

1964 4851 2054 4921 (IV
2099 4852 2226 4919 Reg.
2285 4867 2362 4918 1v,
2417 4852 2527 4921 44).
2587 4851 2790 4907 Simile
2842 4853 3011 4909 vanis
3062 4853 3442 4909 relationibus
3496 4852 3609 4923 (56)

1963 4938 2320 5009 exquisitum
2362 4938 2506 4994 illud
2537 4943 2594 4994 et
2625 4944 2964 4996 accuratum
2998 4941 3235 5013 opipare
3283 4939 3610 4995 convivium
3708 4988 3713 4995 .

1962 5032 2071 5094 est,
2103 5027 2161 5081 in
2195 5044 2310 5098 quo
2342 5026 2611 5099 phasiani
2637 5034 2739 5084 aut
2761 5029 3007 5085 turturis
3026 5028 3249 5100 species
3274 5027 3607 5099 apponitur,

1961 5168 2258 5225 secundum
2286 5185 2476 5240 genus.
2511 5170 2641 5226 Haec
2678 5170 2853 5227 etiam
2912 5169 3074 5224 addit
3127 5167 3269 5235 sola,
3301 5177 3352 5224 et
3403 5171 3611 5241 factum

1960 5250 2038 5296 est
2066 5243 2164 5296 sic.
3476 5244 3483 5247 ’

2035 5313 2166 5383 (56).
2203 5311 2370 5368 Rom.
2399 5312 2562 5382 edit,
2615 5313 2787 5384 uariis
2824 5311 3200 5384 relationibus.
3232 5310 3358 5368 Vet.
3391 5328 3457 5367 ac
3489 5311 3610 5384 ple-

1959 5382 2135 5455 rique
2161 5399 2328 5448 mss.,
2377 5386 2536 5438 vanis
2567 5382 2946 5455 relationibus.
3001 5384 3091 5455 At.
3153 5382 3314 5455 Ben,
3375 5382 3505 5440 Car.
3553 5388 3614 5441 et

1955 5453 2175 5521 (Επεὶ-τη..
2207 5456 2367 5509 vanis
2396 5453 2834 5525 refutationibus.
2882 5453 3018 5508 Ben.
3080 5454 3230 5509 inter
3286 5453 3493 5520 lineas,
3553 5456 3611 5513 id

1952 5535 2028 5583 est
2059 5526 2439 5598 relationibus.
2476 5524 2559 5579 Ibi
2591 5527 2787 5578 tamen
2836 5540 2945 5598 vox
2995 5527 3256 5598 refutatio
3306 5526 3608 5586 fastidium

1954 5594 2581 5672 signiﬁcareyidetur;
2615 5610 2752 5650 nam
2798 5594 3065 5655 refutare
3101 5597 3397 5661 interdum
3451 5599 3612 5664 idem

1951 5637 2581 5732 agitasazaas‘a‘a
2604 5637 2898 5747 ὧὶἶιιὲἕὲζ
