4084 6188
434 382 555 448 259

433 608 491 660 et
519 603 729 659 ostreis
767 606 854 658 est
887 601 1090 666 fartus,
1124 604 1225 656 aut
1273 598 1610 671 spondylis;
1646 601 1747 654 aut
1804 595 2079 669 poculum

432 691 654 748 bibitur
674 692 827 764 quod
861 690 1088 746 diverso
1119 689 1310 745 colore
1342 695 1516 759 atque
1547 688 1721 743 odore
1752 686 1810 741 in
1860 685 2080 741 alienos

432 784 696 837 mutetur
724 796 978 852 sapores.
1015 777 1303 833 Maritima
1343 777 1607 844 terrenis,
1668 780 1897 831 terrena
1956 792 2078 830 ma-

432 869 648 926 ritimis
706 868 1048 925 farciuntur.
1100 866 1218 921 Hoc
1274 871 1363 921 est
1409 865 1831 937 reprehendere
1890 864 2077 936 provi-

434 958 689 1015 dentiam
721 954 1031 1022 Creatoris,
1093 954 1193 1026 qui
1252 954 1421 1010 nobis
1479 954 1549 1009 ad
1606 952 1823 1008 victum
1882 953 2081 1008 omnia

431 1045 686 1112 donavit,
720 1044 873 1116 quod
908 1060 1020 1098 non
1055 1041 1155 1097 illa
1184 1042 1485 1097 miscuerit
1516 1060 1529 1097 ε
1578 1042 1678 1098 sed
1735 1042 1856 1096 haec
1888 1040 2082 1096 dulcia

430 1135 620 1208 primo
666 1132 956 1199 videntur,
990 1134 1047 1187 et
1075 1137 1278 1203 postea
1307 1131 1454 1186 fiunt
1480 1148 1698 1186 amara.
1749 1130 1870 1193 Quo
1923 1129 2079 1186 enim

429 1221 716 1295 copiosior
744 1221 919 1276 fuerit
949 1219 1229 1288 luxuries,
1280 1236 1346 1275 eo
1378 1218 1757 1291 perniciosior
1794 1218 2080 1290 intempe-

428 1310 619 1366 rantia
676 1314 782 1365 est.
836 1308 1075 1365 Elisceus
1123 1311 1317 1364 autem
1370 1324 1571 1363 amara
1625 1306 1915 1379 apposuit,
1976 1307 2076 1361 sed

429 1403 633 1472 postea
663 1399 815 1454 facta
845 1403 987 1453 sunt
1012 1396 1223 1453 dulcia.
1259 1396 1520 1469 Denique
1553 1395 1651 1468 qui
1683 1399 1817 1451 ante
1863 1395 1921 1449 in
1980 1394 2078 1450 illo

428 1488 557 1544 cibo
590 1492 837 1544 mortem
871 1486 1177 1559 putabant,
1211 1489 1413 1558 postea
1444 1486 1502 1540 in
1535 1502 1601 1541 eo
1660 1483 1966 1540 suavitatis
2022 1488 2080 1539 et

427 1576 556 1633 vita
577 1576 825 1651 gratiam
858 1579 999 1631 sunt
1029 1574 1240 1647 adepti.

495 1668 550 1721 6.
579 1666 779 1738 Neque
809 1681 1014 1720 rursus
1050 1662 1324 1719 fornidini
1374 1666 1480 1728 est,
1515 1678 1586 1717 ne
1633 1660 1829 1734 plures
1884 1660 2081 1717 videar

424 1753 726 1819 invitasse,
760 1769 938 1824 quam
971 1768 1217 1824 possum
1249 1767 1508 1823 pascere,
1567 1755 1623 1805 et
1677 1750 1841 1805 vobis
1899 1767 2079 1821 panes

425 1842 699 1898 deficiant
729 1841 1040 1897 verborum
1074 1857 1339 1896 meorum
1366 1858 1379 1907 ;
1415 1839 1554 1911 quia
1584 1844 1641 1894 et
1669 1837 1911 1894 Elisaaus
1941 1844 1997 1894 et
2027 1852 2083 1906 si

425 1929 631 1986 merito
691 1929 1058 1985 inimitabilis
1118 1928 1285 1984 nobis
1340 1927 1661 1982 imitandus
1745 1927 1879 1994 ﬁde,
1963 1944 2077 1984 non

422 2017 811 2074 consideravit
841 2021 1093 2091 quantas
1129 2034 1309 2089 panes
1339 2016 1597 2081 haberet,
1633 2016 1733 2070 sed
1766 2032 1915 2087 quos
1974 2016 2078 2071 ha-

421 2107 584 2163 beret
614 2106 873 2162 dividere
903 2106 1177 2162 omnibus
1206 2104 1407 2172 voluit,
1431 2109 1486 2159 et
1508 2104 1775 2159 sufﬁcere
1802 2104 2078 2160 omnibus

415 2194 717 2265 judicavit.
753 2195 959 2267 Itaque
986 2195 1184 2249 decem
1226 2209 1406 2264 panes
1437 2192 1548 2264 (57)
1582 2191 1931 2248 hordeaceos
1989 2192 2075 2246 di-

427 2282 626 2338 videre
650 2283 705 2338 in
740 2282 969 2355 plebem
992 2281 1174 2353 jussit
1201 2282 1470 2336 ministro
1492 2280 1652 2351 (Ibid.
1687 2280 1798 2351 42).
1832 2280 1899 2334 Et
1934 2280 2079 2335 dixit

423 2371 696 2427 minister
722 2390 734 2427 :
799 2371 942 2441 Quid
971 2371 1109 2426 dabo
1138 2372 1236 2426 hoc
1269 2373 1330 2425 in
1359 2372 1642 2441 conspectu
1670 2376 1889 2424 centum
1929 2371 2074 2424 viro-

421 2476 544 2515 rum
578 2463 604 2513 ?
633 2460 698 2514 Et
729 2458 1051 2532 respondit.
1086 2459 1163 2513 Da
1194 2463 1243 2513 et
1274 2457 1619 2523 manducent,
1653 2459 1913 2528 quoniam
1958 2458 2077 2514 haec

421 2547 557 2602 dicit
589 2550 858 2603 Dominus
887 2564 899 2600 :
933 2545 1338 2601 Manducabunt
1367 2550 1417 2600 et
1439 2546 1748 2616 relinquent
1779 2545 1936 2618 (Ibid.
1965 2546 2074 2617 t3.)

422 2635 591 2691 Fides
652 2634 834 2708 igitur
916 2638 1109 2690 vestra
1164 2634 1335 2690 faciet
1395 2634 1694 2690 abundare
1800 2635 2074 2706 pauperis

421 2721 633 2796 linguas
663 2723 1015 2779 convivium.
1047 2723 1160 2778 Nec
1176 2740 1394 2793 vereor,
1420 2740 1525 2779 nec
1552 2724 1777 2795 jejunia
1806 2740 1906 2779 vos
1936 2724 2074 2780 eda-

421 2810 609 2867 ciores
669 2811 924 2878 faciant;
979 2812 1297 2882 quominus
1354 2801 1577 2883 repleti,
1639 2816 1695 2867 et
1752 2812 2072 2868 esurientes

422 2915 488 2953 ac
522 2898 690 2954 vacui
718 2899 1111 2969 revertamini,
1144 2899 1284 2971 quia
1313 2899 1591 2970 scriptum
1625 2903 1741 2955 est:
1778 2900 2072 2971 Conﬁrmat

427 2988 596 3055 iustos
651 2988 936 3051 Dominus,
987 2996 1038 3042 et
1106 2988 1163 3041 in
1221 2987 1410 3042 diebus
1455 2990 1623 3058 famis
1679 2989 2073 3045 saturabuntur

423 3073 592 3143 (Psal.
624 3091 812 3141 xxxv1,
848 3076 915 3128 17
943 3083 993 3129 et
1025 3075 1134 3146 49).
1170 3073 1350 3130 Multo
1389 3075 1694 3147 pulchrius
1712 3082 1801 3133 est
1832 3076 2071 3133 hordea-

422 3176 554 3216 ceos
586 3177 764 3233 panes
790 3179 904 3218 non
935 3163 1295 3230 erubescere,
1329 3169 1386 3219 et
1415 3181 1703 3237 apponere
1757 3167 1911 3238 quod
1970 3166 2070 3223 ha-

423 3249 583 3313 beas,
617 3267 794 3322 quam
829 3267 1058 3323 negare.
1095 3251 1335 3308 Elismus
1366 3235 1469 3325 qui
1496 3235 1608 3308 sibi
1641 3235 1791 3309 nihil
1810 3254 2062 3327 reliquit,
2097 3235 2139 3301 δ

426 3337 660 3410 populis
692 3339 1030 3394 abundavit.
1065 3338 1308 3397 Elisaaus
1337 3357 1472 3413 ergo
1502 3341 1854 3399 hordeaceos
1893 3361 2070 3416 panes

421 3442 536 3481 non
567 3427 802 3483 erubuit
830 3444 1158 3501 apponere;
1193 3446 1300 3485 nos
1330 3430 1730 3486 erubescimus
1775 3432 2070 3504 simplices

419 3513 743 3587 intelligere
760 3522 1077 3583 creaturas,
1111 3535 1237 3590 qua:
1269 3518 1638 3591 simplicibus
1661 3521 1859 3576 etsuis
1881 3521 2069 3578 decla-

419 3607 628 3659 rantur
657 3604 959 3661 vocabulis
990 3604 1003 3661 l
1037 3605 1258 3662 Caelum
1280 3607 1553 3680 legimus,
1585 3608 1794 3664 ccelum
1823 3609 2069 3682 accipia-

419 3707 554 3747 mus
587 3708 600 3760 ;
634 3696 849 3748 terram
891 3693 1163 3767 legimus,
1197 3699 1413 3752 terram
1448 3696 1848 3770 intelligamus
1884 3697 2070 3772 frugi-

422 3778 663 3835 feram.’

489 3871 543 3924 7.
578 3868 728 3933 Quid
761 3869 904 3926 mihi
936 3888 1197 3944 qumrere
1228 3890 1354 3945 qua;
1385 3874 1462 3929 sit
1491 3875 1621 3946 ejus
1650 3892 1927 3931 mensura
1957 3876 2067 3931 cir-

419 3957 633 4026 cuitus,
669 3975 850 4030 quam
877 3966 1182 4031 geometrae
1206 3966 1441 4018 centum
1469 3962 1764 4034 octoginta
1807 3962 2070 4020 millibus

417 4045 745 4101 stadiorum
770 4048 1254 4105 aestimaverunt?
1286 4051 1559 4107 Libenter
1588 4051 1772 4108 fateor
1826 4069 1918 4108 mc
1971 4070 2068 4109 ne-

415 4132 564 4187 scire
597 4134 752 4206 quod
787 4135 1003 4205 nescio,
1034 4137 1152 4192 imo
1186 4139 1340 4209 quod
1389 4139 1536 4195 scire
1597 4139 1741 4194 nihil
1791 4141 2066 4212 proderit.

425 4220 634 4277 Melius
664 4226 753 4277 est
772 4238 985 4295 genera
1010 4228 1297 4281 terrarum
1317 4226 1465 4282 scire
1491 4243 1669 4299 quam
1700 4229 1909 4300 spatia,
1943 4247 2070 4301 qua)

418 4308 773 4366 circumfuso
806 4312 975 4379 mari,
1007 4312 1334 4385 interjectis
1373 4317 1522 4370 "6
1555 4316 1942 4372 Barbarorum
1982 4335 2069 4375 re-

418 4395 944 4466 gionibus,sutfusa
962 4406 1137 4479 atque
1156 4402 1312 4457 invia
1332 4402 2070 4478 paludibushumo,quem-

424 4483 742 4539 admodum
793 4503 1111 4557 possumus
1165 4491 1697 4562 comprehendere?
1749 4494 1903 4566 quod
1959 4494 2072 4551 im-

1897 372 1965 437 s.
2009 348 2390 437 AMBROSII

324 542 329 547 ι
433 521 490 572 et
529 516 692 593 intus
720 512 920 588 pullus
950 513 1357 579 manducatur,
1392 513 1495 566 aut
1552 508 1751 583 pullus
1807 508 2075 575 infertur,
2106 505 2164 573 Α
2191 508 2472 579 aequalem
2505 509 2616 566 sibi
2646 527 2779 567 cum
2811 510 2926 568 Deo
2948 514 3294 585 potestatem
3319 516 3377 569 et
3398 512 3705 570 scientiam
3734 530 3839 570 au-

3722 378 3845 443 260

2192 596 2325 651 deat
2353 597 2681 668 vindicare;
2713 604 2779 655 ut
2808 617 2931 673 quae
2957 600 3109 657 Deus
3151 601 3476 673 majestatis
3534 618 3655 657 suae
3711 618 3841 658 esse

2189 685 2421 756 proprio
2443 686 2695 759 signavit
2725 689 2983 754 oraculo,
3015 690 3138 745 haec
3169 689 3280 746 sibi
3310 690 3487 747 homo
3519 691 3592 746 ad
3640 690 3843 764 cogni-

2192 773 2407 828 tionem
2440 780 2745 847 suppetere
2768 794 2939 850 posse
2969 783 3287 849 praesumat
3304 778 3332 832 ‘t

2259 861 2312 915 8.
2345 861 2508 919 Certe
2541 864 2768 936 Moyses
2800 866 3064 923 eruditus
3094 872 3219 922 erat
3249 867 3307 921 in
3340 868 3502 922 omni
3554 867 3844 939 sapientia

2191 950 2625 1021 {Egyptiorumz
2661 955 2759 1009 sed
2794 954 2932 1025 quia
2956 955 3232 1027 spiritum
3265 955 3365 1011 Dei
3393 955 3632 1028 accepit,
3674 956 3843 1028 quasi

2189 1037 2458 1094 minister
2486 1040 2582 1095 Dei
2625 1040 2861 1097 inanem
2893 1041 3055 1098 illam
3093 1048 3149 1098 et
3177 1042 3612 1115 usurpatoriam
3645 1043 3839 1100 Philo-

2192 1126 2408 1197 sophia
2439 1128 2764 1185 doctrinam
2797 1130 3056 1186 veritatis
3096 1131 3305 1186 rationi
3363 1131 3739 1202 posthabuit:
3788 1136 3846 1188 et

2187 1229 2255 1269 ea
2286 1214 2594 1287 descripsit
2622 1217 2766 1272 mihi
2815 1234 2928 1289 que
2957 1222 3166 1274 nostrae
3198 1220 3320 1291 spei
3342 1220 3720 1275 accommoda
3738 1220 3844 1291 ju-

2189 1302 2422 1369 dicavit,
2455 1304 2607 1375 quod
2639 1309 2851 1361 terram
2882 1307 3080 1362 fecerit
3108 1307 3283 1373 Deus,
3315 1308 3469 1379 quod
3509 1308 3847 1380 produxerit

2187 1396 2342 1446 terra
2362 1392 2532 1462 juxta
2562 1392 2659 1447 Dei
2690 1393 3108 1465 omnipotentis
3154 1395 3493 1468 imperium,
3555 1396 3844 1467 operatio—

2191 1496 2443 1551 nemque
2492 1481 2720 1536 Domini
2750 1482 2891 1537 Jesu
2919 1483 3174 1555 virgulta
3206 1484 3277 1539 de
3306 1483 3499 1550 terris,
3527 1477 3586 1539 et
3606 1500 3844 1540 omnem

2186 1567 2444 1623 animam
2471 1569 2758 1626 viventem
2813 1572 3144 1627 secundum
3195 1587 3413 1644 genus.
3467 1573 3543 1627 At
3574 1589 3688 1628 non
3748 1572 3847 1629 ille

2188 1657 2412 1728 putavit
2440 1657 2775 1725 dicendum,
2801 1664 3095 1731 quantum
3120 1660 3191 1716 de
3207 1660 3403 1732 spatio
3423 1659 3578 1716 aeris
3600 1666 3847 1734 occupet

2189 1745 2401 1800 umbra
2432 1749 2619 1814 terrae,
2655 1764 2788 1802 cum
2846 1747 2932 1804 sol
2977 1748 3198 1804 recedit
3227 1766 3261 1803 a
3321 1748 3512 1816 nobis,
3573 1749 3847 1821 diemque

2193 1833 2428 1888 abducit
2444 1833 2717 1890 inferiora
2729 1836 2852 1891 axis
2865 1834 3212 1892 illuminans
3232 1855 3245 1905 ;
3269 1841 3327 1892 et
3344 1836 3840 1908 quemadmodum

2192 1921 2251 1976 in
2280 1922 2576 1994 regionem
2638 1925 2855 1979 umbrae
2908 1925 3111 1980 mundi
3170 1924 3349 1995 hujus
3406 1925 3671 1981 incidens
3727 1927 3840 1998 (58)

2187 2009 2337 2066 lunas
2365 2010 2574 2083 globus
2604 2011 2870 2083 eclipsim
2901 2013 3112 2080 faciat;
3145 2013 3423 2085 quoniam
3455 2028 3582 2086 quae
3605 2013 3841 2071 nihilad

2188 2115 2316 2169 nos,
2349 2101 2518 2171 quasi
2547 2099 2691 2155 nihil
2725 2101 3032 2172 profutura
3059 2101 3357 2173 preteriit.
3390 2101 3553 2157 Vidit
3600 2102 3756 2159 enim
3778 2103 3840 2159 in

2187 2192 2389 2243 sancto
2416 2187 2645 2260 Spiritu
2680 2206 2795 2244 non
2827 2188 2961 2246 illas
2992 2190 3406 2246 marcescentis
3450 2191 3581 2261 jam
3610 2190 3841 2264 sapien-

2183 2276 2277 2330 tiae
2308 2276 2593 2333 vanitates
2614 2278 2964 2349 sequendas,
2989 2296 3118 2351 quae
3136 2279 3310 2336 rebus
3334 2278 3843 2351 inexplicabilibus

2185 2369 2439 2420 mentem
2473 2369 2733 2422 nostram
2767 2371 3072 2438 occupant,
3093 2366 3424 2440 luduntque
3444 2384 3701 2440 operam,
3737 2369 3839 2425 sed

2184 2469 2251 2507 ea
2280 2453 2474 2525 potius
2503 2453 2909 2521 describenda,
2942 2472 3072 2527 quas
3100 2456 3173 2511 ad
3214 2455 3447 2512 virtutis
3505 2460 3843 2529 spectarent

2183 2542 2534 2613 profectum.

2824 2631 3062 2688 CAPUT
3121 2631 3197 2687 III

2181 2720 2567 2775 Animantibus
2597 2719 2833 2775 inditam
2863 2721 2962 2776 Dei
2991 2721 3152 2776 verbo
3182 2723 3548 2789 generationis
3569 2722 3741 2792 legem
3771 2725 3836 2779 in.

2252 2793 2556 2862 specierum
2600 2793 3025 2847 successionibus
3067 2808 3434 2863 perseverare.
3467 2794 3689 2848 Minime
3732 2810 3835 2850 ne-

2252 2863 2490 2934 gandum
2513 2871 2733 2918 natura
2754 2879 2942 2918 eorum
2972 2878 3096 2933 quae
3123 2865 3310 2934 genita
3340 2874 3486 2931 sunt,
3508 2866 3795 2920 veritatem
3810 2884 3831 2921 :

2252 2937 2307 2987 at
2339 2933 2551 2988 homini
2580 2934 2882 2989 belluinam
2903 2936 3118 2989 imitari
3129 2933 3333 2999 Vvitam,
3352 2936 3829 3004 ﬂagitiosumesse.

2251 3006 2479 3078 Demum
2496 3007 2742 3078 sequitur
2796 3006 3057 3061 vitiorum
3113 3006 3472 3078 quorumdam
3500 3010 3661 3078 certis
3706 3009 3833 3063 ani-

2250 3075 2488 3149 malibus
2542 3075 2922 3146 familiarium
2950 3075 3134 3149 atque
3156 3077 3288 3133 adeo
3328 3077 3716 3147 fugiendorum
3743 3095 3836 3135 ea:-

2246 3148 2467 3217 positio.

2247 3252 2300 3309 9.
2356 3252 2751 3309 Inhaereamus
2811 3252 2990 3325 igitur
3045 3254 3402 3326 pr0pheticis
3461 3254 3656 3324 dictis,
3719 3271 3833 3312 nec

2178 3341 2432 3413 Spiritus
2452 3342 2635 3397 sancti
2664 3342 2829 3413 quasi
2853 3340 2990 3397 vilia
3011 3343 3312 3415 despectui
3344 3343 3667 3399 habeamus
3688 3343 3835 3400 allo-

2180 3429 2365 3501 quia)
2398 3428 2704 3497 Producat,
2739 3429 2950 3501 inquit,
3004 3434 3161 3486 terra
3225 3431 3484 3487 animam
3541 3431 3836 3488 viventem

2179 3533 2454 3590 pecorum
2486 3520 2542 3572 et
2593 3518 2916 3574 bestiarum
2946 3522 3002 3574 et
3032 3517 3332 3591 reptilium
3366 3519 3502 3591 (59).
3538 3519 3691 3585 Quid
3739 3538 3837 3576 ar-

2179 3610 2595 3679 gumentamur
2652 3605 2769 3662 alia
2797 3608 2931 3679 (60),
2963 3608 3063 3663 ubi
3093 3608 3394 3665 evidenter
3421 3612 3836 3666 creaturarum

2178 3693 2542 3749 terrestrium
2565 3697 2773 3750 natura
2806 3694 3091 3751 formatur
3110 3696 3137 3751 ?
3169 3696 3361 3752 Currit
3392 3698 3553 3753 enim
3603 3698 3664 3753 in
3693 3714 3839 3755 con-

2179 3780 2479 3837 stitutione
2511 3782 2719 3853 mundi
2745 3800 2847 3855 per
2874 3800 3110 3840 omnem
3155 3789 3481 3841 creaturam
3540 3786 3640 3843 Dei
3690 3787 3838 3842 Ver-

2177 3870 2319 3925 bum
2345 3911 2358 3937 ,
2393 3875 2458 3925 ut
2487 3871 2681 3927 subito
2714 3872 2785 3927 de
2815 3872 2986 3928 terris
3016 3873 3215 3928 omnia
3243 3890 3372 3945 quae
3402 3874 3614 3930 statuit
3653 3874 3835 3944 Deus,

2178 3959 2569 4014 animantium
2608 3975 2823 4032 genera
2855 3961 3274 4032 producantur,
3336 3966 3393 4017 et
3450 3962 3509 4017 in
3566 3963 3838 4019 futurum

2178 4046 2303 4119 lege
2333 4047 2688 4119 praescripta,
2724 4048 3050 4103 secundum
3082 4064 3268 4121 genus
3300 4049 3433 4118 sibi,
3494 4049 3838 4107 similitudi-

2178 4151 2429 4207 nemque
2456 4135 2727 4191 universa
2758 4136 3096 4204 succedant,
3125 4142 3191 4193 ut
3214 4136 3301 4193 leo
3323 4137 3552 4194 leonem
3576 4142 3837 4210 generet,

2176 4223 2346 4295 tigris
2368 4223 2666 4294 tigridem,
2701 4224 2806 4280 bos
2834 4225 3060 4293 bovem,
3095 4242 3318 4299 cygnus
3339 4242 3614 4299 cygnum,
3636 4225 3862 4299 aquila.

2180 4309 2459 4380 aquilam.
2494 4310 2684 4366 Semel
2705 4317 3058 4384 praeceptum
3090 4313 3150 4368 in
3181 4319 3534 4386 perpetuum
3596 4313 3845 4370 inolevit

2179 4402 2421 4453 naturae.
2447 4398 2512 4454 Et
2543 4399 2668 4454 ideo
2699 4399 3011 4456 ministerii
3044 4402 3135 4457 sui
3172 4402 3527 4475 obsequium
3577 4402 3847 4474 praebere

2178 4491 2333 4542 terra
2373 4504 2487 4542 non
2549 4490 2697 4543 117
2760 4488 2995 4557 desinit,
3053 4494 3119 4546 ut
3175 4491 3379 4562 priscas
3441 4491 3844 4548 animantium

419 4570 702 4643 possibile
748 4589 875 4631 esse
921 4576 1257 4634 hominibus
1315 4581 1614 4653 scriptum
1687 4583 2071 4651 demonstrat,
2102 4602 2149 4667 D
2181 4575 2403 4647 species
2429 4576 2738 4648 reparabili
2771 4577 2999 4649 generis
3027 4580 3396 4637 successione
3441 4580 3502 4636 in
3533 4596 3714 4637 novas
3748 4597 3844 4638 re-

416 4660 644 4716 dicente
696 4661 850 4719 Deo:
915 4665 1046 4733 Quis
1094 4684 1317 4724 mensus
1396 4675 1473 4725 est
1530 4688 1704 4727 manu
1754 4688 1962 4744 aquam
2023 4677 2076 4729 et

423 4750 626 4807 caelum
659 4751 866 4822 palmo,
922 4758 975 4809 et
1028 4757 1344 4813 universam
1401 4767 1604 4815 terram
1631 4760 1821 4817 clausa
1851 4779 2021 4817 manu
2050 4766 2075 4817 .9

421 4838 554 4905 Quis
581 4841 779 4895 statuit
806 4846 1014 4898 montes
1046 4845 1101 4899 in
1137 4843 1303 4913 libra,
1328 4855 1379 4902 et
1437 4864 1596 4919 rupes
1653 4834 1730 4904 in.
1769 4854 1989 4920 statera,
2024 4860 2074 4906 et

418 4943 646 4983 nemora
697 4930 757 4984 in
778 4931 918 5003 jugo
947 4932 1074 5002 (Isa.
1107 4951 1198 4999 XL,
1251 4935 1389 5007 12)?
1435 4940 1492 4992 et
1520 4936 1709 4992 infra:
1771 4940 1876 5006 Qui
1933 4942 2076 4996 tenet

419 5032 621 5087 gyrum
667 5025 848 5085 terrae,
908 5029 959 5075 et
1012 5023 1320 5078 habitantes
1376 5026 1438 5079 in
1493 5041 1557 5080 ea
1610 5028 1750 5082 sicut
1802 5028 2073 5084 locustas:

420 5106 517 5175 qui
541 5108 735 5162 statuit
760 5110 954 5164 cretum
986 5118 1045 5166 ut
1086 5128 1363 5167 cameram
1385 5113 1541 5185 (Ibid.
1588 5114 1702 5186 22).
1735 5115 1875 5180 Quis
1896 5116 2074 5190 igitur

494 5237 584 5307 57)
617 5238 755 5294 Mss.
789 5258 995 5320 omnes
1042 5244 1265 5320 etgedit.
1295 5243 1803 5320 'vet._cpnstanter
1848 5247 2070 5320 legunt,

423 5305 818 5394 decempanes.
854 5314 1019 5370 Rom.
1054 5315 1193 5371 edit.
1230 5334 1363 5372 cum
1392 5313 1550 5373 LXX.
1576 5319 1789 5391 Interp.
1819 5336 1884 5375 ac
1901 5305 2069 5394 Vulg:

426 5386 632 5446 viginti
660 5396 846 5449 panes.

498 5448 781 5532 (58)}lllss.
818 5454 1059 5532 aliquot,
1091 5461 1147 5512 et
1178 5459 1342 5532 Rom.
1376 5459 1537 5528 edit.,
1572 5463 1633 5515 in
1654 5462 1931 5528 regionem
1958 5479 2074 5517 um-

429 5519 544 5575 brae
586 5520 784 5603 “hujus
859 5519 1124 5603 incidens.
1174 5530 1283 5603 Alii
1359 5534 1416 5586 et
1448 5602 1453 5603 ί
1487 5519 1623 5599 vet.,
1682 5519 1743 5586 in
1799 5534 2077 5603 regionem

425 5589 817 5675 mundihujus
847 5597 1123 5675 incedens,
1170 5600 1574 5675 veltineidens.
1598 5589 1745 5675 Car.
1805 5589 1881 5659 et“
1909 5603 2072 5673 Ben.,

428 5668 492 5723 in
518 5668 798 5735 regionem
826 5668 1040 5727 umbra
1066 5668 1271 5728 mundi
1288 5672 1472 5747 hujus,
1521 5673 1770 5749 primus,
1802 5668 2071 5753 incidens,

2182 4667 2461 4736 parentur
2491 4668 2712 4721 aetates.

2256 4753 2341 4806 10.
2372 4752 2484 4807 Sed
2513 4752 2602 4807 vis
2631 4753 2703 4807 ad
2735 4770 2909 4809 usum
2942 4754 3199 4812 hominis
3231 4757 3490 4813 derivare
3548 4773 3677 4829 qua
3737 4773 3847 4830 ge-

2183 4840 2307 4895 nita
2335 4843 2521 4896 sunt?
2550 4834 2679 4896 Noli
2707 4843 3010 4899 veritatem
3042 4844 3362 4917 unicuique
3381 4846 3579 4919 generi
3610 4837 3845 4901 naturas

2180 4928 2423 5001 propria
2455 4930 2761 5002 denegare,
2793 4935 2850 4986 et
2898 4931 3081 4988 multo
3128 4934 3316 5006 magis
3347 4950 3415 4990 ea
3461 4934 3547 4989 ad
3582 4933 3844 5006 gratiam

2181 5018 2410 5089 aptabis
2440 5018 2783 5073 humanam.
2838 5019 3108 5077 Primum
3168 5023 3308 5094 quia
3364 5022 3563 5078 omnia
3619 5037 3849 5095 genera

2182 5123 2480 5179 pecorum,
2514 5107 2859 5176 bestiarum,
2895 5125 2961 5165 ac
2996 5110 3247 5182 piscium
3278 5111 3337 5165 in
3369 5110 3563 5167 alvum
3621 5115 3850 5167 natura

2183 5258 2478 5314 secundus
2508 5257 2783 5314 incedens.

2255 5329 2366 5401 (59)
2401 5330 2567 5404 Rom.
2602 5330 2741 5384 edit.
2772 5329 2936 5404 sola:
2982 5333 3267 5403 producat,
3290 5335 3492 5404 inquit,
3523 5336 3670 5388 terra
3699 5334 3847 5389 ani-

2184 5417 2331 5455 mam
2361 5402 2648 5476 pivente-m
2676 5402 3197 5475 secundum’genus,
3224 5402 3423 5476 pecora
3471 5413 3521 5460 et
3550 5405 3756 5460 bestias
3787 5409 3851 5460 et

2182 5474 2427 5543 repentia
2454 5476 2639 5528 terrae.

2255 5542 2367 5615 (60)
2400 5543 2484 5620 Ita
2507 5559 2650 5620 mss.
2681 5541 2941 5620 melioris
2973 5549 3119 5601 notas
3141 5550 3328 5620 atque
3359 5546 3498 5611 edit,
3516 5546 3684 5620 Rom.
3718 5544 3853 5602 Alii

2181 5614 2857 5691 vero_majori_!_1umero,
2883 5619 3059 5690 atque
3088 5614 3249 5676 edit.‘
3276 5622 3414 5688 vet.,
3475 5617 3615 5690 Quid
3668 5633 3852 5691 argu-

2181 5688 2372 5747 menta
2398 5685 2660 5748 moralia.
2928 5714 2933 5721 ι
