4158 6168
486 298 607 359 263

1946 294 2012 355 8.
2058 288 2436 356 AMBROSII

3781 295 3897 355 264

484 429 724 485 trabiles
750 431 1046 499 custodire,
1082 429 1228 485 nulli
1264 426 1629 484 inviolabiles
1664 425 1874 480 acervi.
1907 426 2145 496 Spectat
2168 425 2224 491 Α
2256 427 2613 496 comprobat.
2649 427 2855 483 Videas
2886 428 3059 484 etiam
3090 429 3326 501 vulpem
3358 424 3681 499 lacrymula
3727 424 3902 496 pinus

489 521 642 575 II9
710 522 930 584 custos,
1005 519 1274 591 furtaque
1330 516 1637 589 prohibere
1703 531 1819 570 non
1888 515 2063 569 audet
2123 531 2136 569 :

485 606 694 678 aspicit
735 625 844 663 sua
875 608 1091 663 damna
1141 621 1462 679 possessor,
1496 620 1601 659 nec
1649 602 1927 658 vindicat.
1963 602 2139 674 Nigro

485 701 856 752 convectatur
885 698 1124 769 agmine
1155 695 1349 766 przeda
1379 710 1481 766 per
1511 709 1768 764 campos,
1796 691 2017 746 fervent
2047 707 2139 745 se-

485 784 639 840 mitae
697 786 973 841 comitatu
1046 783 1356 851 viantium,
1410 787 1467 838 et
1537 798 1664 853 quae
1724 778 2140 851 comprehendi

487 879 734 944 angusto
791 889 888 928 ore
934 889 1049 927 non
1105 875 1374 942 possunt,
1409 869 1674 925 humeris
1723 869 1971 941 grandia
2021 869 2139 923 fru-

487 966 682 1016 menta
726 963 1061 1015 truduntur.
1107 960 1341 1032 Spectat
1389 959 1510 1014 hzec
1569 957 1844 1013 dominus
1905 957 2137 1024 messis,

483 1052 539 1103 et
562 1049 850 1104 erubescit
884 1053 1007 1102 tam
1040 1065 1218 1119 parca
1251 1048 1355 1120 piae
1388 1047 1692 1103 industria:
1738 1063 1951 1118 negare
1983 1062 2141 1101 com-

483 1137 717 1208 pendia.

555 1226 638 1280 17.
676 1224 825 1287 Quid
860 1234 1052 1281 autem
1088 1225 1156 1280 de
1187 1225 1430 1280 canibus
1459 1223 1684 1295 loquar,
1738 1222 1954 1294 quibus
2000 1222 2141 1277 insi-

483 1317 614 1367 tum
647 1317 737 1368 est
767 1318 981 1368 natura
1012 1314 1265 1385 quadam
1301 1314 1515 1368 referre
1548 1311 1818 1384 gratiam,
1842 1316 1899 1366 et
1929 1310 2144 1366 sollici-

483 1407 574 1458 tas
606 1401 881 1457 excubias
913 1401 1442 1473 prodominorum
1506 1401 1697 1456 salute
1745 1399 2146 1470 przetendere?

483 1489 642 1546 Unde
700 1491 771 1545 ad
841 1491 1215 1546 immemores
1271 1489 1558 1557 beneﬁcii,
1591 1492 1647 1544 et
1705 1488 1937 1543 desides
1969 1492 2146 1558 atque

479 1579 722 1651 ignavos
755 1577 970 1634 clamat
1021 1579 1326 1649 Scriptura
1373 1595 1384 1632 :
1444 1578 1614 1632 Canes
1658 1579 1819 1644 muti,
1849 1578 2144 1632 nescientes

482 1668 822 1738 lalrareUsa.
859 1685 965 1733 va,
1003 1667 1114 1737 40).
1151 1667 1302 1722 Sunt
1349 1683 1486 1737 ergo
1518 1683 1690 1721 canes
1740 1665 1838 1736 qui
1881 1665 2143 1720 noverint

484 1754 700 1811 latrare
727 1773 830 1827 pro
863 1755 1140 1820 dominis,
1174 1755 1438 1810 noverint
1470 1771 1577 1810 sua
1619 1759 1770 1809 tecta
1813 1753 2138 1808 defendere.

485 1844 642 1900 Unde
675 1848 730 1899 et
759 1849 823 1899 tu
859 1844 1017 1900 disce
1049 1860 1246 1898 vocem
1269 1849 1428 1898 tuam
1455 1860 1718 1899 exercere
1749 1859 1851 1914 pro
1883 1840 2138 1910 Christo,

482 1933 718 2003 quando
751 1931 896 1987 ovile
925 1932 1192 1987 Ecclesiae
1223 1931 1530 1987 incursant
1561 1931 1682 2002 lupi
1717 1947 1938 2002 graves.
1972 1930 2140 1986 Disce

481 2021 540 2075 in
573 2038 670 2076 ore
703 2025 800 2075 tuo
832 2021 1075 2075 verbum
1107 2026 1332 2088 tenere;
1368 2038 1438 2075 ne
1481 2020 1648 2092 quasi
1700 2023 1897 2074 mutus
1972 2019 2136 2075 canis

483 2108 863 2164 commissam
897 2109 1001 2163 tibi
1032 2109 1165 2164 ﬁdei
1199 2108 1525 2164 custodiam
1565 2109 1818 2180 quodam
1870 2106 2138 2178 praevari-

487 2196 732 2252 cationis
792 2195 1024 2252 silentio
1084 2197 1414 2252 deseruisse
1468 2196 1741 2252 videaris.
1773 2195 1930 2250 Talis
1975 2195 2136 2250 canis

485 2285 671 2340 viator
699 2289 756 2340 et
788 2301 980 2340 comes
1014 2283 1203 2357 angeli
1237 2290 1346 2348 est,
1381 2301 1556 2356 quem
1591 2283 1849 2356 Raphael
1897 2284 1955 2337 in
1989 2282 2136 2337 libro

481 2367 820 2446 prophetico
853 2391 966 2428 non
1017 2374 1200 2428 otiose
1249 2373 1363 2428 sibi
1413 2378 1469 2428 et
1518 2373 1710 2429 Tobize
1744 2375 1854 2443 ((35)
1885 2371 2002 2427 ﬁlio
2035 2373 2135 2426 ad-

473 2462 846 2534 jungendum
880 2461 1364 2533 putavit,quando
1389 2462 1640 2533 perrexit
1670 2465 1734 2516 ut
1763 2461 2134 2516 Asmodaaum

479 2551 731 2623 fugaret,
767 2550 1031 2605 ﬁrmaret
1059 2550 1330 2622 copulam
1365 2550 1732 2622 conjugalem
1761 2551 1904 2618 (Tob.
1938 2567 2014 2614 VI,
2061 2550 2132 2618 1),

481 2657 556 2707 Χι,
588 2640 664 2711 9).
719 2639 996 2695 Memoris
1027 2638 1184 2694 enim
1215 2640 1458 2694 affectus
1508 2640 1696 2711 gratia
1745 2637 1981 2710 pellitur
2020 2638 2135 2691 dte-

481 2728 771 2797 monium,
805 2727 1104 2782 stabilitur
1133 2728 1494 2799 conjugium.
1516 2727 1687 2782 Mutis
1721 2727 1914 2797 itaque
1945 2725 2136 2796 specie

480 2816 678 2873 bestiae
738 2821 977 2871 sanctus
1029 2815 1284 2887 Raphael
1346 2815 1590 2886 angelus
1638 2815 1827 2869 Tobiae
1877 2814 2133 2885 juvenis,

483 2921 657 2977 quem
708 2905 993 2960 tuendum
1042 2908 1357 2976 receperat,
1403 2904 1475 2957 ad
1525 2902 1904 2958 relationuem
1936 2903 2133 2976 gratia:

482 2993 787 3050 erudiebat
835 2992 1128 3048 affectum.
1161 2991 1301 3055 Quis
1332 2992 1488 3047 enim
1524 3009 1636 3046 non
1669 2992 1974 3047 erubescat
2003 3008 2133 3063 gra-

482 3082 624 3137 tiam
655 3082 802 3136 bene
824 3080 894 3134 de
924 3096 984 3135 se
1017 3080 1374 3136 merentibus
1398 3097 1512 3134 non
1536 3080 1911 3147 referre,cum
1936 3082 2134 3136 videat

2250 515 2581 570 medentem
2614 515 2748 583 sibi,
2782 520 2840 570 et
2867 516 2967 572 tali
2999 519 3254 574 remedio
3305 511 3670 572 imminentis
3697 515 3903 574 mortis

2252 603 2444 674 spatia
2474 605 2891 676 proferentem.

2321 691 2410 744 20.
2456 690 2681 746 Clamat
2730 692 2856 764 ipse
2905 693 3190 749 Dominus
3248 693 3308 747 in
3358 691 3624 748 Jeremia
3678 691 3832 747 libro
3891 709 3904 749 :

2254 780 2450 834 Turtur
2467 789 2519 835 et
2550 781 2806 847 hirundo,
2841 783 2966 849 agri
2991 798 3231 853 passeres
3261 781 3632 836 custodierunt
3665 783 3909 851 tempora

2251 870 2514 924 introitus
2543 871 2630 922 sui
2659 870 2773 939 (67)
2803 886 2823 931 ,·
2849 872 3083 941 populus
3111 876 3295 926 autem
3321 885 3474 925 meus
3504 885 3616 924 non
3655 865 3909 937 cognovit

2249 957 2466 1028 judicia
2522 959 2747 1013 Domini
2803 961 3016 1028 (Jerem.
3071 977 3190 1025 vm,
3268 961 3343 1030 7).
3418 958 3588 1013 Novit
3653 957 3907 1018 hirundo

2253 1048 2488 1116 quando
2547 1047 2760 1113 veniat,
2825 1048 2977 1103 120
3029 1048 3262 1118 quando
3316 1047 3492 1101 etiam
3562 1049 3904 1100 revertatur.

2253 1133 2420 1188 Novit
2449 1133 2624 1188 etiam
2651 1134 2747 1204 pia
2775 1135 2898 1189 avis
2933 1135 3044 1206 (68)
3074 1135 3424 1190 annuntiare
3473 1134 3764 1189 adventus
3813 1133 3906 1189 sui

2250 1222 2584 1277 testimonio
2642 1223 2792 1278 veris
2841 1223 3144 1278 indicium.
3207 1223 3376 1278 Novit
3421 1223 3598 1278 etiam
3658 1222 3906 1278 formica

2253 1309 2550 1381 explorare
2580 1311 2910 1366 serenitatis
2939 1316 3230 1384 tempora;
3264 1327 3400 1366 nam
3430 1327 3564 1365 cum
3595 1310 3909 1366 adverterit

2256 1399 2586 1454 madidatos
2619 1400 2807 1455 imbre
2830 1401 3055 1455 fructus
3077 1417 3216 1456 suos
3238 1398 3908 1470 humescere,explorato

2255 1487 2594 1560 diligentius
2626 1505 2756 1543 aere
2791 1489 3024 1560 quando
3047 1490 3251 1560 jugem
3283 1488 3468 1560 possit
3487 1503 3720 1544 servare
3751 1491 3906 1551 teme

2257 1578 2497 1648 periem,
2531 1594 2765 1632 acervos
2796 1582 3014 1632 reserat
3047 1593 3207 1643 suos,
3241 1582 3296 1632 et
3344 1577 3414 1632 de
3455 1576 3720 1632 cavernis
3751 1576 3908 1632 foras

2259 1667 2384 1722 suis
2435 1666 2700 1721 humeris
2749 1670 3042 1737 exportat;
3096 1670 3160 1720 ut
3201 1666 3328 1737 jugi
3360 1664 3479 1721 sole
3521 1665 3758 1737 propria
3787 1665 3909 1719 fru-

2260 1761 2458 1811 menta
2487 1755 2796 1810 siccentur.
2834 1755 3092 1826 Denique
3136 1755 3599 1826 haudquaquam
3632 1753 3750 1809 illis
3781 1752 3907 1808 die-

2256 1846 2367 1900 bus
2418 1844 2694 1899 omnibus
2727 1843 2920 1915 rumpi
2971 1844 3042 1898 de
3090 1843 3348 1898 nubibus
3405 1842 3626 1898 imbres
3676 1841 3911 1910 videris,

2254 1934 2368 1988 nisi
2401 1950 2532 1988 cum
2570 1934 2765 2004 fruges
2813 1949 2953 1987 suas
2983 1932 3209 1987 horreis
3242 1932 3493 2004 propriis
3525 1931 3772 1987 formica
3818 1947 3911 1987 re-

2249 2024 2557 2078 vocaverit.
2583 2021 2762 2076 Boves
2793 2021 3167 2093 impendente
3199 2020 3395 2092 pluvia
3421 2021 3493 2076 ad
3527 2020 3812 2092 praesepia
3843 2033 3908 2076 se

2249 2116 2443 2167 tenere
2472 2111 2944 2166 noverunt.ldcm
2978 2109 3078 2164 ubi
3107 2108 3358 2165 naturali
3398 2125 3575 2164 sensu
3622 2109 3906 2165 mutatio:-

2250 2217 2383 2255 nem
2417 2198 2541 2254 coeli
2573 2197 2932 2270 collegerint,
2966 2199 3120 2253 foras
3152 2201 3434 2269 spectant,
3468 2201 3525 2253 et
3555 2196 3708 2252 ultra
3755 2213 3902 2268 prie.

2250 2289 2413 2360 sepia
2443 2287 2694 2343 cervices
2723 2287 3044 2342 extendunt
3075 2304 3214 2343 suas
3265 2303 3384 2342 una
3433 2302 3636 2342 omnes
3669 2286 3900 2357 specie;

2249 2384 2315 2433 ut
2365 2377 2594 2450 prodire
2647 2393 2708 2431 se
2754 2376 2899 2431 velle
2943 2381 3252 2431 testentur.
3303 2375 3438 2430 Ovis
3487 2375 3598 2430 sub
3645 2375 3903 2430 adventu

2248 2467 2460 2522 hiemis
2485 2464 2853 2536 inexplebilis
2879 2466 2951 2520 ad
2985 2481 3179 2520 escam
3209 2462 3622 2524 insatiabiliter
3652 2463 3902 2518 herbam

2248 2557 2420 2628 rapit,
2474 2573 2538 2610 eo
2589 2554 2744 2625 quod
2795 2553 3128 2625 praesentiat
3184 2552 3495 2624 asperitate
3541 2551 3750 2606 hiemis
3779 2551 3907 2622 (69)

2247 2646 2579 2701 defuturam
2601 2647 2690 2710 ;ut
2719 2658 2779 2697 se
2812 2641 2976 2712 prius
3006 2641 3196 2696 herba:
3229 2639 3442 2712 pabulo
3478 2639 3904 2709 farciat,quam

2247 2734 2378 2806 gelu
2413 2733 2690 2788 adurente
2720 2730 2912 2786 omnis
2943 2730 3127 2785 herba
3173 2729 3423 2784 deﬁciat.
3475 2727 3729 2784 Echinus
3788 2727 3906 2784 ista

2246 2829 2530 2889 terrenus,
2566 2836 2741 2891 quem
2771 2819 2943 2891 vulgo
2974 2819 3218 2874 ericium
3252 2817 3551 2884 vocant,si
3577 2816 3716 2888 quid
3743 2816 3902 2872 insi-

2245 2913 2474 2967 diarum
2521 2909 2904 2981 priesenserit.
2943 2908 3131 2979 spinis
3185 2907 3307 2962 suis
3359 2905 3675 2972 clauditur,
3717 2909 3902 2977 atque

2246 3002 2304 3055 in
2334 3016 2440 3055 sua
2472 3015 2534 3053 se
2565 3013 2728 3052 arma
2758 2982 3000 3068 dolligit,
3035 3000 3100 3050 ut
3129 2995 3464 3066 quicunque
3493 3010 3630 3049 eum
3661 2993 3900 3049 contin-

2245 3090 2499 3162 gendam
2550 3085 2853 3157 putaverit,
2902 3084 3260 3139 vulneretur.
3324 3084 3602 3154 Idemque
3647 3081 3899 3148 echinus

482 3172 658 3226 etiam
691 3169 930 3239 bestias,
965 3168 1227 3239 refugere
1258 3169 1478 3223 crimen
1511 3168 1764 3240 ingrati?
1794 3169 1859 3224 Et
1886 3168 1994 3223 illas
2024 3170 2132 3226 im-
2163 3155 2208 3223 α
2246 3155 2425 3232 futuri
2457 3155 2768 3247 providens
2795 3172 3060 3243 geminas
3092 3172 3204 3226 sibi
3237 3170 3565 3242 respirandi
3593 3171 3897 3226 viasmu~

481 3257 703 3332 partite
736 3256 1022 3312 alimoniae
1073 3260 1303 3310 servant
1351 3257 1716 3326 memoriam,
1749 3263 1811 3312 tu
1850 3275 1965 3313 non
1997 3276 2122 3314 ser-

481 3365 582 3404 vas
613 3345 820 3402 salutis
853 3344 1132 3416 accepta}?

554 3436 640 3489 18.
676 3435 822 3490 Ursa
847 3433 1136 3488 insidians
1168 3433 1320 3502 licet,
1355 3438 1418 3489 ut
1448 3435 1748 3507 Scriptura
1791 3436 1874 3491 ait
1904 3437 2119 3507 (Thren.

481 3540 564 3591 Ill,
598 3523 708 3594 40),
736 3527 823 3577 est
851 3521 1006 3577 enim
1039 3522 1210 3593 plena
1249 3523 1470 3578 fraudis
1515 3525 1667 3592 fera;
1698 3529 1894 3580 tamen
1942 3526 2125 3580 fertur

479 3614 760 3667 informes
795 3614 955 3666 utero
982 3616 1184 3682 partus
1215 3612 1405 3677 edere,
1437 3613 1538 3667 sed
1571 3616 1738 3668 natos
1768 3613 1970 3683 lingua
2007 3613 2121 3667 ﬁn-

481 3717 614 3773 gere
661 3699 924 3770 atquein
957 3699 1210 3770 speciem
1260 3699 1353 3754 sui
1399 3699 1965 3772 similitudinemque
2014 3701 2124 3755 for-

483 3805 660 3844 mare.
695 3789 820 3843 Non
872 3787 1108 3844 miraris
1154 3788 1214 3842 in
1266 3789 1386 3844 fera
1432 3792 1554 3843 tam
1602 3791 1682 3861 pii
1739 3790 1857 3845 oris
1909 3789 2120 3857 ofﬁcia,

479 3877 649 3948 cujus
680 3881 949 3932 naturam
980 3877 1162 3948 pietas
1191 3877 1498 3949 exprimit?
1525 3877 1671 3932 Ursa
1695 3877 1874 3949 igitur
1917 3881 2123 3949 partus

479 3981 618 4021 suos
671 3966 743 4021 ad
792 3965 884 4022 sui
915 3965 1142 4036 efﬁngit
1172 3965 1641 4033 similitudinem,
1675 3969 1737 4020 tu
1790 3965 1939 4021 ﬁlios
1991 3972 2124 4022 tuos

478 4052 786 4109 instituere
815 4052 1038 4109 similes
1067 4053 1151 4107 tui
1183 4069 1295 4108 non
1320 4053 1520 4124 potes?

549 4141 636 4196 49.
674 4141 820 4207 Quid
853 4141 1007 4212 quod
1058 4140 1234 4196 etiam
1283 4142 1555 4196 medendi
1608 4142 1960 4198 industriam
2007 4160 2122 4198 non

480 4229 890 4300 praetermisit?
921 4229 1222 4300 Siquidem
1255 4231 1412 4302 gravi
1444 4231 1650 4286 affecta
1680 4232 1854 4296 caede,
1887 4235 1942 4287 et
1982 4247 2124 4288 con-

479 4319 744 4373 sauciata
780 4317 1121 4373 vulneribus
1162 4319 1380 4374 mederi
1430 4319 1541 4374 sibi
1591 4321 1748 4376 novit
1791 4320 1983 4376 herba:
2029 4321 2123 4376 cui

481 4421 695 4460 nomen
723 4410 810 4461 est
840 4413 1024 4477 φλόμος
1056 4408 1187 4478 (66),
1239 4413 1302 4462 ut
1351 4409 1530 4463 Graeci
1569 4409 1882 4481 appellant,
1933 4409 2126 4465 ulcera

2234 3267 2353 3332 nit;
2409 3268 2475 3318 ut
2525 3262 2760 3333 quando
2809 3261 3050 3315 Boream
3111 3260 3388 3315 ﬂaturum
3444 3257 3758 3331 collegerit,
3794 3258 3896 3314 Se-

2233 3350 2684 3427 ptentrionalem
2732 3349 3030 3415 obstruat;
3082 3348 3314 3419 quando
3364 3347 3511 3402 Noto
3554 3347 3896 3419 cognoverit

2232 3442 2450 3514 detergi
2481 3440 2631 3496 aeris
2679 3437 2901 3506 nubila,
2934 3437 3006 3491 ad
3052 3435 3573 3507 Septentrionalem
3621 3452 3685 3491 se
3732 3451 3881 3490 con-

2233 3534 2398 3596 ferat,
2432 3535 2498 3585 ut
2527 3529 2700 3583 ﬂatus
2726 3525 2975 3582 declinet
3007 3525 3228 3590 obvios,
3259 3529 3316 3580 et
3361 3542 3391 3579 e
3439 3524 3673 3595 regione
3717 3523 3890 3580 noci-

2231 3627 2415 3678 turos.

2301 3708 2387 3763 2|.
2423 3704 2585 3762 Unde
2615 3703 2853 3775 dignam
2884 3702 3129 3757 Domino
3179 3701 3412 3756 laudem
3461 3700 3751 3773 Propheta
3782 3701 3887 3756 de-

2231 3797 2385 3864 tulit,
2446 3795 2646 3849 dicens
2692 3809 2704 3846 :
2757 3795 2937 3861 Quam
2980 3792 3334 3860 magniﬁcam
3373 3798 3500 3845 sunt
3545 3807 3709 3862 opera
3757 3794 3898 3856 tua,

2231 3886 2490 3941 Domine!
2523 3882 2719 3938 Omnia
2748 3882 2808 3935 in
2837 3881 3112 3950 sapientia
3158 3881 3336 3950 fecisti
3377 3880 3548 3950 (Psal.
3595 3895 3712 3946 cm,
3763 3879 3889 3949 24),

2233 3973 2440 4030 Omnia
2488 3972 2755 4043 penetrat
2799 3967 2996 4024 divina
3047 3968 3355 4040 sapientia,
3388 3967 3593 4039 implet
3637 3967 3888 4034 omnia;

2233 4063 2408 4133 idque
2472 4058 2822 4130 locupletius
2892 4074 2960 4111 ex
3031 4055 3523 4112 irrationabilium
3580 4055 3890 4120 sensibus,

2235 4168 2412 4222 quam
2443 4167 2512 4205 ex
2541 4145 2980 4202 rationabilium
3015 4145 3408 4216 disputatione
3439 4143 3754 4216 colligitur.
3768 4144 3892 4198 Va-

2234 4239 2412 4294 lidius
2441 4241 2528 4293 est
2553 4235 2710 4291 enim
2737 4239 2957 4289 naturae
2989 4233 3415 4301 testimonium,
3451 4248 3628 4304 quam
3668 4232 3900 4287 doctri-

2235 4347 2320 4384 na
2343 4323 2882 4400 argumentum.Cui
2902 4323 3186 4378 animanti
3204 4322 3567 4394 incognitum
3581 4325 3668 4378 est
3681 4337 3900 4392 quem-

2236 4417 2554 4473 admodum
2587 4429 2756 4468 suam
2801 4416 3037 4466 tueatur
3080 4410 3331 4466 salutem
3369 4429 3382 4467 :
3417 4410 3466 4466 si
3509 4410 3694 4465 virtus
3749 4425 3908 4482 sup<

482 4493 802 4565 SUbjiCieHS
836 4511 962 4560 sua,
1013 4500 1077 4550 ut
1125 4497 1246 4553 8010
1295 4502 1573 4554 curentur
1601 4502 1842 4554 attactu.
1876 4499 2124 4570 Serpens
2155 4522 2203 4588 D
2235 4507 2398 4580 petit,
2439 4501 2792 4568 resistendo;
2828 4500 2876 4554 si
2917 4499 3190 4566 velocius,
3220 4499 3530 4572 fugiendo;
3565 4497 3616 4554 si
3641 4498 3904 4565 astutia,

484 4599 714 4654 quoque
747 4589 917 4655 pastu
951 4584 1186 4641 feniculi
1210 4587 1524 4643 caecitatem
1557 4587 1782 4659 repellit
1806 4591 2123 4658 exceptam.

484 4672 684 4744 Itaque
717 4673 812 4727 ubi
847 4672 1046 4728 oculos
1079 4676 1289 4731 obduci
1314 4677 1423 4732 sibi
1457 4675 1726 4747 senserit,
1758 4681 1894 4731 nota
1941 4693 2128 4732 reme-

483 4760 579 4818 dia
608 4761 773 4834 petit,
806 4779 910 4818 nec
939 4763 1245 4820 fraudatur
1274 4765 1500 4820 effectu.
1527 4765 1780 4820 Testudo
1808 4765 2129 4821 visceribus

485 4854 652 4922 pasta
681 4852 994 4922 serpentis,
1027 4869 1160 4908 cum
1194 4869 1481 4908 venenum
1529 4854 1838 4908 adverterit
1867 4854 1978 4909 sibi
2009 4869 2129 4909 ser-

484 4956 639 5011 pere,
676 4940 915 5011 origano
948 4941 1300 4996 medicinam
1352 4959 1470 4997 sua:
1516 4942 1724 4997 salutis
1774 4947 1998 4998 exercet
2029 4959 2041 4996 :
2076 4947 2133 4998 et

485 5044 621 5082 cum
669 5029 747 5083 sit
788 5029 1111 5084 volutabris
1160 5029 1523 5101 palustribus
1573 5047 1784 5102 mersa,
1835 5049 2037 5087 curare
2066 5049 2128 5088 se

487 5120 683 5172 tamen
716 5118 950 5189 proprio
984 5118 1140 5173 novit
1168 5119 1449 5187 antidoto,
1485 5125 1754 5192 certoque
1789 5120 2000 5176 auxilio
2033 5138 2131 5176 sa-

489 5203 688 5259 nitatis
750 5211 1065 5275 potestates
1113 5207 1427 5264 herbarum
1476 5209 1652 5264 etiam
1701 5209 1828 5280 ipsa
1878 5210 2024 5264 scire
2069 5225 2130 5266 se

559 5373 672 5448 (65)
704 5372 842 5429 Mss.
862 5376 1165 5448 uninque
1215 5376 1472 5434 melioris
1520 5378 1642 5445 avi,
1692 5381 1740 5434 et
1791 5378 1956 5432 Tobis.
2017 5378 2132 5434 Alii

487 5447 814 5521 quatuor,et
851 5447 994 5521 Tobi,
1030 5447 1086 5521 et
1111 5449 1192 5504 sic
1225 5449 1284 5503 in
1317 5451 1722 5521 sequentibus.
1757 5448 1921 5505 LXX.
1955 5459 2130 5515 Τωὸίτ.

561 5516 672 5588 (uti)
701 5524 919 5588 Φλόμος,
953 5518 1149 5576 Latine
1177 5516 1541 5578 verbaséum.

556 5586 668 5666 (67)
687 5586 820 5672 Sex
837 5602 1008 5664 mss.,
1042 5599 1282 5668 tempore
1304 5593 1426 5654 nidi
1449 5595 1559 5672 sui.

2237 4590 2643 4668 praecavendo?
2673 4589 2778 4654 Qui
2805 4604 2903 4643 eas
2925 4605 3097 4643 usum
3129 4587 3400 4643 medendi
3449 4587 3906 4658 herbarumque

2237 4684 2434 4741 docuit
2461 4681 2676 4736 habere
2702 4677 2968 4733 notitiam
2988 4677 3015 4732 ?
3047 4677 3323 4732 Homines
3357 4692 3585 4743 sumus,
3630 4683 3687 4730 et
3735 4691 3915 4746 sape

2237 4773 2428 4846 specie
2457 4770 2770 4825 herbarum
2803 4765 3146 4834 fallimur,et
3176 4765 3520 4837 plerumque
3551 4780 3697 4836 quas
3730 4763 3915 4818 salu»

2235 4863 2369 4917 bres
2431 4863 2728 4932 putamus,
2786 4855 2989 4910 noxias
3055 4853 3404 4926 reperimus.
3449 4851 3685 4917 Quoties
3737 4852 3914 4907 inter

2237 4949 2438 5005 dulces
2465 4945 2668 5018 epulas
2698 4943 2865 4998 cibus
2894 4942 3129 4998 lethalis
3166 4941 3423 5014 irrepsit,
3456 4945 3514 4996 et
3543 4939 3694 4994 inter
3725 4941 3915 5012 ipsas

2239 5037 2563 5094 aulicorum
2596 5032 2870 5088 excubias
2899 5030 3329 5099 ministrorum,
3351 5029 3550 5086 vitalia
3578 5045 3794 5101 regum
3829 5029 3916 5084 fe-

2239 5128 2376 5185 ralis
2405 5142 2536 5182 esca
2567 5121 2930 5196 penetravit?
2963 5121 3117 5176 Ferae
3149 5120 3271 5176 solo
3322 5123 3539 5176 norunt
3583 5118 3767 5173 odore
3802 5133 3918 5176 no—

2236 5219 2332 5274 xia
2377 5219 2434 5272 et
2481 5213 2784 5286 profutura
2831 5211 3162 5266 discernere
3201 5226 3214 5264 :
3258 5208 3418 5264 nullo
3451 5207 3682 5281 praevio,
3728 5205 3917 5263 nullo

2312 5385 2419 5460 (68)
2449 5385 2654 5460 Itaest
2684 5379 2930 5448 ciconia,
2964 5379 3035 5460 de
3071 5396 3186 5451 qua
3216 5395 3395 5460 supra
3426 5377 3473 5460 1.¹
3498 5395 3550 5433 v.
3584 5392 3633 5431 c.
3666 5375 3761 5460 4

2312 5446 2422 5528 (69)
2472 5453 2622 5510 Edit.
2677 5446 2924 5518 omnes,
2959 5455 3022 5529 et
3062 5446 3204 5529 mss.
3257 5446 3501 5529 aliquot,
3545 5446 3926 5529 asperitatem

2459 5532 2725 5610 futuram,
2759 5521 3024 5610 nonnulli
3064 5522 3407 5595 adfuturam.
3454 5520 3733 5578 Omnium
3804 5535 3925 5577 an-

2239 5593 2562 5678 tiquissimi
2590 5598 2656 5654 ut
2683 5609 2791 5654 nos
2813 5593 2874 5653 in
2903 5595 3082 5656 textu.
