4158 6168
494 276 612 342 267

1954 279 2019 339 S.
2066 276 2442 340 AMBROSII

3785 273 3899 336 268

564 412 654 467 25.
689 409 836 477 Quid
867 409 1160 485 agniculis
1193 409 1539 482 simplicius,
1592 425 1744 481 quos
1793 409 2137 466 minusculae
2170 410 2222 477 Α
2254 415 2478 482 petram
2510 409 2778 482 quaesivit
2807 407 3033 478 Petrus,
3066 424 3200 466 cum
3230 405 3515 465 titubaret
3540 405 3602 461 in
3626 404 3902 464 fluctibus

495 498 869 573 parvulorum
901 515 1318 573 comparamus
1343 496 1690 552 innocentiae
1710 496 1737 551 ?
1767 497 1928 569 Saepe
1954 514 2021 553 ex
2054 498 2147 553 his

492 588 552 643 in
586 604 801 661 magno
832 604 1006 662 grege
1039 585 1348 661 agniculus
1379 602 1481 657 per
1510 584 1683 641 ovilia
1734 588 1856 641 tota
1904 590 2146 657 vagatus

493 681 710 734 errata
755 681 964 746 matre,
998 682 1053 734 et
1101 692 1235 731 cum
1280 690 1409 730 eam
1462 673 1716 747 reperire
1774 691 1888 730 non
1938 674 2142 746 possit,

496 765 695 822 balatu
752 766 1041 838 frequenti
1098 765 1401 819 absentem
1450 764 1607 830 citat,
1660 768 1727 818 ut
1780 780 2144 835 responsurae

495 872 695 913 vocem
727 857 951 920 excitet,
986 870 1100 924 quo
1131 854 1203 908 ad
1233 854 1362 924 ejus
1394 870 1605 909 sonum
1626 854 1957 909 errabunda
1971 852 2145 925 repli-

499 952 587 1001 cet
640 942 909 1015 vestigia:
970 941 1176 997 multis
1233 941 1369 997 licet
1420 946 1685 998 versetur
1746 942 1806 997 in
1881 942 2147 997 millibus

499 1033 718 1099 ovium,
751 1030 1115 1103 recognoscit
1140 1047 1341 1087 vocem
1377 1031 1654 1103 parentis,
1675 1031 1995 1086 festinatad
2023 1048 2146 1086 ma-

498 1123 670 1188 trem,
699 1117 866 1173 laetis
895 1135 1131 1191 quoque
1162 1120 1411 1174 materni
1444 1123 1613 1176 notos
1645 1119 1754 1174 sibi
1816 1120 2005 1175 fontes
2053 1135 2147 1173 re-

501 1207 718 1280 quirit:
752 1209 1021 1279 quamvis
1051 1207 1164 1263 cibi
1195 1208 1483 1264 desiderio
1524 1212 1795 1264 teneatur
1849 1213 1905 1265 et
1951 1213 2145 1280 potus,

495 1297 849 1353 transcurrit
875 1300 1073 1353 tamen
1106 1296 1300 1353 aliena
1329 1298 1511 1354 ubera
1543 1297 1802 1370 gravida,
1857 1296 1993 1353 licet
2038 1296 2146 1352 hu-

499 1402 662 1443 more
708 1384 879 1441 lactis
921 1387 1253 1455 exundent;
1308 1386 1493 1441 solam
1565 1390 1811 1441 matrem
1882 1385 2144 1457 rcqnirit,

498 1474 684 1531 solius
715 1473 827 1529 sibi
859 1474 1109 1530 materni
1141 1473 1337 1530 uberis
1370 1490 1654 1546 pauperes
1688 1490 1893 1529 succos
1923 1474 2147 1547 signiﬁ-

499 1568 593 1619 cat
621 1562 939 1619 abundare.
977 1562 1082 1618 Illa
1110 1562 1513 1634 quoqueinter
1530 1562 1715 1617 multa
1740 1562 2146 1635 agniculorum

500 1652 689 1709 millia
718 1651 908 1708 solum
942 1652 1128 1707 filium
1164 1651 1351 1719 novit;
1382 1668 1539 1707 unus
1572 1650 1958 1723 plurimorum
1994 1650 2149 1706 bala-

498 1747 613 1808 tus,
647 1741 850 1797 eadem
882 1740 1139 1812 species;
1172 1740 1276 1796 illa
1304 1744 1500 1796 tamen
1533 1740 1714 1795 fetum
1747 1756 1921 1795 suum
1937 1739 2148 1795 discer-

501 1830 591 1886 nit
619 1847 653 1885 a
679 1829 920 1897 caeteris,
949 1833 1005 1885 et
1035 1829 1226 1885 solum
1258 1828 1445 1884 ﬁlium
1479 1828 1653 1884 tacito
1700 1828 1933 1899 pietatis
1985 1828 2148 1883 testi-

502 1918 699 1976 monio
748 1918 1131 1991 recognoscit.
1182 1919 1387 1974 Pastor
1445 1922 1598 1973 errat
1671 1917 1731 1971 in
1804 1917 2151 1972 discretione

503 2007 720 2075 avium,
755 2007 1064 2080 agniculus
1096 2008 1152 2061 in
1187 2007 1485 2079 agnitione
1518 2006 1723 2061 matris
1738 2005 2148 2061 nesciterrare.

503 2096 708 2153 Pastor
737 2095 963 2151 fallitur
991 2095 1216 2166 specie;
1252 2096 1353 2150 sed
1397 2096 1522 2150 ovis
1569 2094 1781 2166 pietate
1830 2112 1945 2149 non
1996 2094 2151 2149 falli-

428 2208 435 2215 ε
500 2187 619 2240 tur.
654 2183 818 2239 Unus
848 2184 990 2240 odor
1015 2184 1310 2251 omnibus,
1336 2184 1435 2240 sed
1469 2188 1666 2239 tamen
1708 2182 1885 2238 habet
1943 2187 2153 2237 natura

502 2273 740 2329 odorem
792 2290 969 2328 suum
1022 2273 1410 2329 domesticum
1470 2288 1644 2344 quem
1696 2271 1924 2327 soboles
1975 2271 2152 2327 chara

503 2362 659 2419 123
717 2362 955 2435 speciali
1012 2361 1269 2433 quadam
1332 2361 1563 2417 videtur
1630 2361 1982 2432 proprietate
2057 2377 2148 2416 re-

502 2450 717 2507 dolere.
1648 2498 1653 2507 .

570 2540 878 2596 26..Habet
898 2556 1036 2596 suos
1067 2556 1211 2595 usus
1259 2543 1492 2604 natura,
1521 2542 1579 2593 et
1609 2553 1820 2594 sensus
1866 2537 2151 2594 domesti-

501 2644 618 2685 eos.
653 2628 761 2683 Vix
788 2627 1077 2684 infantulo
1138 2632 1436 2700 coeperunt
1485 2628 1691 2683 dentes
1750 2643 2149 2699 prorumpere,

501 2721 559 2773 et
579 2718 707 2789 jam
749 2717 908 2773 novit
955 2734 1065 2772 sua
1114 2734 1280 2772 arma
1331 2720 1576 2771 tentare.
1631 2716 1904 2771 Nondum
1955 2714 2149 2770 catulo

501 2807 729 2871 dentes,
759 2808 818 2861 et
846 2808 1129 2878 tanquam
1160 2805 1393 2871 habeat,
1441 2821 1539 2859 ore
1597 2804 1831 2876 proprio
1881 2820 1942 2858 se
1991 2820 2149 2875 quae-

501 2892 578 2951 rit
638 2893 860 2949 ulcisci.
921 2894 1194 2949 Nondum
1266 2909 1432 2948 eervo
1516 2908 1754 2958 cornua,
1814 2900 1868 2947 et
1950 2897 2147 2948 tamen

501 2984 689 3040 fronte
718 2981 1006 3054 praeludit,
1040 2985 1214 3053 atque
1265 2998 1334 3036 ea
1384 2996 1510 3052 quae
1566 2981 1829 3035 nondum
1877 2986 2148 3052 expertus

499 3071 596 3137 sit,
629 3069 743 3126 tela
776 3069 1097 3126 minitatur.
1130 3070 1327 3140 Lupus
1359 3069 1408 3124 si
1442 3069 1599 3141 prior
1639 3069 1938 3125 hominem
1990 3069 2147 3125 vide-

498 3160 595 3225 rit,
625 3174 822 3214 vocem
855 3158 1046 3230 eripit,
1079 3166 1133 3214 et
1163 3157 1410 3230 despicit
1436 3174 1570 3213 eum
1620 3163 1901 3229 tanquam
1964 3158 2147 3214 victor
2177 3144 2219 3210 C

496 3248 658 3305 vocis
687 3248 911 3303 ablatas.
945 3247 1106 3302 Idem
1138 3247 1187 3302 si
1219 3263 1282 3302 se
1312 3246 1623 3318 praevisum
1675 3247 1943 3315 senserit,
1967 3247 2147 3321 depo-

498 3337 587 3394 nit
617 3337 912 3405 ferociam,
946 3353 1060 3392 non
1112 3340 1302 3408 potest
1354 3352 1607 3392 currere.
1664 3335 1771 3392 Leo
1815 3335 2039 3408 gallum
2093 3340 2150 3392 et

500 3425 755 3481 maxime
785 3424 985 3480 album
1017 3429 1265 3480 veretur.
1299 3424 1517 3497 Caprea
1549 3424 1858 3480 vulnerata
1902 3425 2147 3481 dictam-

500 3530 642 3569 num
674 3513 784 3583 (73)
837 3512 1003 3584 petit,
1063 3513 1219 3569 etde
1273 3511 1513 3569 vulnere
1559 3512 1815 3568 excludit
1879 3513 2145 3585 sagittas.

500 3602 730 3658 Norunt
760 3607 817 3658 et
846 3600 1045 3658 bestiae
1076 3602 1334 3658 remedia
1365 3620 1492 3657 sua.
1544 3603 1657 3658 Leo
1704 3619 1856 3675 aeger
1912 3601 2148 3658 simiam

501 3690 728 3764 quaerit,
781 3695 847 3747 ut
902 3691 1136 3747 devoret
1191 3708 1306 3763 quo
1368 3690 1554 3763 possit
1599 3691 1814 3747 sanari.
1898 3692 2148 3764 Leopar-

498 3780 610 3838 dus
631 3797 850 3853 caprea
870 3780 1120 3853 agrestis
1135 3781 1479 3853 sanguinem
1504 3779 1669 3846 bibit,
1702 3783 1755 3835 et
1777 3780 1893 3835 vim
1910 3779 2149 3852 languo-

498 3869 578 3926 ris
609 3869 803 3926 evitat.
838 3868 1043 3925 Omnis
1071 3870 1192 3925 t'era
1239 3886 1392 3941 aegra
1440 3868 1603 3923 canis
1651 3868 1864 3923 hausto
1911 3872 2149 3923 curatur

493 3957 803 4030 sanguine.
866 3956 1051 4012 Ursus
1095 3972 1245 4029 aeger
1296 3956 1571 4012 formicas
1624 3955 1878 4011 devorat.
1931 3956 2145 4013 Cervus

494 4045 634 4103 oleae
665 4044 1038 4102 ramusculos
1070 4045 1317 4100 mandit.

564 4137 653 4189 27.
687 4135 839 4207 Ergo
872 4134 1004 4189 fere:
1032 4137 1250 4190 norunt
1277 4136 1542 4205 expetere
1572 4149 1639 4189 ea
1691 4150 1820 4205 quae
1852 4134 1963 4189 sibi
2014 4151 2143 4206 pro-

487 4222 637 4293 sint;
670 4226 731 4278 tu
767 4222 1023 4291 ignoras,
1055 4237 1088 4277 o
1110 4221 1306 4287 homo,
1340 4222 1599 4277 remedia
1648 4222 1775 4276 tua!
1810 4223 1896 4277 Tu
1956 4221 2145 4277 nescis

486 4311 1091 4383 quomodogvirtutem
1126 4310 1340 4381 eripias
1381 4310 1740 4378 adversario,
1791 4313 1855 4365 ut
1905 4313 1961 4365 te
2008 4313 2145 4364 tan-

488 4415 676 4470 quam
704 4402 1030 4471 praeventus
1088 4398 1266 4472 lupus
1318 4400 1430 4471 (74)
1476 4399 1729 4471 effugere
1773 4417 1887 4454 non
1939 4399 2144 4470 possit,

2256 503 2311 554 et
2344 500 2595 565 invenit;
2631 498 2771 571 quia
2800 499 3102 555 dexteram
3129 496 3433 569 amplexus
3462 497 3555 551 est
3582 493 3822 550 Christi.

2324 588 2413 643 28.
2444 588 2589 653 Quid
2622 588 2814 643 dicam
2845 586 2980 643 allio
3013 586 3283 641 homines
3314 582 3608 651 delectari,
3659 587 3718 639 et
3758 583 3902 640 illud

2256 677 2326 731 ad
2358 692 2550 732 escam
2581 692 2832 744 sumere,
2867 676 3023 747 quod
3054 679 3111 730 et
3136 673 3448 746 leopardus
3499 671 3686 745 fugit?
3733 671 3902 729 Deni-

2256 783 2367 837 que
2398 764 2583 821 sicubi
2615 764 2817 820 allium
2843 763 3058 836 aliquis
3097 762 3538 819 confricandum
3588 761 3896 832 putaverit,

2255 854 2567 926 leopardus
2624 854 2760 909 inde
2815 851 3029 921 exsilit,
3079 868 3183 907 nec
3238 850 3478 907 resistit.
3549 849 3732 920 Cujus
3806 866 3901 906 ve-

2256 948 2458 999 nerata
2489 944 2610 999 fera
2656 942 2892 998 odorem
2942 958 3059 996 non
3110 943 3299 1013 potest
3349 938 3663 1005 sustinere,
3727 938 3786 993 id
3838 943 3901 994 tu

2257 1050 2361 1106 pro
2392 1032 2519 1087 cibo
2575 1030 2785 1097 sumis,
2833 1034 2891 1086 et
2933 1029 3254 1086 visceribus
3300 1027 3562 1083 infundis
3613 1026 3904 1083 internis?

2254 1122 2365 1176 Sed
2398 1121 2720 1176 medicatur
2760 1120 3056 1176 interdum
3097 1117 3420 1173 doloribus.
3470 1117 3752 1171 Sumatur
3800 1132 3903 1189 pro

2258 1210 2702 1276 medicamento,
2737 1225 2852 1263 non
2884 1224 2988 1281 pro
3019 1206 3178 1264 cibo:
3212 1213 3482 1262 sumatur
3512 1205 3585 1260 ah
3617 1209 3903 1278 aegrotan-

2257 1300 2436 1366 tibus,
2460 1315 2577 1353 non
2610 1299 2679 1352 ab
2711 1296 3101 1369 epulantibus.
3131 1295 3626 1351 Medicamentum
3667 1294 3903 1365 quaeris,

2258 1392 2315 1443 et
2336 1387 2633 1458 jejunium
2666 1386 2854 1459 fugis;
2887 1384 3056 1457 qua-si
3076 1384 3269 1454 majus
3296 1382 3453 1438 aliud
3468 1381 3795 1438 remedium
3816 1398 3903 1438 re-

2258 1478 2445 1549 perire
2476 1474 2689 1547 possis.
2728 1474 2927 1544 Jejuni
2974 1472 3231 1529 hominis
3277 1476 3521 1543 sputum
3567 1471 3617 1527 si
3661 1487 3903 1544 serpens

2258 1564 2596 1637 gustaverit,
2629 1563 2897 1619 moritur.
2929 1562 3106 1617 Vides
3137 1564 3357 1633 quanta
3405 1561 3492 1616 vis
3528 1558 3740 1632 jejunii
3790 1560 3902 1629 sit;

2258 1660 2321 1711 ut
2340 1660 2395 1710 et
2426 1658 2598 1726 sputo
2628 1668 2735 1709 suo
2764 1653 2939 1707 homo
2968 1655 3265 1707 terrenum
3303 1652 3634 1722 serpentem
3683 1648 3906 1705 interﬁ-

2258 1744 2392 1808 ciat,
2425 1747 2482 1797 et
2511 1741 2715 1796 merito
2749 1739 3092 1812 spiritalem.

2331 1833 2418 1886 29.
2453 1834 2739 1897 Quantam
2775 1829 3060 1885 Dominus
3089 1828 3265 1885 etiam
3295 1824 3649 1883 minusculis
3688 1827 3908 1884 infudit

2261 1918 2670 1992 prudentiam!
2707 1919 2926 1973 Turtur
2955 1917 3092 1972 nido
3124 1934 3252 1981 suo,
3286 1932 3358 1972 ne
3386 1914 3579 1987 pullos
3632 1932 3771 1972 suos
3818 1916 3909 1972 in-

2260 2014 2453 2065 curset
2483 2008 2680 2080 lupus,
2712 2006 2939 2079 squillae
2970 2005 3111 2061 folia
3140 2005 3474 2077 superjacit.
3531 2004 3703 2060 Novit
3747 2006 3907 2063 enim

2261 2099 2415 2170 quod
2449 2095 2787 2168 hujusmodi
2821 2095 2955 2151 folia
2986 2094 3107 2166 lupi
3143 2095 3340 2166 fugere
3367 2093 3734 2149 consuerint.
3786 2094 3911 2150 No-

2259 2188 2341 2241 vit
2397 2185 2704 2258 vulpecula
2734 2185 2845 2255 (75)
2903 2182 3197 2255 quomodo
3257 2181 3659 2254 posteritatem
3720 2182 3911 2240 foveat

2260 2291 2459 2329 suam:
2494 2279 2552 2329 et
2581 2278 2643 2328 tu
2676 2274 2930 2344 ignoras,
2958 2277 3023 2327 tu
3055 2270 3305 2343 negligis
3352 2271 3648 2343 quomodo
3698 2271 3911 2328 adver-

2261 2381 2393 2419 sum
2451 2362 2621 2435 lupos
2680 2360 2949 2433 nequitiae
3007 2358 3288 2432 spiritalis
3330 2359 3727 2432 posteritatem
3777 2359 3911 2417 vita)

2261 2452 2441 2523 hujus
2471 2451 2691 2507 habeas
2722 2449 2995 2505 tutiorem
3021 2452 3044 2505 Ρ

2810 2564 2966 2621 124
2995 2563 3232 2620 CAPUT
3269 2563 3339 2616 V.

2260 2658 2373 2725 Qua
2433 2658 2645 2709 ratione
2702 2655 2964 2709 Dominus
3020 2653 3152 2707 aliis
3183 2653 3362 2707 bestiis
3417 2652 3562 2707 colla
3631 2652 3909 2725 breviora.

2332 2729 2463 2782 aliis
2530 2726 2803 2794 longioria
2823 2726 3111 2779 creaverit.
3139 2724 3241 2780 Ubi
3294 2724 3585 2794 potissium
3628 2724 3927 2794 elephanti

2328 2798 2600 2863 membra,
2658 2798 3041 2868 proprietates,
3098 2803 3259 2867 atque
3288 2795 3350 2850 in
3406 2811 3466 2851 re
3494 2794 3739 2850 militari
3772 2811 3912 2851 usus

2329 2870 2726 2925 describuntur.

2328 2987 2416 3040 30.
2451 2985 2561 3041 Sed
2590 2986 2951 3039 revertamur
2979 2982 3052 3038 ad
3076 2981 3286 3038 seriem
3317 2985 3619 3049 creaturae,
3663 2985 3723 3038 et
3773 2997 3915 3038 con-

2260 3075 2586 3131 sideremus
2618 3089 2734 3144 qua
2756 3071 2977 3127 ratione
3012 3070 3290 3127 Dominus
3321 3070 3452 3126 aliis
3483 3070 3688 3127 bestiis
3717 3088 3912 3145 angu-

2259 3163 2438 3218 stiora
2453 3160 2965 3227 collatormaverit,
2994 3159 3343 3216 utleonibus
3356 3163 3533 3231 atque
3566 3158 3910 3231 tigridibus,

2259 3252 2413 3307 ursis
2445 3267 2710 3322 quoque;
2742 3249 2872 3305 aliis
2903 3247 3233 3321 prolixiora,
3265 3251 3331 3303 ut
3359 3246 3686 3320 elephantis
3715 3252 3778 3304 et
3812 3264 3912 3305 ca-

2258 3340 2428 3396 melis
2460 3341 2593 3411 (76).
2630 3339 2832 3395 Nonne
2862 3337 3098 3394 evidens
3130 3353 3309 3393 causa
3338 3341 3456 3404 est;
3478 3334 3743 3409 quiaillis
3766 3336 3913 3392 feris

2258 3446 2389 3502 quae
2417 3444 2589 3485 carne
2637 3430 2975 3494 vescuntur,
3027 3442 3143 3481 non
3196 3429 3321 3481 erat
3368 3442 3518 3498 opus
3568 3424 3911 3498 prolixitate

2258 3516 2536 3574 cervicis?
2594 3517 2718 3571 Non
2775 3516 2933 3571 enim
2992 3514 3053 3569 in
3111 3518 3296 3570 terras
3355 3513 3631 3585 pascendi
3714 3513 3916 3586 gratia

2259 3606 2538 3663 cervicem
2569 3609 2742 3677 atque
2773 3621 2875 3659 ora
2903 3603 3217 3674 dejiciunt:
3251 3603 3353 3659 sed
3396 3607 3500 3658 aut
3545 3619 3785 3658 cervum
3820 3602 3914 3657 in-

2256 3696 2495 3766 vadunt,
2533 3698 2635 3749 aut
2664 3693 2868 3747 bovem
2898 3708 3181 3763 ovemque
3224 3691 3581 3763 discerpunt.
3630 3690 3917 3747 Camelus

2256 3801 2391 3840 vero
2418 3800 2550 3839 cum
2585 3782 2663 3837 sit
2685 3780 2874 3848 altior,
2900 3780 3192 3851 quomodo
3235 3778 3431 3835 herbis
3482 3778 3916 3835 minutissimis

2258 3877 2613 3943 pasceretur,
2635 3870 2747 3925 nisi
2780 3867 3045 3941 longiora
3075 3883 3263 3940 usque
3292 3867 3364 3922 ad
3394 3870 3612 3922 terram
3645 3866 3803 3923 colla
3839 3867 3918 3923 ad

2257 3977 2431 4016 usum
2463 3959 2746 4032 pastionis
2794 3957 3163 4013 extenderet?
3208 3956 3410 4028 Itaque
3470 3956 3733 4011 camelus
3806 3972 3919 4028 pro

2255 4049 2478 4104 ratione
2507 4046 2870 4120 proceritatis
2928 4062 3045 4102 suae
3095 4043 3408 4117 prolixiora
3455 4042 3604 4099 colla
3656 4043 3922 4100 sortitus

2254 4142 2361 4204 est,
2394 4155 2581 4210 equus
2612 4154 2716 4209 pro
2746 4135 2993 4201 ratione,
3022 4135 3128 4190 bos
3176 4149 3412 4206 quoque
3460 4131 3643 4189 simili
3692 4134 3918 4189 modo:

2255 4227 2313 4281 hi
2345 4227 2501 4282 enim
2519 4229 2843 4299 pascuntur
2861 4223 3075 4280 herbis.

2322 4318 2411 4371 31.
2446 4314 2800 4387 Elephantus
2830 4315 3028 4368 autem
3059 4310 3236 4367 etiam
3284 4310 3715 4383 prominentem
3775 4328 3921 4383 pro-

2254 4404 2580 4460 muscidem
2611 4403 2813 4470 habet;
2848 4400 2987 4473 quia
3017 4416 3152 4456 cum
3184 4399 3261 4455 sit
3280 4399 3630 4455 eminentior
3645 4400 3922 4469 cunctis,

482 4491 549 4543 ut
579 4487 747 4543 oculo
769 4492 881 4542 tuae
927 4488 1143 4543 mentis
1183 4490 1311 4559 ejus
1360 4488 1667 4560 perﬁdiam
1715 4488 2142 4559 deprehendas,
2172 4510 2220 4574 D
2251 4510 2314 4549 se
2357 4492 2639 4547 inclinare
2695 4491 2764 4546 ad
2827 4490 3185 4561 pascendum
3245 4505 3360 4543 non
3419 4492 3629 4558 potest.
3693 4492 3927 4561 Itaque

481 4580 538 4631 et
571 4576 728 4649 prior
760 4592 1000 4632 cursum
1054 4578 1363 4632 verborum
1412 4578 1541 4647 ejus
1589 4575 1896 4649 impedias,
1944 4575 2140 4647 impu-

482 4665 745 4722 dentiam
777 4666 905 4736 ejus
947 4668 1003 4720 et
1056 4682 1303 4721 acumen
1353 4665 1776 4737 disputationis
1824 4665 2137 4720 obtundas.

482 4754 645 4819 Quod
676 4754 727 4810 si
766 4758 821 4810 te
852 4754 949 4810 ille
1008 4754 1369 4826 praevenerit,
1422 4770 1621 4809 vocem
1669 4754 1771 4809 tibi
1833 4753 2047 4819 aufert;
2082 4757 2139 4808 et

482 4845 533 4900 si
564 4844 954 4911 obmutueris,
989 4844 1146 4899 solve
1175 4843 1458 4899 amictum
1485 4847 1676 4905 tuum,
1716 4848 1777 4897 ut
1809 4858 2137 4897 sermonem

485 4932 763 4988 resolvas.
800 4937 867 4987 Et
898 4932 945 4987 si
992 4933 1049 4987 in
1082 4937 1138 4988 te
1168 4929 1552 4988 insurrexerit
1585 4930 1778 5001 lupus,
1800 4934 2020 5001 petram
2042 4947 2137 4985 ca-

481 5038 572 5093 pe,
605 5025 664 5077 et
693 5021 862 5094 fugit.
898 5022 1066 5076 Petra
1094 5027 1197 5076 tua
1227 5019 1495 5076 Christus
1518 5022 1624 5073 est.
1650 5019 1707 5073 Si
1727 5020 1798 5073 ad
1838 5019 2134 5074 Christum

481 5109 810 5182 confugias,
845 5110 995 5182 fugit
1025 5109 1222 5181 lupus,
1258 5126 1361 5162 nec
1397 5114 1607 5162 terrere
1638 5112 1689 5160 to
1722 5108 1949 5179 poterit.
1978 5107 2135 5162 Hanc

550 5241 665 5313 (75)
725 5239 920 5297 erce
972 5250 1255 5312 δίκταμνον,
1290 5240 1471 5296 herba
1528 5256 1654 5313 quae
1714 5240 2000 5313 pracipue
2076 5240 2133 5294 in

481 5308 655 5383 Creta
706 5312 990 5381 nascitur,
1050 5308 1161 5369 alio
1231 5313 1465 5368 nomine
1532 5308 1749 5367 dicitur
1807 5308 2131 5383 pulegium,

479 5386 536 5436 et
567 5382 841 5457 hortense
874 5384 928 5455 gi
940 5384 1157 5457 ngiber.

569 5454 663 5528 ἷζε)
694 5453 833 5528 Mss.
876 5453 1007 5528 non'
1018 5457 1212 5528 pauci,
1244 5462 1511 5527 tanquam
1536 5455 1815 5528 praevisus
1842 5454 2021 5524 lupus.

569 5525 660 5595 75)
692 5525 843 5582 Edit.
881 5525 1037 5583 Cost:
1069 5533 1328 5594 etRom.,
1350 5525 1507 5583 Novit
1527 5525 1765 5581 avicula.
1788 5525 2129 5593 Commode,

472 5594 525 5657 si
555 5594 804 5676 quis§eis
836 5598 1121 5677 antiquus
1151 5598 1333 5660 codex
1362 5598 1804 5673 suffragaretur.

2248 4582 2375 4652 ejus
2424 4581 2497 4636 ad
2528 4579 2918 4653 colligendum
2950 4578 3149 4633 cibum
3192 4576 3381 4635 utitur
3427 4576 3787 4633 ministerio.
3840 4578 3925 4633 Ea
3966 4610 3979 4617 ~

2249 4669 2495 4725 immani
2525 4669 2727 4724 bestiae
2752 4666 2893 4738 largi
2927 4670 3101 4738 potus
3117 4664 3701 4721 infunditbumorem
3724 4666 3919 4733 ;ideo-

2248 4776 2362 4830 que
2414 4774 2667 4813 concava
2719 4759 2829 4822 est,
2889 4771 3006 4826 quo
3056 4755 3126 4809 ad
3185 4752 3665 4825 restinguendam
3725 4757 3924 4810 tanta

2246 4846 2452 4903 belluas
2485 4846 2645 4900 sitim
2695 4842 2899 4916 plenos
2959 4842 3124 4897 lacus
3182 4841 3434 4908 hauriat,
3495 4845 3599 4897 aut
3652 4840 3926 4899 collecto

2246 4934 2489 4989 ﬂumine
2538 4932 2727 5006 posslt
2782 4931 3071 4987 inundare
3126 4934 3447 5002 potantem.
3518 4929 3723 4986 Cervix
3768 4947 3927 4988 sane

2245 5023 2438 5078 minor
2462 5026 2550 5078 est
2580 5036 2758 5093 quam
2808 5023 3010 5091 poscat
3066 5018 3214 5074 tanti
3273 5018 3533 5091 corporis
3563 5018 3793 5089 moles;
3845 5036 3928 5077 ne

2244 5129 2309 5167 ca
2333 5128 2562 5183 quoque
2593 5108 2753 5165 oneri
2789 5107 2981 5180 magis
3012 5111 3170 5164 esset
3205 5124 3383 5180 quam
3434 5107 3589 5164 usui.
3643 5107 3927 5181 Ideoque

2317 5244 2631 5327 (76)‘Rom.
2667 5241 2831 5308 edit.,
2867 5247 2927 5296 ut
2956 5242 3260 5327 camelis'et
3284 5241 3477 5327 equis.
3509 5240 3727 5327 Cogtrja
3782 5240 3926 5297 aliis

2242 5309 2382 5384 edit,
2410 5309 2467 5371 et
2493 5331 2698 5370 omnes
2726 5383 2732 5384 ί
2757 5329 2925 5379 mss.,
2960 5315 3020 5367 ut
3068 5309 3395 5381 elephantis,
3428 5316 3539 5367 etc.
3575 5309 3700 5384 Sed
3771 5328 3927 5384 cum

2244 5379 2457 5442 dicitur
2515 5387 2668 5441 Deus
2722 5383 2990 5456 longiora
3032 5379 3180 5438 colla
3237 5383 3473 5456 dedisse
3540 5379 3928 5456 elephantis,

2286 5458 2576 5514 romuseis
2607 5451 2987 5528 intelligenda
3017 5459 3126 5521 est,
3152 5470 3281 5528 quae
3310 5452 3430 5528 illis
3450 5451 3706 5528 cervicis
3771 5451 3930 5526 pro;

2286 5475 2576 5514 I‘OIDUSCIS
2607 5475 2987 5528 Inteiugenua
3017 5475 3126 5521 6815,
3194 5475 3281 5509 [1&3
3310 5475 3430 5509 IIIIS
3461 5475 3706 5509 CBI'VIOIS
3772 5475 3927 5526 pro-

2240 5475 2463 5585 lixioris
2508 5528 2693 5585 vicem
2744 5526 3007 5601 supplet:
3077 5475 3233 5601 unde
3311 5524 3513 5601 B_asil._,
3570 5532 3672 5601 ἔχει
3703 5531 3784 5601 δὲῃ
3820 5538 3927 5599 τὴν

2238 5601 2559 5679 προνομαίαν,
2614 5601 2707 5664 τὴν
2760 5586 2879 5652 rei}.
2932 5596 3189 5668 τραχήλου
3243 5595 3411 5666 γριίαν
3475 5586 3906 5665 ἇποτὲληροῦσαῦ
