4084 6188
267 323 370 385 969

1505 318 1712 379 HEXA
1726 316 2047 377 EMERON
2091 316 2241 377 LIB.
2288 314 2389 377 VI.

3526 308 3647 371 2'10

266 470 356 511 nec
382 469 577 527 genua
602 453 867 521 inﬂectit,
899 453 1037 525 quia
1062 451 1440 526 rigidioribus
1462 468 1609 523 opus
1630 450 1741 505 fuit
1763 467 1892 506 cru-
1924 449 1978 515 Α
2006 464 2194 520 equus
2215 448 2344 518 ejus
2383 447 2826 519 perterrefactus
2858 450 3029 502 tantas
3055 447 3253 502 bestias
3278 444 3649 501 immanitate

264 544 434 611 ribus,
466 560 582 616 quo
611 541 773 599 velut
818 541 1112 598 columnis
1158 544 1323 597 tanta
1371 539 1557 612 possit
1605 539 1894 593 membro-

265 649 377 688 rum
409 631 689 688 machina
737 629 1037 687 sustineri.
1089 628 1441 685 Calcaneum
1471 627 1673 683 leviter
1704 628 1896 682 incur-

261 726 366 791 vat,
427 720 621 794 rigent
676 724 887 776 caetera
942 719 1158 792 pedum
1207 736 1240 774 a
1287 734 1520 774 summo
1570 733 1759 788 usque
1826 716 1897 770 ad

263 811 453 867 imum.
494 810 610 865 Nec
656 810 811 867 sicut
852 809 910 863 in
950 805 1187 880 ancylas
1222 808 1336 879 (77)
1358 823 1464 862 nos
1486 822 1639 877 saepe
1658 805 1898 878 deponi-

265 917 403 967 mus,
436 899 519 954 ita
547 915 611 955 se
639 899 816 954 etiam
838 897 1027 953 bestia
1040 900 1232 969 potest
1252 899 1415 951 tanta
1427 895 1730 950 deﬂectere
1752 911 1766 961 ;
1787 909 1902 948 me-

262 990 478 1061 ritoque
499 1004 616 1043 non
640 986 903 1042 volvendi
931 1002 1013 1053 se,
1048 1000 1235 1056 neque
1266 983 1545 1039 curvandi
1568 999 1739 1038 usum
1765 997 1898 1037 cum

265 1077 476 1134 caeteris
528 1075 931 1132 animantibus
989 1078 1179 1147 potest
1230 1073 1444 1129 habere
1500 1087 1897 1127 communem.

266 1166 512 1223 Fulcitur
548 1164 683 1220 hinc
712 1164 850 1219 inde
878 1162 1146 1219 trabibus
1179 1160 1451 1216 maximis
1476 1179 1488 1228 ;
1515 1166 1579 1215 ut
1607 1159 1666 1213 in
1695 1175 1901 1214 somno

261 1253 685 1327 aliquantulum
736 1253 864 1308 sine
912 1251 1170 1324 periculo
1223 1250 1570 1317 reﬂectatur,
1618 1248 1752 1320 quia
1797 1264 1900 1320 pes

258 1345 377 1416 ejus
404 1341 573 1400 nulla
598 1346 834 1398 artuum
868 1339 1279 1412 conjunctione
1309 1338 1712 1411 distinguitur.
1738 1337 1901 1392 Man-

259 1432 436 1489 suetis
465 1431 650 1504 igitur
677 1429 856 1486 veluti
905 1429 1174 1500 quaedam
1225 1426 1412 1482 fulcra
1450 1443 1653 1482 eorum
1687 1426 1902 1497 quibus

259 1522 346 1576 hic
392 1537 541 1577 usus
599 1522 708 1587 est,
763 1522 1049 1591 parantur
1100 1516 1381 1590 ingenio:
1432 1516 1570 1573 feris
1620 1520 1815 1571 autem
1847 1517 1904 1569 et

257 1609 606 1683 agrestibus,
638 1608 779 1681 quia
822 1623 992 1663 nemo
1041 1606 1380 1678 hujusmodi
1422 1604 1639 1677 quibus
1670 1607 1901 1661 susten-

254 1700 358 1754 tari
410 1700 634 1771 queant
679 1696 867 1751 fulcra
929 1695 1273 1762 substernit,
1330 1694 1467 1749 hinc
1530 1693 1689 1749 venit
1756 1708 1902 1747 usus

255 1786 521 1861 periculi.

314 1876 405 1930 32.
438 1875 706 1947 Namque
736 1874 928 1929 arbori
956 1873 1139 1928 innixi
1180 1876 1281 1927 aut
1314 1875 1507 1928 costas
1540 1872 1769 1938 fricant,
1803 1875 1905 1926 aut

249 1965 303 2020 in
336 1980 550 2020 somno
598 1979 727 2019 sese
773 1961 1058 2028 relaxant,
1110 1979 1239 2033 quae
1286 1976 1711 2032 nonnunquam
1754 1959 1904 2015 victa

246 2058 423 2126 atque
466 2052 680 2108 inﬂexa
725 2056 887 2107 tanto
947 2067 1187 2123 corpore
1236 2049 1570 2121 frangitur:
1623 2048 1719 2104 ille
1769 2066 1901 2105 vero

228 2142 342 2215 qui
376 2158 511 2197 sese
542 2141 603 2196 in
641 2141 908 2196 eamdem
942 2140 1257 2205 refuderat,
1290 2138 1509 2194 corruit
1547 2155 1651 2193 nec
1682 2139 1901 2210 erigere

245 2236 421 2303 atque
459 2228 688 2285 elevare
719 2246 779 2285 se
812 2232 1036 2301 potest;
1069 2228 1269 2299 ibique
1307 2230 1511 2299 jacens
1553 2227 1767 2293 interit,
1803 2231 1903 2282 aut

244 2318 469 2393 gemitu
497 2334 607 2373 suo
638 2316 904 2390 proditus
932 2317 1232 2382 sternitur,
1265 2318 1406 2372 dum
1436 2320 1631 2372 ventre
1655 2316 1902 2371 czeteris-

244 2424 355 2480 que
380 2409 557 2478 juxta
594 2404 960 2462 mollioribus
1010 2407 1081 2462 ad
1130 2405 1344 2461 vulnus
1382 2410 1560 2478 patet.
1591 2405 1737 2460 Nam
1768 2406 1899 2460 dor-

242 2514 375 2553 sum
434 2497 569 2567 ejus
619 2498 943 2566 caateraque
986 2496 1271 2551 exteriora
1319 2512 1433 2549 non
1467 2494 1589 2549 ulla
1621 2494 1784 2549 facile
1816 2511 1901 2549 so-

238 2586 362 2641 lent
394 2584 513 2640 tela
544 2588 868 2657 penetrare.
928 2584 1074 2639 Sunt
1134 2589 1328 2639 autem
1363 2584 1463 2655 qui
1493 2587 1728 2656 prepter
1756 2584 1901 2638 ebur

241 2675 346 2731 has
400 2673 522 2729 illis
574 2673 823 2728 insidias
872 2677 1112 2745 parent;
1161 2676 1225 2727 ut
1280 2674 1516 2728 arbores
1555 2689 1652 2727 eas
1683 2672 1898 2745 quibus

2007 537 2321 609 dil‘l‘ugiat?
2371 537 2517 601 Quid
2574 536 2746 591 faciat
2792 536 3150 608 sagittarius,
3214 551 3348 590 cum
3398 535 3653 607 desuper

2010 627 2222 682 ferrata
2248 625 2503 682 virorum
2553 642 2796 697 corpora
2840 625 3020 695 jaculi
3071 625 3253 681 ictum
3285 623 3503 680 sentire
3533 639 3651 679 non

2010 716 2273 788 possint;
2327 716 2515 771 bestia
2563 731 2798 786 quoque
2840 730 2943 769 nec
2975 714 3134 769 nuda
3182 712 3351 769 facile
3382 716 3650 785 penetra-

2010 804 2141 860 bilis
2190 805 2340 859 ferro
2373 804 2467 859 sit:
2501 810 2559 859 et
2613 804 2840 859 munita
2889 802 3108 870 loricis,
3158 803 3357 858 obvias
3405 802 3531 858 sine
3561 801 3654 858 sui

2009 893 2266 967 periculo
2294 894 2447 948 acies
2478 896 2650 959 secet,
2685 898 2741 947 et
2771 896 3029 948 conterat
3057 894 3286 946 turmas
3304 892 3333 946 ?

2079 985 2168 1038 34.
2206 984 2406 1054 Itaque
2459 986 2525 1036 ut
2570 981 2861 1037 immensa
2910 980 3174 1048 aediﬁcia,
3234 981 3315 1035 ita
3362 978 3655 1051 elephanti

2012 1072 2411 1128 fundamentis
2475 1070 2855 1126 validioribus
2909 1070 3329 1136 sustinentur;
3393 1068 3654 1138 alioquin

2009 1161 2337 1234 imparibus
2382 1160 2508 1215 fulti
2558 1159 2822 1232 pedibus,
2874 1159 3031 1213 intra
3059 1158 3291 1213 brevem
3320 1157 3657 1212 laberentur

2011 1257 2261 1308 aetatem.
2312 1250 2477 1306 Nunc
2526 1254 2722 1305 autem
2772 1254 2830 1304 et
2876 1248 3147 1304 trecentis
3199 1251 3258 1302 et
3287 1244 3544 1318 amplius
3573 1245 3655 1300 fe-

2011 1345 2222 1396 runtur
2269 1339 2437 1395 annis
2484 1340 2663 1394 vitam
2713 1338 3069 1411 producere;
3122 1336 3261 1408 quia
3307 1333 3506 1391 omnia
3545 1332 3657 1390 sibi

2011 1431 2083 1484 ad
2135 1428 2598 1500 magnitudinem
2659 1428 2925 1483 membra
2968 1425 3342 1481 conveniunt.
3408 1423 3660 1495 Ideoque

2011 1536 2127 1574 non
2161 1518 2423 1573 distincti
2477 1522 2543 1572 ut
2589 1516 2777 1584 nobis,
2832 1516 2933 1571 sed
2967 1514 3255 1586 compecti
3301 1516 3464 1568 artus
3495 1514 3656 1579 sunt,

2012 1625 2127 1680 quo
2160 1608 2280 1663 sint
2310 1606 2689 1671 robustiores.
2722 1606 2907 1669 Quam
2953 1604 3066 1659 cito
3108 1602 3445 1658 hominibus
3476 1600 3526 1657 si
3556 1600 3656 1656 diu

2013 1697 2300 1765 steterint,
2342 1701 2443 1752 aut
2478 1695 2733 1752 velocius
2756 1692 3138 1762 cucurrerint,
3164 1692 3251 1746 vel
3276 1690 3500 1764 jugiter
3528 1705 3659 1746 am—

2014 1786 2363 1852 bulaverint,
2387 1801 2577 1858 genua
2624 1787 2908 1839 vexantur
2944 1786 3002 1837 et
3047 1780 3254 1852 plantae
3289 1779 3301 1834 l
3334 1778 3660 1849 Conjuncta

2010 1875 2167 1930 enim
2219 1879 2275 1931 et
2321 1874 2626 1930 articulate
2674 1871 2904 1928 facilius
2954 1887 3130 1942 quam
3180 1872 3453 1925 concreta
3481 1870 3659 1939 atque

2012 1964 2261 2021 solidata
2292 1968 2393 2019 aut
2421 1963 2639 2019 doloris
2671 1979 2932 2029 sensum,
2958 1965 3060 2015 aut
3085 1975 3287 2015 casum
3319 1955 3659 2014 offensionis

2011 2055 2349 2110 admittunt.

2081 2144 2169 2197 35.
2207 2143 2273 2198 Et
2304 2142 2444 2214 quid
2496 2141 2749 2209 miraris,
2783 2140 2830 2196 si
2872 2139 3067 2195 vestiti
3116 2136 3292 2193 armis
3336 2136 3656 2201 timentur;

2011 2232 2489 2305 quandoquidem
2520 2230 2795 2286 dentibus
2826 2230 2950 2285 suis
2981 2233 3261 2300 tanquam
3295 2223 3661 2281 naturalibus

2012 2322 2255 2393 spiculis
2305 2337 2537 2392 semper
2598 2319 2807 2374 armati
2857 2317 3056 2374 sunt?
3114 2315 3491 2372 Promuscide
3552 2328 3663 2369 sua

2011 2410 2295 2481 quidquid
2344 2409 2709 2471 iuvolverint,
2765 2408 3044 2479 frangunt
3081 2424 3093 2461 :
3146 2406 3292 2478 pede
3321 2420 3455 2461 vero
3488 2402 3662 2475 quid-

2010 2499 2149 2570 quid
2207 2497 2680 2569 compresseriut,
2746 2495 2906 2551 velut
2955 2496 3209 2565 quodam
3257 2493 3426 2566 lapsu
3475 2492 3661 2548 ruinas

2006 2588 2261 2658 ingentis
2294 2587 2649 2641 exanimant.
2677 2584 2983 2639 Involvunt
3012 2583 3386 2655 promuscide
3416 2598 3658 2638 nemora

2008 2678 2077 2731 ad
2114 2677 2201 2731 sui
2237 2693 2450 2741 escam,
2484 2681 2540 2730 et
2570 2674 2737 2747 quasi
2769 2674 3009 2745 quidam
3059 2671 3332 2728 altissimi
3371 2671 3655 2726 dracones

238 2781 300 2819 se
328 2760 634 2836 applicare
665 2762 1092 2827 consueverint,
1126 2779 1192 2816 ex
1223 2761 1337 2816 alia
1371 2765 1532 2833 parte
1563 2779 1680 2834 qua
1720 2762 1897 2816 infre-
2008 2765 2361 2837 serpentinis
2408 2782 2556 2837 quos
2588 2764 2912 2836 'cmperint,
2967 2762 3142 2834 spiris
3183 2759 3499 2832 ﬂagellant.
3532 2757 3655 2814 Ple-

235 2853 517 2924 quentior
545 2868 691 2907 usus
724 2851 775 2907 ei
808 2851 903 2918 sit,
955 2850 1387 2922 aliquantulum
1427 2851 1577 2907 I25
1614 2851 1893 2919 recidant,
2007 2872 2255 2927 rumque
2280 2872 2379 2909 eas
2426 2855 2481 2908 in
2527 2853 2722 2909 orbem
2775 2850 3081 2923 colligunt,
3137 2849 3387 2904 maxime
3417 2865 3551 2904 cum
3582 2848 3654 2903 de

232 2948 301 2997 ut
340 2941 679 2997 reﬂectente
727 2955 793 2995 se
839 2938 1168 3011 elephanto,
1221 2941 1451 3012 pondus
1497 2940 1894 2995 membrorum
2002 2951 2157 3000 terra
2185 2945 2350 2999 cibus
2375 2943 2602 3015 legitur,
2636 2945 2738 2996 aut
2764 2946 2933 3012 potus
2962 2939 3255 2995 hauritur.
3287 2939 3646 2993 Documento

233 3033 365 3102 ejus
398 3028 694 3085 sustinere
725 3045 836 3084 non
862 3028 1050 3099 possit
1074 3028 1423 3099 ruinamque
1464 3030 1592 3100 ejus
1616 3033 1890 3085 arcessat.
2005 3036 2200 3107 itaque
2230 3034 2401 3088 nobis
2428 3036 2583 3097 sunt,
2618 3031 2771 3101 quod
2806 3029 2951 3084 nihil
2983 3028 3348 3100 superﬂuum
3379 3028 3456 3083 sit
3484 3043 3648 3083 crea-

303 3120 400 3174 33.
434 3118 549 3173 Sed
593 3116 644 3172 si
692 3116 826 3189 quis
876 3118 993 3172 ista
1044 3117 1435 3188 reprehendit,
1505 3117 1893 3189 reprehendat
1946 3188 1953 3189 7
2001 3128 2167 3179 tum:
2201 3127 2259 3178 et
2310 3130 2505 3177 tamen
2555 3120 2676 3175 haec
2718 3124 2891 3174 tantae
2946 3118 3113 3174 molis
3161 3118 3348 3173 bestia
3388 3115 3653 3187 subjecta

229 3209 421 3263 etiam
452 3205 795 3261 altitudines
824 3205 1198 3261 adiﬁciorum
1225 3223 1237 3273 ;
1285 3205 1422 3277 quia
1453 3207 1628 3261 citius
1656 3223 1891 3279 gravem
1923 3188 1965 3254 (ἶ
2005 3213 2196 3279 nobis,
2226 3210 2489 3283 imperiis
2518 3209 2695 3265 servit
2714 3209 3013 3264 humanis.

233 3297 552 3352 minantur
591 3295 846 3363 ruinam,
879 3299 935 3350 et
984 3294 1284 3350 difﬁcilius
1332 3294 1497 3367 lapsa
1526 3300 1891 3368 reparantur.
2576 3299 2729 3355 126
2756 3298 2985 3352 CAPUT
3022 3297 3116 3352 VI.

234 3386 466 3441 Verum
489 3384 542 3440 si
564 3383 665 3439 illa
688 3387 787 3438 aut
818 3389 1053 3455 propter
1078 3367 1607 3455 pulchritudinem,"
1632 3389 1732 3439 aut
1761 3402 1897 3456 pro-
2006 3375 2225 3456 Bellum;
2256 3371 2661 3456 robustissimae
2689 3387 2753 3456 ac
2780 3371 3144 3452 ferocissimas
3182 3367 3396 3450 homini
3423 3383 3460 3456 (ξ
3476 3369 3654 3456 .Cr‘ea-

234 3439 707 3547 ptg‘rsgeculam
750 3439 1095 3543 fre‘quénter‘
1123 3471 1480 3527 attollimus.
1517 3439 1637 3528 haéc
1668 3439 1898 3545 qugng
2078 3450 2190 3501 tore
2236 3442 2479 3499 subdita-5
2514 3459 2531 3494 :
2585 3439 2787 3496 eisdem
2833 3443 3205 3495 minutissima
3247 3439 3520 3493 animalia
3550 3445 3657 3493 ter-

1470 3515 1482 3539 ’
2080 3517 2195 3547 ..τη-θ’
2227 3520 2386 3547 ηιιηιο
2435 3514 2605 3547 θηηἸίΛ
2651 3528 2763 3547 occa
2844 3514 2969 3547 Tum
3032 3513 3216 3547 σπινίδοέ
3255 3511 3319 3547 Ilo
3351 3513 3655 3547 eornonhnm

2079 3517 2195 3571 rari
2225 3520 2386 3584 atque
2433 3514 2605 3567 exitio
2649 3528 2782 3566 esse.
2844 3514 2973 3566 Tum
3027 3513 3216 3582 paucis
3254 3511 3319 3565 de
3345 3513 3658 3584 serpentum

2080 3582 2319 3642 utilitate
2347 3585 2658 3655 disputatis,
2695 3584 2850 3637 homo
2879 3584 2947 3637 ad
2966 3585 3055 3637 sui
3083 3585 3390 3654 animaeque
3411 3582 3659 3654 propria:

2080 3659 2439 3728 cognitionem
2468 3655 2757 3709 excitatur.

2081 3749 2169 3801 36.
2204 3744 2428 3800 Etenim
2478 3742 2754 3814 quoniam
2805 3742 2876 3796 de
2929 3742 3186 3797 hominis
3233 3745 3501 3798 creatura
3562 3740 3657 3796 di-

2012 3835 2161 3891 cturi
2195 3850 2424 3899 sumus,
2450 3830 3016 3887 commendationem
3064 3831 3192 3901 ejus
3227 3834 3573 3901 praestruere
3602 3831 3659 3884 et

2013 3923 2313 3997 praelibare
2336 3922 2639 3977 debemus.
2661 3919 2982 3975 Videbatur
3003 3919 3147 3974 nihil
3164 3918 3492 3991 elephantis
3505 3933 3660 3972 crea-

2016 4018 2148 4069 tura
2177 4013 2391 4067 habere
2421 4010 2739 4078 robustius,
2775 4009 2919 4063 nihil
2970 4013 3089 4063 tam
3121 4006 3379 4063 terribile
3404 4006 3492 4062 vel
3523 4022 3658 4078 pro-

2015 4119 2235 4169 cerum,
2289 4100 2432 4155 nihil
2484 4104 2602 4155 tam
2657 4099 2839 4154 ferum
2873 4114 3047 4170 quam
3088 4097 3282 4153 leones
3302 4095 3391 4152 vel
3416 4095 3660 4169 tigrides

2016 4196 2192 4257 sunt;
2229 4195 2285 4245 et
2310 4189 2431 4244 hzec
2476 4189 2739 4244 serviunt
2781 4187 3026 4255 homini,
3077 4191 3133 4243 et
3164 4189 3457 4242 rnaturam
3488 4201 3660 4241 suam

2017 4280 2277 4335 humana
2314 4276 2678 4333 institutione
2718 4277 3038 4348 deponunt.
3081 4276 3456 4332 Obliviscitur
3505 4276 3662 4348 quod

2017 4372 2155 4424 nata
2185 4371 2342 4435 sunt,
2402 4366 2655 4421 induunt
2703 4367 2856 4436 quod
2897 4367 3198 4436 jubentur.
3254 4365 3401 4431 Quid
3431 4364 3666 4422 multo?

2018 4460 2311 4514 Docentur
2330 4460 2396 4510 ut
2420 4455 2662 4526 parvuli,
2697 4455 2957 4510 serviunt
2986 4459 3052 4510 ut
3082 4455 3322 4522 inﬁrmi,
3352 4455 3665 4511 verberan-

233 3564 300 3619 in
355 3563 690 3635 elephantis
740 3561 985 3634 probare
1055 3562 1355 3629 debemus,
1419 3561 1557 3631 quia
1617 3579 1898 3635 magnum

232 3654 426 3709 rebus
456 3650 683 3706 bellicis
712 3667 888 3706 usum
922 3650 1275 3705 ministrant.
1314 3651 1449 3705 lude
1498 3668 1641 3723 gens
1697 3654 1900 3708 Persa-

232 3759 376 3798 rum
429 3742 590 3797 ferox
629 3738 821 3806 bellis,
859 3737 1054 3795 valida
1093 3739 1297 3812 sagitis
1338 3740 1615 3812 omnique
1648 3741 1899 3796 telorum

225 3831 429 3901 jactu,
472 3828 616 3900 quia
653 3828 727 3883 de
763 3828 1164 3899 superioribus
1203 3820 1286 3883 ad'
1315 3828 1587 3884 inferiora
1624 3830 1904 3886 validiore

237 3919 381 3974 nisu
429 3916 550 3973 tela
582 3920 951 3988 torquentur,
990 3916 1143 3973 acies
1173 3932 1373 3972 eorum
1397 3917 1551 3973 velut
1583 3919 1901 3991 gradienti-

238 4008 357 4063 bus
389 4005 661 4063 turribus
684 4009 848 4078 septa
876 4005 1156 4078 procedit.
1183 4006 1244 4062 In
1278 4007 1486 4063 mediis
1526 4007 1747 4079 campis
1776 4013 1905 4063 tan-

240 4112 431 4169 quam
458 4096 535 4151 de
564 4111 736 4150 muro
767 4094 1048 4150 dimicant
1073 4113 1085 4162 ;
1120 4099 1178 4150 et
1208 4094 1361 4151 velut
1383 4095 1440 4151 in
1492 4112 1621 4151 arce
1650 4098 1904 4167 quadam

237 4191 300 4240 et
351 4183 602 4258 specula
652 4182 913 4239 collocati
967 4188 1232 4255 spectant
1292 4185 1478 4256 magis
1523 4184 1692 4253 bella,
1728 4203 1907 4258 quam

243 4276 536 4330 subeunt.
572 4274 657 4328 Ita
708 4271 879 4328 alieni
914 4289 947 4327 a
977 4272 1234 4345 periculo
1273 4273 1561 4339 videntur,
1595 4275 1706 4330 tuti
1740 4275 1907 4331 moli-

248 4363 367 4418 bus
408 4362 761 4418 bestiarum.
814 4360 953 4426 Quis
984 4360 1141 4416 enim
1172 4377 1270 4417 eas
1310 4362 1469 4417 adire
1500 4365 1728 4429 audeat,
1773 4380 1907 4419 cum

246 4451 516 4524 desuper
557 4449 772 4521 jaculis
804 4448 970 4505 facile
1017 4450 1250 4521 ﬁgatur,
1297 4448 1543 4507 inferius
1573 4451 1907 4523 elephanto-

245 4556 388 4594 rum
437 4542 777 4595 conteratur
826 4537 1067 4593 incursu
1108 4538 1142 4628 ‘Ir
1183 4538 1442 4610 Denique
1510 4541 1725 4595 cedunt
1790 4542 1910 4597 illis
1945 4564 1990 4628 D
2020 4550 2119 4602 tur
2175 4548 2239 4599 ut
2284 4543 2500 4611 timidi,
2549 4542 2926 4614 corriguntur
2965 4547 3029 4597 ut
3074 4541 3317 4608 subditi,
3369 4541 3666 4613 ing'mores

249 4628 418 4683 acies
461 4631 523 4682 et
567 4629 927 4681 armatorum
978 4627 1169 4691 cunei,
1203 4631 1261 4682 et
1281 4632 1472 4683 castra
1500 4628 1601 4685 illa
1627 4630 1916 4701 quadrata
1947 4627 1972 4628 ἡ
2024 4636 2333 4690 transeunt
2366 4635 2616 4699 nostros,
2651 4631 2928 4702 quoniam
2979 4635 3174 4686 motus
3218 4631 3485 4703 proprios
3537 4647 3666 4702 per-

252 4714 593 4770 solvuntur.
641 4711 992 4768 Intolerabili
1044 4730 1299 4786 namque
1345 4715 1567 4787 impetu
1614 4717 1674 4771 in
1719 4716 1916 4774 hostes
2026 4721 2320 4778 diderunt.

255 4809 483 4871 ruunt;
540 4807 607 4858 ut
655 4800 817 4857 nullo
846 4802 1078 4874 agmine
1106 4803 1478 4871 bellatorum,
1509 4805 1672 4861 nulla
1701 4804 1926 4863 conati?
2096 4811 2184 4866 37.
2219 4808 2501 4864 Mirabilis
2532 4808 2710 4881 igitur
2760 4816 2967 4866 natura
2994 4811 3054 4865 in
3089 4810 3394 4877 maximis;
3429 4805 3669 4863 mirabi-

2027 4900 2100 4954 lis
2129 4898 2286 4955 enim
2334 4899 2391 4952 in
2443 4898 2685 4953 excelsis
2740 4900 3038 4966 Dominus,
3089 4898 3373 4955 mirabilis
3401 4896 3576 4952 etiam
3606 4895 3668 4951 in

2029 4984 2312 5041 minimis.
2347 4986 2510 5040 Sicut
2556 4986 2711 5041 enim
2745 5003 2858 5041 non
2891 4988 3087 5042 minus
3119 4988 3290 5058 plana
3327 5001 3670 5056 camporum

256 4893 500 4965 patione
533 4891 814 4958 militum,
846 4891 1007 4946 nullo
1052 4891 1385 4965 clypeorum
1420 4896 1788 4951 retardantur
1815 4897 1917 4952 ob-

250 4983 421 5051 jectu
460 4999 473 5037 :
506 4980 668 5036 velut
698 4980 939 5051 quidam
985 4981 1231 5037 mobiles
1263 4987 1491 5039 montes
1520 4989 1829 5040 versantur
1859 4986 1917 5040 in

260 5070 501 5143 praeliis,
535 5076 593 5125 et
623 5073 686 5123 ut
715 5068 891 5125 colles
921 5068 1036 5124 alto
1085 5070 1346 5126 eminent
1391 5073 1622 5139 vertice,
1656 5075 1919 5147 mugitus

262 5160 498 5232 fragore
550 5156 818 5214 omnium
876 5158 1221 5229 perturbant
1289 5161 1720 5216 conﬁdentiam.
1773 5163 1916 5228 Quid

259 5247 357 5304 his
383 5248 559 5303 faciat
578 5247 778 5319 pedes,
813 5248 1078 5317 quamvis
1118 5246 1348 5304 lacertis
1378 5249 1624 5317 validus,
1661 5257 1717 5307 et
1743 5269 1921 5307 manu

262 5342 626 5409 promptus;
677 5352 809 5391 cum
852 5335 966 5392 sibi
1015 5341 1215 5409 septus
1258 5342 1639 5406 armatorum,
1692 5341 1924 5412 populis

260 5425 566 5500 gradienti
600 5442 806 5481 murus
836 5426 1151 5481 occurrat?
1174 5426 1322 5489 Quid
1359 5426 1532 5482 faciat
1562 5445 1761 5500 eques,
1790 5446 1923 5485 cum

336 5559 717 5651 (77_)'A_ncylae
744 5559 1092 5636 suffragines
1134 5576 1237 5621 seu
1281 5564 1603 5619 curvaturas
1634 5562 1814 5625 cubiti
1834 5565 1904 5626 ve?

2023 5566 2164 5627 uris.
2198 5564 2373 5630 Basil.
2400 5582 2413 5625 ε
2446 5576 2555 5626 οὔτε
2588 5574 2753 5645 μέντοι
2780 5575 2843 5635 εἰς
2871 5577 3116 5651 ἀγκύλην,
3154 5582 3264 5633 οὔτε
3296 5585 3358 5647 εἰς
3465 5585 3610 5650 ing;

260 5641 385 5717 τύνυ
413 5640 723 5711 διήρθρωται.

2030 5092 2206 5146 quam
2226 5076 2512 5130 montium
2540 5075 2657 5130 alta
2680 5077 2981 5141 miramur,
3015 5094 3120 5131 nec
3142 5075 3273 5147 plus
3295 5074 3670 5132 altitudinem

2032 5164 2184 5220 cedri
2219 5169 2526 5235 stupemus
2554 5182 2731 5236 quam
2782 5165 2916 5220 vitis
2944 5170 3044 5219 aut
3090 5164 3223 5222 oleae
3254 5163 3442 5219 brevis
3474 5165 3672 5221 fecun-

2035 5254 2311 5320 ditatem;
2347 5254 2426 5309 ita
2456 5271 2570 5309 non
2621 5253 2874 5325 amplius
2918 5255 3097 5307 miror
3125 5252 3502 5324 elephantum
3537 5254 3677 5326 quia

2032 5360 2309 5415 procerus
2357 5348 2464 5410 est,
2517 5359 2694 5414 quam
2741 5359 2989 5407 murem,
3051 5343 3191 5414 quia
3237 5344 3515 5402 terribilis
3561 5343 3677 5401 ele-

2034 5433 2253 5505 phanto
2300 5437 2409 5488 est.
2462 5432 2691 5487 Naturae
2739 5431 2919 5504 igitur
2964 5431 3086 5488 haec
3157 5437 3419 5507 potentia
3483 5442 3572 5495 est
3614 5442 3680 5494 ut

3542 5632 3610 5650 Α...
