4084 6188
445 300 561 362 2³71

1909 299 1974 359 8.
2020 295 2394 360 AMBROSII

3735 290 3851 353 272

447 428 732 488 terribilia
780 425 932 498 aliis,
985 426 1118 484 aliis
1165 427 1507 486 meticulosa
1567 429 1705 484 sint.
1773 429 1874 485 Est
1933 427 2090 484 enim
2119 429 2176 497 Α
2206 426 2574 496 mulieribus,
2610 426 2725 484 nisi
2753 425 2973 496 anima,
3005 440 3133 499 qua
3163 425 3225 481 in
3254 427 3505 497 utroque
3534 438 3677 481 sexu
3702 437 3856 497 prae-

450 520 665 579 donata
707 517 1092 590 praerogativa
1139 518 1404 590 quaedam
1462 517 1711 591 singulis
1768 518 2089 574 creaturis:

448 611 515 673 ut
542 607 904 681 quibusdam
958 607 1274 681 privilegiis
1304 606 1556 681 propriis
1585 607 1920 665 fulciantur.
1956 607 2093 663 For-

448 696 748 755 midabilis
794 697 984 754 tauris
1029 696 1399 769 elephantus,
1465 713 1696 754 murem
1748 696 1933 752 timet.
1984 695 2094 751 Leo

450 785 688 859 quidem
708 802 809 843 rex
828 786 1079 843 ferarum
1124 784 1330 858 exiguo
1357 786 1684 858 scorpionis
1730 784 1930 841 aculeo
1962 802 2094 841 exa-

449 875 689 948 gitatur,
722 879 779 931 et
805 889 1024 931 veneno
1057 875 1346 946 serpentis
1381 875 1691 931 occiditur.
1725 874 1951 931 Eximia
1977 872 2095 929 leo-

451 963 544 1022 nis
573 962 943 1036 pulchritudo
997 965 1298 1019 comantes
1357 964 1574 1019 cervice
1637 967 1796 1019 toros
1858 962 2093 1025 excutit,

449 1052 539 1108 vel
568 1051 798 1108 sublato
845 1055 1077 1122 pectore
1125 1051 1342 1107 attollit
1371 1069 1490 1108 ora.
1531 1053 1641 1109 Sed
1675 1052 1809 1124 quis
1838 1068 1955 1106 non
1985 1050 2095 1104 mi-

451 1144 610 1198 retur
631 1144 749 1197 tam
799 1138 959 1195 brevi
990 1140 1315 1212 scorpionis
1347 1140 1567 1207 aculeo,
1594 1144 1660 1196 ut
1690 1140 2093 1210 incorporeum

449 1233 644 1302 putes,
670 1228 993 1300 ingentium
1019 1245 1329 1300 corporum
1367 1230 1520 1284 exire
1553 1233 1800 1284 mortem
1821 1228 1849 1283 ‘I

517 1318 605 1374 38.
660 1317 776 1374 Nec
823 1317 932 1373 hoc
984 1317 1280 1390 quispiam
1334 1318 1721 1390 reprehendat
1772 1317 1907 1389 (78),
1939 1316 2096 1388 quod

451 1407 685 1465 Greater
713 1410 1013 1481 serpentes
1057 1408 1340 1463 creaturis
1389 1408 1536 1476 suis,
1588 1407 1818 1478 aliaque
1851 1405 1939 1462 vel
1973 1405 2097 1461 ani-

451 1497 742 1553 mantium
760 1495 849 1552 vel
872 1495 1188 1552 herbarum
1238 1512 1450 1569 genera
1470 1500 1755 1551 venenata
1775 1494 2092 1551 miscuerit.

448 1584 597 1642 Nata
648 1588 788 1641 sunt
839 1583 997 1640 enim
1044 1584 1164 1639 haec
1215 1584 1289 1639 ad
1340 1584 1764 1656 correptionem
1809 1586 2094 1651 nostram,

453 1691 569 1730 non
600 1673 673 1729 ad
705 1673 1207 1730 deformationem.
1258 1673 1405 1728 Nam
1435 1689 1561 1745 quis
1603 1672 1849 1745 ignavis,
1878 1676 1980 1727 aut
2009 1672 2096 1726 in-

2201 518 2479 575 stantiam
2512 516 2773 589 possidet
2798 514 3257 589 pulchritudinis
3277 513 3305 570 ?
3334 514 3404 571 Et
3415 512 3623 575 merito
3643 511 3855 568 decora

2202 611 2310 672 est,
2345 623 2476 678 quae
2507 623 2625 662 non
2654 610 2886 662 terrena
2937 606 3039 662 sed
3097 602 3374 675 ccelestia,
3416 618 3534 659 non
3567 599 3856 673 corrupti-

2201 694 2344 751 bilia
2373 695 2476 751 sed
2533 695 2876 767 incorrupta
2928 693 3241 762 desiderat,
3290 692 3351 748 in
3410 691 3628 763 quibus
3670 690 3858 746 decus

2204 786 2391 857 perire
2440 801 2555 841 non
2614 783 2818 840 soleat.
2879 781 3217 855 Corporalia
3268 780 3427 837 enim
3476 778 3677 836 omnia
3719 795 3860 851 pro-

2204 890 2374 930 cessu
2404 873 2615 943 aetatis,
2647 877 2748 929 aut
2773 871 3138 945 aagritudinis
3169 869 3562 943 inaequalitate
3599 882 3860 927 marces-

2204 969 2363 1019 cunt.
2400 963 2543 1019 Huic
2572 963 2826 1031 attende,
2874 961 3017 1017 dicit
3063 961 3312 1033 Moyses,
3356 960 3415 1014 in
3460 974 3582 1030 qua
3604 963 3668 1013 tu
3699 960 3863 1015 totus

2204 1070 2288 1120 es,
2321 1053 2378 1106 in
2428 1069 2548 1123 qua
2597 1051 2806 1108 melior
2850 1050 2938 1105 tui
2992 1050 3178 1123 portio
3227 1053 3336 1107 est.
3377 1048 3641 1119 Denique
3671 1047 3861 1103 inter-

2204 1145 2469 1213 pretatus
2500 1144 2589 1196 est
2620 1141 2905 1196 Dominus
2933 1141 3066 1211 quis
3105 1138 3187 1195 sis
3216 1142 3302 1206 tu,
3337 1137 3558 1193 dicens.
3587 1135 3865 1193 Attendite

2208 1231 2352 1285 vobis
2382 1247 2413 1285 a
2470 1230 2630 1299 falsis
2680 1229 2961 1301 prophetis
3017 1227 3226 1301 (Matth.
3276 1241 3377 1294 vn,
3406 1225 3532 1295 45):
3566 1224 3667 1282 isti
3696 1224 3863 1281 enim

2205 1319 2464 1374 animam
2520 1317 2844 1386 debilitant,
2905 1321 3161 1373 mentem
3220 1316 3534 1373 subruunt.
3583 1314 3710 1370 Non
3740 1313 3862 1386 igi-

2204 1412 2301 1464 tur
2331 1424 2464 1463 caro
2523 1411 2586 1462 tu
2644 1424 2727 1462 es.
2790 1406 2939 1472 Quid
2992 1407 3149 1463 enim
3200 1408 3290 1461 est
3317 1420 3452 1461 caro
3491 1403 3619 1460 sine
3647 1402 3865 1461 animus

2206 1496 2620 1569 gubernaculo,
2671 1496 2887 1551 mentis
2929 1494 3168 1568 vigore?
3197 1494 3344 1550 Caro
3373 1492 3548 1549 hodie
3578 1491 3862 1557 sumitur,

2207 1602 2334 1640 cras
2363 1585 2691 1657 deponitur.
2727 1586 2873 1641 Caro
2920 1582 3283 1656 temporalis,
3330 1581 3529 1639 anima
3558 1580 3865 1637 diuturna.

2206 1674 2350 1729 Caro
2390 1674 2645 1729 amictus
2693 1677 2783 1730 est
2830 1673 3059 1741 animae,
3113 1688 3239 1745 quae
3271 1687 3334 1727 se
3377 1668 3573 1726 induit
3600 1668 3867 1741 quodam

454 1762 662 1835 firmis,
691 1766 795 1822 aut
840 1761 1038 1834 impiis
1068 1760 1415 1833 plerumque
1448 1761 1750 1818 offensioni
1781 1764 1957 1833 atque
1980 1764 2096 1816 ter-
2127 1801 2177 1868 Β
2207 1761 2467 1834 corporis
2523 1762 2891 1818 vestimento.
2954 1761 3078 1816 Non
3113 1760 3295 1833 igitur
3346 1762 3412 1814 tu
3440 1757 3872 1815 vestimentum

497 1850 566 1868 κ,
739 1854 749 1868 .
1131 1850 1230 1868 .-.
1449 1854 1458 1868 .
1522 1850 1536 1868 τ
1628 1867 1633 1868 ,
1701 1854 1753 1868 ,.
1817 1867 1855 1868 η
2408 1852 2423 1868 τ
2544 1850 2555 1861 .
2638 1850 2764 1868 -
3207 1848 3333 1868 μμ
3372 1846 3473 1868 ιρι,
3512 1846 3721 1868 κέλ---
3776 1849 3846 1868 ..ι

454 1850 571 1907 rori
619 1854 777 1919 sunt,
831 1849 961 1906 aliis
1011 1850 1145 1906 usui
1194 1851 1277 1906 ita
1327 1854 1467 1906 sunt
1522 1850 1664 1919 haec,
1698 1854 1762 1905 ut
1800 1849 2101 1922 paedagogi

454 1939 734 2013 parvulis.
784 1940 981 1996 Amari
1024 1940 1317 2009 videntur,
1371 1940 1562 1996 acerbi
1596 1943 1652 1995 et
1701 1939 1951 2007 molesti,
1985 1939 2101 1995 for-

456 2028 764 2085 midabiles
816 2029 1072 2099 verbere,
1126 2028 1455 2085 libertatem
1500 2028 1835 2085 lasciviendi
1864 2031 2101 2100 negant,

454 2117 863 2174 necessitatem
914 2116 1239 2190 disciplinae
1269 2116 1527 2190 exigunt,
1567 2116 1820 2189 pueriles
1850 2117 2099 2183 animos,

455 2223 529 2262 ne
557 2204 699 2262 luxu
751 2206 1030 2276 defluant,
1082 2211 1303 2263 terrore
1351 2206 1802 2279 constringunt:
1857 2205 2103 2277 ideoque

454 2294 665 2352 horum
696 2295 1036 2352 austeritate
1064 2296 1214 2368 frugi
1248 2296 1519 2363 evadunt,
1553 2294 1753 2362 sobrii,
1802 2295 2102 2351 continen-

455 2387 564 2453 tes,
596 2383 758 2441 laudi
788 2384 978 2456 magis
1008 2400 1188 2456 quam
1219 2383 1359 2440 ludo
1390 2384 1591 2439 dediti.
1626 2384 1801 2440 Vides
1827 2384 1967 2456 quid
1989 2388 2102 2439 ter-

455 2472 649 2537 ribilia
702 2473 816 2529 ista
871 2472 1099 2545 ﬂagella
1156 2472 1509 2545 proﬁciant?
1560 2472 1652 2528 Sic
1713 2477 1771 2528 et
1809 2480 2105 2545 serpentes

457 2561 687 2634 ﬂagella
715 2565 856 2618 sunt
884 2562 1337 2641 eorumoquibus
1367 2562 1602 2616 infirma
1645 2560 1826 2617 animi
1857 2565 2017 2628 mtas,
2049 2565 2107 2617 et

456 2652 723 2723 quaedam
752 2649 994 2723 puerilis
1026 2651 1240 2706 mentis
1271 2654 1360 2706 est
1388 2650 1609 2719 virtus;
1660 2654 1931 2707 caeterum
1985 2652 2105 2706 for-

458 2738 707 2796 tioribus
737 2755 944 2795 nocere
992 2756 1108 2794 non
1159 2743 1430 2810 possunt.
1488 2739 1743 2811 Denique
1793 2738 2107 2794 conﬁdenti

455 2827 516 2884 in
544 2827 783 2885 domino
808 2828 1032 2882 dictum
1064 2831 1187 2882 est:
1243 2827 1415 2898 Super
1441 2827 1681 2898 aspidem
1708 2831 1761 2882 et
1791 2828 2107 2883 basiliscum

439 2916 807 2989 .ambubabis,
840 2918 890 2971 et
909 2915 1251 2971 conculcabis
1282 2915 1492 2971 leonem
1532 2924 1583 2970 et
1611 2915 1900 2971 draconem
1931 2917 2101 2987 (Psal.

456 3020 549 3072 xc,
604 3004 712 3076 13).
773 3002 1021 3059 Paulum
1080 3004 1397 3059 momordit
1446 3003 1661 3076 vipera,
1723 3008 1781 3060 et
1820 3004 2107 3077 putabant

457 3108 593 3148 eum
625 3091 794 3163 quasi
824 3095 1186 3164 peccatorem
1216 3092 1312 3148 vix
1339 3093 1409 3148 de
1441 3094 1745 3166 naufragio
1787 3098 2101 3162 servatum,

454 3196 675 3237 veneno
717 3196 845 3236 esse
885 3181 1272 3237 moriturum:
1323 3182 1423 3238 sed
1454 3186 1836 3255 posteaquam
1866 3183 2100 3239 inviola—
2130 3169 2174 3239 G

456 3268 594 3326 bilis
623 3269 842 3325 mansit
882 3287 1125 3327 excussa
1164 3271 1223 3326 in
1273 3270 1469 3344 ignem
1520 3273 1739 3343 vipera,
1783 3271 1916 3344 plus
1948 3274 2101 3344 apud

456 3358 749 3415 intuentes
794 3359 1183 3415 venerationis
1232 3359 1469 3416 invenit.
1518 3360 1629 3416 Sed
1661 3365 1718 3416 et
1746 3361 1871 3433 ipse
1900 3361 2103 3417 Domi-

454 3465 567 3503 nus
615 3448 688 3504 ad
718 3463 923 3504 omnes
980 3450 1121 3505 I27
1177 3448 1296 3504 ait:
1332 3450 1439 3517 Qui
1482 3449 1792 3517 crediderit,
1844 3455 1895 3505 et
1926 3451 2101 3522 bapti-

451 3537 607 3592 zatus
634 3538 824 3609 fuerit,
858 3537 947 3591 hic
972 3537 1156 3592 salvus
1183 3538 1333 3601 erit;
1366 3539 1463 3608 qui
1492 3554 1615 3593 vero
1644 3554 1755 3593 non
1784 3538 2099 3604 crediderit,

450 3623 807 3680 damnabitur
850 3624 1038 3697 (Marc.
1086 3643 1201 3694 xvr,
1254 3627 1362 3697 16).
1412 3625 1591 3699 Signa
1635 3631 1831 3683 autem
1862 3628 2099 3683 creden-

449 3713 598 3769 tium
624 3713 748 3770 haac
786 3712 932 3770 dixit
952 3714 1091 3781 fore,
1124 3720 1190 3769 ut
1233 3720 1531 3787 serpentes
1558 3732 1736 3771 manu
1780 3715 2094 3783 mulceant,

448 3818 674 3860 venena
706 3802 795 3860 his
825 3808 1000 3875 atque
1030 3820 1201 3860 omne
1246 3804 1636 3872 mortiferum,
1670 3804 1899 3860 etiamsi
1930 3805 2098 3860 bibe-

448 3890 584 3961 rint,
619 3908 826 3949 nocere
856 3910 971 3949 non
1003 3893 1250 3965 possint.
1284 3895 1409 3949 Tua
1449 3892 1629 3965 igitur
1652 3893 1757 3948 tibi
1788 3893 1977 3966 magis
2006 3893 2094 3949 in-

446 3980 781 4051 credulitas,
814 3999 846 4038 o
894 3982 1090 4051 homo,
1144 3998 1323 4054 quam
1369 3998 1592 4037 venena
1635 3983 1946 4037 metuenda
1975 3999 2095 4039 ser-

444 4070 709 4142 pentium
742 4074 901 4126 sunt.
935 4070 1100 4127 Time
1120 4071 1299 4143 igitur
1320 4069 1441 4142 illa,
1469 4075 1536 4126 ut
1565 4071 1772 4127 saltem
1805 4072 1945 4126 dum
1979 4072 2094 4127 for-

445 4158 747 4215 midantur
794 4157 894 4215 illa
922 4158 1057 4231 (79),
1092 4160 1164 4214 ad
1206 4160 1380 4215 ﬁdem
1416 4176 1724 4232 provocare
1754 4164 1810 4216 te
1842 4160 2091 4233 possint.

445 4247 606 4312 Quod
638 4248 689 4304 si
718 4247 904 4304 Deum
934 4264 1051 4303 non
1081 4248 1276 4315 times,
1307 4246 1396 4304 vel
1446 4248 1678 4305 ultricia
1719 4250 1973 4322 perfidia
1998 4266 2092 4305 ve-

444 4351 596 4391 nena
624 4336 927 4394 formidas.

511 4424 600 4480 39.
634 4424 799 4481 Nunc
829 4426 1108 4498 quoniam
1139 4430 1197 4482 et
1245 4425 1587 4500 elephantos
1618 4428 1780 4484 vides
1809 4428 1917 4483 tibi
1949 4428 2089 4484 sub-

444 4510 616 4606 ditos,
650 4517 706 4567 et
734 4512 931 4606 leones
961 4531 1089 4572 esse
1130 4515 1465 4606 subjectos:
1501 4532 1673 4606 nosce
1718 4520 1775 4606 te
1802 4516 2021 4606 ipsum,
2056 4533 2089 4572 ο
2121 4542 2168 4606 D

441 4598 639 4669 homo,
675 4602 828 4674 quod
860 4619 998 4668 non,
1050 4608 1115 4658 ut
1160 4603 1375 4671 ferunt,
1426 4604 1712 4676 Apollinis
1742 4604 1950 4676 Pythii,
1987 4606 2086 4661 sed

441 4688 771 4746 Salomonis
819 4693 1005 4747 sancti
1060 4696 1168 4757 est,
1220 4692 1319 4763 qui
1371 4692 1487 4747 ait:
1540 4695 1667 4750 Nisi
1701 4696 1843 4748 scias
1874 4702 1942 4761 te,
1975 4696 2089 4765 for-

438 4797 593 4838 mosa
632 4781 694 4836 in
743 4780 1075 4836 mulieribus
1121 4780 1301 4851 (Cant.
1331 4798 1369 4848 1,
1401 4783 1479 4855 7),
1513 4799 1851 4855 quanquam
1904 4782 2089 4839 multo

439 4874 611 4927 antea
638 4869 867 4942 Moyses
897 4869 959 4925 in
987 4870 1436 4926 Deuteronomio
1484 4872 1821 4944 scripserit:
1864 4871 2093 4928 Attende

440 4959 556 5029 tibi,
585 4975 616 5016 o
644 4958 823 5016 homo.
877 4959 1101 5016 Attende
1156 4959 1260 5015 tibi
1318 4960 1495 5030 (Deut.
1556 4977 1632 5027 ιν,
1663 4961 1739 5032 9),
1774 4959 1854 5016 ait
1883 4960 1992 5017 lex.
2026 4961 2093 5017 Et

439 5047 726 5122 Propheta
777 5048 895 5106 ait:
949 5050 1072 5106 Nisi
1124 5050 1267 5103 scias
1323 5057 1391 5104 te.
1451 5050 1556 5105 Cui
1605 5049 1715 5106 hoc
1746 5050 1931 5106 dicit?
1963 5056 2093 5107 For-

438 5152 611 5207 mosa,
661 5138 875 5212 inquit,
934 5141 997 5198 in
1043 5138 1392 5194 mulieribus.
1444 5139 1579 5204 Quae
1628 5143 1717 5196 est
1751 5139 1997 5211 pulchra
2029 5141 2087 5195 in

478 5331 624 5412 ,(⁷8)
646 5332 785 5416 Μῦες
809 5351 1013 5416 novem
1036 5334 1186 5416 satis
1203 5334 1453 5416 probati,
1630 5339 1845 5416 creator
1867 5352 2088 5416 serpen-

444 5404 512 5457 tis
526 5407 806 5488 Icreaturis
816 5475 829 5488 .
856 5409 971 5462 suis
1028 5409 1168 5463 talia
1195 5404 1299 5476 ῡει,
1352 5404 1602 5462 etc/Alii
1634 5411 1829 5464 tamen
1862 5412 1918 5463 et
1946 5404 2085 5465 edit.

444 5476 853 5531 anteponendi.

505 5544 625 5674 ἐπὶ)
656 5546 895 5631 Codices
944 5548 1139 5619 Carn.,
1171 5550 1335 5634 Corb.
1369 5550 1698 5635 vetus,_Th.
1731 5565 1798 5613 ac
1829 5551 1995 5626 Reg.,
2026 5556 2089 5610 ut

438 5631 501 5685 ,σα
528 5623 673 5676 utam
696 5632 969 5695 acquzras,
999 5618 1131 5680 dum
1156 5620 1529 5699 famulantur
1558 5622 1679 5682 illa.

2212 1868 2295 1917 es,
2328 1852 2427 1906 sed
2461 1850 2559 1922 qui
2590 1850 2940 1906 vestimento
2971 1849 3174 1905 uteris.
3207 1846 3476 1904 Ideotibi
3507 1846 3744 1918 dicitur,
3776 1849 3870 1914 ut,

2211 1939 2544 2011 exspolians
2596 1943 2847 1995 veterem
2898 1938 3198 1995 hominem
3252 1953 3387 1993 cum
3433 1936 3666 1993 actibus
3708 1935 3870 2006 ejus,

2214 2046 2427 2085 novum
2459 2029 2693 2093 induas,
2745 2027 2842 2100 qui
2874 2043 2992 2083 non
3040 2026 3101 2081 in
3144 2025 3403 2099 corporis
3424 2023 3728 2097 qualitate,
3760 2025 3876 2081 sed

2214 2118 2271 2172 in
2304 2116 2511 2189 spiritu
2547 2116 2780 2184 mentis,
2851 2121 2906 2172 et
2952 2115 3247 2188 agnitione
3294 2117 3609 2171 renovatur
3638 2113 3872 2185 (Coloss.

2212 2223 2294 2273 III,
2344 2207 2450 2275 10).
2510 2205 2657 2274 Non,
2717 2205 2980 2277 inquam,
3040 2221 3173 2260 caro
3231 2219 3294 2259 es
3323 2207 3389 2258 tu
3425 2220 3439 2272 ;
3474 2218 3664 2274 neque
3703 2201 3875 2258 enim

2213 2293 2373 2351 carni
2431 2295 2644 2350 dicitur
2688 2310 2701 2349 :
2764 2294 3040 2366 Templum
3088 2294 3239 2349 enim
3291 2293 3391 2348 Dei
3434 2296 3685 2348 sanetum
3761 2298 3873 2358 est,

2214 2384 2353 2457 quod
2407 2385 2534 2440 estis
2589 2400 2678 2439 vos
2737 2384 2785 2455 (Ι
2839 2386 2964 2441 Cor.
2996 2399 3082 2454 ιιι,
3121 2382 3230 2453 17).
3291 2381 3359 2437 Et
3388 2380 3550 2449 alibi,
3585 2381 3875 2453 Templum

2212 2475 2311 2529 Dei
2362 2489 2451 2528 vos
2497 2474 2647 2542 estis,
2693 2476 2747 2527 et
2795 2471 3033 2542 Spiritus
3081 2477 3299 2527 sanctus
3341 2469 3553 2526 habitat
3597 2471 3659 2524 in
3714 2468 3877 2525 vobis

2215 2562 2371 2633 (Ibid.
2405 2561 2491 2633 16)
2518 2579 2530 2617 :
2563 2561 2665 2617 sed
2699 2559 2987 2617 renovatis
3018 2559 3233 2615 dicitur
3261 2562 3321 2614 et
3348 2556 3619 2613 ﬁdelibus
3649 2556 3709 2612 in
3737 2556 3879 2629 qui-

2214 2652 2325 2705 bus
2356 2653 2661 2722 permanet
2708 2649 2963 2721 Spiritus
2992 2648 3117 2704 Dei.
3176 2648 3240 2704 In
3280 2645 3611 2703 carnalibus
3660 2650 3877 2701 autem

2215 2757 2330 2795 non
2363 2743 2686 2811 permanet,
2719 2738 2860 2811 quia
2888 2737 3174 2808 scriptum
3204 2741 3294 2793 est
3322 2752 3336 2791 :
3380 2736 3497 2791 Non
3522 2733 3883 2806 permanebit

2211 2830 2440 2900 spiritus
2490 2844 2643 2884 meus
2690 2829 2751 2882 in
2795 2826 3107 2883 hominibus
3168 2827 3311 2890 istis,
3352 2825 3636 2895 (quoniam
3678 2838 3884 2879 carnes

2212 2922 2341 2973 sunt
2369 2917 2521 2989 (Gen.
2553 2934 2630 2987 v1,
2664 2917 2741 2988 3).

2842 3004 3074 3061 CAPUT
3115 3003 3234 3059 VII.

2215 3096 2458 3151 Hominis
2522 3095 2855 3156 creationem
2899 3110 2936 3148 a
2962 3092 3396 3149 consideratione
3444 3092 3705 3149 creatoris
3734 3106 3878 3147 aus-

2276 3168 2518 3239 picatur.
2581 3166 2787 3221 Filium
2833 3166 3019 3239 Patris
3061 3166 3364 3239 imaginem
3412 3179 3545 3239 esse,
3610 3179 3709 3239 nec
3735 3178 3878 3239 non

2284 3232 2428 3293 inter
2478 3254 2565 3292 eos
2620 3239 2888 3291 unitatem
2935 3232 3448 3306 distinctionemque
3498 3235 3745 3288 inveniri
3770 3232 3873 3288 de-

2282 3312 2568 3364 monstrat.
2633 3309 2872 3378 Denique
2930 3307 3205 3360 hominem
3253 3312 3317 3360 ut
3373 3312 3657 3376 cog-noscat
3718 3306 3881 3361 unde

2281 3382 2513 3447 oriatur,
2563 3377 2793 3450 cujusve’
2822 3380 3145 3449 imaginem,
3191 3381 3241 3432 et
3290 3377 3347 3432 in
3401 3392 3507 3447 qua
3553 3382 3713 3448 parte
3742 3390 3877 3432 eam

2278 3454 2450 3522 gerat,
2483 3450 2752 3507 admonet.

2280 3542 2366 3596 40.
2395 3540 2505 3596 Sed
2536 3539 2722 3611 ipsius
2748 3537 3060 3595 creationis
3089 3540 3302 3594 nostrae
3347 3535 3560 3593 seriem
3591 3536 3879 3593 conside-

2208 3645 2427 3685 remus.
2502 3630 2808 3695 Faciamus,
2876 3626 3091 3698 inquit,
3161 3625 3437 3682 hominem
3502 3624 3575 3680 ad
3620 3633 3885 3681 nostram

2207 3720 2533 3789 imaginem,
2558 3725 2611 3773 et
2636 3717 2706 3773 ad
2751 3715 3177 3772 similitudinem
3203 3723 3448 3771 nostram
3477 3713 3630 3786 (Gen.
3672 3730 3714 3779 1,
3745 3714 3872 3787 26).

2207 3807 2348 3872 Quis
2376 3806 2472 3861 hic
2493 3806 2681 3860 dicit?
2724 3806 2927 3861 Nonne
2958 3804 3134 3873 Deus,
3163 3804 3265 3876 qui
3296 3807 3355 3860 te
3383 3803 3517 3858 fecit
3536 3802 3564 3856 ?
3594 3802 3744 3868 Quid
3774 3808 3882 3859 est

2205 3896 2407 3951 Deus?
2454 3898 2622 3960 Caro,
2672 3912 2745 3950 an
2796 3892 3091 3965 spiritus?
3138 3893 3266 3948 Non
3315 3908 3450 3948 caro
3496 3891 3722 3962 utique,
3757 3892 3878 3949 sed

2205 3983 2470 4056 spiritus,
2501 3984 2675 4055 cujus
2722 3982 2937 4038 similis
2985 3998 3119 4039 caro
3150 3997 3281 4039 esse
3310 3997 3425 4038 non
3462 3984 3693 4052 potest;
3720 3980 3879 4052 quia

2204 4073 2329 4146 ipse
2350 4073 2727 4145 incorporeus
2759 4077 2817 4127 et
2841 4071 3153 4127 invisibilis
3182 4073 3287 4137 est,
3310 4069 3466 4127 128
3495 4084 3629 4125 caro
3654 4073 3876 4125 autem

2202 4162 2719 4234 comprehenditur
2766 4164 2825 4216 et
2869 4160 3121 4217 videtur.
3171 4158 3276 4214 Cui
3330 4157 3518 4214 dicit?
3565 4156 3694 4212 Non
3742 4156 3873 4214 sibi

2203 4250 2427 4321 utique,
2462 4250 2601 4322 quia
2647 4266 2763 4304 non
2815 4248 2956 4304 dicit
2997 4246 3230 4312 faciam,
3274 4246 3377 4303 sed
3404 4247 3694 4317 faciamus.
3728 4244 3873 4302 Non

2202 4338 2447 4411 angelis,
2481 4338 2620 4411 quia
2650 4336 2907 4394 ministri
2958 4340 3099 4392 sunt
3131 4353 3146 4404 ;
3178 4336 3329 4392 servi
3359 4339 3555 4392 autem
3586 4349 3722 4390 cum
3752 4333 3876 4392 do-

2201 4428 2381 4495 mino,
2414 4431 2472 4484 et
2501 4443 2677 4499 opera
2729 4442 2862 4481 cum
2915 4430 3150 4481 auctore
3203 4441 3319 4481 non
3370 4426 3622 4496 possunt
3651 4438 3875 4497 opera-

2198 4516 2377 4572 tionis
2418 4516 2636 4572 habere
2664 4515 3066 4571 consortium:
3099 4514 3202 4570 sed
3228 4512 3378 4570 dicit
3408 4511 3587 4569 Filio:
3621 4510 3875 4570 etiamsi

2199 4604 2386 4660 Judaei
2437 4603 2661 4671 nolint;
2708 4602 2940 4659 etiamsi
2983 4600 3183 4659 Ariani
3230 4604 3575 4675 repugnent.
3636 4600 3752 4657 Sed
3806 4605 3877 4658 et

2197 4693 2385 4750 Judaei
2430 4693 2842 4759 conticescant,
2891 4696 2951 4748 ct
2994 4691 3194 4748 Ariani
3244 4707 3379 4748 cum
3427 4689 3552 4747 suis
3591 4689 3875 4763 parenti-

2199 4783 2312 4839 bus
2342 4784 2455 4854 (80)
2508 4782 2940 4852 obmutescunt,
2971 4780 3073 4853 qui
3107 4781 3249 4836 dum
3279 4795 3467 4836 unum
3496 4796 3532 4835 a
3558 4778 3875 4837 consortio

2200 4871 2407 4928 divinae
2452 4870 2834 4943 .operationis
2900 4868 3239 4940 excludunt,
3289 4866 3487 4941 plures
3537 4866 3869 4937 inserunt;

2199 4964 2258 5016 et
2286 4960 2725 5033 prasrogativam
2774 4974 2954 5031 quam
2995 4957 3141 5014 Filio
3191 4960 3427 5031 negant,
3471 4954 3722 5014 servulis
3751 4955 3871 5013 do-

2200 5054 2361 5106 nant.

2270 5139 2356 5195 41.
2392 5138 2503 5195 Sed
2534 5141 2693 5195 esto:
2742 5142 2807 5193 ut
2829 5136 3186 5195 adminiculo
3207 5136 3575 5195 servulorum
3620 5133 3693 5192 ad
3720 5150 3875 5208 ope-

2268 5337 2382 5410 (80)
2411 5336 2563 5418 Edit.
2594 5338 2708 5418 vet:
2737 5339 2796 5391 et
2823 5352 2966 5392 mss.
2994 5334 3280 5418 quinque,
3298 5352 3423 5418 cum
3459 5304 3576 5418 suis
3592 5334 3866 5418 paribus.

2199 5404 2373 5465 Romi
2392 5412 2449 5491 et
2470 5408 2833 5491 ms_s.._Ben.l2
2861 5423 2987 5464 eum
3155 5404 3423 5491 partibus.
3459 5404 3867 5491 aliialiquqt,

2197 5497 2322 5611 εῐέηἰ
2344 5481 2459 5536 suis
2477 5479 2750 5554 patribus.
2793 5479 2988 5547 Carm,
3011 5476 3181 5536 Corb'.
3225 5482 3413 5550 vetus,
3436 5482 3493 5535 et
3530 5476 3665 5545 Th.,
3696 5476 3763 5532 ut
3790 5476 3870 5534 in

2256 5570 2293 5610 χ
2322 5568 2381 5610 ιι.
