4158 6168
227 388 355 453 2'13

1530 376 2089 442 HEXAEMERCN
2129 378 2280 445 LIB.
2327 383 2430 448 'VI.

3557 376 3680 444 271!

233 523 493 582 randum
522 520 675 579 Deus
699 516 859 579 vobis
887 515 1234 595 indiguisse
1267 514 1582 574 videatur.
1612 514 1668 569 Si
1693 513 1921 587 operati
1951 512 2006 580 A
2038 516 2097 573 in
2157 535 2274 592 qua
2330 526 2420 578 est
2471 518 2748 597 splendor
2776 523 2992 598 gloriae,
3059 531 3117 586 et
3172 530 3423 601 pateram
3478 517 3675 589 imago

237 612 574 671 communis
603 615 691 668 est
716 628 843 668 cum
874 610 1103 685 angelis
1135 609 1280 676 Deo,
1340 604 1655 676 numquid
1718 604 1832 661 Deo
1864 607 1923 660 et

239 701 668 776 angelisimago
684 702 1005 758 communis
1026 704 1116 757 est
1128 699 1157 755 ‘?
1173 693 1509 765 Numquid
1530 692 1752 766 angelis
1765 693 1922 748 dice-

238 796 363 848 ret:
398 791 684 846 Faciamus
712 790 979 845 hominem
1006 790 1078 845 ad
1104 791 1373 845 nostram
1412 784 1744 853 imaginem,
1776 785 1827 838 et
1846 781 1919 836 ad

236 879 664 937 similitudinem
682 880 916 933 nostram
933 883 959 934 .9
985 879 1095 935 Sed
1128 875 1267 950 quid
1299 871 1396 927 sit
1422 870 1631 944 imago
1652 871 1753 926 Dei
1776 870 1917 927 audi

237 969 532 1026 dicentem
558 984 573 1023 :
604 967 713 1039 Qui
733 968 940 1038 eripuit
966 984 1084 1034 nos,
1116 962 1333 1037 inquit,
1364 958 1453 1015 de
1482 965 1745 1030 potestate
1763 966 1917 1016 tene-

238 1059 486 1126 brarum,
518 1064 573 1113 et
601 1056 875 1111 transtulit
900 1057 967 1110 in
994 1071 1218 1125 regnum
1260 1049 1417 1105 Filii
1470 1051 1745 1106 claritatis
1798 1064 1920 1107 sum

238 1148 382 1221 (ει),
412 1150 471 1203 in
494 1162 600 1218 quo
627 1145 880 1201 habemus
902 1142 1763 1218 redemptionem,remissionem
1788 1158 1914 1213 pec-

234 1242 500 1305 catorum;
530 1238 632 1309 qui
654 1243 727 1291 est
754 1236 934 1305 imago
948 1236 1049 1290 Dei
1079 1231 1402 1296 invisibilis,
1432 1238 1489 1286 et
1503 1232 1908 1302 primogenitae

236 1329 513 1385 universa
541 1331 830 1382 crxaturae
853 1322 1086 1386 (Coloss.
1119 1340 1159 1389 ι,
1187 1320 1404 1387 13-15).
1446 1319 1581 1391 Ipse
1609 1319 1913 1392 estimago

240 1417 339 1473 Dei
372 1415 588 1482 Patris,
620 1409 719 1485 qui
747 1428 985 1485 semper
1041 1415 1151 1479 est,
1202 1414 1259 1466 et
1304 1411 1438 1464 erat
1486 1409 1547 1463 in
1601 1409 1909 1481 principio.

236 1506 501 1577 Denique
531 1504 728 1576 imago
774 1506 864 1558 est
911 1500 1023 1574 qui
1075 1499 1255 1555 dicit:
1300 1499 1580 1570 Philippe,
1625 1500 1723 1569 qui
1767 1499 1914 1554 videt

234 1612 344 1665 me,
371 1595 522 1650 videt
552 1597 609 1650 et
637 1594 855 1649 Patrem
884 1592 1076 1663 (Joan.
1110 1605 1231 1657 x1v,
1261 1590 1336 1661 8).
1395 1589 1467 1643 Et
1521 1589 1816 1660 quomodo
1846 1592 1910 1644 tu

236 1700 372 1741 cum
402 1683 729 1756 imaginem
754 1682 947 1737 vivam
986 1679 1188 1735 Patris
1221 1677 1469 1734 viventis
1491 1677 1908 1743 videas,dicis:

239 1774 466 1832 Ostende
495 1773 658 1828 nobis
686 1777 908 1827 Patrem
928 1774 956 1823 .9
986 1785 1106 1825 non
1136 1768 1318 1825 credis
1342 1769 1474 1839 quia
1504 1783 1600 1839 ego
1630 1768 1691 1822 in
1719 1768 1907 1835 Patre,

2032 608 2394 669 substantiae.
2426 616 2758 673 Secundum
2789 616 2941 675 hanc
2972 618 3292 694 imaginem
3323 631 3447 691 quae
3488 607 3672 668 reful-

2031 702 2145 769 get,
2181 700 2405 771 pictura
2434 704 2687 775 pretiosa
2717 711 2823 762 est.
2885 707 3221 764 Secundum
3271 708 3422 763 hanc
3452 697 3667 771 imagi-

2032 803 2165 843 nem
2194 790 2376 846 Adam
2409 798 2540 848 ante
2590 800 2928 864 peccatum:
2987 797 3086 853 sed
3141 797 3242 852 ubi
3302 796 3507 866 lapsus
3564 790 3674 852 est.

2031 876 2299 949 deposuit
2374 880 2690 952 imaginem
2736 883 3003 951 ccelestis,
3052 884 3313 956 sumpsit
3385 876 3680 937 terrestris

2032 966 2301 1039 efﬁgiem.
2337 969 2446 1025 Sed
2507 970 2798 1041 fugiamus
2830 973 2979 1028 hanc
3036 974 3366 1047 imaginem
3427 985 3554 1042 quae
3586 968 3682 1023 in-

2031 1058 2181 1111 trare
2211 1057 2499 1113 civitatem
2530 1058 2628 1114 Dei
2657 1077 2769 1115 non
2797 1066 3004 1133 potest,
3038 1064 3177 1135 quia
3209 1060 3506 1131 scriptum
3537 1059 3627 1111 est
3662 1071 3675 1110 :

2027 1145 2271 1212 Domine,
2306 1148 2365 1201 in
2396 1149 2617 1203 civitate
2647 1152 2737 1203 tua
2767 1151 3066 1221 imaginem
3092 1166 3290 1207 eorum
3317 1148 3390 1203 ad
3438 1145 3685 1201 nihilum

2025 1234 2434 1306 rediges(Psal.
2498 1253 2665 1302 LXXII,
2722 1238 2833 1309 20).
2893 1240 2963 1294 Et
3019 1257 3135 1296 non
3194 1239 3385 1294 intrat
3441 1233 3686 1306 indigna

2024 1323 2239 1396 imago,
2312 1329 2368 1379 et
2421 1343 2546 1397 quae
2617 1327 2880 1395 intraret,
2937 1328 3311 1393 excluditur;
3379 1324 3521 1396 quia
3577 1339 3690 1378 non

2023 1414 2271 1481 intrabit,
2306 1414 2519 1485 inquit,
2568 1417 2628 1469 in
2653 1432 2769 1470 eam
2820 1432 2978 1472 omne
3015 1430 3326 1481 commune,
3377 1416 3431 1469 et
3476 1414 3690 1484 faciens

2020 1507 2447 1559 exsecrationem
2475 1506 2526 1559 et
2554 1505 2900 1560 mendacium
2959 1505 3137 1577 (Apoc.
3199 1521 3324 1570 χχι,
3384 1500 3524 1572 27);
3586 1501 3689 1557 sed

2022 1590 2129 1648 ille
2150 1592 2392 1648 intrabit
2419 1592 2480 1647 in
2511 1610 2663 1659 eam,
2696 1593 2867 1663 cujus
2897 1592 2957 1648 in
3007 1594 3195 1650 fronte
3246 1588 3406 1665 Agni
3469 1603 3687 1646 nomen

2022 1680 2308 1753 scriptum
2341 1684 2448 1738 est.

2091 1771 2178 1825 43.
2215 1771 2430 1825 Anima
2459 1770 2639 1843 igitur
2667 1775 2869 1827 nostra
2913 1772 2984 1826 ad
3017 1771 3343 1844 imaginem
3407 1768 3517 1823 Dei
3580 1773 3688 1828 est.

236 1872 292 1920 et
314 1868 481 1919 Pater
600 1875 692 1952 me
718 1858 988 1952 est'(lbid.
1023 1859 1080 1926 9,
1143 1858 1232 1952 1_0)
1334 1857 1541 1952 Imago.
1560 1855 1662 1910 Dei
1698 1855 1909 1952 virtus
1940 1887 1989 1952 B
2020 1864 2085 1914 In
2118 1858 2228 1915 hac
2256 1862 2415 1915 totus
2441 1876 2523 1927 es,
2557 1859 2769 1927 homo;
2804 1860 2943 1931 quia
2975 1860 3100 1916 sine
3130 1860 3242 1915 hac
3268 1856 3425 1915 nihil
3462 1872 3552 1924 es,
3587 1860 3690 1916 sed

238 1957 351 2019 est,
385 1967 504 2007 non
536 1949 889 2005 infirmitas:
924 1947 1128 2019 imago
1160 1945 1263 2001 Dei
1293 1945 1584 2016 sapientia
1625 1948 1735 2011 est,
1761 1944 1910 1999 ima-

237 2058 315 2116 go
345 2041 448 2097 Dei
469 2037 715 2112 justitia
742 2042 830 2094 est
854 2055 866 2093 :
900 2037 1005 2093 sed
1040 2034 1333 2107 sapientia
1352 2034 1550 2089 divina
1567 2037 1740 2099 est,et
1761 2050 1913 2089 sem-

238 2131 474 2205 piterna
514 2126 775 2201 justitia.
835 2130 1040 2198 Imago
1097 2124 1199 2179 Dei
1246 2127 1336 2178 est
1382 2122 1546 2178 solus
1609 2121 1726 2190 ille,
1809 2123 1912 2195 qui

237 2220 429 2277 dixit:
462 2221 573 2288 Ego
602 2222 655 2273 et
703 2218 890 2281 Pater,
952 2231 1135 2270 unum
1207 2229 1396 2268 sumus
1444 2212 1621 2283 (Joan.
1670 2228 1728 2277 x,
1777 2212 1908 2284 30);

233 2310 325 2365 ita
353 2307 587 2364 habens
617 2303 1080 2361 similitudinem
1109 2301 1319 2366 Patris,
1354 2306 1420 2356 ut
1476 2298 1826 2368 divinitatis,
1856 2305 1914 2356 et

236 2395 634 2471 plenitudinis
664 2394 881 2449 habeat
910 2391 1227 2448 unitatem.
1278 2389 1385 2445 Ubi
1432 2389 1574 2445 dicit
1616 2391 1910 2460 faciamus,

235 2485 544 2560 quomodo
574 2481 980 2554 inaequalitas?
1011 2483 1161 2538 Cum
1193 2479 1410 2534 iterum
1443 2477 1607 2533 dicat
1634 2478 1703 2532 ad
1751 2480 1912 2533 simi-

234 2572 545 2632 litudinem
588 2580 854 2635 nostram,
888 2569 987 2625 ubi
1021 2573 1120 2625 est
1153 2566 1623 2623 dissimilitudo?
1643 2565 1738 2622 Sic
1767 2570 1823 2622 et
1852 2567 1912 2622 in

236 2661 563 2735 Evangelio
594 2660 697 2716 ubi
727 2658 870 2715 dicit
898 2661 1006 2729 Ego
1035 2662 1087 2713 et
1138 2659 1326 2725 Pater,
1359 2654 1561 2727 utique
1598 2671 1736 2711 anon
1798 2671 1916 2711 una

244 2767 505 2825 persona
534 2754 662 2807 est:
696 2749 800 2806 ubi
831 2752 1026 2804 autem
1060 2746 1142 2802 ait
1172 2761 1348 2801 unum
1374 2761 1587 2811 sumus,
1634 2742 1797 2799 nulla
1825 2747 1915 2800 est

243 2839 651 2913 discrepantia
679 2836 1003 2894 divinitatis
1042 2838 1147 2891 aut
1196 2834 1408 2906 operis.
1460 2833 1586 2888 Non
1639 2832 1823 2904 igitur
1851 2833 1912 2888 in

256 2935 512 3001 utroque
536 2944 659 2983 una
684 2941 955 3001 persona,
988 2924 1088 2980 sed
1136 2939 1257 2977 una
1305 2921 1639 2977 substantia
1685 2925 1795 2976 est.
1846 2922 1916 2976 Et

256 3021 410 3077 bene
440 3016 672 3072 addidit
698 3014 1056 3086 sumus,quia
1085 3026 1322 3084 semper
1350 3026 1478 3066 esse
1508 3009 1770 3064 divinum
1803 3013 1912 3074 est,

254 3112 326 3164 ut
352 3110 712 3162 coeternum
743 3103 967 3170 credas,
1028 3116 1207 3173 quem
1261 3096 1510 3171 putabas
1564 3096 1913 3153 dissimilem

255 3211 413 3252 esse.
444 3198 724 3250 Alternus
754 3196 844 3247 est
872 3190 1051 3257 enim,
1087 3190 1159 3245 de
1190 3205 1307 3261 quo
1337 3188 1476 3243 dicit
1508 3188 1735 3259 Moyses
1765 3205 1776 3243 :
1810 3188 1917 3256 Qui

2023 1965 2085 2005 es
2115 1952 2290 2015 terra,
2323 1951 2381 2003 et
2410 1948 2469 2003 in
2500 1952 2715 2004 terram
2746 1948 3073 2004 resolveris.
3107 1948 3377 2019 Denique
3410 1949 3486 2002 ut
3536 1946 3690 2007 scias

2022 2037 2162 2109 quia
2191 2037 2318 2093 sine
2348 2037 2547 2092 anima
2575 2053 2708 2092 caro
2737 2036 2886 2091 nihil
2908 2040 3032 2093 est:
3067 2037 3694 2108 Nolite,inquit,timere

2021 2142 2112 2182 eos
2143 2127 2239 2197 qui
2263 2133 2489 2197 possunt
2519 2142 2707 2197 corpus
2736 2125 2997 2190 occidere,
3029 2127 3319 2181 annimam
3348 2130 3550 2181 autem
3578 2144 3693 2184 non

2019 2217 2245 2286 possunt
2277 2214 2482 2285 (Matth.
2514 2232 2569 2279 x,
2602 2214 2716 2284 28).
2748 2214 2895 2277 Quid
2927 2213 3108 2286 igitur
3134 2214 3194 2268 in
3222 2230 3401 2270 carne
3462 2232 3689 2287 praesu-

2023 2304 2159 2370 mis,
2192 2302 2294 2374 qui
2326 2302 2472 2357 nihil
2504 2302 2807 2368 amittis,si
2839 2317 3073 2357 carnem
3107 2301 3382 2359 amiseris
3403 2304 3436 2359 ?
3471 2305 3589 2362 Sed
3621 2306 3690 2362 il-

2022 2391 2125 2446 lud
2159 2392 2319 2457 time,
2354 2408 2426 2447 ne
2456 2392 2663 2446 animae
2691 2395 2806 2446 tuae
2837 2390 3200 2446 defrauderis
3230 2392 3480 2451 auxilio.
3501 2394 3690 2460 Quam

2022 2479 2179 2536 enim
2237 2480 2401 2535 dabit
2476 2480 2651 2535 homo
2725 2480 3243 2535 commutationem
3316 2499 3427 2554 pro
3490 2485 3691 2543 anima

2024 2584 2153 2633 sua,
2186 2566 2245 2621 in
2305 2584 2422 2639 qua
2481 2584 2594 2623 non
2652 2565 2862 2639 exigua
2905 2565 2996 2621 sui
3057 2566 3267 2638 portio,
3323 2569 3431 2624 sed
3495 2573 3681 2630 totius

2024 2657 2298 2712 humanae
2344 2655 2746 2712 universitatis
2806 2655 3140 2711 substantia
3192 2656 3339 2711 est?
3400 2658 3542 2717 Haec
3598 2666 3689 2718 est

2023 2763 2127 2819 per
2158 2762 2334 2817 quam
2374 2746 2595 2802 caeteris
2657 2745 2912 2800 ferarum
2971 2743 3285 2817 aviumque
3344 2747 3685 2808 dominaris

2024 2834 2458 2891 animantibus:
2494 2835 2617 2890 haec
2644 2837 2734 2890 est
2764 2833 2836 2888 ad
2895 2832 3213 2905 imaginem
3273 2834 3399 2903 Dei,
3464 2854 3683 2913 corpus

2024 2929 2220 2980 autem
2253 2925 2325 2979 ad
2357 2924 2612 2996 speciem
2641 2923 2984 2979 bestiarum.
3020 2922 3084 2978 In
3141 2923 3251 2979 hac
3271 2923 3441 2996 pium
3471 2928 3682 2988 divinae

2024 3011 2370 3069 imitationis
2402 3014 2632 3087 insigne
2654 3032 2669 3081 ί
2696 3012 2755 3067 in
2780 3010 2878 3066 illo
2907 3027 3044 3067 cum
3075 3012 3212 3069 feris
3234 3028 3302 3069 ac
3324 3014 3546 3075 belluis
3568 3018 3682 3077 vile

2024 3102 2406 3158 consortium.

2629 3206 2863 3263 CAPUT
2903 3207 3067 3263 VIII.

248 3280 517 3339 admisit
543 3295 632 3335 me
661 3279 851 3352 (Exod.
917 3294 995 3344 ιιι,
1038 3256 1167 3348 ⁷14).
1209 3256 1479 3330 Pulchre
1535 3256 1711 3330 etiam
1763 3273 1910 3330 illud

2037 3298 2087 3355 Ut
2112 3301 2356 3375 prescius
2385 3299 2732 3375 intelligatur
2760 3296 2856 3351 ubi
2876 3295 3066 3375 divina
3085 3297 3394 3375 similitudo
3417 3302 3673 3375 resideat,

246 3368 562 3444 pramisit.
593 3369 704 3439 Ego
729 3375 782 3424 et
809 3371 998 3424 Pater.
1033 3366 1181 3422 Nam
1212 3363 1262 3421 si
1305 3364 1536 3420 Patrem
1594 3364 1912 3436 praemisis-

250 3463 364 3523 set,
396 3462 461 3513 tu
493 3457 781 3513 minorem
832 3455 1045 3511 Filium
1098 3453 1437 3526 judicares:
1475 3453 1574 3508 sed
1633 3452 1916 3523 praemisit

251 3547 674 3617 Filium,quem
706 3562 821 3601 non
844 3543 1118 3600 convenit
1145 3541 1301 3598 credi
1335 3542 1504 3597 Patre
1527 3540 1911 3614 superiorem.

252 3635 548 3707 Adjunxit
576 3636 816 3705 Patrem,
849 3637 915 3690 ut
945 3634 1214 3689 advertas
1244 3631 1429 3687 Deum
1457 3630 1686 3686 Patrem
1736 3635 1794 3685 et
1824 3631 1914 3685 Fi-

254 3725 411 3781 lium
441 3724 572 3795 ejus
604 3723 826 3779 ordinis
856 3722 1195 3796 praeiudicio
1224 3738 1342 3777 non
1374 3718 1579 3775 teneri.

330 3816 425 3868 42.
456 3813 703 3881 Attende,
730 3812 947 3884 inquit,
976 3813 1085 3867 tibi
1112 3811 1221 3867 soli
1250 3810 1430 3882 (Deut.
1501 3826 1572 3876 .v,
1604 3808 1682 3879 9).
1740 3806 1914 3863 Aliud

258 3904 423 3960 enim
454 3918 664 3958 sumus
695 3918 823 3969 nos,
885 3900 1046 3956 aliud
1096 3904 1235 3955 sunt
1293 3902 1516 3968 nostra,
1570 3896 1728 3952 aliud
1788 3913 1916 3968 quae

260 3992 421 4048 circa
446 4006 554 4047 nos
585 3990 875 4046 sunt.Nos
896 3988 1247 4055 sumus,hoo
1278 3985 1593 4055 est,anima
1622 3989 1679 4042 et
1709 4001 1875 4042 mens
1900 4004 1912 4042 :

264 4085 473 4138 nostra
514 4083 652 4135 sunt
701 4078 965 4151 corporis
1021 4077 1308 4143 membra,
1370 4079 1428 4130 et
1486 4091 1701 4131 sensus
1749 4076 1913 4147 ejus:

259 4170 421 4225 circa
451 4184 558 4225 nos
591 4172 787 4223 autem
819 4166 1074 4240 pecunia
1133 4169 1241 4232 est,
1277 4164 1426 4221 servi
1485 4168 1625 4219 sunt
1681 4169 1738 4220 et
1791 4164 1917 4219 vita:

263 4258 441 4314 istius
470 4260 807 4328 apparatus.
844 4255 975 4311 Tibi
1004 4253 1187 4327 igitur
1238 4252 1492 4317 attende,
1525 4256 1584 4307 et
1634 4256 1691 4306 te
1722 4252 1918 4324 ipsum

260 4346 437 4411 scito,
470 4345 580 4400 hoc
611 4349 718 4411 est,
780 4361 898 4400 non
930 4342 1135 4414 quales
1192 4342 1444 4399 lacertos
1502 4340 1743 4410 habeas,
1804 4359 1920 4397 non

262 4438 552 4508 quantam
584 4433 843 4505 corporis
874 4431 1304 4499 fortitudinem,
1339 4447 1455 4487 non
1500 4433 1752 4501 quantas
1784 4448 1922 4503 pos-

266 4522 873 4594 sessiones,quantam
907 4521 1359 4595 potentiam,sed
1393 4518 1631 4593 qualem
1662 4520 1923 4576 animam

266 4629 338 4669 ac
370 4615 650 4679 mentem,
696 4612 853 4667 unde
903 4611 1102 4666 omnia
1145 4610 1390 4666 consilia
1447 4608 1921 4682 proﬁciscuntur,

268 4702 345 4758 ad
378 4715 557 4773 quam
589 4715 830 4772 operum
864 4704 1104 4756 tuorum
1140 4700 1368 4755 fructus
1400 4698 1666 4754 refertur.
1703 4698 1807 4754 Illa
1837 4704 1927 4755 est

269 4790 435 4847 enim
466 4787 639 4861 plena
670 4788 1173 4861 sapientiai,plena
1192 4787 1431 4861 pietatis
1454 4788 1887 4859 atquejustitiae
1914 4807 1927 4857 ;

269 4877 560 4952 quoniam
590 4876 784 4933 omnis
809 4878 998 4933 virtus
1027 4894 1060 4932 a
1117 4877 1234 4934 Deo
1299 4878 1451 4933 129
1484 4879 1590 4931 est.
1653 4876 1758 4931 Cui
1791 4877 1931 4933 dicit

270 4969 431 5026 Deus
481 4984 497 5021 :
557 4971 688 5024 Ecce
742 4983 836 5039 ego
861 5009 875 5035 ,
934 4967 1274 5033 Jerusalem,
1324 4967 1495 5037 pinxi
1551 4981 1742 5021 muros
1814 4971 1932 5023 tuos

273 5059 404 5129 (Ita.
433 5072 586 5122 xux,
629 5057 710 5126 l6)
738 5074 751 5123 ;
786 5055 889 5111 illa
919 5056 1117 5111 anima
1146 5056 1242 5127 (De
1267 5056 1467 5127 paenit.
1526 5052 1661 5110 dist.
1706 5058 1759 5122 2,
1795 5073 1923 5129 cap.

274 5148 385 5204 Illa
442 5144 661 5216 anima)
717 5162 751 5199 a
806 5145 922 5200 Deo
981 5144 1260 5217 pingitur,
1320 5159 1447 5213 quae
1507 5141 1682 5198 habet
1748 5144 1806 5198 in
1865 5161 1929 5201 se

275 5236 573 5291 virtutum
606 5232 856 5306 gratiam
890 5233 1255 5303 renitentem,
1292 5232 1776 5304 splendoremque
1808 5234 1928 5305 pie-

281 5324 444 5379 tatis.
479 5321 588 5378 Illa
619 5321 816 5378 anima
845 5322 992 5378 bene
1021 5320 1177 5394 picta
1205 5326 1312 5389 est,
1362 5321 1422 5375 in
1468 5337 1584 5392 qua
1626 5320 1811 5376 elucet
1840 5323 1928 5378 di-

278 5415 428 5470 vinae
460 5410 818 5486 operationis
846 5411 1090 5484 effigies.
1122 5410 1225 5468 Illa
1254 5410 1453 5467 anima
1467 5410 1615 5465 bene
1635 5409 1788 5482 picta
1819 5416 1925 5481 est,

354 5572 595 5657 (84)"1ta
623 5586 767 5657 mss.
799 5570 995 5657 plures
1027 5588 1092 5628 ac
1117 5571 1377 5657 potiores
1405 5586 1538 5626 cum
1558 5568 1929 5657 “editlzoantit

323 5640 619 5702 uioribus.
652 5640 1019 5700 Benftamen
1079 5640 1141 5700 et
1166 5642 1265 5700 alii
1315 5659 1448 5699 cum
1508 5640 1648 5698 edit.
1710 5640 1839 5698 Gill.
1873 5647 1931 5701 et

334 5734 481 5788 om.,
508 5716 647 5773 Filii
673 5714 961 5772 charitatis
988 5731 1118 5771 suae.

2089 3367 2331 3439 corporis
2358 3378 2410 3426 et
2435 3367 2643 3426 animae
2680 3367 2824 3423 dotes
2881 3372 3294 3427 examinantur.
3358 3367 3677 3432 Ostenditur

2091 3445 2266 3515 totum
2299 3441 2575 3497 hominem
2627 3441 2851 3515 animm
2888 3442 3149 3515 vocabulo
3204 3441 3511 3515 designari.
3570 3448 3674 3515 Qui

2092 3513 2188 3587 Dei
2216 3513 2692 3587 inuiginemfuco,
2717 3510 3300 3587 crudelitate,perﬁdia
3328 3510 3670 3587 oblitterant,

2093 3581 2470 3657 objurgantur.
2505 3583 2614 3637 Sub
2672 3581 2790 3636 hmo
2839 3581 3172 3657 exhortatio
3198 3584 3269 3639 ad
3324 3581 3677 3657 vigilantiam

2091 3656 2279 3709 contra
2308 3655 2462 3719 vitia,
2496 3661 2547 3709 et
2574 3667 2881 3721 pauperum
2911 3671 2976 3708 ac
2998 3656 3236 3712 divitum
3265 3655 3412 3712 inter
3439 3676 3498 3715 se
3526 3677 3672 3717 eom-

2090 3726 2308 3797 paratio
2339 3729 2500 3796 caput
2528 3724 2777 3779 absolvit.

2094 3815 2181 3869 44.
2217 3814 2328 3870 Sed
2359 3818 2678 3870 tractemus
2709 3810 2973 3869 limatius
2994 3814 3135 3885 quid
3168 3815 3246 3871 sit
3273 3815 3345 3870 ad
3372 3818 3676 3886 imaginem

2025 3905 2143 3958 Dei.
2177 3902 2320 3958 Caro
2352 3901 2640 3974 numquid
2669 3900 2739 3954 ad
2775 3900 3093 3974 imaginem
3124 3902 3224 3958 Dei
3256 3904 3392 3958 est?
3422 3903 3571 3977 Ergo
3612 3905 3673 3963 in

2030 3993 2141 4049 Deo
2171 3996 2328 4047 terra
2354 3995 2443 4048 est
2460 3992 2572 4063 (82)
2599 4016 2612 4057 ;
2646 3989 2786 4061 quia
2815 4006 2948 4046 caro
2978 3994 3136 4047 terra
3172 3994 3281 4047 est.
3340 3992 3488 4064 Ergo
3547 4010 3672 4050 cor-

2028 4098 2239 4154 poreus
2270 4080 2440 4137 Deus.
2474 4081 2621 4153 Ergo
2651 4078 2925 4136 infirmus
2956 4084 3021 4135 ut
3077 4097 3229 4146 caro,
3264 4079 3672 4151 passionibus-

2028 4186 2142 4241 que
2171 4170 2492 4240 subjectus.
2554 4169 2617 4223 Et
2676 4167 2822 4224 forte
2876 4172 3053 4241 caput
3108 4168 3215 4224 tibi
3273 4168 3543 4224 videatur
3601 4172 3674 4227 ad

2029 4258 2479 4314 similitudinem
2511 4257 2636 4323 Dei,
2670 4256 2809 4327 quia
2852 4257 3108 4325 eminet;
3144 4261 3246 4312 aut
3303 4256 3476 4324 oculi,
3536 4259 3677 4331 quia

2029 4348 2370 4415 intuentur;
2405 4346 2492 4402 vel
2525 4362 2715 4409 aures,
2750 4346 2891 4416 quia
2917 4345 3181 4401 audiunt.
3211 4345 3268 4401 Si
3302 4345 3676 4405 altitudinem

2031 4440 2280 4509 spectes,
2335 4451 2476 4490 num
2536 4434 2757 4506 proceri
2817 4434 3103 4501 videmur,
3163 4434 3304 4506 quia
3368 4435 3678 4507 paululum

2030 4525 2242 4581 vertice
2273 4524 2603 4579 eminemus
2630 4539 2664 4577 a
2692 4523 2864 4577 terris
2884 4523 2912 4578 ?
2943 4524 3054 4579 Sed
3113 4523 3243 4579 ideo
3302 4541 3418 4580 non
3476 4528 3679 4598 pudet,

1953 4628 2001 4696 D
2032 4631 2098 4672 eo
2129 4632 2235 4670 nos
2267 4611 2491 4669 similes
2522 4611 2623 4667 Dei
2655 4610 2789 4678 dici,
2825 4612 2962 4683 quia
2994 4612 3366 4685 serpentibus
3424 4617 3679 4671 caeterise

2037 4720 2149 4776 que
2181 4700 2568 4774 reptantibus,
2600 4704 2699 4755 aut
2727 4701 2867 4772 quia
2897 4700 3174 4771 damulis,
3220 4706 3398 4775 atque
3449 4704 3675 4769 ovibus,

2035 4797 2093 4848 et
2116 4792 2271 4864 lupis
2303 4788 2575 4845 celsiores
2606 4806 2815 4846 sumus
2836 4790 2863 4845 ?
2894 4793 2953 4846 et
2982 4794 3267 4863 quantum
3302 4790 3361 4845 in
3393 4807 3461 4845 ea
3515 4792 3679 4862 parte

2036 4879 2241 4937 cameli
2275 4877 2445 4934 nobis
2497 4883 2671 4950 atque
2729 4877 3025 4951 elephanti
3082 4879 3440 4951 proceriores
3498 4878 3680 4934 sunt?

2037 4971 2289 5027 Obtutus
2320 4971 2410 5023 est
2438 4967 2678 5038 quidem
2711 4972 3017 5039 praestans,
3076 4970 3334 5038 spectare
3392 4964 3680 5022 elementa

2037 5057 2266 5124 mundi,
2295 5073 2642 5130 cognoscere
2673 5074 2799 5128 quas
2826 5056 3026 5119 nullus
3057 5054 3387 5119 annuntiat,
3414 5054 3517 5109 sed
3539 5058 3680 5112 tuus

2039 5147 2437 5221 deprehendat
2467 5150 2771 5218 uepectus;
2802 5162 3005 5203 verum
3037 5145 3144 5200 hoc
3173 5142 3371 5215 ipsum
3393 5148 3681 5214 quantum

2037 5241 2127 5293 est
2153 5235 2310 5309 quod
2340 5235 2644 5304 videmus;
2696 5238 2761 5289 ut
2817 5250 2882 5288 eo
2940 5235 3012 5289 ad
3070 5229 3521 5287 similitudinem
3577 5233 3680 5290 Dei

2038 5343 2146 5382 nos
2175 5341 2303 5381 esse
2328 5323 2614 5389 dicamus,
2650 5322 2749 5394 qui
2783 5322 2980 5377 omnia
3014 5320 3188 5387 videt,
3217 5322 3441 5392 spectat
3461 5322 3679 5390 omnia,

2038 5415 2192 5470 130
2251 5412 2500 5466 latentes
2571 5408 2957 5481 deprehendit
3034 5408 3278 5464 affectus
3313 5450 3326 5475 ,
3385 5414 3685 5481 scrutatur

2108 5574 2198 5642 82)
2256 5570 2439 5644 Edit._
2468 5528 2659 5644 Romi,
2720 5565 2826 5644 Sed
2878 5570 3167 5644 tractemus
3220 5569 3497 5644 elimatius
3555 5573 3653 5644 qui

2037 5638 2346 5718 [actumsit
2371 5639 2441 5718 ad
2464 5640 2763 5718 imaginem
2792 5638 3377 5718 Dei,__C_aro_numquid
3421 5643 3494 5718 ad
3544 5638 3689 5718 ima-

2037 5711 2222 5788 ginem
2249 5716 2347 5771 Dei
2374 5713 2519 5785 facta
2544 5713 2662 5768 est?
2705 5711 2845 5771 Non.
2883 5712 3144 5785 Alioquin
3171 5711 3297 5783 ergo
3329 5714 3391 5769 in
3418 5715 3547 5785 Deo,
3577 5716 3686 5769 etc.
