4158 6168
482 322 599 391 275

1937 317 2002 383 s.
2049 302 2422 381 ΑΜΒιιοειι

3759 319 3879 383 276

480 460 672 520 cordis
700 457 972 518 occulta?
1002 460 1127 519 Non
1155 460 1334 534 pudet
1364 457 1473 515 hoc
1521 456 1747 524 dicere;
1805 474 1938 511 cum
1996 455 2123 527 ipse
2154 453 2211 519 Α
2240 459 2397 511 sunt.
2429 454 2522 512 Sic
2562 454 2718 511 enim
2775 453 3045 529 legimus,
3106 454 3332 514 dicente
3384 453 3601 513 Paulo:
3664 453 3878 515 Scimus

481 568 575 607 me
603 555 793 607 totum
823 553 1015 607 videre
1047 569 1159 607 non
1207 550 1474 621 possim?
1532 548 1692 613 Quod
1757 553 1889 602 ante
1949 545 2122 618 pedes

479 644 587 709 est,
610 641 774 696 video
803 659 816 708 ;
850 642 1005 712 quod
1038 658 1071 694 a
1102 647 1259 709 tergo
1309 642 1416 703 est,
1451 639 1641 691 videre
1696 654 1808 692 non
1858 651 2119 707 possum.

481 729 775 786 Cervicem
810 746 996 785 meam
1031 727 1244 793 nescio,
1281 744 1395 782 non
1426 728 1555 781 novi
1590 726 2123 797 occipitium,renes

480 834 644 875 meos
674 819 865 873 videre
898 834 1009 871 non
1044 833 1306 887 possum.
1357 816 1641 871 Similiter
1699 821 1985 888 quantum
2037 821 2127 871 est

483 909 637 979 quod
670 906 1201 973 audivimus;cum
1236 905 1292 959 id
1347 906 1501 976 quod
1562 904 1866 976 paululum
1928 904 2122 969 distet,

478 996 671 1051 videre
692 999 749 1049 et
778 994 979 1049 audire
1023 1010 1138 1048 non
1198 994 1468 1064 possim?
1529 994 1814 1064 interjecti
1874 994 2125 1065 parietes

481 1082 619 1149 sint,
651 1082 969 1153 impeditur
992 1088 1285 1153 aspectus,
1318 1082 1635 1153 impeditur
1665 1082 1919 1137 auditus.
1953 1084 2125 1139 Dein-

485 1172 555 1227 de
587 1188 797 1243 corpus
826 1175 1092 1226 nostrum
1127 1188 1242 1225 uno
1272 1170 1332 1225 in
1365 1170 1489 1225 loco
1521 1171 1720 1239 hreret,
1757 1177 2005 1243 angusto
2037 1173 2123 1227 in~

483 1260 740 1316 cluditur
766 1261 972 1332 spatio.
1007 1260 1223 1315 Omnes
1257 1260 1386 1315 ferae
1430 1260 1661 1315 latiores
1694 1266 1834 1315 sunt
1862 1260 2121 1328 homine,

485 1366 688 1406 omnes
719 1348 894 1404 etiam
926 1348 1258 1405 velociores.

556 1440 642 1493 45.
677 1439 802 1494 Non
834 1455 968 1511 ergo
1002 1455 1133 1494 caro
1161 1442 1351 1510 potest
1377 1455 1503 1494 esse
1533 1440 1602 1494 ad
1637 1439 1954 1508 imaginem
2003 1440 2123 1508 Dei,

486 1529 586 1584 sed
620 1528 820 1583 anima
850 1532 1049 1583 nostra
1078 1545 1205 1599 quae
1231 1527 1415 1583 libera
1465 1531 1571 1595 est,
1601 1531 1656 1583 et
1714 1529 1946 1585 diffusis
1977 1530 2127 1603 cogi-

486 1616 811 1673 tationibus
842 1620 1019 1688 atque
1050 1616 1312 1671 consiliis
1343 1617 1459 1671 huc
1492 1622 1667 1688 atque
1699 1616 1833 1672 illuc
1864 1623 2125 1691 vagatur,

487 1723 612 1778 quae
644 1704 1064 1760 considerando
1095 1710 1320 1777 spectat
1349 1705 1566 1760 omnia.
1627 1706 1770 1761 Ecce
1817 1723 1972 1762 nunc
2029 1725 2127 1763 su-

2232 550 2417 601 autem
2458 548 2719 618 quoniam
2771 547 3124 618 diligentibus
3182 549 3351 603 Deum
3404 549 3595 604 omnia
3647 563 3876 603 concur-

2233 638 2361 689 runt
2393 638 2451 690 in
2484 636 2702 701 bonum,
2738 638 2808 690 iis
2838 638 2935 707 qui
2969 636 3268 691 secundum
3320 638 3665 708 propositum
3724 638 3874 693 131

2232 726 2407 778 vocati
2434 733 2561 779 sunt
2615 727 2822 779 sancti:
2855 741 2984 796 quos
3020 727 3318 795 praesciuit,
3351 734 3402 781 et
3456 725 3885 797 prwdestinavit

2232 813 2531 882 conformes
2552 814 2676 882 ﬁeri
2710 814 2973 881 imaginis
3004 814 3139 868 Filii
3173 815 3299 868 sui:
3361 818 3421 869 ut
3476 816 3549 869 sit
3601 816 3883 886 primoge-

2233 902 2379 955 nitus
2409 903 2468 954 in
2502 903 2691 956 multis
2717 901 3009 972 fratribus.
3046 903 3188 970 Quos
3218 906 3399 957 autem
3446 901 3886 973 praedestinavit,

2234 989 2328 1044 hos
2356 993 2409 1044 et
2441 992 2650 1044 vocavit
2676 1007 2688 1044 :
2713 995 2763 1045 et
2782 1006 2912 1062 quos
2930 993 3155 1059 vocavit,
3178 992 3273 1047 hos
3300 996 3352 1047 et
3369 992 3695 1062 justi/icavit
3711 1009 3730 1045 :
3753 1008 3887 1062 quos

2233 1080 2415 1131 autem
2434 1078 2885 1149 justi/icavit,hos
2914 1082 2964 1134 et
2979 1080 3313 1149 clariﬁcavit
3351 1080 3635 1151 (Rom.vm
3664 1080 3886 1151 28-30).

2234 1166 2441 1221 Utrum
2479 1167 2658 1239 igitur
2674 1169 2998 1223 secundum
3030 1184 3264 1240 corpus,
3288 1186 3360 1223 an
3396 1170 3720 1225 secundum
3758 1170 3888 1224 ani—

2235 1272 2392 1310 mam
2417 1255 2757 1326 justiﬁcatio
2789 1257 2895 1312 tibi
2926 1257 3181 1323 conferri,
3204 1256 3484 1323 videatur,
3528 1274 3727 1330 quasso
3766 1274 3892 1312 res-

2235 1344 2507 1415 pondeas.
2521 1345 2631 1400 Sed
2646 1345 2912 1401 dubitare
2925 1363 3039 1401 non
3056 1346 3621 1417 potes,cumjustitia
3636 1347 3893 1417 undeju-

2236 1433 2509 1488 stificatio
2526 1433 2783 1488 derivata
2794 1435 3122 1501 est,mentis
3139 1434 3339 1507 utique
3360 1452 3475 1490 non
3494 1436 3757 1507 corporis
3785 1436 3886 1492 sit.

2308 1524 2395 1576 47.
2429 1523 2625 1577 Pictus
2655 1539 2716 1578 es
2747 1539 2905 1595 ergo,
2940 1540 2973 1579 o
2999 1523 3196 1589 homo,
3229 1528 3285 1579 et
3318 1524 3508 1596 pictus
3541 1542 3575 1580 a
3630 1525 3889 1582 Domino

2238 1615 2352 1666 Deo
2374 1616 2495 1666 tuo.
2530 1612 2753 1667 Bonum
2784 1611 2965 1668 habes
2998 1611 3281 1668 artificem
3341 1617 3515 1685 atque
3571 1613 3886 1685 pictorem,

2236 1698 2364 1755 Noli
2399 1701 2608 1755 bonam
2641 1700 2831 1756 delere
2863 1700 3172 1772 picturam,
3207 1719 3324 1757 non
3356 1702 3488 1757 fuco
3519 1703 3622 1758 sed
3644 1703 3893 1760 veritate

486 1810 620 1849 mus
650 1794 707 1847 in
740 1793 1011 1888 Italia,_et
1039 1794 1363 1865 cogitamus
1394 1810 1463 1848 ea
1492 1812 1637 1888 qua}-
1676 1795 1747 1848 ad
1805 1794 2127 1852 Orientales
2159 1824 2207 1888 B
2241 1789 2581 1888 fulgentem,
2615 1807 2729 1888 non
2760 1805 2894 1888 cera
2923 1806 3259 1888 eapressam
3290 1792 3391 1848 sed
3431 1792 3657 1888 gratia.
3718 1791 3893 1888 Deles

487 1886 590 1939 aut
620 1880 1014 1937 Occidentales
1045 1885 1239 1953 partes
1271 1885 1530 1953 spectare
1586 1882 1875 1947 videntur,
1908 1889 1965 1939 et
1994 1901 2127 1939 cum

486 1970 604 2027 illis
632 1971 847 2026 versari
875 1971 1144 2025 videmur
1172 1970 1269 2042 qui
1304 1971 1360 2024 in
1385 1971 1619 2026 Perside
1642 1976 1780 2026 sunt
1802 1973 2127 2041 constituti,

487 2063 544 2116 et
574 2059 707 2116 illos
736 2060 1000 2116 videmus
1049 2060 1147 2131 qui
1211 2060 1428 2131 degunt
1488 2060 1544 2114 in
1604 2059 1816 2127 Africa,
1876 2062 1926 2117 si
1985 2079 2131 2134 quos

488 2148 751 2220 cognitos
783 2149 952 2203 nobis
982 2165 1049 2203 ea
1078 2152 1233 2204 terra
1261 2149 1580 2220 susceperit
1606 2166 1618 2204 :
1653 2148 1958 2221 sequimur
1994 2168 2131 2222 pro~

486 2236 837 2304 ﬁciscentes,
868 2236 1221 2291 inhzeremus
1251 2236 2134 2310 peregrinantibus,copulamur

490 2325 853 2395 absentibus,
886 2325 1244 2396 alloquimur
1273 2332 1590 2397 separatos,
1627 2327 1932 2383 defunctos
1987 2346 2131 2401 quo-

491 2431 607 2487 que
683 2414 754 2469 ad
830 2413 1185 2485 colloquium
1267 2414 1707 2481 resuscitamus,
1781 2432 1997 2487 eosque
2071 2421 2134 2473 ut

488 2502 749 2559 viventes
779 2502 1224 2574 complectimur
1254 2506 1309 2558 et
1340 2507 1631 2570 tenemus,
1666 2509 1722 2559 et
1766 2505 1890 2559 vita:
1941 2506 2134 2561 ofﬁcia

487 2590 582 2647 his
613 2607 904 2662 usumque
935 2592 1271 2647 deferimus.
1299 2592 1378 2646 Ea
1406 2592 1585 2664 igitur
1608 2597 1697 2647 est
1723 2593 1791 2648 ad
1816 2593 2132 2666 imaginem

487 2680 611 2748 Dei,
659 2697 785 2753 quae
846 2697 960 2736 non
1021 2697 1296 2752 corporeo
1356 2680 1698 2745 aestimatur,
1756 2682 1856 2737 sed
1917 2685 2132 2739 mentis

485 2770 717 2842 vigore:
753 2786 880 2839 quae
913 2770 1184 2824 absentes
1213 2770 1388 2835 videt,
1413 2770 1807 2824 transmarina
1836 2772 1961 2826 visu
1988 2772 2129 2839 obit,

488 2856 777 2931 percurrit
830 2861 1091 2928 aspectu,
1149 2861 1444 2912 scrutatur
1499 2857 1725 2925 abdita,
1787 2858 1900 2914 huc
1957 2864 2133 2931 atque

488 2946 630 3002 illuc
656 2963 773 3001 uno
804 2950 1100 3001 momento
1130 2962 1340 3000 sensus
1400 2963 1539 3001 suos
1580 2963 1682 3017 per
1739 2948 1919 3004 totius
1976 2950 2133 3005 orbis

490 3035 638 3091 ﬁnes
667 3038 726 3090 et
755 3034 957 3089 mundi
991 3037 1209 3089 secreta
1241 3034 1606 3089 circumfert:
1643 3051 1768 3106 quae
1829 3037 1939 3091 Deo
1991 3037 2132 3107 jun-

493 3122 672 3196 gitur,
725 3121 955 3178 Christo
1012 3121 1286 3188 adhaeret,
1345 3122 1645 3176 descendit
1697 3123 1756 3177 in
1815 3123 2131 3195 infernum,

2238 1876 2784 1948 picturam,mulier,
2801 1879 2850 1934 si
2871 1878 3101 1934 vultum
3134 1882 3303 1934 tuum
3328 1879 3616 1936 materiali
3638 1881 3896 1937 candore

2241 1966 2489 2035 oblinas,
2523 1966 2571 2022 si
2602 1966 2891 2037 acquisito
2921 1968 3130 2023 rubore
3161 1968 3499 2040 perfundas.
3526 1968 3631 2025 Illa
3658 1969 3897 2042 pictura

2240 2053 2382 2123 vitii,
2413 2071 2526 2109 non
2554 2054 2780 2111 decoris
2837 2060 2963 2124 est;
3025 2055 3125 2111 illa
3182 2056 3408 2128 pictura
3462 2057 3709 2121 fraudis.
3770 2076 3890 2115 non

2240 2142 2636 2214 simplicitatis
2665 2147 2790 2212 est;
2824 2144 2925 2200 illa
2953 2144 3183 2216 pictura
3231 2144 3572 2218 temporalis
3622 2151 3729 2214 est,
3787 2153 3896 2203 aut
3956 2210 3967 2217 _

2242 2231 2455 2303 pluvia,
2490 2237 2591 2287 aut
2619 2234 2831 2288 sudore
2857 2233 3141 2304 tergitur;
3190 2232 3294 2289 illa
3350 2234 3577 2305 pictura
3632 2233 3780 2291 fallit
3828 2242 3901 2293 et

2241 2320 2490 2392 decipit;
2522 2325 2585 2376 ut
2616 2338 2804 2393 neque
2834 2321 2917 2376 illi
2950 2322 3200 2394 placeas,
3233 2322 3334 2394 qui
3382 2322 3608 2394 placere
3663 2325 3895 2381 deside-

2242 2426 2356 2475 ras,
2391 2410 2489 2481 qui
2538 2409 2815 2482 intelligit
2871 2427 2990 2467 non
3057 2415 3251 2479 tuum,
3283 2412 3385 2467 sed
3445 2411 3701 2468 alienum
3759 2430 3893 2470 esse

2242 2499 2396 2569 quod
2430 2499 2659 2570 placeas
2688 2517 2701 2567 ;
2735 2504 2790 2555 et
2814 2504 2914 2555 tuo
2946 2500 3254 2571 displiceas
3296 2502 3542 2569 auctori,
3571 2501 3669 2573 qui
3727 2501 3892 2558 videt

2242 2603 2391 2658 opus
2422 2604 2594 2642 suum
2627 2604 2756 2643 esse
2787 2588 3064 2644 deletum.
3098 2588 3199 2644 Dic
3231 2588 3398 2658 mihi,
3433 2589 3483 2645 si
3513 2606 3688 2661 supra
3732 2590 3892 2645 arti-

2241 2676 2410 2730 ficem
2466 2674 2721 2747 aliquem
2767 2676 3012 2732 inducas
3061 2675 3331 2747 alterum,
3383 2678 3486 2750 qui
3533 2695 3678 2750 opus
3724 2677 3894 2736 illius

2242 2764 2560 2835 superioris
2594 2765 2754 2821 novis
2786 2767 3057 2837 operibus
3089 2766 3360 2834 obducat,
3396 2784 3589 2823 nonne
3615 2766 3892 2841 indigna-

2242 2855 2339 2907 tur
2367 2852 2483 2920 ille,
2510 2854 2609 2926 qui
2643 2872 2791 2927 opus
2837 2872 3012 2910 suum
3063 2854 3455 2912 adulteratum
3505 2873 3634 2912 esse
3672 2873 3893 2929 cogno-

2240 2942 2388 2996 verit
2430 2946 2455 2995 ?
2509 2943 2637 2998 Noli
2695 2943 2900 2999 tollere
2959 2945 3249 3016 picturam
3296 2944 3438 3015 Dei,
3489 2950 3548 3000 et
3595 2946 3892 3017 picturam

2244 3031 2566 3088 meretricis
2597 3037 2920 3100 assumere,
2953 3033 3095 3105 quia
3143 3032 3428 3105 scriptum
3480 3039 3608 3090 est:
3674 3035 3896 3091 Tollam

2245 3135 2372 3190 ergo
2400 3122 2645 3176 membra
2672 3121 2904 3188 Christi,
2937 3126 2991 3177 et
3024 3124 3232 3193 faciam
3259 3124 3508 3178 membra
3541 3124 3847 3178 metricis
3868 3128 3898 3177 ?

496 3189 670 3283 atque
694 3210 978 3276 ascendit,
1010 3209 1194 3265 libera
1224 3214 1487 3265 versatur
1534 3211 1591 3265 in
1652 3212 1813 3267 ccelo.
1875 3189 2209 3286 DeniqueC
2247 3189 2401 3264 Αόσςίι
2457 3210 2502 3280 (Ῑ
2560 3210 2679 3265 σον.
2739 3228 2816 3278 VI,
2874 3189 3221 3281 15)!'Ql10d
3299 3211 3347 3266 εί
3406 3211 3539 3283 (Illis
3599 3210 3898 3267 adnuerat

496 3298 634 3355 audi
663 3299 991 3354 dicentem:
1020 3299 1215 3354 Nostra
1271 3307 1453 3354 autem
1499 3304 1831 3356 conversatio
1883 3304 1942 3356 in
1987 3304 2136 3357 cazlis

497 3391 574 3442 est
605 3387 774 3457 (Phil.
808 3404 893 3455 ιιι,
923 3387 1035 3457 20).
1069 3388 1191 3442 Non
1222 3392 1310 3443 est
1329 3404 1463 3459 ergo
1503 3389 1571 3442 ad
1634 3388 1951 3461 imaginem
2010 3391 2134 3458 Dei,

495 3474 553 3528 in
586 3491 704 3546 qua
737 3480 885 3530 Deus
917 3491 1148 3546 semper
1178 3475 1299 3531 est!
1328 3476 1438 3531 Sed
1469 3476 1607 3531 audi
1639 3478 1779 3546 quia
1809 3478 1878 3532 ad
1930 3479 2135 3551 imagi-

494 3578 630 3618 nem
664 3566 752 3618 est
777 3563 901 3618 Dei.
962 3563 1113 3618 Dicit
1170 3564 1325 3619 enim
1384 3564 1732 3635 Apostolus:
1796 3566 1899 3621 Nos
1954 3569 2141 3639 itaque

490 3667 675 3707 omnes
730 3653 969 3707 revelata
1022 3654 1166 3723 facie
1220 3653 1456 3723 gloriam
1526 3654 1624 3708 Dei
1675 3656 2010 3725 speculantes
2068 3657 2138 3712 ad

488 3740 734 3796 eamdem
763 3743 1065 3812 imaginem
1097 3743 1463 3811 reformamur
1490 3760 1524 3796 a
1552 3744 1732 3810 gloria
1763 3745 1820 3798 in
1875 3745 2133 3813 gloriam,

486 3830 631 3885 sicut
659 3832 934 3886 aDomini
962 3832 1162 3901 spiritu
1191 3831 1262 3901 (Il
1292 3832 1410 3886 Cor.
1442 3846 1526 3898 ιιι,
1564 3831 1670 3899 18).

555 3919 649 3973 46.
683 3920 829 3985 Quia
883 3919 1063 3991 igitur
1119 3917 1498 3990 cognovimus
1558 3919 1815 3973 animam
1875 3937 2003 3976 esse
2060 3923 2132 3978 ad

485 4007 803 4080 imaginem
834 4007 932 4064 Dei
960 4026 972 4075 ;
995 4024 1150 4063 nunc
1166 4007 1601 4063 consideremus
1625 4013 1821 4062 utrum
1845 4010 1914 4064 de
1937 4010 2134 4066 anima

484 4094 739 4167 potuerit
791 4094 946 4150 dici:
1006 4097 1293 4149 Faciamus
1348 4096 1622 4150 hominem
1678 4097 1748 4151 ad
1802 4098 2127 4171 imaginem.

483 4183 592 4239 Sed
621 4184 849 4239 audiet
886 4183 1068 4250 istud,
1133 4183 1273 4254 quia
1329 4183 1528 4238 anima
1584 4185 1819 4241 nomine
1875 4186 2131 4244 hominis

481 4277 877 4344 nuncupatur.
912 4272 1209 4344 Scriptum
1245 4277 1335 4327 est
1384 4272 1539 4327 enim
1592 4274 1649 4327 in
1703 4274 1950 4331 Genesi:
2001 4278 2135 4332 Filii

480 4367 669 4432 autem
696 4361 889 4432 Ioseph
920 4362 1016 4431 qui
1040 4364 1181 4431 facti
1213 4366 1342 4415 sunt
1389 4364 1442 4416 ei
1490 4363 1551 4416 in
1606 4365 1858 4434 ﬂigi/pta,
1917 4368 2132 4423 anima?

479 4462 691 4503 novem.
750 4448 946 4504 Omnes
986 4465 1110 4519 ergo
1163 4452 1370 4505 anima:
1424 4466 1546 4520 quae
1600 4453 1949 4508 intraverunt
2004 4471 2125 4509 cum

2246 3313 2393 3368 opus
2423 3297 2544 3364 Dei,
2598 3315 2771 3371 grave
2825 3300 3045 3354 crimen
3075 3299 3354 3354 admittit.
3389 3299 3570 3356 Grave
3601 3304 3690 3355 est
3726 3300 3893 3357 enim

2245 3385 2465 3442 crimen
2500 3392 2562 3442 ut
2594 3392 2762 3460 putes
2792 3387 2946 3460 quod
2973 3386 3185 3444 melius
3215 3392 3273 3443 te
3294 3387 3469 3445 homo
3500 3405 3677 3460 quam
3736 3394 3894 3445 Deus

2246 3473 2462 3546 pingat.
2515 3476 2699 3533 Grave
2727 3481 2816 3532 est
2837 3480 2900 3531 ut
2930 3476 3087 3532 dicat
3114 3477 3184 3531 de
3213 3482 3269 3532 te
3302 3477 3455 3533 Deus
3481 3495 3493 3532 :
3527 3481 3650 3533 Non
3680 3495 3895 3551 agnos-

2246 3580 2311 3619 co
2342 3563 2562 3620 colores
2594 3582 2897 3632 meos,non
2929 3581 3181 3637 agnosco
3206 3564 3522 3637 imaginem
3553 3583 3891 3634 meam,non

2245 3670 2496 3726 agnosco
2527 3653 2750 3709 vultum
2785 3671 2958 3727 quem
3016 3654 3140 3726 ipse
3198 3654 3463 3719 formavi,
3523 3654 3720 3726 rejicio
3777 3672 3889 3728 ego

2245 3745 2401 3814 quod
2434 3759 2629 3798 meum
2658 3760 2774 3798 non
2806 3747 2910 3798 est.
2941 3742 3113 3798 Illum
3148 3759 3341 3815 quaere
3396 3743 3499 3815 qui
3558 3748 3614 3799 te
3655 3744 3846 3815 pinxit
3875 3761 3888 3799 :

2244 3848 2375 3888 cum
2407 3832 2503 3888 illo
2528 3832 2738 3888 habeto
2768 3832 3128 3888 consortium
3151 3850 3163 3887 :
3185 3832 3255 3888 ab
3280 3831 3379 3886 illo
3411 3847 3581 3887 sume
3610 3832 3889 3904 gratiam,

2243 3921 2333 3976 cui
2368 3921 2695 3977 mercedem
2726 3920 2956 3976 dedisti.
2990 3921 3135 3987 Quid
3169 3919 3549 3992 respondebis
3574 3920 3602 3974 ‘?

2314 4011 2400 4064 48.
2436 4010 2597 4073 Quod
2626 4010 2674 4065 si
2703 4026 2876 4081 grave
2904 4014 2994 4065 est
3023 4008 3353 4066 adulterare
3404 4024 3553 4080 opus
3586 4007 3710 4080 Dei,
3742 4010 3888 4081 quid

2241 4099 2312 4153 de
2343 4097 2457 4153 illis
2483 4099 2765 4166 dicemus,
2791 4098 2889 4169 qui
2922 4097 3285 4153 interficiunt
3314 4114 3460 4169 opus
3490 4097 3615 4165 Dei,
3648 4098 3749 4169 qui
3781 4098 3893 4154 hu-

2240 4203 2479 4242 manum
2510 4187 2854 4259 sanguinem
2884 4187 3158 4253 fundunt,
3191 4185 3291 4258 qui
3318 4186 3496 4241 vitam
3519 4203 3697 4259 quam
3728 4186 3889 4245 Deus

2240 4277 2493 4342 donavit,
2538 4280 2901 4346 extorquent,
2962 4274 3063 4346 qui
3110 4275 3351 4331 dicunt:
3412 4274 3719 4331 Tollamus
3774 4276 3890 4332 Ju-

2239 4370 2417 4430 stum,
2452 4364 2590 4435 quia
2620 4362 2847 4418 inutilis
2879 4368 2967 4419 est
2998 4363 3166 4419 nobis
3186 4364 3214 4418 ‘l
3240 4362 3401 4419 Unde
3461 4364 3608 4419 bene
3662 4362 3886 4419 lectum

2237 4458 2324 4508 est
2353 4452 2563 4507 hodie:
2605 4453 2796 4522 Vulpes
2834 4452 3015 4522 foveas
3071 4452 3289 4518 habent,
3348 4455 3398 4506 et
3458 4452 3702 4508 volucres
3757 4454 3889 4509 caeli

477 4536 639 4593 Iacob
714 4538 774 4591 in
858 4539 1152 4608 {Egi/ptum
1224 4542 1566 4610 septuaginta
1639 4543 1875 4612 quinque
1951 4543 2120 4614 (Gen.
2160 4554 2201 4618 υ
2236 4542 2391 4597 nidos
2420 4543 2518 4595 ubi
2567 4542 2945 4612 requiescant:
2999 4541 3175 4595 Filius
3230 4544 3418 4596 autem
3476 4542 3719 4597 hominis
3772 4557 3887 4598 non

475 4642 625 4693 XLVI,
658 4625 773 4697 27).
808 4626 876 4680 Et
907 4624 1094 4681 multo
1127 4628 1322 4698 aptius
1355 4627 1545 4682 anima
1580 4629 1663 4684 vel
1687 4630 1861 4685 homo
1894 4620 2117 4700 Latine,

476 4714 563 4771 vel
589 4714 781 4771 Graece
810 4724 1059 4788 ἅνθρωπος
1089 4716 1337 4781 d;citur;
1400 4716 1649 4773 alterum
1710 4720 1781 4773 ab
1842 4719 2117 4775 humani-

475 4807 615 4871 tate,
686 4804 931 4861 allerum
1010 4806 1081 4861 ab
1152 4806 1418 4862 intuendi
1498 4806 1719 4863 habens
1794 4808 2124 4875 vivacitate,

473 4910 600 4966 quae
634 4895 823 4966 magis
876 4895 1106 4963 animae,
1161 4913 1339 4967 quam
1389 4896 1614 4965 corpori
1658 4897 1963 4952 convenire
2009 4916 2121 4953 non

474 4983 721 5039 dubium
753 4988 859 5040 est.
905 4984 1006 5038 Cui
1068 4984 1146 5039 rei
1192 4985 1368 5039 etiam
1423 4983 1590 5039 illlud
1637 4987 1773 5056 jure
1831 4987 2124 5042 concurrit

473 5070 699 5127 dictum
732 5072 792 5127 in
823 5073 1073 5129 Threnis
1120 5074 1428 5128 Jeremiaa:
1493 5078 1673 5127 Bonus
1728 5078 1803 5128 est
1865 5077 2122 5130 Dominus

470 5163 867 5217 sustinentibus
899 5179 1041 5229 eum,
1075 5167 1284 5219 anima:
1330 5178 1453 5232 qua?
1499 5164 1697 5231 quierit
1747 5179 1869 5216 eum
1900 5164 2117 5235 (Thren.

472 5262 559 5315 ιιι,
591 5249 703 5319 23).
738 5249 817 5305 De
849 5250 1189 5305 hominibus
1222 5250 1384 5313 dixit,
1418 5254 1475 5304 et
1524 5249 1783 5304 animam
1844 5251 2119 5319 adjicien-

471 5337 607 5392 dam
641 5338 890 5409 putavit.
917 5337 1123 5394 Melius
1154 5339 1309 5394 enim
1343 5338 1550 5409 quaerit
1599 5337 1714 5393 ista
1762 5338 1809 5392 si
1858 5338 1981 5393 sola
2021 5340 2116 5406 sit,

469 5423 769 5479 abducens
831 5441 891 5479 se
947 5444 981 5481 a
1039 5429 1298 5499 corporis
1364 5445 1546 5494 coeno,
1609 5431 1665 5481 et
1721 5444 1755 5481 a
1802 5428 2119 5498 cupiditate

467 5511 707 5567 carnali.
769 5514 904 5584 Ipsa
957 5522 1047 5571 est
1104 5517 1175 5570 ad
1240 5517 1555 5589 imaginem
1622 5516 1718 5569 Dei
1802 5516 2119 5573 conformis

464 5598 695 5655 Domini
719 5603 888 5659 Josu.
923 5604 1029 5667 Qui
1062 5611 1255 5660 autem
1285 5606 1610 5661 conformes
1646 5604 1769 5660 Filii
1803 5605 2116 5673 Dei,sancti

2231 4632 2389 4686 habet
2453 4631 2547 4684 ubi
2601 4633 2765 4700 caput
2820 4644 2983 4684 suum
3038 4630 3263 4684 reclinet
3321 4629 3525 4701 (Matth.
3586 4646 3714 4699 vm,
3767 4632 3883 4700 20).

2230 4719 2449 4791 Vulpes
2480 4734 2615 4790 ergo
2647 4735 2707 4774 se
2747 4717 3055 4773 abscondit
3083 4717 3143 4772 in
3177 4718 3359 4787 fovea,
3389 4720 3510 4774 avis
3569 4735 3634 4775 se
3686 4723 3888 4775 tuetur

2235 4808 2294 4862 in
2327 4808 2465 4863 nido
2494 4823 2507 4864 :
2542 4807 2717 4862 homo
2749 4823 2863 4862 non
2895 4806 3277 4862 absconditur
3306 4806 3364 4861 in
3397 4807 3583 4875 fovea,
3627 4807 3730 4864 sed
3784 4808 3887 4863 de-

2234 4896 2466 4968 cipitur.
2506 4896 2689 4951 Fovea
2718 4911 2852 4951 vero
2886 4912 2953 4950 os
2983 4895 3241 4952 hominis
3273 4900 3381 4962 est,
3442 4896 3606 4953 fovea
3634 4896 3753 4953 alta
3782 4913 3887 4969 pe-

2234 4988 2361 5038 ctus
2393 4990 2479 5038 est
2510 4983 2790 5049 hominis,
2823 4983 2924 5038 ubi
2984 4989 3122 5040 sunt
3170 4985 3341 5041 noxia
3398 4988 3457 5040 et
3514 4984 3889 5042 fraudulenta

2233 5071 2495 5131 consilia.
2526 5071 2692 5127 mala:
2719 5072 3119 5145 cogitationes.
3147 5074 3230 5128 Tu
3265 5073 3556 5140 ambulas,
3613 5078 3673 5131 et
3728 5075 3886 5131 alius

2228 5160 2333 5215 tibi
2370 5164 2590 5216 foveam
2624 5169 2804 5232 parat.
2840 5162 2904 5215 In
2940 5162 3132 5218 medio
3208 5161 3553 5233 laqueorum
3584 5162 3883 5231 ambulas,

2231 5268 2379 5324 quos
2411 5251 2846 5306 absconderunt
2874 5249 2979 5305 tibi
3018 5250 3077 5306 in
3127 5250 3221 5306 via
3249 5251 3474 5308 inimici
3505 5252 3609 5308 tui.
3672 5252 3890 5310 Omnia

2230 5357 2365 5413 ergo
2395 5339 2799 5413 circumspice,
2834 5343 2900 5394 ut
2928 5340 3174 5413 effugias
3206 5342 3358 5396 sicut
3388 5340 3628 5398 damula
3648 5342 3722 5398 de
3751 5342 3888 5398 reti-

2229 5430 2424 5494 bus,et
2454 5429 2606 5485 sicut
2633 5430 2754 5485 avis
2785 5429 2855 5484 de
2886 5428 3113 5500 laqueo.
3147 5429 3397 5485 Damula
3428 5432 3575 5487 retia
3605 5437 3883 5503 aspectus

2225 5519 2531 5575 vivacitate
2562 5518 2817 5574 declinat
2844 5536 2857 5586 ;
2890 5518 3014 5574 avis
3044 5517 3264 5574 devitat
3293 5518 3557 5592 laqueos,
3589 5520 3636 5575 si
3669 5521 3744 5576 ad
3772 5537 3879 5577 su-

2228 5608 2456 5679 periora
2485 5625 2547 5664 se
2572 5608 2831 5663 conferat
2862 5611 2919 5663 et
2948 5612 3206 5681 terrena,
3234 5610 3581 5683 supervolet.
3643 5613 3710 5666 In
3771 5629 3879 5668 su-
