4084 6188
250 376 351 442 277

1487 376 2036 444 HEXAEMEROR
2078 377 2226 442 LIB.
2273 378 2374 444 VI.

3511 380 3630 445 278

250 512 556 586 perioribus
586 512 745 572 enim
771 530 942 573 nemo
967 513 1156 574 tendit
1178 513 1344 586 retia,
1368 516 1643 589 laqueum
1674 513 1874 570 nullus
1902 512 1959 579 Α
1989 512 2088 569 Dei
2120 530 2202 570 es.
2236 513 2532 587 Cognosce
2587 518 2664 586 te,
2724 513 2933 586 homo;
2995 512 3133 589 quia
3186 511 3373 591 gloria
3410 530 3473 574 es
3500 514 3630 576 Dei.

252 603 558 660 abscondit.
594 606 728 661 Ideo
755 608 925 678 cujus
956 607 1318 663 conversatio
1345 606 1402 661 in
1446 603 1718 678 supernis
1765 608 1874 670 est,

250 691 411 764 hujus
444 710 561 748 non
592 694 739 751 solet
769 695 829 750 in
880 697 1137 767 praedam
1194 696 1390 751 venire
1447 701 1708 767 captura.
1769 694 1878 748 Sed

250 782 371 853 quid
397 782 631 838 miraris
661 783 710 839 si
742 784 918 840 homo
958 787 1112 842 182
1162 784 1449 857 decipitur
1500 786 1571 840 ab
1620 782 1876 849 homine,

249 871 467 942 quando
496 870 680 927 Filius
704 872 963 929 hominis
993 874 1091 929 ubi
1124 874 1532 946 requiesceret,
1556 890 1671 927 non
1704 872 1877 927 habe-

246 958 378 1014 bat?
405 960 477 1014 Et
505 959 603 1016 ille
634 962 875 1033 quidem
904 963 1081 1019 talem
1112 963 1412 1019 hominem
1455 962 1608 1029 fecit,
1652 961 1711 1015 in
1761 976 1876 1032 quo

247 1052 406 1120 caput
431 1066 605 1104 suum
638 1050 967 1107 reclinaret.
996 1052 1108 1108 Sed
1140 1037 1524 1125 posteaquam
1556 1052 1613 1105 in
1649 1054 1877 1122 pectore

247 1140 430 1193 nostro
452 1155 567 1194 non
600 1140 828 1211 requies
857 1141 1105 1212 proximi
1134 1142 1307 1213 cmpit
1349 1157 1497 1207 esse,
1531 1140 1631 1194 sed
1681 1140 1875 1205 fovea;

244 1232 617 1299 posteaquam
676 1228 823 1283 alter
877 1229 1042 1285 alteri
1103 1238 1327 1285 nectere
1378 1228 1552 1301 coepit
1608 1227 1874 1295 insidias,

244 1332 405 1387 quem
428 1317 639 1386 juvare
667 1319 922 1385 deberet,
956 1322 1130 1391 caput
1156 1336 1329 1374 suum
1363 1317 1631 1373 Christus
1672 1315 1878 1371 avertit

243 1421 274 1459 a
300 1404 502 1460 nobis:
538 1406 638 1461 sed
672 1411 875 1478 postea
903 1411 1098 1463 tamen
1117 1407 1327 1463 maluit
1345 1406 1490 1461 illud
1514 1406 1685 1462 morti
1707 1405 1876 1460 offer-

241 1509 424 1565 repro
455 1494 627 1549 nobis
653 1496 786 1567 (83).
831 1495 959 1551 Noli
1018 1496 1199 1568 igitur
1253 1513 1381 1551 esse
1442 1493 1873 1558 fraudulentus,

240 1582 508 1653 crudelis,
538 1583 788 1640 immitis
814 1602 828 1652 ;
860 1589 927 1640 ut
955 1584 1013 1640 in
1042 1589 1097 1640 te
1128 1584 1394 1641 Christus
1425 1588 1601 1655 caput
1637 1581 1879 1638 reclinet

301 1672 387 1727 49.
421 1672 681 1744 Denique
711 1690 844 1729 cum
903 1673 1137 1730 fecisset
1175 1673 1429 1746 piscium
1462 1671 1709 1737 belluas,
1741 1688 1874 1727 cum

235 1760 464 1816 fecisset
493 1760 748 1817 ferarum
774 1779 987 1834 genera
1016 1766 1073 1818 et
1100 1762 1446 1827 bestiarum,
1487 1778 1603 1816 non
1653 1760 1877 1832 requie-

233 1849 337 1946 vit:
397 1849 685 1922 requievit
731 1856 925 1907 autem
981 1857 1362 1924 posteaquam
1432 1850 1732 1907 hominem
1800 1849 1873 1946 ad
1906 1880 1955 1946 B

233 1936 546 2010 imaginem
578 1954 744 1992 suam
777 1938 926 1994 fecit.
962 1940 1023 1994 In
1055 1956 1171 2010 quo
1221 1940 1547 2011 requiescat
1592 1938 1731 1993 audi
1783 1937 1872 1992 di-

232 2030 494 2081 centem:
527 2026 708 2098 Supra
750 2043 912 2099 quem
951 2030 1286 2100 requiescam
1341 2030 1457 2084 nisi
1487 2044 1652 2099 super
1689 2027 1872 2081 humi-

232 2114 330 2169 lem
358 2119 413 2170 et
440 2117 705 2187 quietum,
737 2120 787 2171 et
811 2120 1128 2173 trementem
1164 2117 1326 2173 verba
1380 2133 1501 2172 mea
1530 2118 1659 2186 (Isa.
1723 2132 1871 2181 var,

227 2203 327 2272 2)?
355 2204 498 2259 Esto
528 2221 662 2277 ergo
692 2204 957 2271 humilis,
990 2214 1046 2262 et
1075 2206 1330 2279 quietus,
1362 2210 1426 2261 ut
1473 2206 1533 2261 in
1574 2210 1676 2260 tuo
1718 2205 1873 2260 Deus

228 2291 557 2363 requiescat
605 2292 833 2349 affectu.
875 2296 982 2360 Qui
1016 2312 1132 2350 non
1190 2294 1475 2366 requievit
1529 2295 1588 2349 in
1647 2292 1870 2357 bestiis,

227 2380 411 2437 multo
443 2381 636 2453 magis
667 2399 780 2437 non
795 2384 1187 2454 requiescetin
1204 2389 1432 2455 pectore
1463 2381 1875 2439 bestiali.Sunt

226 2469 381 2526 enim
413 2470 599 2525 animi
634 2471 928 2539 bestiales,
963 2477 1103 2527 sunt
1150 2473 1283 2528 fera
1329 2473 1515 2528 forma
1563 2471 1870 2525 hominum

226 2558 465 2625 induta,
503 2560 573 2614 de
603 2560 818 2631 quibus
847 2561 991 2616 dicit
1036 2561 1357 2617 Dominus:
1404 2560 1674 2617 Attendite
1722 2560 1872 2615 vobis

224 2664 257 2701 a
304 2649 469 2719 falsis
525 2650 818 2720 prophetis,
880 2652 976 2721 qui
1028 2653 1255 2706 veniunt
1307 2650 1377 2704 ad
1428 2665 1517 2705 vos
1566 2652 1625 2703 in
1678 2649 1872 2703 vestitu

224 2739 433 2802 ovium,
493 2739 644 2793 intus
695 2742 879 2794 autem
935 2747 1063 2794 sunt
1112 2740 1231 2812 lupi
1275 2756 1499 2810 rapaces
1530 2738 1736 2809 (Matth.
1769 2754 1868 2803 vn,

226 2826 335 2897 15).
371 2827 435 2880 In
468 2825 564 2881 his
589 2842 725 2898 ergo
756 2844 871 2882 non
898 2828 1183 2900 requievit
1212 2828 1366 2884 Deus
1400 2846 1412 2883 :
1455 2828 1557 2882 sed
1590 2826 1875 2897 requievit

222 2912 285 2969 in
317 2914 590 2970 moribus
617 2914 916 2979 humanis,
941 2917 1095 2987 quod
1129 2915 1263 2971 fecit
1286 2922 1432 2972 Deus
1450 2916 1520 2970 ad
1554 2914 1869 2986 imaginem

225 3018 398 3059 suam
428 3008 486 3059 et
517 3003 991 3073 similitudinem,
1044 3005 1278 3077 quando
1331 3004 1465 3060 fecit
1521 3004 1710 3057 virum
1769 3001 1869 3072 qui

223 3108 337 3148 non
370 3092 546 3148 debet
568 3092 759 3148 velare
799 3098 974 3165 caput
1003 3110 1179 3148 suum
1210 3111 1222 3161 ;
1257 3093 1532 3166 quoniam
1569 3092 1760 3164 imago
1815 3096 1872 3146 et

223 3180 412 3253 gloria
440 3185 532 3236 est
557 3181 682 3236 Dei.
716 3182 902 3253 Hujus
953 3181 1058 3236 viri
1107 3182 1316 3238 animae
1364 3182 1540 3237 dicit:
1590 3183 1719 3236 Ecce
1748 3196 1864 3249 ego,

218 3250 545 3337 ierusalem,
622 3250 821 3343 pinxi“
861 3287 1051 3327 muros
1125 3278 1242 3326 tuos
1320 3271 1457 3341 (lsa.
1526 3288 1675 3340 κως,
1744 3268 1861 3340 16).
1895 3250 1937 3317 C

218 3357 348 3414 Non
404 3358 570 3425 dixit,
637 3360 799 3432 pinxi
878 3364 1140 3416 ventrem
1217 3364 1424 3416 tuum:
1503 3377 1621 3415 non
1699 3357 1864 3425 dixit,

222 3447 385 3518 pinxi
436 3447 716 3504 inferiora
772 3449 881 3521 (84)
939 3452 1078 3505 tua:
1141 3449 1242 3505 sed
1296 3449 1462 3514 dixit,
1519 3448 1679 3525 pinxi
1738 3465 1866 3503 mu-

140 3524 153 3535 ’
221 3552 319 3592 ros
377 3541 532 3604 tuos,
588 3537 782 3593 valida
839 3555 902 3594 se
958 3555 1226 3594 asserens
1285 3537 1511 3593 homini
1556 3524 1867 3593 murorum

218 3623 455 3681 dedisse
482 3626 754 3697 praesidia
780 3644 792 3680 :
821 3632 884 3683 ut
912 3626 962 3682 si
987 3625 1225 3699 pergivil
1259 3626 1588 3698 speculator
1627 3625 1687 3681 in
1737 3642 1869 3698 por-

219 3715 293 3768 tis
331 3713 430 3781 sit,
490 3714 815 3771 obsidionis
870 3715 1055 3787 possit
1112 3714 1444 3788 periculum
1503 3714 1868 3787 propulsare.

218 3800 368 3856 Dicit
396 3801 630 3874 itaque:
665 3804 790 3857 Non
822 3802 929 3859 tibi
953 3802 1284 3875 voluptates
1314 3803 1468 3868 dedi,
1511 3820 1627 3858 non
1674 3801 1873 3857 illece-

220 3889 357 3945 bras
415 3890 830 3961 cupiditatum,
888 3909 1003 3947 non
1058 3892 1352 3947 incentiva
1418 3891 1688 3959 luxuriae,
1758 3910 1873 3947 non

219 3978 394 4034 alieni
425 3980 653 4036 decoris
687 3981 1245 4054 concupiscentiam,
1277 3982 1376 4037 sed
1411 3982 1542 4038 dedi
1600 3982 1700 4038 tibi
1752 3984 1876 4037 fun-

221 4067 501 4123 damenta
530 4068 803 4136 muralia,
838 4069 968 4125 dedi
1001 4069 1107 4125 tibi
1152 4070 1403 4125 turrium
1453 4070 1680 4127 excelsa
1713 4072 1875 4127 fasti-

217 4157 333 4229 gia,
372 4158 432 4213 in
463 4157 684 4230 quibus
717 4160 1073 4215 constitutus
1099 4161 1419 4232 expugnari
1447 4162 1520 4216 ab
1561 4161 1730 4216 hoste
1761 4179 1875 4216 non

219 4250 475 4315 metuas,
509 4263 617 4302 nec
667 4247 1065 4320 ingruentium
1103 4248 1402 4322 legionum
1434 4250 1718 4306 terribilia
1746 4250 1881 4305 licet

216 4337 589 4391 tentamenta
620 4335 922 4393 formides.
954 4337 1215 4409 Denique
1246 4338 1427 4393 habes
1457 4338 1517 4392 in
1543 4339 1716 4404 Isaia,
1742 4339 1881 4411 quia

208 4420 367 4490 justi
401 4422 605 4479 anime
637 4424 908 4493 dicityvel
938 4425 1194 4482 Ecclesia
1220 4444 1232 4482 :
1264 4429 1374 4496 Ego
1402 4429 1597 4483 civitas
1636 4430 1879 4498 munita,

212 4524 311 4581 ego
338 4513 539 4568 civitas
566 4512 776 4569 obsessa
807 4515 932 4586 (Isa.
964 4532 1140 4583 xxvn,
1174 4516 1285 4587 40),
1312 4517 1540 4571 munita
1568 4534 1671 4587 per
1688 4517 1881 4573 Chris-

1986 602 2135 658 Audi
2165 605 2459 675 quomodo
2491 603 2695 677 gloria.
2727 605 3016 678 Propheta
3045 607 3183 663 dicit
3204 607 3335 679 (85),
3359 607 3631 663 Mirabilis

1985 694 2132 765 facta
2161 702 2241 749 est
2268 696 2505 763 cognitio
2537 698 2629 749 tua
2654 712 2727 750 ea:
2758 712 2843 750 me
2873 697 3045 763 (Psal.
3087 710 3355 763 CXXXVIII,
3404 697 3479 768 6),
3523 696 3633 753 hoc

1986 787 2093 848 est,
2128 784 2185 837 in
2220 800 2347 839 meo
2378 801 2548 856 opere
2570 790 2671 841 tua
2694 785 3015 842 mirabilior
3034 792 3123 843 est
3152 788 3303 842 facta
3330 787 3630 858 majestas,

1984 869 2045 924 in
2076 872 2319 927 consilio
2352 873 2607 929 hominis
2640 878 2743 929 tua
2772 875 3057 947 sapientia
3087 876 3450 948 praedicatur.
3478 875 3631 931 Dum

1986 976 2079 1015 me
2108 959 2358 1029 intueor,
2393 979 2567 1034 quem
2595 967 2659 1017 tu
2686 964 2746 1018 in
2777 964 2923 1035 ipsis
2954 965 3408 1037 cogitationibus
3437 963 3631 1021 occul-

1983 1048 2060 1104 tis
2120 1054 2175 1103 et
2223 1051 2474 1107 internis
2532 1052 2838 1107 affectibus
2904 1053 3314 1120 deprehendis,
3373 1053 3630 1109 scientia;

1983 1141 2099 1193 tua;
2129 1155 2380 1211 agnosco
2415 1141 2710 1213 mysteria.
2746 1142 3035 1213 Cognosce
3066 1158 3201 1215 ergo
3232 1145 3307 1209 te,
3349 1159 3381 1197 o
3430 1142 3626 1210 homo,

1985 1233 2244 1298 quantus
2276 1228 2378 1295 sis,
2412 1234 2467 1284 et
2496 1230 2731 1285 attende
2786 1230 2889 1284 tibi
2922 1248 2936 1297 ;
2997 1247 3069 1285 ne
3124 1231 3356 1302 quando
3402 1230 3630 1302 laqueis

1984 1314 2322 1387 implicatus
2353 1317 2569 1373 diaboli
2601 1319 2708 1373 ﬁas
2739 1318 2935 1390 praada
2992 1319 3297 1385 venantis;
3355 1336 3429 1374 ne
3484 1320 3630 1374 forte

1985 1403 2044 1458 in
2080 1405 2275 1460 fauces
2328 1407 2462 1461 tetri
2517 1406 2675 1461 illius
2735 1405 2922 1462 leonis
2980 1406 3267 1473 incurras,
3331 1407 3432 1479 qui
3472 1408 3625 1464 183

1985 1494 2142 1564 rugit
2170 1494 2235 1548 et‘
2269 1494 2475 1550 circuit
2523 1511 2788 1566 quaerens
2845 1511 3021 1567 quem
3081 1496 3331 1551 devoret.
3380 1497 3628 1553 Attende

1985 1581 2111 1649 tibi,
2147 1587 2211 1637 ut
2240 1584 2573 1639 consideres
2605 1584 2745 1655 quid
2780 1584 2838 1638 in
2889 1587 2945 1639 te
2996 1583 3195 1652 intret,
3258 1584 3399 1657 quid
3453 1601 3522 1640 ex
3572 1589 3629 1641 te

1985 1676 2166 1727 exeat.
2201 1673 2324 1728 Non
2358 1674 2430 1729 de
2460 1673 2587 1728 cibo
2621 1673 2769 1743 dico,
2804 1673 2904 1745 qui
2944 1673 3291 1729 absorbetur
3335 1677 3392 1730 et
3443 1672 3630 1747 egeri-

1984 1765 2100 1829 tur,
2135 1761 2237 1817 sed
2266 1762 2337 1817 de
2368 1762 2715 1834 cogitatione
2750 1762 2900 1827 dico,
2955 1763 3025 1817 de
3084 1779 3352 1819 sermone
3408 1779 3628 1819 assero.

1987 1850 2113 1905 Non
2146 1851 2205 1905 in
2236 1855 2291 1906 te
2325 1851 2503 1907 intret
2549 1851 2724 1906 alieni
2770 1852 2923 1907 thori
2971 1849 3462 1923 concupiscentia,
3514 1868 3630 1907 non

1985 1937 2203 2011 irrepat
2233 1940 2292 1995 in
2324 1944 2487 1995 tuam
2522 1944 2797 2008 mentem,
2840 1958 2954 1996 non
3008 1940 3196 2012 rapiat
3243 1940 3447 1996 oculus
3492 1945 3633 1997 tuus

1986 2029 2345 2085 transeuntis
2381 2029 2611 2085 feminae
2661 2029 3185 2101 pulchritudinem,
3223 2029 3459 2085 animus
3509 2047 3627 2086 non

1984 2116 2267 2183 includat,
2301 2135 2417 2174 non
2444 2135 2634 2174 sermo
2655 2122 2795 2175 tuus
2811 2123 3307 2174 tentamentorum
3326 2118 3631 2174 machinas

1985 2206 2391 2273 nectat,nonin
2425 2207 2559 2263 dolo
2589 2208 2814 2279 prodat,
2833 2224 2948 2263 non
2981 2206 3263 2262 maledico
3295 2205 3628 2279 proximum

1984 2300 2253 2368 aspergat
2283 2296 2615 2368 opprobrio.
2669 2296 3009 2351 Venatorem
3042 2302 3098 2352 te
3128 2296 3262 2351 fecit
3300 2296 3476 2361 Deus,
3510 2313 3625 2353 non

1982 2391 2458 2456 expugnatorem,
2494 2385 2593 2455 qui
2622 2384 2801 2439 dixit:
2836 2386 2971 2440 Ecce
2999 2401 3100 2453 ego
3142 2386 3298 2441 mitto
3339 2389 3630 2441 venatores

1980 2473 2184 2526 multos
2209 2474 2427 2543 (Jerem.
2462 2490 2580 2538 xvx,
2613 2473 2740 2543 16):
2798 2476 3106 2528 venatores
3165 2489 3281 2528 non
3337 2472 3624 2543 criminis,

1982 2562 2082 2616 sed
2116 2560 2537 2628 absolutionis;
2573 2565 2874 2616 venatores
2906 2578 3020 2616 non
3053 2560 3235 2632 culpae
3268 2561 3490 2633 utique,
3522 2563 3625 2619 sed

1982 2649 2469 2722 grati&.Piscator
2490 2648 2701 2705 Christi
2733 2648 2949 2715 est,cui
2981 2649 3227 2706 dicitur:
3270 2651 3469 2706 Amodo
3515 2653 3629 2706 eris

1980 2738 2227 2794 homines
2256 2738 2540 2808 viviﬁcans
2563 2738 2672 2809 (86)
2704 2739 2854 2807 (Luc,
2887 2756 2941 2805 ν,
2978 2738 3084 2808 10).
3123 2737 3214 2792 Sic
3271 2738 3435 2793 mitte
3480 2739 3628 2795 retia

1980 2832 2101 2895 tua,
2128 2828 2210 2882 sic
2243 2827 2411 2882 mitte
2432 2826 2632 2882 oculos
2653 2832 2804 2893 tuos,
2828 2826 2912 2882 sic
2935 2826 3100 2881 mitte
3123 2842 3423 2882 sermones
3451 2832 3584 2883 tuos
3608 2845 3622 2883 :

1979 2921 2045 2972 ut
2072 2916 2302 2972 nullum
2333 2917 2651 2989 opprimas,
2685 2916 2785 2970 sed
2832 2914 3043 2971 alleves
3098 2915 3469 2972 fluctuantes.
3525 2918 3624 2971 At-

1977 3005 2171 3075 tende,
2204 3006 2416 3077 inquit,
2476 3004 2582 3059 tibi
2642 3004 2833 3076 (Eccli.
2888 3020 3086 3071 xxvm,
3137 3004 3250 3072 30).
3282 3003 3377 3059 Sic
3408 3008 3520 3070 sta,
3552 3020 3625 3061 ne

1978 3095 2191 3149 cadas:
2225 3095 2309 3150 sic
2368 3110 2557 3161 curre,
2611 3097 2676 3148 ut
2727 3094 2799 3147 ad
2860 3092 3125 3148 bravium
3166 3092 3506 3164 pervenias:
3540 3092 3625 3149 sic

1981 3189 2156 3250 certa,
2190 3188 2255 3239 ut
2302 3200 2467 3256 szepm
2516 3183 2832 3250 decernas;
2878 3182 3017 3253 quia
3072 3181 3333 3254 legitimo
3380 3182 3626 3239 debetur

1977 3290 2191 3329 corona
2212 3271 2536 3328 certamini.
2568 3271 2757 3327 Milles
2787 3288 2870 3338 es,
2904 3271 3129 3327 hostem
3162 3270 3472 3344 diligenter
3525 3287 3621 3327 ex-

1977 3361 2178 3435 plora;
2204 3378 2273 3417 ne
2301 3362 2403 3416 tibi
2438 3365 2762 3417 nocturnus
2792 3360 3048 3433 irrepat:
3093 3360 3315 3415 athleta
3371 3377 3454 3429 es,
3503 3377 3622 3415 ma-

1978 3451 2154 3506 nibus
2212 3449 2542 3505 adversario
2602 3448 2837 3521 propior
2890 3453 3035 3515 esto,
3094 3465 3273 3520 quam
3312 3448 3515 3504 vultu:
3549 3465 3621 3504 ne

1979 3537 2212 3594 oculum
2240 3537 2407 3592 feriat
2436 3540 2626 3591 tuum.
2659 3536 2827 3591 Siber
2855 3537 3095 3592 obtutus
3128 3537 3224 3607 sit,
3257 3540 3500 3609 argutus
3532 3537 3621 3591 in-

1980 3643 2219 3694 cessus;
2253 3629 2316 3680 ut
2344 3624 2663 3680 irruentem
2693 3624 2979 3691 elfundas,
3012 3626 3312 3681 cedentem
3352 3642 3622 3699 occupes,

1978 3713 2193 3770 vulnus
2217 3713 2480 3786 vigilanti
2514 3718 2749 3784 aspectu
2783 3729 2972 3781 exeas,
2998 3713 3133 3769 forti
3188 3731 3503 3788 congressu
3538 3731 3626 3771 re-

1983 3802 2188 3877 pellas.
2232 3803 2395 3866 Quod
2452 3801 2502 3857 si
2561 3801 2741 3857 fueris
2799 3800 3164 3869 vulneratus,
3224 3805 3458 3860 attende
3501 3804 3631 3869 tibi,

1986 3909 2152 3948 curre
2183 3893 2255 3948 ad
2290 3892 2607 3958 medicum,
2654 3907 2849 3962 quaere
2881 3891 3208 3946 remedium
3257 3892 3633 3963 poenitentiae.

1984 3982 2233 4037 Attende
2264 3980 2367 4035 tibi
2399 3999 2411 4049 ;
2439 3980 2578 4052 quia
2608 3995 2843 4035 carnem
2877 3979 3078 4047 habes,
3105 3996 3231 4050 qua:
3253 3979 3366 4034 cito
3385 3978 3635 4034 labitur:

1986 4072 2181 4126 veniat
2212 4069 2315 4124 tibi
2348 4070 2539 4124 bonus
2572 4068 2905 4123 animarum
2951 4068 3213 4123 medicus
3257 4084 3448 4123 sermo
3492 4066 3640 4123 divi-

1989 4177 2126 4225 nus,
2160 4162 2432 4231 aspergat
2464 4157 2568 4212 tibi
2602 4155 2838 4211 oracula
2862 4156 3096 4212 Domini
3144 4161 3428 4228 tanquam
3460 4154 3643 4211 medi-

1989 4253 2263 4303 camenta
2295 4246 2575 4303 salubria.
2600 4245 2846 4300 Attende
2870 4245 2996 4309 tibi,
3026 4263 3096 4301 ne
3115 4245 3218 4300 ﬁat
3242 4245 3487 4300 verbum
3519 4244 3649 4300 abs-

1990 4338 2291 4392 conditum
2326 4337 2381 4390 in
2413 4336 2585 4390 corde
2614 4340 2713 4390 tuo
2744 4334 3018 4405 iniquum
3046 4349 3059 4388 :
3094 4333 3278 4405 serpit
3304 4331 3460 4389 enim
3492 4332 3649 4388 sicut

1988 4442 2304 4491 venenum,
2339 4430 2397 4479 et
2426 4422 2665 4478 lethalia
2696 4422 2871 4477 infert
2903 4421 3192 4495 contagia.
3218 4422 3468 4477 Attende
3504 4420 3644 4477 tibi:

1997 4532 2070 4570 ne
2101 4512 2465 4570 obliviscaris
2495 4512 2679 4567 Deum
2713 4511 2815 4582 qui
2848 4510 2982 4566 fecit
3023 4515 3104 4577 te,
3153 4528 3224 4567 ne
3256 4527 3469 4569 nomen
3519 4511 3649 4583 ejus

212 4602 367 4667 tum,
399 4601 647 4658 obsessa
678 4619 781 4674 per
811 4602 1135 4659 diabolum.
1179 4604 1291 4660 Sed
1339 4621 1454 4659 non
1505 4605 1677 4660 debet
1728 4606 1882 4661 obsi-
1918 4617 1967 4682 D
2001 4606 2059 4660 in
2090 4620 2305 4657 vanum
2338 4600 2615 4673 accipias.

210 4686 456 4745 dionem
479 4691 693 4756 vereri,
728 4691 822 4746 cui
854 4692 1130 4749 Christus
1182 4693 1418 4764 adjutor
1469 4699 1576 4750 est.
1622 4694 1887 4750 Munitur

207 4775 382 4831 enim
415 4778 611 4850 gratia
644 4778 907 4850 spiritali
941 4784 997 4836 et
1031 4780 1410 4835 saecularibus
1436 4782 1712 4853 periculis
1744 4783 1894 4838 obsi-

209 4863 405 4921 detur.
447 4865 612 4922 Unde
644 4871 702 4923 et
731 4867 802 4922 in
835 4868 1093 4923 Canticis
1124 4869 1305 4925 habes
1337 4869 1561 4925 dictum
1589 4889 1601 4926 :
1636 4873 1743 4941 Ego
1762 4888 1892 4926 mu-

212 4968 333 5020 rus,
370 4956 614 5010 etubera
644 4972 769 5012 mea
803 4965 985 5013 turres
1016 4958 1200 5030 (Cant.
1233 4976 1358 5025 VIII,
1392 4960 1501 5031 18).
1560 4960 1761 5015 Murus
1804 4966 1894 5016 est

212 5039 497 5112 Ecclesia,
522 5049 719 5100 turres
751 5047 886 5117 ejus
916 5051 1055 5102 sunt
1084 5048 1435 5114 sacerdotes,
1460 5049 1675 5120 quibus
1699 5050 1892 5105 abun-

213 5127 313 5184 dat
346 5133 496 5187 etde
528 5133 899 5190 naturalibus
926 5136 1194 5206 verbum,
1227 5140 1285 5191 et
1315 5136 1387 5192 de
1417 5137 1742 5194 moralibus
1791 5139 1893 5193 di-

214 5218 389 5289 scipli
411 5237 508 5276 na.

282 5307 378 5361 50.
412 5309 725 5382 Cognosce
752 5326 890 5384 ergo
914 5316 992 5381 te,
1019 5312 1227 5369 decora
1257 5314 1455 5369 anima
1480 5332 1493 5382 ;
1529 5315 1669 5386 quia
1700 5315 1893 5387 imago

302 5477 425 5547 (83)
456 5478 521 5533 In
573 5479 714 5535 edit.
778 5482 964 5538 Paris.
1019 5484 1157 5538 1614
1213 5488 1268 5539 et
1318 5485 1456 5539 1632
1508 5485 1745 5550 desunt,
1804 5485 1897 5539 sed

222 5553 631 5628 Positfq‘tqmen
660 5553 861 5609 maluit
882 5554 1025 5609 illud
1056 5556 1222 5610 morti
1254 5557 1453 5627 oﬂ‘erre
1477 5572 1578 5628 pro
1608 5558 1784 5611 nobis.

314 5621 434 5763 (84)
468 5619 740 5695 Quinque
771 5642 938 5691 mss.,
969 5628 1239 5682 interiora
1267 5619 1380 5681 tua.

336 5691 428 5763 85)
463 5691 607 5751 Mss.
640 5700 834 5763 Carm,
867 5696 999 5763 Tb.,
1032 5698 1197 5763 Begu,
1228 5697 1380 5755 Colb.

336 5691 428 5766 85)
463 5691 607 5751 Mss.
640 5691 834 5766 Carm,
867 5696 999 5767 Tb.,
1032 5698 1197 5772 Reg.,
1228 5697 1389 5755 Colb.
1419 5701 1476 5754 et
1522 5697 1689 5755 Corb.
1735 5702 1899 5755 vetus

2070 4693 2160 4748 51.
2184 4691 2431 4748 Attende
2463 4690 2591 4756 tibi,
2616 4688 2707 4744 lex
2733 4688 2893 4755 dicit,
2920 4705 2990 4744 ne
3011 4705 3146 4745 cum
3178 4687 3644 4754 manducaveris,

2001 4787 2055 4838 et
2086 4781 2333 4837 satiatus
2355 4778 2556 4844 fueris,
2581 4781 2635 4833 et
2663 4778 2870 4834 domos
2891 4778 3287 4844 aidiﬁcaveris,
3311 4780 3368 4832 et
3387 4774 3650 4831 habitare

2003 4871 2265 4942 cccperis,
2300 4873 2357 4924 et
2386 4867 2696 4940 pecoribus
2728 4867 2849 4922 tuis
2879 4866 3137 4938 repletus
3164 4864 3364 4932 fueris,
3398 4867 3455 4918 et
3501 4878 3643 4917 auro

2003 4965 2058 5016 et
2089 4963 2326 5030 argento
2354 4956 2766 5023 abundaveris,
2789 4961 2845 5011 et
2866 4956 3139 5011 omnibus
3164 4965 3525 5025 quaecunque
3538 4951 3647 5007 tibi

2003 5047 2240 5113 fuerint,
2269 5045 2329 5101 in
2364 5044 2740 5100 multitudine
2771 5044 2985 5100 exaltes
3015 5048 3071 5097 te
3102 5041 3293 5109 corde,
3343 5044 3400 5095 et
3444 5037 3646 5094 oblivi-

2004 5135 2186 5192 scaris
2240 5135 2558 5190 Dominum
2611 5138 2795 5188 Deum
2852 5136 3019 5187 tuum
3069 5132 3249 5202 (Deut.
3283 5145 3405 5196 VIII,
3438 5128 3648 5198 10-14).

2003 5225 2150 5289 Quid
2183 5224 2340 5280 enim
2373 5223 2573 5287 habes,
2632 5239 2664 5277 o
2723 5222 2916 5289 homo,
2976 5220 3133 5290 quod
3182 5234 3298 5274 non
3329 5212 3644 5289 accepisti?

2003 5316 2206 5370 Nonne
2295 5313 2417 5368 haec
2499 5310 2697 5366 omnia
2763 5310 2915 5365 sicut
2981 5308 3192 5364 umbra
3254 5307 3648 5381 praetereunt?

2004 5484 2149 5541 Audi
2176 5481 2441 5555 quomoda
2471 5479 2718 5550 glorians
2748 5476 3018 5555 Prop/leta
3045 5476 3211 5555 dicat.

2080 5547 2499 5627 (86)'Quatuor:
2516 5567 2716 5627 mss,
2745 5547 2993 5604 horriines
3051 5550 3271 5621 capiens
3292 5568 3311 5612 .·
3364 5552 3429 5605 ut
3474 5547 3649 5604 etiam

2006 5620 2205 5699 supra,
2237 5624 2274 5678 l.
2307 5641 2360 5691 ν,
2389 5639 2437 5677 c.
2470 5622 2525 5688 6,
2560 5638 2617 5676 n.
2654 5620 2742 5675 16.
