4158 6168
444 310 571 378 2'19

1896 307 1970 374 S.
2015 308 2395 374 AMBROSII

3733 308 3855 373 289

442 449 648 527 Nonne
681 445 1019 506 domus'tua
1048 447 1169 505 haec
1201 446 1389 521 pulvis
1419 446 1595 503 est‘et
1629 444 1863 516 ruina’?§
1886 446 2091 501 Nonne
2123 445 2179 513 Α
2209 443 2436 517 quaerit,
2468 448 2523 500 et
2553 441 2872 517 non”capit.
2913 441 3208 517 O-quanto
3257 443 3316 500 te
3370 439 3470 499 ille
3526 439 3855 515 beatiorem

446 539 569 597 haec
600 540 799 596 omnia
828 539 975 595 falsa
1004 540 1118 611 (87)
1139 539 1166 593 ἱ)
1194 538 1393 593 Nonne
1425 536 1624 593 seaculi
1656 537 1837 607 hujus
1865 538 2093 592 thesau-

447 646 551 686 rus
578 629 810 685 vanitas
840 636 928 685 est
948 630 974 684 ?
1006 631 1206 685 Nonne
1238 631 1301 681 tu
1335 627 1456 696 ipse
1488 642 1550 681 es
1602 626 1751 681 cinis
1772 627 1799 680 ‘?
1856 625 2097 697 Respice

449 717 510 773 in
540 716 812 791 sepulcra
837 718 1166 781 hominum,
1202 720 1259 770 et
1288 715 1417 770 vide
1448 715 1588 787 quid
1620 732 1689 769 ex
1717 719 1773 768 te
1806 714 1916 768 nisi
1950 714 2098 769 cinis

449 811 513 864 et
536 824 675 864 ossa
704 808 1110 873 remanebunt,
1148 804 1256 859 hoc
1290 809 1397 869 est,
1430 821 1499 859 ex
1530 820 1769 875 corpore
1800 808 1938 857 tuo:
1972 818 2096 857 res-

452 896 601 969 pice,
663 898 925 967 inquam,
977 898 1034 948 et
1092 893 1184 947 dic
1242 892 1385 947 mihi
1446 893 1581 964 quis
1639 892 1719 946 ibi
1749 892 1929 959 dives,
1964 892 2097 962 quis

450 1002 670 1056 pauper
690 984 814 1039 sit?
844 983 1122 1037 Discerne
1156 982 1359 1054 inopes
1380 998 1444 1037 ac
1482 986 1765 1053 potentes.
1795 981 1946 1036 Nudi
1979 997 2101 1035 om—

450 1090 555 1129 nes
586 1071 905 1140 nascimur,
927 1072 1068 1126 nudi
1096 1071 1401 1126 morimur.
1434 1070 1608 1125 Nulla
1641 1069 1913 1126 discretio
1946 1070 2099 1124 inter

450 1162 729 1218 cadavera
760 1165 1129 1215 mortuorum
1156 1181 1174 1227 ;
1206 1160 1320 1215 nisi
1352 1160 1499 1215 forte
1531 1160 1685 1231 quod
1731 1159 1964 1230 gravius
1996 1159 2096 1213 foe-

450 1254 575 1306 tent
603 1249 850 1304 divitum
884 1266 1125 1318 corpora
1154 1248 1409 1304 distenta
1441 1247 1686 1302 luxurie.
1725 1250 1903 1312 Quem
1940 1246 2099 1301 audi-

451 1340 526 1396 sti
590 1354 906 1412 pauperem
961 1338 1246 1395 cruditate
1295 1336 1685 1393 defunctum?
1741 1337 1983 1392 Prodest
2013 1334 2094 1389 illi

454 1427 654 1501 inopia
684 1444 823 1496 sua;
856 1432 1081 1482 exercet
1112 1444 1345 1500 corpus,
1378 1444 1492 1481 non
1526 1425 1822 1499 opprimit.
1857 1426 1971 1481 Nec
1994 1428 2097 1480 ’ta-

453 1534 587 1573 men
618 1515 955 1573 audivimus
977 1517 1211 1586 justum
1239 1515 1604 1579 derelictum,
1637 1519 1694 1570 et
1720 1531 1920 1570 semen
1967 1514 2097 1584 ejus

454 1622 718 1678 quaerens
765 1620 1017 1676 panem;
1064 1604 1340 1676 quoniam
1392 1603 1494 1675 qui
1532 1605 1679 1659 bene
1727 1606 2000 1675 operatur
2039 1602 2096 1655 in

455 1700 612 1752 terra
638 1711 767 1759 sua,
809 1693 1071 1749 abundat
1114 1691 1431 1747 alimentis.
1487 1692 1738 1748 Attende
1783 1708 1919 1763 ergo
1969 1690 2096 1756 tibi,

453 1783 650 1851 dives;
682 1783 821 1853 quia
841 1786 898 1838 et
927 1786 990 1837 tu
1024 1798 1257 1837 carnem
1287 1788 1485 1854 portas
1506 1782 1661 1837 sicut
1688 1796 1927 1853 pauper.

526 1873 683 1928 134
702 1872 792 1926 52.
835 1870 1081 1925 Attende
1111 1870 1239 1937 tibi,
1288 1886 1535 1942 pauper;
1589 1868 1728 1941 quia
1766 1869 1964 1924 anima
1994 1871 2097 1924 tua

454 1960 709 2034 pretiosa
731 1962 854 2027 est;
879 1964 935 2014 et
965 1958 1014 2014 si
1045 1975 1176 2013 caro
1208 1958 1492 2025 mortalis,
1545 1958 1824 2012 diuturna
1870 1957 2092 2012 anima:

455 2053 512 2106 et
541 2049 591 2105 si
621 2049 728 2104 tibi
760 2049 923 2103 deest
952 2047 1216 2119 pecunia,
1238 2064 1354 2102 non
1390 2048 1551 2102 deest
1571 2047 1795 2119 gratia;
1824 2050 1880 2100 et
1909 2047 1957 2100 si
1982 2062 2097 2101 non

456 2143 543 2196 est
570 2139 781 2194 domus
831 2135 1046 2208 ampla,
1095 2153 1210 2191 non
1261 2136 1475 2191 diffusa
1526 2134 1840 2206 possessio,
1890 2134 2099 2188 cmlum

455 2231 632 2300 patet,
667 2231 821 2282 terra
852 2226 1035 2282 libera
1064 2230 1171 2281 est.
1200 2225 1489 2281 Omnibus
1520 2224 1580 2278 in
1630 2240 1939 2279 commune
1986 2225 2098 2278 ele-

458 2319 658 2372 menta
686 2316 902 2371 donata
931 2319 1091 2388 sunt,
1142 2319 1345 2386 patent
1389 2330 1550 2384 mque
1599 2313 1875 2367 divitibus
1923 2317 2101 2383 atque

458 2402 819 2478 pauperibus
850 2406 1194 2459 ornamenta
1210 2400 1743 2472 mundi.Numquid
1767 2399 2103 2472 pulchriora

454 2492 1018 2567 pretiosissimarum
1049 2492 1355 2546 domorum
1376 2494 1580 2545 aurata
1600 2489 2102 2560 laquearia,quam

461 2581 589 2639 caeli
620 2581 797 2637 facies
824 2580 1009 2635 stellis
1040 2579 1325 2652 insignita
1370 2577 1730 2651 fulgentibus
1752 2579 1779 2632 ‘2
1807 2578 2103 2650 Numquid

462 2671 671 2728 latiora
687 2669 932 2725 divitum
957 2686 1113 2735 rura,
1145 2686 1321 2740 quam
1354 2668 1545 2739 spatia
1575 2674 1861 2723 terrarum
1883 2667 1910 2721 ?
1946 2666 2107 2721 Unde

460 2761 534 2831 ad
562 2777 661 2817 eos
692 2758 791 2831 qui
824 2758 1066 2813 domum
1098 2758 1170 2813 ad
1220 2758 1484 2823 domum,
1518 2760 1575 2811 et
1630 2755 1829 2810 villam
1882 2756 1953 2810 ad
2006 2755 2107 2809 vil-

466 2830 584 2907 lam
612 2830 896 2921 jungunt,
926 2846 1145 2902 dictum
1170 2851 1295 2901 est:
1328 2844 1600 2914 Numquid
1631 2845 1735 2897 soli
1789 2843 2108 2898 habitabitis

465 2953 630 3009 super
659 2936 1014 3005 terram(lsa.
1033 2951 1086 3000 v,
1108 2934 1203 3006 8)?
1236 2934 1512 3004 Majorem
1545 2932 1782 2987 domum
1807 2936 1867 2985 tu
1895 2932 2106 2986 habes:

470 3040 710 3099 pauper,
744 3023 803 3078 in
835 3039 951 3094 qua
983 3022 1204 3077 clamas
1234 3026 1289 3075 et
1328 3021 1646 3076 exaudiris:
1689 3020 1727 3075 0
1783 3020 1971 3085 Israel,
2024 3018 2109 3073 in-

468 3113 598 3187 quit
626 3111 929 3186 propheta,
974 3128 1136 3183 quam
1178 3127 1380 3179 magna
1412 3114 1492 3164 est
1538 3109 1729 3164 domus
1783 3111 1897 3179 Dei,
1944 3113 1993 3164 et
2024 3111 2111 3163 in-

2128 1814 2176 1878 B

2200 533 2428 605 judicat
2456 533 2706 605 vigilans
2739 532 3172 605 quiescentem!
3208 530 3357 588 Illud
3393 535 3675 604 praetereo
3715 531 3851 605 (88),

2208 624 2363 694 quod
2398 622 2580 678 multo
2613 629 2701 677 est
2729 622 3138 694 praestantius;
3172 619 3452 693 quoniam
3494 622 3701 692 justus
3748 625 3853 693 qui

2207 710 2300 765 hic
2322 711 2568 782 eguerit,
2591 710 2708 766 illic
2730 711 3082 778 abundavit;
3106 715 3165 767 et
3193 710 3291 781 qui
3313 709 3405 765 hic
3425 708 3685 765 laborem
3716 707 3854 766 tole-

2208 800 2439 868 raverit,
2464 798 2582 855 illic
2599 799 3056 856 consolationem
3080 799 3318 855 habebit
3341 814 3354 854 :
3377 798 3482 870 qui
3531 802 3729 853 autem
3758 798 3856 855 hic

2208 890 2487 961 receperit
2517 889 2687 955 bona,
2712 888 2832 944 illic
2863 889 3190 944 mercedem
3222 903 3425 943 eorum
3459 903 3695 959 sperare
3728 904 3845 944 non

2206 979 2438 1050 poterit.
2462 982 2781 1050 Paupertas
2811 977 2966 1033 enim
3001 976 3326 1033 mercedem
3358 992 3528 1033 suam
3568 980 3849 1047 reservat,

2207 1083 2420 1123 census
2452 1068 2730 1123 absumit.

2276 1157 2365 1209 53.
2398 1156 2646 1211 Attende
2702 1172 2838 1229 ergo
2894 1156 3022 1225 tibi,
3080 1173 3321 1230 pauper,
3355 1156 3609 1223 attende,
3643 1155 3847 1225 dives;

2208 1243 2347 1316 quia
2376 1248 2434 1299 et
2464 1244 2525 1299 in
2554 1249 2894 1317 paupertate
2926 1248 2983 1300 et
3013 1243 3232 1300 divitiis
3282 1248 3642 1300 tentamenta
3686 1249 3847 1301 sunt.

2209 1333 2459 1405 Ideoque
2489 1333 2731 1405 Sapiens
2763 1334 2938 1389 dicit:
2983 1335 3217 1389 Divitias
3260 1339 3314 1389 et
3356 1336 3738 1405 paupertatem
3781 1350 3852 1390 ne

2208 1421 2418 1477 dederis
2445 1422 2588 1478 mihi
2617 1424 2798 1494 (Prov.
2830 1440 2963 1489 xxx,
2990 1423 3067 1492 8).
3122 1423 3191 1478 Et
3243 1439 3359 1494 qua
3407 1422 3632 1478 ratione
3669 1422 3857 1495 petie-

2209 1510 2283 1564 rit
2313 1509 2421 1571 hoc
2452 1510 2622 1578 dicit;
2656 1511 2800 1566 satis
2831 1515 2921 1566 est
2949 1510 3108 1567 enim
3157 1510 3379 1566 homini
3430 1510 3644 1572 habere
3693 1511 3852 1584 quod

2209 1598 2322 1654 sibi
2356 1599 2594 1654 sufﬁcit.
2646 1599 2791 1663 Quia
2842 1599 3054 1654 divitiae
3104 1603 3171 1655 ut
3208 1598 3396 1671 epulis
3442 1604 3728 1671 ventrem,
3770 1600 3855 1655 ita

2209 1687 2473 1742 animum
2497 1687 2653 1743 curis
2675 1687 3289 1760 sollicitudinibusque
3310 1687 3673 1744 distendunt.
3697 1689 3859 1745 Ideo-

2211 1792 2323 1848 que
2355 1776 2502 1848 petit
2530 1776 2810 1832 constitui
2841 1776 2954 1833 sibi
2982 1794 3111 1849 quae
3131 1794 3282 1851 opus
3313 1781 3450 1834 sunt
3478 1780 3537 1833 et
3564 1776 3859 1835 sufﬁcien-

2206 1865 2321 1920 tia:
2357 1867 2433 1922 Ne
2472 1867 2730 1937 repletus,
2781 1866 2996 1939 inquit,
3042 1867 3283 1922 mendax
3336 1869 3487 1939 ﬁam,
3536 1872 3589 1923 et
3626 1867 3858 1923 dicam:

2210 1954 2342 2021 Quis
2370 1970 2458 2009 me
2485 1954 2679 2010 videt?
2709 1956 2810 2011 Aut
2859 1957 3040 2027 factus
3078 1972 3298 2029 pauper
3352 1959 3569 2028 furtum
3622 1958 3853 2028 faciam,

2207 2046 2260 2096 et
2279 2042 2466 2112 jurem
2495 2044 2714 2098 nomine
2736 2044 2953 2098 Domini
2978 2042 3091 2116 (89)
3123 2043 3283 2110 (Ibid.
3315 2043 3392 2111 9).
3424 2042 3721 2115 Fugienda
3749 2043 3862 2116 igis

2208 2134 2306 2184 tur
2334 2134 2391 2186 et
2422 2131 2679 2187 cavenda
2707 2135 2848 2187 sunt
2894 2135 3257 2187 tentamenta
3294 2131 3537 2199 mundi;
3590 2146 3661 2188 ne
3708 2148 3858 2204 pau-

2211 2236 2314 2289 per
2341 2220 2629 2291 desperet,
2664 2237 2733 2276 ne
2755 2219 3002 2292 opulens
3034 2219 3367 2276 insolescat.
3418 2216 3714 2293 Scriptum
3764 2224 3863 2275 est

2211 2307 2408 2363 enim:
2442 2309 2587 2365 Cum
2621 2307 2910 2380 expuleris
2932 2312 3157 2381 gentes,
3181 2314 3237 2364 et
3266 2308 3511 2381 coeperis
3560 2308 3644 2364 uti
3681 2309 3858 2365 terris

2211 2413 2436 2464 eorum,
2473 2414 2544 2453 ne
2575 2398 2767 2454 dicas:
2801 2398 3002 2453 Virtus
3033 2414 3165 2454 mea
3194 2402 3251 2454 et
3281 2414 3494 2453 manus
3532 2397 3662 2455 mea
3700 2397 3858 2454 hanc

2216 2487 2361 2542 mihi
2394 2488 2824 2558 possessionem
2857 2487 3084 2558 paravit
3113 2488 3295 2559 (Deut.
3325 2504 3447 2554 vm,
3482 2487 3594 2556 l7).
3637 2487 3724 2543 Sic
3763 2490 3864 2543 est

2216 2577 2315 2648 qui
2350 2592 2489 2647 opes
2520 2593 2658 2631 suas
2690 2574 2897 2631 merito
2946 2575 3189 2631 ascribit
3235 2592 3362 2631 suo.
3412 2576 3485 2630 Et
3529 2575 3652 2630 ideo
3680 2575 3860 2646 quasi

2217 2666 2497 2736 probatus
2548 2664 2848 2736 proprium
2898 2681 3014 2720 non
3065 2665 3332 2737 agnoscit
3402 2679 3693 2720 errorem:
3752 2665 3867 2720 sed

2216 2751 2388 2824 longo
2420 2751 2599 2807 trahit
2627 2752 2765 2808 fune
2798 2752 2949 2809 185
3000 2756 3324 2825 peccatum.
3370 2752 3519 2808 Nam
3566 2752 3617 2807 si
3663 2752 3872 2808 credat

2220 2841 2375 2914 quod
2415 2842 2670 2896 accessio
2725 2841 2983 2913 pecuniae
3038 2845 3139 2897 aut
3194 2841 3417 2897 fortuiti
3474 2844 3712 2897 eventus
3756 2847 3869 2897 aut

2218 2930 2407 3002 turpis
2437 2931 2662 2985 astutiae
2693 2931 2791 2997 sit,
2822 2948 2937 2987 non
2987 2931 3164 2987 habet
3207 2928 3399 2986 locum
3451 2929 3765 2987 insolentia
3796 2930 3864 2986 in

2221 3018 2438 3090 quibus
2468 3023 2569 3073 aut
2600 3018 2764 3074 nulla
2792 3018 2942 3085 laus,
2972 3023 3030 3074 et
3058 3018 3252 3074 inanis
3280 3018 3468 3087 labor,
3500 3023 3602 3075 aut
3637 3017 3871 3090 cupidi-

2223 3112 2313 3162 tas
2345 3107 2736 3163 inverecunda
2766 3108 2843 3163 sit
2868 3109 3107 3165 modum
3144 3106 3411 3164 nesciens
3453 3123 3665 3179 ponere
3701 3105 3869 3162 volu-

472 3181 607 3274 pens
626 3181 778 3258 iocus
802 3181 1154 3274 possessionis
1204 3200 1363 3271 ejus!
1417 3204 1652 3267 Magn-us
1698 3202 1749 3252 et
1783 3216 1890 3255 non
1948 3198 2113 3253 habet
2144 3181 2185 3247 C
2226 3196 2390 3269 ptati.

472 3293 657 3360 ﬁnem,
689 3287 1483 3360 altusetimme-nsuswaruc.
1544 3304 1626 3353 111,
1687 3289 1777 3353 24,
1830 3288 1941 3358 25).
2006 3288 2110 3341 Do-

470 3397 606 3437 mus
634 3379 737 3435 Dei
769 3378 930 3433 diviti
964 3382 1052 3432 est
1079 3376 1433 3439 communis,
1467 3379 1523 3430 et
1562 3376 1801 3447 pauperi
1829 3394 1842 3443 ;
1876 3375 2113 3430 difﬁcile

470 3472 560 3525 est
584 3472 783 3523 tamen
822 3466 1061 3521 divitem
1118 3464 1334 3519 intrare
1388 3463 1446 3517 in
1507 3480 1751 3535 regnum
1811 3464 2109 3519 oculorum.

470 3557 583 3613 Sed
614 3556 760 3611 forte
791 3554 973 3621 doles,
1016 3553 1170 3625 quod
1226 3552 1454 3608 nullum
1500 3552 1604 3606 tibi
1655 3558 1995 3609 auratorum
2028 3553 2112 3626 ly-

468 3645 754 3702 chnorum
809 3643 1008 3699 lumen
1058 3642 1379 3714 refulgent;
1431 3642 1530 3697 sed
1589 3642 1774 3697 multo
1830 3641 2116 3698 illustrior

465 3735 572 3791 tibi
603 3734 827 3790 lumine
857 3732 1211 3788 circumfuso
1244 3730 1385 3786 luna
1414 3729 1764 3802 resplendet.
1803 3732 1877 3787 De
1908 3731 2113 3805 hyeme

469 3824 715 3881 forsitan
767 3821 1053 3895 quereris,
1097 3820 1236 3893 quia
1267 3819 1430 3874 nulla
1462 3819 1568 3874 tibi
1616 3819 1975 3893 hypocausta
2020 3838 2116 3875 an-

463 3912 803 3970 helantibus
842 3912 1081 3983 ignibus
1138 3914 1529 3981 vaporentur;
1581 3910 1679 3964 sed
1736 3908 1917 3963 habes
1973 3909 2112 3966 solis

463 4001 739 4069 calorem,
773 4000 873 4073 qui
904 3999 1010 4055 tibi
1040 3998 1241 4054 orbem
1274 4001 1563 4052 terrarum
1598 4000 1897 4067 temperet,
1930 4003 1988 4052 et
2015 3997 2113 4071 hy-

461 4092 642 4147 berno
672 4094 728 4145 te
756 4088 1029 4145 defendat
1061 4085 1342 4156 al‘rigore.
1377 4089 1465 4138 An
1516 4083 1643 4139 illos
1666 4084 1865 4139 beatos
1916 4091 2108 4156 putas,

463 4180 564 4251 qui
608 4178 977 4235 servitiorum
1036 4172 1407 4246 sequentium
1468 4173 1764 4244 stipantur
1819 4175 2110 4231 catervis?

461 4268 574 4324 Sed
607 4267 708 4339 qui
740 4265 963 4322 alienos
994 4263 1169 4335 pedes
1201 4262 1525 4332 requirunt,
1550 4263 1675 4317 suis
1709 4262 1793 4317 uti
1816 4264 2105 4320 nesciunt.

458 4355 723 4427 Denique
752 4339 791 4410 al
816 4353 1019 4426 paucis
1047 4351 1473 4423 princeduntur,
1508 4367 1541 4406 a
1572 4350 1842 4423 plurimis
1873 4359 2106 4424 portan-

460 4445 577 4498 tur.
612 4442 734 4498 Nisi
767 4442 912 4498 forte
943 4440 1088 4496 illud
1122 4439 1377 4505 miraris,
1413 4441 1565 4511 quod
1599 4441 1903 4497 abundant
1942 4460 2102 4514 auro,

2861 3303 3092 3359 CAPUT
3132 3303 3222 3358 IX.

2223 3397 2302 3448 De
2356 3394 2596 3465 corporis
2641 3392 2873 3448 humani
2916 3394 3263 3463 prastantia,
3307 3391 3478 3463 deque
3522 3390 3876 3461 singulorum

2294 3466 2405 3537 ejus
2432 3464 2797 3521 membrorum
2828 3466 3279 3536 conformatione,
3311 3464 3664 3534 dispositione
3700 3471 3877 3534 atque

2293 3536 2510 3608 ofﬁciis.

2291 3643 2378 3697 54.
2413 3643 2523 3698 Sed
2548 3644 2674 3714 jam
2706 3642 2882 3698 etiam
2915 3641 2986 3697 de
3018 3641 3144 3714 ipso
3175 3640 3436 3695 hominis
3476 3654 3715 3712 corpore
3762 3639 3878 3695 ali-

2223 3748 2341 3803 qua
2367 3731 2615 3787 dicenda
2646 3738 2803 3796 sunt,
2830 3729 2985 3802 quod
3008 3728 3383 3802 praestantius
3411 3727 3632 3784 caeteris
3662 3727 3880 3784 decore

2221 3825 2278 3875 et
2306 3820 2494 3892 gratia
2514 3836 2643 3876 esse
2673 3819 2804 3891 quis
2864 3818 3127 3875 abnuat?
3174 3818 3320 3873 Nam
3374 3816 3483 3872 etsi
3532 3833 3648 3872 una
3694 3820 3880 3888 atque

2221 3909 2423 3963 eadem
2468 3909 2734 3964 omnium
2762 3932 2766 3936 θ
2797 3912 3162 3963 terrenorum
3231 3922 3543 3978 corporum
3605 3904 3882 3962 videatur

2220 4014 2348 4053 esse
2379 3996 2731 4064 substantia,
2754 3996 3053 4052 ﬁrmitudo
3086 4001 3141 4051 et
3162 3994 3481 4067 proceritas
3512 3993 3878 4067 quibusdam

2223 4087 2409 4156 major
2446 4086 2504 4139 in
2558 4085 2790 4153 bestiis;
2838 4085 3026 4139 forma
3074 4088 3268 4139 tamen
3314 4082 3559 4139 humani
3605 4082 3878 4154 corporis

2221 4180 2310 4229 est
2338 4174 2656 4241 venustior,
2691 4176 2879 4230 status
2905 4176 3132 4229 erectus
3181 4176 3238 4228 et
3284 4171 3514 4240 celsus;
3564 4174 3628 4224 ut
3674 4186 3877 4242 neque

2217 4263 2475 4318 enormis
2506 4262 2822 4333 proceritas
2844 4260 2940 4327 sit,
2966 4277 3155 4332 neque
3185 4259 3316 4315 vilis
3347 4265 3406 4315 et
3448 4260 3676 4331 abjecta
3717 4276 3875 4331 pau-

2217 4350 2434 4406 xillitas
2457 4352 2604 4423 (90):
2638 4355 2763 4405 tum
2799 4350 2930 4421 ipsa
2958 4349 3238 4406 habitudo
3279 4347 3540 4420 corporis
3571 4345 3771 4402 suavis
3815 4352 3878 4402 et

2215 4445 2417 4511 grata;
2453 4445 2517 4495 ut
2544 4455 2730 4511 neque
2761 4438 3018 4494 belluina
3042 4437 3282 4494 vastitas
3314 4435 3563 4502 horrori,
3607 4434 3707 4503 sit,
3760 4452 3872 4492 nec

461 4534 721 4604 argento,
755 4529 1037 4602 pecunia:
1064 4530 1301 4601 quantis
1324 4528 1629 4583 abundant
1658 4530 1843 4599 vides,
1869 4534 2105 4603 quantis
2134 4548 2185 4612 υ
2216 4528 2513 4601 gracilitas
2544 4529 2738 4584 tenuis
2768 4527 3118 4583 inﬁrmitati.

461 4623 669 4694 egeant
700 4636 817 4675 non
846 4619 1031 4674 vides.
1066 4619 1176 4674 Sed
1227 4618 1499 4672 eburneis
1548 4617 1714 4673 lectis
1763 4622 2106 4676 accumbere

459 4709 783 4783 pretiosum
818 4713 1022 4781 putas;
1068 4712 1124 4762 et
1158 4724 1272 4761 non
1316 4706 1651 4763 consideras
1702 4709 2104 4779 pretiosiorem

457 4816 588 4856 esse
608 4803 848 4865 terram,
872 4815 1001 4871 quae
1034 4796 1274 4870 pauperi
1300 4795 1498 4851 thoros
1519 4796 1854 4867 graminum
1877 4798 2102 4867 sternit,

456 4889 518 4944 in
548 4889 765 4962 quibus
795 4887 985 4943 dulcis
1017 4887 1268 4959 requies,
1302 4884 1499 4939 suavis
1530 4890 1618 4939 est
1646 4901 2102 4957 somnus,quem

454 4978 553 5035 ille
573 4995 751 5035 aurea
781 4975 1145 5049 compositus
1177 4974 1423 5046 sponda,
1470 4976 1593 5026 tota
1645 4973 1887 5045 pervigil
1939 4982 2103 5030 nocte

526 5128 638 5201 (87)
672 5129 756 5183 Ita
782 5146 922 5183 mss.
993 5128 1145 5182 Car..
1209 5124 1394 5201 Gorb._
1450 5129 1633 5201 vetus,
1705 5123 1811 5201 _'l_‘h.
1867 5130 1939 5201 Aet
1994 5125 2100 5201 alii

453 5195 738 5272 quinque.
761 5201 828 5253 At
862 5201 997 5253 Ben.
1024 5214 1159 5253 cum
1186 5195 1430 5272 reliquis
1457 5199 1631 5272 atque
1653 5196 1818 5272 edit,
1849 5197 2060 5272 fabula.

544 5266 637 5343 88)
670 5271 809 5324 Mss.
843 5271 1043 5324 decem
1078 5268 1315 5339 cptimw
1348 5272 1515 5343 notae.
1550 5266 1693 5343 [ltuit
1719 5270 2014 5335 praetcrea.

544 5339 634 5409 89)
671 5344 834 5395 Rom.
865 5342 1003 5394 edit.
1040 5357 1105 5395 ac
1138 5358 1280 5393 mss.
1342 5339 1539 5402 Carm,
1568 5340 1621 5391 et
1658 5339 1849 5406 jurcm
1908 5356 2099 5403 nomen

450 5412 689 5466 Domini.
733 5412 913 5482 Cccn.,
973 5421 1021 5466 et
1074 5413 1354 5482 perjurem
1407 5425 1617 5482 nomen
1675 5410 1939 5475 Demini;
1988 5416 2096 5466 vet.

451 5482 591 5538 edit.
627 5498 693 5536 ac
724 5499 867 5537 mss.
904 5481 1046 5537 bene
1074 5480 1266 5548 multi,
1300 5485 1351 5536 et
1384 5481 1571 5551 jurem
1596 5480 1652 5533 in
1712 5482 1951 5545 nomine,
1986 5487 2096 5538 etc.

449 5551 723 5610 Omnium
786 5553 1184 5625 antiquissimi
1218 5570 1330 5609 non
1377 5555 1704 5625 agnoscunt
1735 5552 2095 5623 prmpositio-

449 5640 606 5681 nem.

2287 4619 2375 4673 55.
2409 4619 2488 4672 Ac
2526 4617 2785 4688 primum
2831 4617 3097 4672 omnium
3148 4631 3573 4689 cognoscamus
3620 4613 3871 4670 humani

2217 4707 2473 4779 corporis
2505 4706 2785 4761 fabricam
2819 4706 3006 4761 instar
3035 4721 3163 4762 esse
3194 4705 3427 4760 mundi.
3461 4703 3765 4776 Siquidem
3809 4696 3878 4759 ut

2215 4795 2424 4851 oculum
2475 4794 2693 4850 eminet
2740 4794 2880 4863 aeri,
2937 4794 3133 4861 terris,
3188 4793 3337 4849 mari
3388 4809 3515 4866 quae
3564 4792 3675 4864 (91)
3710 4791 3876 4848 velut

2214 4884 2480 4954 quaedam
2514 4884 2778 4939 membra
2805 4887 2943 4939 sunt
2974 4884 3179 4938 mundi
3210 4882 3336 4938 :ita
3356 4881 3534 4938 etiam
3566 4884 3744 4952 caput
3773 4897 3875 4938 su-

2213 4990 2317 5044 pra
2339 4972 2595 5043 reliquos
2618 4977 2780 5027 artus
2804 4972 2985 5028 nostri
3014 4971 3275 5046 corporis
3289 4970 3587 5027 cernimus
3607 4969 3872 5026 eminere

2284 5122 2395 5192 (90)
2429 5121 2513 5176 Ita
2544 5139 2684 5177 mss.
2719 5122 3030 5177 duodecim
3064 5139 3197 5177 cum
3229 5125 3342 5177 vet.
3375 5120 3513 5192 edit.
3550 5119 3741 5192 Codex
3761 5136 3868 5175 au—

2211 5198 2326 5248 tem
2352 5194 2515 5266 Casu.
2549 5200 2607 5247 et
2628 5193 2776 5248 Vict.
2809 5210 2987 5259 unus,
3007 5194 3311 5266 pusillitas.
3344 5191 3459 5247 Alii
3490 5196 3548 5248 et
3584 5191 3728 5257 edit,
3776 5207 3866 5246 re-

2209 5265 2518 5329 centiores,
2550 5265 3018 5335 pusillanimitas.

2279 5337 2394 5406 (91)
2446 5334 2578 5391 Edit
2623 5353 2848 5400 omnes,
2898 5341 2961 5390 ut
3009 5337 3204 5392 caelum
3245 5337 3447 5391 eminet
3500 5334 3639 5398 aeri,
3700 5334 3875 5406 terris

2206 5409 2417 5479 maria,
2460 5424 2597 5478 quae,
2653 5413 2764 5463 etc.
2827 5408 2968 5478 Mss,
3002 5408 3316 5479 aliquot,...
3366 5406 3529 5461 terris
3587 5405 3862 5479 marique.

2207 5478 2319 5534 Alii
2355 5474 2592 5551 majori
2629 5496 2872 5536 numero
2924 5474 2981 5535 et
3024 5474 3390 5546 auctoritate,
3448 5480 3516 5532 ut
3567 5474 3763 5547 supra
3799 5474 3865 5531 in

2205 5555 2388 5606 textu.
