4084 6188
245 354 365 423 991

1512 342 2071 411 HEXAEMERON‘
2093 339 2243 405 LIB.
2289 338 2394 402 Vl.

242 486 918 568 prostantissimumque
941 502 1070 545 esse
1103 483 1391 551 omnium,
1422 487 1705 555 tanquam
1735 482 1886 538 inter
1915 538 1923 552 Α

2040 491 2278 567 bsequia
2304 488 2689 560 servulorum,
2715 492 2773 549 et
2801 491 3084 564 praecepta
3112 486 3358 563 singulis
3386 485 3655 544 obeunda

245 581 537 641 elementa
554 578 795 646 coelum,
823 582 1106 649 tanquam
1137 591 1329 632 arcem
1360 575 1512 630 inter
1540 571 1765 643 reliqua
1795 588 1888 626 ur-

2010 584 2289 641 decernit.
2324 582 2533 638 Videas
2590 581 2928 654 imperatori
2980 597 3086 636 suo
3118 578 3353 651 singula
3397 576 3653 650 gratuito
3712 576 3720 585 ’

244 671 335 727 bis
357 668 596 725 ωωηίθο
629 668 691 722 In
724 682 853 722 arce
872 666 982 721 hac
1013 663 1268 737 regalem
1300 663 1619 736 quamdam
1636 660 1902 715 habitare
2008 673 2299 745 stipendio
2326 671 2595 727 militare.
2632 670 2762 725 Alia
2786 673 3041 742 portant,
3075 668 3189 723 alia
3220 672 3492 739 pascunt,
3540 664 3655 721 alia

244 756 601 831 sapientiam
630 755 959 811 secundum
990 752 1397 826 propheticum
1447 751 1672 806 dictum
1710 767 1722 805 :
1756 748 1901 815 Quia

2040 760 2350 826 iefendunt,
2383 759 2468 815 vel
2512 758 2906 814 ministerium
2948 774 3119 812 suum
3179 756 3491 821 exhibent;
3553 770 3654 826 pa-

240 847 390 905 uculi
416 846 684 917 διῳίεηιὶδ
740 846 803 899 in
851 844 1034 915 capite
1062 844 1178 915 ejus
1228 842 1421 912 (Eccle.
1456 855 1519 907 ιι,
1572 840 1701 907 14);
1750 838 1903 894 hanc

242 952 373 994 esse
401 934 626 992 ceteris
651 932 951 999 tutiorem,
981 936 1039 988 et
1067 947 1135 986 ex
1163 930 1266 986 illa
1294 930 1571 986 omnibus
1622 926 1904 984 membris

241 1026 503 1099 vigorem
535 1022 1077 1095 providentiamque
1107 1020 1337 1076 deferri.
1369 1018 1519 1083 Quid
1549 1018 1704 1073 enim
1727 1017 1907 1072 robur

243 1120 308 1171 et
338 1113 605 1169 validitas
635 1111 984 1167 lacertorum
1017 1109 1302 1182 proficiat,
1336 1108 1475 1180 quid
1507 1106 1782 1164 velocitas
1814 1122 1907 1177 pe-

240 1205 412 1269 dum,
454 1201 571 1258 nisi
617 1200 829 1272 capitis
880 1199 1039 1256 velut
1095 1197 1381 1270 principis
1437 1196 1531 1252 sui
1588 1195 1908 1268 imperialis

240 1292 520 1364 quaedam
553 1287 1010 1346 adminiculetur
1040 1291 1300 1359 potestas
1321 1287 1348 1341 ?
1379 1287 1460 1341 Ex
1489 1286 1598 1341 hoc
1626 1286 1785 1341 enim
1807 1288 1910 1339 aut

237 1379 658 1437 destituuntur
686 1378 977 1444 universa,
1028 1382 1129 1432 aut
1158 1375 1356 1433 omnia
1387 1375 1729 1431 fulciuntur.
1761 1373 1909 1438 Quid

236 1473 388 1542 agat
416 1467 723 1533 fortitudo,
757 1465 869 1522 nisi
901 1464 1070 1521 oculo
1092 1466 1240 1520 duce
1272 1470 1474 1521 utatur
1514 1465 1587 1519 ad
1619 1462 1912 1536 praelium?

236 1558 401 1623 Quid
438 1558 595 1630 fuga,
628 1557 680 1612 si
709 1556 861 1612 desit
890 1556 1134 1612 obtutus
1156 1556 1183 1611 '?
1214 1556 1421 1611 Carcer
1451 1559 1541 1610 est
1572 1554 1686 1624 (92)
1718 1558 1908 1607 totum

238 1662 467 1720 corpus
488 1647 799 1703 tenebroso
831 1644 1141 1701 inhorrens
1173 1645 1327 1711 situ;
1362 1644 1472 1699 nisi
1505 1643 1809 1699 oculorum
1842 1641 1912 1696 il-

234 1735 580 1793 luminetur
608 1738 868 1807 aspectu.
903 1733 1066 1797 Quod
1097 1749 1234 1805 ergo
1266 1732 1353 1789 sol
1384 1737 1441 1789 et
1469 1733 1612 1787 luna
1663 1733 1719 1785 in
1769 1730 1913 1785 cmlo

2011 853 2139 904 rent
2179 854 2245 903 ut
2268 847 2534 920 principi,
2570 846 2920 901 ancillantur
2951 850 3014 901 ut
3055 845 3292 901 domino
3321 846 3455 916 (9i).
3519 843 3657 899 Inde

2012 936 2169 992 velut
2200 937 2467 1008 quaedam
2500 935 2756 1007 procedit
2785 938 3023 1000 tessera,
3058 950 3236 1006 quam
3277 934 3524 989 debeant
3554 947 3659 1005 pe-

2013 1026 2115 1081 des
2162 1025 2321 1080 obire
2374 1024 2690 1095 regionem,
2751 1022 2878 1094 qua:
2936 1023 3134 1078 milita:
3192 1023 3395 1077 munia
3448 1039 3659 1078 manus

2014 1114 2496 1171 consummandis
2526 1112 2801 1185 operibus
2829 1116 3239 1184 exsequantur,
3260 1128 3440 1182 quam
3467 1115 3665 1166 venter

2015 1204 2345 1260 abstinendi
2376 1202 2463 1257 vel
2494 1201 2703 1258 edendi
2738 1201 2987 1257 formam
3020 1200 3303 1273 impositae
3333 1204 3529 1255 teneat
3550 1200 3665 1255 dis-

2019 1291 2269 1364 ciplinaa.

2087 1384 2177 1437 58.
2212 1381 2357 1437 Huic
2389 1381 2550 1437 frons
2580 1380 2783 1447 libera,
2817 1379 2996 1435 nudis
3026 1384 3225 1451 aperta
3282 1378 3663 1449 temporibus,

2019 1486 2146 1542 quae
2176 1471 2392 1526 mentis
2420 1470 2683 1525 habitum
2717 1468 2907 1541 specie
2938 1467 3027 1524 sui
3058 1468 3297 1539 prodat:
3330 1482 3487 1522 nunc
3516 1464 3664 1533 laeta,

2021 1574 2175 1615 nunc
2206 1560 2463 1615 tristior:
2489 1576 2645 1614 nunc
2675 1561 2863 1614 erecta
2894 1558 2964 1612 ad
2999 1557 3386 1624 severitatem,
3411 1571 3566 1634 nunc
3596 1555 3668 1609 ad

2020 1647 2318 1704 lenitatem
2336 1648 2656 1715 remissior,
2681 1664 2807 1718 qua
2830 1646 3015 1718 signis
3034 1645 3363 1702 forensibus
3380 1644 3669 1700 internam

2022 1736 2309 1809 exprimat
2321 1736 2697 1792 voluntatem.
2715 1737 2911 1807 Imago
2926 1736 3193 1806 quaedam
3215 1734 3394 1789 animi
3414 1732 3675 1805 loquitur

233 1826 367 1884 hoc
395 1828 536 1882 sunt
556 1823 716 1922 oculi
742 1823 801 1878 in
832 1822 1087 1878 homine.
1119 1822 1215 1878 Sol
1254 1827 1312 1879 et
1369 1822 1511 1877 luna
1538 1822 1670 1922 duo.
1705 1820 1918 1922 mupdi
1952 1856 2001 1922 Β
2029 1825 2091 1881 in
2121 1825 2308 1893 vultu,
2368 1825 2500 1881 fidei
2532 1825 2691 1880 basis
2712 1825 2770 1879 in
2794 1822 3179 1896 quaquotidie
3206 1821 3429 1877 Domini
3460 1836 3677 1921 nomen

237 1913 533 1980 lumina;
566 1911 719 1968 oculi
755 1915 951 1968 autem
983 1912 1249 1984 quaedam
1294 1912 1354 1966 in
1387 1927 1557 1966 carne
1586 1910 1779 1965 sidera
1807 1910 1924 1964 ful-
1953 1908 2000 1922 “’
2033 1915 2376 1971 inscribitur
2404 1920 2460 1970 et
2481 1918 2725 1970 tenetur.
2762 1914 2901 1969 Eam
2934 1911 3181 1985 geminae
3224 1926 3391 1983 sepes
3419 1908 3678 1982 superci-

232 2007 401 2077 gent
425 2002 696 2073 desuper,
739 2006 796 2055 et
827 2001 1107 2056 inferiora
1138 2000 1292 2056 claro
1326 2000 1626 2054 illustrant
1678 1998 1923 2073 lumine,

240 2108 375 2148 nec
403 2089 911 2162 patiunturnoctis
933 2090 1292 2161 quibusdam
1323 2106 1431 2145 nos
1458 2089 1719 2144 tenebris
1738 2087 1929 2160 impli-

228 2179 399 2237 cari.
450 2177 861 2251 Speculatores
892 2178 1136 2249 quidam
1168 2179 1348 2235 nostri
1382 2177 1475 2233 die
1504 2195 1571 2233 ac
1629 2182 1796 2233 nocte
1827 2194 1927 2231 ex-

232 2269 500 2326 cubant.
532 2268 675 2323 Nam
727 2283 798 2322 ex
854 2283 1063 2339 sopore
1122 2267 1407 2323 membris
1468 2266 1698 2322 caeteris
1755 2266 1930 2321 citius

228 2358 609 2424 excitantur,
669 2360 726 2411 et
786 2356 1098 2427 vigilantes
1139 2357 1634 2428 circumspectant
1691 2355 1926 2421 omnia;

234 2445 577 2503 vieiniores
608 2444 766 2500 enim
810 2448 952 2500 sunt
980 2445 1238 2510 cerebro,
1295 2445 1452 2500 unde
1481 2445 1675 2500 omnis
1729 2448 1931 2499 manat

233 2550 417 2592 usus
470 2533 725 2590 videndi.
784 2533 972 2604 Nique
1010 2549 1143 2588 vero
1203 2550 1565 2606 praepropere
1613 2533 1927 2605 quisquam

236 2625 383 2680 huc
426 2622 801 2679 descendisse
849 2638 943 2677 me
971 2623 1190 2688 credat,
1247 2623 1403 2694 quod
1454 2621 1656 2677 relicto
1714 2622 1929 2677 vertice

231 2711 470 2771 oculos
501 2712 829 2784 predicem,
865 2728 999 2767 cum
1030 2712 1290 2767 alienum
1323 2728 1437 2767 non
1498 2712 1575 2767 sit
1631 2727 1927 2767 summam

231 2819 390 2858 rem
422 2801 483 2855 in
518 2805 679 2873 parte
703 2800 962 2856 laudare.
993 2800 1203 2856 Oculos
1233 2801 1391 2857 enim
1426 2805 1652 2858 certum
1683 2805 1772 2855 est
1800 2815 1929 2855 esse

240 2889 489 2961 capitis
536 2889 884 2961 portionem.
937 2888 1126 2960 Caput
1171 2888 1369 2960 itaque
1426 2888 1612 2945 oculis
1667 2886 1930 2960 explorat

234 2977 493 3041 omnia,
524 2977 769 3033 auribus
795 2976 1023 3032 occulta
1057 2977 1325 3045 rimatur,
1354 2978 1654 3050 cognoscit
1683 2978 1926 3034 abscon-

239 3067 435 3133 dita,
470 3064 631 3120 audit
654 3064 796 3136 quid
827 3063 959 3120 aliis
988 3069 1200 3136 agatur
1228 3065 1291 3119 in
1320 3065 1514 3120 terris.

327 3200 430 3255 56.
465 3198 593 3269 Ipse
622 3201 819 3252 autem
840 3202 1036 3252 vertex
1061 3198 1270 3268 capitis
1289 3214 1466 3270 quam
1500 3197 1696 3254 suavis
1719 3201 1775 3253 et
1803 3214 1928 3270 gra-
1957 3228 2000 3293 ρ

236 3295 394 3356 tus,
422 3302 600 3357 quam
632 3286 894 3358 speciosa
925 3286 1207 3352 caesaries,
1236 3304 1414 3359 quam
1439 3288 1752 3342 reverenda
1775 3288 1926 3344 136

237 3378 317 3432 in
360 3375 625 3440 senibus,
659 3391 837 3446 quam
862 3376 1196 3430 veneranda
1219 3376 1277 3429 in
1301 3376 1722 3443 sacerdotibus,
1748 3393 1926 3447 quam

241 3462 552 3521 terribilis
579 3463 636 3517 in
657 3462 1060 3529 bellatoribus,
1087 3481 1264 3536 quam
1286 3465 1496 3519 decora
1514 3466 1571 3519 in
1597 3464 1930 3521 adolescen-

240 3554 468 3619 tibus;
504 3567 677 3623 quam
705 3552 1017 3624 comptain
1044 3552 1413 3621 mulieribus,
1444 3570 1622 3624 quam
1658 3553 1847 3609 dulcis
1870 3555 1928 3608 in
1968 3596 1973 3601 .

240 3640 471 3717 pueris
486 3639 515 3694 ?
532 3640 725 3696 Alium
744 3658 946 3696 sexum
970 3641 1181 3697 crinita
1203 3659 1319 3697 non
1340 3643 1525 3709 decet,
1551 3641 1733 3697 alium
1757 3648 1930 3698 tonsa

239 3747 388 3787 non
424 3729 607 3784 decet.
641 3729 722 3784 Ex
744 3730 1053 3785 arboribus
1082 3730 1217 3786 licet
1233 3748 1359 3803 qua:
1391 3730 1635 3786 humani
1655 3730 1730 3786 sit
1746 3731 1934 3804 gratia

241 3815 507 3890 capitis,
536 3817 844 3874 aestimare.
881 3822 943 3873 In
976 3819 1164 3891 capite
1207 3820 1436 3876 arboris
1466 3820 1663 3875 omnis
1692 3826 1780 3875 est
1809 3820 1932 3876 fru-

244 3913 428 3973 ctus,
461 3905 541 3959 ibi
573 3907 765 3962 omnis
787 3910 875 3963 est
896 3907 1290 3980 pulchritudo,
1322 3907 1484 3963 illius
1509 3925 1678 3964 coma
1705 3926 1811 3965 nos
1832 3915 1935 3965 aut

248 4015 289 4053 ει
325 3993 552 4069 pluviis
586 3994 745 4066 tegit,
781 4000 883 4051 aut
914 3996 1177 4052 defendit
1237 4014 1271 4051 a
1331 3995 1470 4053 sole.
1524 3997 1684 4053 Tolle
1741 3998 1936 4054 arbori

248 4086 668 4150 comam,tota
698 4085 871 4139 arbor
901 4085 1131 4157 ingrata
1162 4090 1269 4141 est.
1292 4087 1520 4151 Quanto
1546 4086 1727 4158 igitur
1749 4087 1938 4158 major

252 4170 522 4229 humani
554 4172 760 4245 capitis
792 4176 1035 4229 ornatus
1065 4180 1173 4242 est,
1206 4175 1307 4246 qui
1334 4176 1637 4231 cerebrum
1669 4180 1937 4232 nostrum

251 4264 386 4318 hoc
413 4266 521 4328 est,
555 4263 753 4318 sedem
786 4263 1202 4336 originemque
1258 4268 1594 4319 nostrorum
1653 4281 1937 4321 sensuum

254 4349 504 4422 capillis
533 4350 741 4423 capitis
772 4352 965 4408 munit
1001 4356 1058 4408 et
1090 4352 1304 4420 vestit;
1339 4370 1409 4408 ne
1440 4357 1543 4408 aut
1573 4354 1785 4427 frigore
1842 4371 1938 4409 ve-

249 4444 439 4495 xetur
471 4443 572 4494 aut
591 4440 779 4495 aestu?
808 4439 929 4496 Illic
979 4441 1136 4496 enim
1168 4441 1298 4496 fons
1330 4442 1747 4497 universorum
1809 4448 1935 4511 est;

251 4533 318 4585 e1
354 4527 489 4583 ideo
521 4527 618 4583 ubi
662 4528 879 4600 injuria
909 4533 1097 4596 nocet,
1128 4529 1211 4585 ibi
1238 4531 1427 4602 gratia
1460 4518 1823 4602 praeeminet.

333 4661 434 4717 57.
469 4659 618 4723 Quid
648 4661 776 4717 sine
798 4662 987 4734 capite
1018 4666 1109 4719 est
1136 4663 1334 4729 homo,
1368 4679 1504 4719 cum
1535 4668 1692 4720 totus
1721 4664 1783 4720 in
1840 4682 1935 4721 ca-

257 4750 399 4823 pite
426 4749 550 4805 sit?
568 4749 717 4806 Cum
745 4756 924 4823 caput
951 4751 1189 4819 videris,
1222 4752 1523 4808 hominem
1543 4755 1815 4825 agnoscis
1841 4772 1854 4811 :
1879 4755 1931 4811 si

254 4841 449 4909 caput
471 4836 645 4905 desit,
680 4838 843 4894 nulla
860 4841 1081 4913 agnitio
1107 4857 1236 4897 esse
1266 4845 1486 4914 potest:
1501 4844 1660 4914 jacet
1683 4847 1931 4899 truncus

261 4926 577 4999 ignobilis,
604 4927 735 4983 sine
761 4927 1001 4999 honore,
1037 4931 1164 4986 sine
1196 4930 1452 4987 nomine.
1486 4932 1619 4987 Sola
1650 4949 1760 4988 aere
1801 4933 1933 4989 fusa

264 5015 614 5087 principum
657 5016 873 5089 capita,
911 5022 970 5074 et
1000 5018 1159 5075 ducti
1212 5018 1411 5075 vultus
1456 5021 1527 5076 de
1556 5037 1666 5076 sere
1715 5020 1802 5077 vel
1863 5023 1932 5078 de

268 5114 570 5158 marmore
599 5104 674 5159 ab
704 5105 1048 5164 hominibus
1078 5108 1396 5164 adorantur
1425 5109 1559 5181 (93).
1584 5109 1708 5165 Non
1732 5110 1933 5167 imme-

268 5190 389 5246 rito
421 5190 602 5264 igitur
629 5192 768 5250 huic
799 5196 968 5267 quasi
1000 5196 1315 5253 consultori
1350 5215 1455 5252 suo
1500 5203 1704 5254 caetera
1747 5217 1931 5255 mem-

266 5280 384 5334 bra
411 5279 794 5351 famulantur,
823 5290 880 5340 et
900 5284 1315 5342 circumferunt
1340 5286 1485 5342 illud
1527 5287 1715 5343 servili
1738 5295 1929 5360 gesta-

266 5367 433 5424 mine
453 5369 611 5424 sicut
634 5380 1056 5446 numen,atque
1078 5375 1135 5431 in
1152 5375 1405 5431 sublime
1418 5375 1674 5432 locatum
1694 5376 1929 5434 vehunt.

269 5455 438 5513 Unde
459 5460 725 5517 censoria
743 5467 1031 5534 potestate
1045 5481 1158 5536 quo
1180 5463 1304 5521 vult
1320 5464 1519 5537 dirigit
1541 5466 1931 5537 quorumdam

272 5589 619 5727 es
657 5609 827 5664 mss.,
863 5597 1007 5666 Quid
1037 5603 1097 5655 tu
1126 5602 1297 5670 agas?
1328 5599 1475 5654 Desit
1504 5597 1717 5656 obtutus
1749 5616 1936 5657 carcer

350 5732 460 5807 (93)
492 5733 633 5794 Mss.
687 5736 854 5799 Corb.
893 5757 1049 5799 unus
1096 5746 1152 5801 et
1202 5740 1353 5799 Vict.
1409 5739 1584 5800 etiam
1637 5759 1812 5807 unus,
1866 5734 1934 5790 ab

2034 2004 2246 2060 liorum
2280 2009 2625 2076 sequuntur,
2661 2020 2787 2075 quas
2819 2001 3004 2058 oculis
3035 2000 3403 2057 munimenta
3432 2002 3680 2072 praetem

2039 2095 2207 2159 dunt,
2241 2098 2564 2165 praetexunt
2592 2092 2840 2165 gratiam
2874 2109 2889 2159 ;
2927 2096 2991 2146 ut
3045 2094 3103 2146 et
3134 2094 3410 2146 venustas
3454 2088 3682 2144 decoris

2036 2183 2305 2248 arrideat,
2340 2187 2396 2238 et
2427 2181 2730 2255 diligentia
2752 2180 3127 2254 protectionis
3157 2178 3413 2234 assistat.
3449 2178 3508 2234 Si
3539 2176 3680 2249 quid

2036 2272 2192 2327 enim
2225 2272 2296 2326 de
2328 2272 2513 2341 capite
2545 2269 2808 2326 sordium
2842 2269 3088 2334 decidat,
3123 2272 3223 2323 aut
3252 2283 3439 2323 arenas
3470 2265 3680 2338 pulvis,

2038 2365 2139 2415 aut
2169 2377 2263 2416 ros
2292 2359 2536 2427 nebulai,
2572 2365 2672 2414 aut
2696 2358 3093 2414 humescentis
3113 2357 3343 2412 verticis
3363 2357 3562 2423 sudor,
3594 2370 3685 2410 ex-

2037 2449 2255 2522 cipitur
2282 2448 2618 2520 supercilio,
2652 2463 2724 2503 ne
2754 2452 3003 2515 teneras,
3031 2446 3250 2503 oil‘ensa
3267 2445 3409 2515 acie,
3430 2445 3684 2501 visiones

2041 2538 2304 2593 mollium
2342 2538 2642 2609 perturbet
2671 2536 2995 2592 oculorum.

2106 2628 2197 2683 59.
2230 2626 2543 2683 Adhaarent
2561 2625 2720 2681 velut
2749 2625 3102 2697 quibusdam
3126 2624 3415 2680 montium
3434 2623 3689 2697 superci-

2036 2716 2134 2772 liis
2164 2715 2317 2772 oculi
2342 2733 2356 2784 ;
2391 2720 2453 2770 ut
2484 2720 2540 2770 et
2568 2719 2903 2788 protegente
2933 2713 3151 2769 montis
3182 2713 3484 2769 cacumine
3508 2713 3684 2769 tutio-

2037 2822 2129 2861 res
2161 2805 2298 2872 sint,
2333 2810 2389 2860 et
2414 2810 2694 2876 tanquam
2727 2804 2787 2858 in
2818 2820 3051 2859 summo
3083 2802 3276 2868 locati,
3309 2802 3381 2858 de
3432 2802 3687 2875 quadam

2038 2910 2213 2951 scena
2236 2893 2534 2966 superiore
2566 2893 2836 2948 universa
2867 2895 3252 2965 prospectent.
3302 2892 3500 2963 Neque
3529 2890 3687 2946 enim

2037 2984 2350 3056 oportebat
2406 2999 2504 3037 eos
2560 2981 2817 3037 humiles
2872 2997 3000 3037 esse
3058 2980 3211 3035 sicut
3266 2997 3459 3049 aures,
3486 2978 3573 3035 vel
3602 2995 3688 3046 os,

2036 3073 2315 3144 ipsosque
2359 3071 2590 3126 narium
2651 3070 2958 3126 interiores
3018 3070 3201 3125 sinus.
3232 3068 3481 3142 Specula
3535 3068 3688 3124 enim

2038 3177 2270 3232 semper
2299 3176 2367 3215 ex
2396 3159 2512 3215 alto
2563 3164 2688 3227 est;
2723 3164 2788 3215 ut
2842 3158 3277 3215 advenientium
3330 3163 3690 3215 catervarum

2037 3248 2344 3305 hostilium
2376 3247 2664 3320 explorari
2695 3247 2879 3320 possit
2908 3249 3215 3314 adventus,
3249 3263 3320 3302 ne
3369 3246 3692 3319 improviso

2038 3343 2321 3410 occupent
2368 3338 2646 3393 otiantem
2679 3336 2767 3392 vel
2798 3336 2961 3393 urbis
2993 3335 3275 3408 populum
3308 3336 3394 3392 vel
3444 3336 3694 3409 impera-

2036 3428 2181 3483 toris
2212 3427 2551 3482 exercitum.
2587 3427 2680 3481 Sic
2709 3425 3003 3481 latronum
3036 3442 3271 3498 quoque
3301 3428 3582 3481 caventur
3610 3425 3694 3479 in-

2040 3533 2270 3582 cursus,
2301 3515 2351 3570 si
2382 3516 2777 3586 exploratores
2809 3516 2955 3570 137
2992 3514 3051 3569 in
3086 3514 3272 3570 muris
3302 3518 3403 3570 aut
3434 3513 3697 3570 turribus

2041 3610 2141 3660 aut
2172 3604 2390 3659 montis
2446 3602 2659 3659 excelsi
2689 3603 2999 3675 supercilio
3026 3604 3146 3659 sint
3175 3603 3347 3659 locati
3374 3622 3386 3672 ;
3421 3609 3486 3659 ut
3524 3603 3697 3658 desu—

2041 3710 2145 3766 per
2186 3696 2451 3764 spectent
2483 3692 2657 3764 plana
2705 3692 3032 3764 regionum,
3080 3693 3141 3747 in
3200 3694 3419 3763 quibus
3467 3692 3696 3749 insidiae

2042 3781 2337 3841 latronum
2371 3780 2549 3836 latere
2581 3797 2696 3835 non
2743 3780 2991 3852 possint.
3037 3781 3099 3836 In
3133 3782 3279 3836 mari
3313 3797 3548 3853 quoque
3598 3799 3700 3854 po-

2044 3871 2198 3926 situs
2230 3870 2277 3925 si
2306 3870 2445 3941 quis
2475 3874 2638 3925 terrae
2698 3869 3167 3941 appropinquare
3223 3887 3286 3925 se
3334 3870 3591 3941 conjicit,
3638 3872 3699 3924 in

2044 3960 2173 4031 ipsa
2221 3957 2361 4013 mali
2414 3957 2669 4030 fastigia,
2714 3963 2772 4014 et
2820 3958 2974 4014 celsa
3023 3962 3411 4013 antennarum
3472 3974 3694 4013 cornua

2044 4047 2161 4102 voti
2192 4046 2529 4118 explorator
2556 4046 2840 4114 ascendit,
2876 4051 2932 4101 et
2960 4045 3151 4102 adhuc
3181 4046 3531 4102 invisibilem
3565 4046 3699 4103 reli-

2046 4136 2179 4207 quis
2210 4135 2626 4207 navigantibus
2649 4135 2891 4190 eminus
2952 4140 3165 4191 terram
3213 4136 3450 4192 salutat.

2117 4226 2206 4279 60.
2239 4226 2311 4279 At
2342 4225 2487 4280 forte
2518 4224 2700 4280 dicas.
2729 4224 2788 4279 Si
2822 4224 3062 4297 specula
3118 4224 3328 4281 editior
3370 4225 3702 4282 necessaria

2049 4313 2178 4380 fuit,
2214 4330 2317 4368 cur
2345 4330 2462 4368 non
2494 4330 2674 4385 supra
2696 4330 2999 4369 summum
3022 4314 3291 4370 verticem
3320 4313 3525 4386 capitis
3546 4314 3699 4370 oculi

2049 4402 2352 4457 constituti
2401 4406 2559 4472 sunt,
2616 4402 2771 4458 sicut
2840 4403 3068 4459 cancris
3123 4403 3212 4458 vel
3273 4403 3581 4460 scarabaeis
3638 4404 3697 4460 in

2050 4508 2284 4548 summo
2315 4495 2472 4558 sunt,
2507 4491 2725 4563 quibus
2754 4490 2887 4546 licet
2917 4490 3146 4546 nullum
3183 4497 3359 4565 caput
3401 4498 3696 4566 appareat,

1967 4591 2017 4657 D
2050 4580 2197 4636 colla
2227 4598 2291 4636 ac
2323 4580 2498 4635 dorsa
2525 4584 2720 4636 tamen
2752 4584 2956 4636 caetero
2987 4597 3227 4654 corpore
3257 4580 3503 4639 celsiora
3533 4584 3702 4639 sunt?

2049 4670 2160 4725 Sed
2191 4669 2308 4725 illis
2338 4672 2488 4725 testa
2515 4668 2728 4739 valida,
2762 4685 2866 4725 nec
2924 4674 3042 4725 tam
3105 4672 3299 4727 tenuis
3352 4672 3699 4728 membrana

2042 4758 2197 4814 sicut
2223 4758 2413 4825 nobis,
2448 4774 2581 4829 quae
2610 4758 2780 4814 facile
2831 4759 3019 4830 possit
3063 4760 3301 4832 offendi,
3350 4761 3612 4830 ruboque
3641 4762 3699 4813 et

2042 4846 2263 4903 caateris
2296 4847 2638 4902 interscindi
2672 4847 2959 4906 sentibus.
3000 4849 3145 4905 Aliis
3176 4865 3406 4921 quoque
3433 4845 3694 4903 animan-

2042 4936 2201 4991 tibus
2232 4936 2573 5006 hujusmodi
2603 4936 2849 5009 species,
2881 4942 2947 4993 ut
2976 4938 3206 5011 possint
3235 4936 3434 4993 oculos
3466 4938 3567 4989 aut
3623 4935 3694 4990 ad

2042 5025 2325 5081 cervicem
2352 5025 2635 5092 conferre,
2670 5031 2737 5081 ut
2764 5026 2921 5098 equi,
2953 5044 3017 5082 ac
3047 5027 3244 5092 boves,
3278 5041 3343 5079 ac
3387 5040 3696 5096 propemo-

2043 5115 2183 5169 dum
2227 5130 2433 5169 omnes
2458 5116 2612 5181 ferae,
2647 5119 2750 5170 aut
2790 5116 2860 5170 ad
2912 5114 3033 5169 alas
3080 5130 3240 5176 suas,
3286 5117 3351 5167 ut
3402 5130 3535 5170 aves
3580 5129 3694 5184 quo

2041 5208 2169 5258 tuta
2191 5203 2385 5275 quiete
2399 5203 2715 5275 potiantur.
2736 5204 2914 5259 Nobis
2937 5206 3129 5257 autem
3150 5201 3209 5256 in
3231 5218 3468 5258 summa
3488 5219 3692 5274 prope-

2044 5293 2284 5348 modum
2308 5291 2566 5365 corporis
2579 5296 2741 5364 parte
2758 5291 3035 5347 constitui
3047 5290 3247 5347 oculos
3263 5292 3560 5365 opportuit
3572 5297 3695 5349 tan-

2043 5398 2222 5454 quam
2254 5381 2315 5436 in
2344 5398 2495 5447 arce,
2527 5385 2584 5435 et
2613 5381 2682 5434 ab
2737 5380 2895 5434 omni
2926 5378 3013 5434 vel
3071 5379 3319 5438 minima
3376 5382 3695 5440 offensione

2043 5471 2296 5539 defendi,
2332 5486 2459 5541 qua:
2509 5469 2624 5523 duo
2653 5467 2762 5523 sibi
2805 5470 3268 5541 compugnantia
3322 5471 3690 5533 videbantur.

2043 5604 2355 5662 hominibus
2382 5601 2745 5657 adomantur.

2041 5677 2227 5807 Μ
2260 5675 2408 5747 Big.,
2442 5673 2628 5743 Gem.,
2653 5672 2825 5733 Corb.
2851 5690 3007 5732 unus
3034 5680 3093 5735 et
3119 5677 3268 5738 Vict.
3303 5696 3480 5749 unus,
3513 5687 3574 5738 ut
3597 5680 3693 5737 do-
