4084 6188
444 331 564 399 283

1898 330 1965 405 ε;
2012 336 2387 406 AMBROSII

3638 300 3846 408 'm

440 466 587 528 Nam
619 468 668 528 si
699 471 757 528 in
787 470 997 529 humili
1045 474 1239 531 essent
1286 474 1518 546 propter
1550 474 1832 544 tutamen,
1865 489 2084 533 munus
2111 477 2166 544 Α
2194 476 2341 534 Nam
2369 475 2483 533 nisi
2512 474 2594 534 ita
2613 478 2788 547 esset,
2859 474 2992 552 quis
3043 492 3161 535 non
3192 474 3264 534 ad
3295 491 3532 535 omnem
3585 476 3846 537 fortioris

442 559 862 633 impediretur:
898 563 943 619 si
979 562 1035 618 in
1069 564 1296 630 vertice,
1345 567 1609 634 paterent
1651 565 1723 620 ad
1782 565 2081 636 iniuriam.

438 650 638 722 Itaque
669 669 740 708 ne
775 652 856 708 vel
888 653 1018 708 usui
1072 652 1329 707 muneris
1372 652 1592 725 aliquid
1657 655 2081 723 detraheretur,

438 738 527 794 vel
559 739 781 813 aliquid
815 744 881 797 ad
917 741 1370 813 propulsandam
1404 742 1680 812 injuriam
1713 760 1827 799 non
1860 745 2085 816 prospi-

439 834 666 885 ciiretur
690 832 821 903 (95),
854 848 919 886 eo
953 830 1058 884 loci
1082 829 1283 885 oculos
1314 832 1640 898 constituit,
1661 831 1753 886 cui
1776 832 2087 904 supercilia

439 918 692 990 desuper
715 936 825 975 non
851 918 1158 972 minimum
1177 919 1921 992 protectionisimpertiant,
1950 922 2084 977 sub-

438 1010 528 1062 ter
558 1007 720 1062 malae
751 1006 1180 1077 aliquantulum
1214 1007 1442 1063 elevatae
1475 1008 1629 1063 haud
1658 1009 1928 1080 exiguum
1954 1027 2082 1064 mu-

438 1095 674 1151 nitionis
688 1096 1032 1167 adjungant,
1058 1096 1390 1151 interiorem
1412 1102 1636 1167 partem
1651 1098 2081 1170 sepiantnares,

436 1184 771 1240 exteriorem
807 1201 1041 1255 quoque
1073 1185 1282 1241 frontis
1315 1185 1723 1258 malarumque
1744 1186 2079 1259 gibbiextu-

433 1272 637 1328 herent
661 1291 673 1328 :
707 1278 763 1328 et
783 1271 916 1328 licet
943 1274 1169 1329 ossium
1201 1291 1479 1346 compage
1501 1292 1758 1330 connexa
1778 1280 1834 1330 et
1855 1279 2083 1347 aequata

433 1362 688 1417 conﬁnia
717 1361 1159 1417 circumvallare
1182 1362 1512 1429 videantur,
1545 1364 1698 1418 inter
1728 1364 1849 1419 haec
1904 1364 2081 1419 medii

434 1454 576 1506 sunt
604 1450 906 1506 oculorum
928 1452 1118 1519 orbes,
1146 1457 1204 1507 et
1228 1452 1339 1506 tuti
1373 1453 1444 1507 ad
1497 1453 1841 1518 cavendum,
1900 1456 1956 1507 et
2008 1453 2081 1508 ad

432 1540 785 1595 intuendum
815 1539 981 1595 liberi
1019 1585 1032 1609 ,
1065 1545 1119 1595 et
1141 1540 1331 1595 decori
1365 1542 1434 1595 ad
1466 1542 1734 1612 gratiam,
1768 1545 1834 1597 ut
1863 1546 1995 1613 pote
2023 1541 2081 1596 in

432 1628 689 1701 crystalli
745 1629 976 1700 specien
1029 1628 1400 1701 refulgentes.
1464 1631 1523 1685 In
1582 1647 1833 1701 quorum
1891 1631 2082 1685 medio

432 1717 665 1790 pupillae
695 1722 852 1785 sunt,
886 1735 1013 1790 quae
1032 1718 1263 1773 videndi
1286 1735 1504 1774 munus
1525 1723 1859 1791 operantur.
1894 1718 1991 1773 Has
2014 1735 2084 1774 ne

432 1823 549 1878 qua
574 1806 885 1861 incidentis
915 1807 1146 1877 injuriae
1204 1808 1523 1863 offensione
1584 1807 1888 1874 laedantur,
1949 1805 2083 1878 pilis

430 1895 569 1951 hinc
599 1895 735 1950 inde
762 1897 1047 1951 consertis
1076 1896 1237 1951 velut
1261 1897 1513 1967 quodam
1540 1895 1686 1951 vallo
1720 1913 1821 1968 per
1866 1896 2080 1951 circui-

429 1988 554 2040 tum
589 1984 956 2039 muniuntur.
990 1984 1153 2040 Unde
1182 1989 1376 2040 tutum
1409 1984 1521 2041 sibi
1552 1984 1831 2040 auxilium
1879 1988 2078 2056 postu-

429 2072 560 2129 lans
591 2072 882 2144 Propheta
908 2074 1024 2128 ait:
1062 2073 1278 2129 Custodi
1304 2090 1409 2139 me,
1442 2075 1687 2140 Domine,
1719 2081 1777 2127 ut
1807 2074 2081 2144 pupillam

429 2163 574 2218 oculi
617 2162 787 2235 (Paul.
839 2180 950 2227 xw,
1002 2164 1091 2234 8);
1125 2168 1190 2218 ut
1236 2162 1612 2234 protectionis
1661 2162 1870 2217 divinas
1918 2162 2082 2216 ﬁeret

429 2251 481 2308 ei
504 2255 624 2306 tam
657 2250 903 2306 sollicita
932 2254 989 2305 et
1046 2255 1173 2306 tuta
1221 2252 1508 2315 custodia,
1566 2268 1744 2323 quam
1793 2249 2077 2322 pupillam

428 2340 581 2397 oculi
614 2340 910 2396 tutissimo
942 2341 1191 2411 quodam
1245 2346 1463 2396 naturas
1520 2339 1670 2395 vallo
1701 2340 1932 2394 munire
1990 2339 2078 2392 di-

428 2433 641 2502 gnatus
658 2433 766 2484 est.
799 2429 987 2485 Simul
1014 2430 1155 2501 quia
1184 2429 1518 2485 innocentia
1544 2432 1600 2483 et
1629 2427 1936 2499 integritas
1968 2426 2077 2481 levi

427 2519 597 2573 sorde
617 2535 849 2589 aspersa
874 2517 1203 2584 violatur,et
1227 2518 1426 2590 gratiae
1452 2536 1568 2572 suae
1594 2533 1810 2571 munus
1829 2515 2073 2571 amittit:

427 2612 484 2663 et
512 2607 641 2662 ideo
676 2605 1148 2678 prospiciendum
1182 2622 1253 2660 ne
1285 2606 1418 2677 quis
1449 2623 1576 2661 eam
1619 2605 1808 2677 pulvis
1865 2602 2078 2660 erroris

424 2694 684 2762 oblimet,
718 2696 820 2748 aut
852 2692 970 2749 ulla
998 2698 1161 2750 vexet
1191 2694 1415 2751 festuca
1446 2694 1706 2766 peccati;
1739 2692 1877 2765 quia
1932 2692 2077 2748 scri-

421 2787 588 2857 ptum
613 2788 735 2839 est:
772 2784 919 2853 Ejice
951 2785 1192 2855 primum
1205 2783 1415 2838 trabem
1444 2782 1507 2839 de
1535 2783 1689 2837 oculo
1712 2786 1824 2846 tuo,
1867 2789 1920 2836 et
1946 2790 2074 2836 tunc

421 2872 628 2927 videbis
659 2873 852 2942 ejicere
881 2874 1149 2943 festucam
1176 2872 1240 2927 de
1281 2873 1434 2928 oculo
1464 2873 1660 2943 fratris
1724 2872 1808 2925 tui
1864 2869 2074 2941 (Matth.

422 2978 524 3016 vn.
558 2961 635 3032 5).

494 3050 583 3105 61.
615 3049 819 3121 Itaque
849 3054 1084 3122 propter
1112 3049 1312 3106 oculos
1342 3051 1538 3105 ferunt
1584 3047 1855 3104 medendi
1910 3046 2078 3119 periti

426 3139 737 3194 cerebrum
765 3138 1020 3195 hominis
1051 3140 1109 3193 in
1142 3139 1328 3211 capite
1357 3138 1636 3208 locatum,
1680 3135 1824 3192 alios
1881 3140 2076 3190 autem

2115 1848 2160 1913 B

2193 582 2403 622 sonum
2437 566 2592 623 vocis
2611 567 2896 624 attonitus
2926 568 3281 636 redderetur,
3344 584 3478 624 cum
3534 567 3688 624 inter
3718 569 3846 640 ipsa

2194 656 2456 712 subsidia
2485 656 2819 728 frequenter
2848 656 3164 728 improviso
3216 655 3370 712 ictus
3429 655 3684 713 clamore
3739 675 3847 714 nos

2192 745 2609 801 obsurdescere
2639 745 3008 801 sentiamus?
3045 746 3195 800 Tum
3225 745 3385 801 velut
3415 746 3682 817 quaedam
3708 765 3844 819 pro-

2192 832 2522 905 pugnacula
2577 834 2772 890 videas
2842 835 3197 907 praetendere
3251 835 3531 891 adversus
3610 834 3851 908 frigoris

2192 923 2585 994 asperitatem,
2618 922 2945 996 calorisque
2976 923 3369 996 ﬂagrantiam;
3431 930 3497 979 ut
3537 941 3725 997 neque
3747 924 3851 979 fri-

2191 1026 2301 1084 gus
2332 1015 2595 1082 penetret
2624 1012 2835 1068 ductus
2866 1016 3151 1084 patentes,
3175 1028 3364 1084 neque
3396 1013 3616 1068 nimius
3637 1014 3857 1069 adurat

2190 1104 2387 1155 castus.
2422 1100 2686 1156 Sinuatio
2716 1106 2912 1157 autem
2945 1101 3290 1157 interiorum
3343 1101 3577 1156 aurium
3636 1103 3853 1158 modu-

2191 1188 2349 1243 landi
2382 1188 2697 1261 quemdam
2738 1206 3051 1246 numerum
3083 1193 3321 1262 praestat
3348 1194 3405 1245 et
3442 1188 3853 1261 disciplinam.

2188 1277 2488 1348 Siquidem
2521 1294 2623 1349 per
2652 1279 2951 1334 anfractus
2983 1278 3216 1334 aurium
3268 1277 3511 1349 quidam
3570 1278 3856 1351 rhytmus

2188 1366 2443 1421 efﬁcitur
2472 1366 2609 1438 (97),
2634 1372 2692 1423 et
2714 1367 2969 1423 modulis
2992 1367 3349 1439 quibusdam
3372 1366 3649 1439 ingressae
3661 1383 3857 1424 sonus

2188 1455 2344 1509 vocis
2375 1454 2737 1527 exprimitur.
2768 1456 3026 1512 Tenaces
3070 1460 3349 1528 praeterea
3402 1456 3692 1512 sermonis
3749 1473 3855 1512 ac-

2191 1543 2339 1615 cepti
2372 1543 2532 1615 ipsos
2553 1560 2680 1600 esse
2701 1545 3000 1600 anfractus
3020 1543 3252 1600 aurium
3276 1561 3419 1600 usus
3450 1543 3576 1617 ipse
3606 1561 3715 1601 nos
3742 1545 3853 1601 do-

2190 1634 2300 1686 cet.
2330 1630 2632 1703 Siquidem
2676 1631 2836 1689 velut
2864 1632 2923 1688 in
2963 1632 3231 1689 concavis
3284 1632 3597 1702 montium,
3635 1632 3727 1689 vel
3788 1634 3855 1689 in

2192 1736 2424 1776 recessu
2456 1721 2716 1793 rupium,
2748 1720 2838 1777 vel
2861 1722 2920 1777 in
2951 1722 3219 1777 anfractu
3249 1721 3567 1777 ﬂuminum
3601 1739 3711 1779 vox
3741 1739 3853 1779 au-

2191 1808 2352 1863 ditur
2378 1808 2621 1877 dulcior,
2654 1814 2713 1866 et
2737 1826 3019 1882 responsa
3047 1809 3249 1866 suavia
3278 1810 3532 1866 referens
3563 1811 3706 1868 echo
3760 1829 3857 1868 re-

2189 1895 2388 1953 sultat.
2422 1898 2562 1969 Ipsm
2594 1915 2826 1970 quoque
2883 1899 3083 1955 sordes
3139 1898 3378 1955 aurium
3437 1915 3554 1955 non
3604 1898 3856 1957 inutiles

2188 2002 2318 2057 qua:
2346 1985 2532 2059 ligant
2566 2004 2795 2043 vocem:
2830 1991 2896 2042 ut
2951 1987 3212 2044 tenacior
3265 1988 3507 2060 ejus‘in
3559 1989 3732 2045 nobis
3797 1995 3858 2046 et

2188 2075 2474 2130 memoria
2503 2076 2600 2142 sit,
2625 2080 2684 2132 et
2705 2077 2912 2149 gratia.

2257 2164 2347 2218 63.
2379 2164 2460 2220 De
2489 2165 2735 2221 naribus
2765 2171 2964 2222 autem
2996 2167 3135 2239 quid
3166 2165 3395 2239 loquar,
3425 2183 3556 2239 quae
3598 2166 3758 2224 bivio
3792 2174 3853 2225 et

2186 2267 2425 2323 procero
2457 2253 2742 2310 foramine
2756 2259 2994 2310 antrum
3019 2255 3319 2327 quoddam
3337 2255 3687 2327 recipiendis
3705 2258 3855 2314 odo-

2187 2341 2351 2397 ribus
2381 2346 2693 2413 praastant;
2728 2347 2793 2399 ut
2821 2359 2937 2398 non
2969 2343 3359 2415 perfunctorie
3385 2345 3527 2400 odor
3555 2349 3849 2417 transeat,

2185 2430 2288 2485 sed
2319 2429 2520 2486 diutus
2552 2431 2832 2488 inhaereat
2860 2431 3123 2501 naribus,
3155 2437 3213 2488 et
3239 2449 3441 2489 earum
3472 2434 3654 2490 ductu
3683 2451 3851 2491 cere-

2186 2518 2379 2585 brum,
2416 2536 2744 2593 sensusque
2782 2521 3058 2593 depascat
3077 2521 3105 2575 ?
3134 2520 3267 2576 Ideo
3297 2521 3518 2577 diutius
3549 2523 3692 2578 odor
3734 2524 3853 2579 ﬂa-

2185 2612 2316 2679 grat
2335 2612 2611 2680 acceptus
2641 2625 2816 2681 quam
2870 2626 3061 2666 sermo
3093 2615 3348 2678 resonat,
3385 2614 3488 2665 aut
3512 2610 3671 2666 visus
3732 2629 3847 2684 ap-

2186 2700 2368 2767 paret.
2401 2696 2753 2769 Plerumque
2784 2699 2939 2770 quod
2973 2703 3268 2754 momento
3296 2698 3455 2754 brevi
3485 2699 3661 2755 fueris
3692 2700 3849 2756 odo-

2186 2789 2373 2851 ratus,
2405 2789 2526 2841 toto
2555 2784 2649 2842 die
2678 2786 2783 2841 tibi
2815 2785 3002 2860 spirat
3028 2787 3088 2843 in
3124 2786 3383 2843 naribus.
3417 2787 3523 2842 Per
3546 2804 3644 2843 eas
3687 2804 3851 2860 quo-

2187 2888 2301 2943 que
2332 2877 2721 2945 purgamenta
2775 2874 2984 2946 capitis
3016 2874 3304 2941 deﬂuunt,
3337 2878 3395 2929 et
3449 2875 3577 2930 sine
3630 2876 3849 2934 fraude

2186 2965 2364 3032 atque
2392 2962 2712 3019 oﬂ‘ensione
2743 2962 2942 3034 aliqua
2966 2963 3228 3036 corporis
3258 2963 3616 3019 derivantur.

2255 3051 2344 3104 64.
2379 3050 2482 3106 Est
2510 3050 2687 3106 etiam
2715 3068 2831 3106 non
2863 3050 3175 3108 mediocris
3204 3068 3415 3107 sensus
3440 3052 3502 3107 in
3533 3055 3716 3121 tactu,
3752 3060 3847 3111 at-

2192 3154 2305 3210 que
2333 3137 2392 3192 in
2419 3154 2485 3194 eo
2515 3138 2787 3211 voluptas
2817 3139 3179 3213 gratissima,
3213 3139 3635 3214 sincerumque
3673 3142 3844 3213 judi-

424 3228 609 3284 nostri
641 3228 901 3301 corporis
931 3244 1142 3284 sensus
1202 3232 1436 3300 propter
1465 3228 1767 3283 cerebrum
1822 3224 2074 3280 ﬁnitimo
2106 3212 2148 3278 C
2185 3225 2364 3282 cium.
2399 3226 2747 3299 Plerumque
2763 3212 2920 3284 enim
2952 3230 3111 3284 tactu
3142 3227 3481 3300 probamus,
3502 3212 3630 3300 qua:
3651 3212 3845 3286 oculis

422 3316 677 3388 quodam
704 3334 833 3373 esse
864 3316 1159 3372 domicilio
1204 3317 1571 3372 constitutos.
1622 3314 1859 3370 Initium
1916 3313 2073 3369 enim

421 3421 732 3461 nervorum
766 3410 822 3461 et
851 3405 1117 3460 omnium
1151 3421 1431 3460 sensuum
1445 3403 1784 3459 voluntariae
1816 3417 2072 3457 commo-

417 3493 596 3549 tionis
624 3495 929 3550 cerebrum
959 3499 1069 3560 est,
1105 3497 1280 3566 atque
1319 3493 1456 3549 inde
1487 3493 1681 3548 omnis
1711 3508 1911 3548 eorum
1945 3507 2073 3561 quas

419 3583 698 3649 diximus,
731 3600 909 3640 causa
938 3586 1154 3639 manat.
1192 3582 1430 3638 Initium
1479 3585 1676 3638 autem
1727 3580 2073 3636 arteriarum

419 3675 476 3728 et
506 3671 668 3727 insiti
706 3671 1059 3744 caloris,quo
1092 3672 1433 3727 animantur
1453 3675 1508 3726 et
1537 3671 1825 3742 tepeﬁunt
1854 3667 2072 3735 vitalia,

419 3776 518 3816 cor
546 3777 673 3817 esse
704 3760 964 3834 plerique
996 3762 1374 3816 arbitrantur.
1405 3761 1701 3816 Sansuum
1730 3763 1925 3813 autem
1954 3757 2072 3812 sin-

419 3849 691 3923 gu’lorum
723 3851 877 3905 velut
908 3867 1195 3923 organum
1230 3848 1546 3905 138nervi
1578 3851 1738 3914 sunt,
1787 3845 1887 3917 qui
1917 3845 2076 3901 velut

417 3939 645 3994 chordae
676 3944 733 3995 et
760 3940 902 3995 ﬁdes
931 3940 1198 4011 quaedam
1244 3939 1314 3994 de
1372 3937 1609 3993 cerebro
1669 3936 1964 3999 oriuntur,
2018 3939 2076 3989 et

415 4044 521 4100 per
552 4032 747 4099 partes
779 4029 1038 4099 corporis
1069 4027 1128 4082 in
1157 4025 1391 4099 singula
1422 4041 1668 4097 quaeque
1697 4023 1894 4080 ofﬁcia
1923 4023 2074 4079 deri-

414 4122 646 4172 vantur.
686 4116 937 4187 Ideoque
969 4115 1205 4171 mollius
1225 4119 1315 4170 est
1342 4114 1562 4169 caeteris
1579 4114 1906 4184 cerebrum,
1938 4111 2076 4184 quia

417 4221 622 4261 omnes
652 4204 902 4276 suscipit
932 4220 1145 4260 sensus
1176 4203 1290 4275 (96)
1316 4220 1329 4271 ;
1372 4203 1527 4257 unde
1556 4218 1761 4257 omnes
1793 4201 1973 4267 nervi,
2020 4205 2077 4256 et

416 4310 531 4365 quo
563 4295 824 4349 referunt
853 4294 1146 4357 universa,
1180 4309 1311 4364 quae
1341 4291 1426 4348 vel
1464 4290 1669 4347 oculus
1700 4290 1931 4358 viderit,
1985 4289 2073 4345 vel

423 4380 581 4434 auris
613 4381 884 4447 audierit,
915 4381 1001 4436 vel
1034 4381 1176 4437 odor
1206 4379 1571 4448 inhalaverit,
1603 4378 1691 4435 vel
1723 4379 1924 4451 lingua
1980 4379 2075 4434 in-

421 4468 734 4539 crepuerit,
784 4470 870 4525 vel
930 4487 994 4525 os
1054 4469 1280 4542 saporis
1332 4469 1640 4541 acceperit.
1691 4468 1859 4532 Quod
1916 4468 2074 4523 enim

423 4554 620 4621 molle,
645 4556 717 4611 ad
735 4559 1204 4629 compassionem
1219 4559 1415 4630 aptius
1439 4575 1451 4613 :
1469 4558 1625 4630 quod
1647 4562 1845 4613 autem
1860 4558 2073 4612 durum

422 4662 492 4701 ex
521 4644 719 4716 aliquo
750 4645 939 4717 rigore
969 4663 1300 4714 nervorum,
1334 4648 1401 4701 ad
1439 4647 1731 4719 agendum
1752 4646 2067 4702 efﬁcacius.

487 4736 579 4789 62.
606 4733 1167 4789 Praestantissimum
1193 4751 1425 4806 quoque
1438 4734 1943 4790 audiendimunus
1960 4740 2069 4804 est,

420 4826 480 4877 et
508 4822 661 4878 visui
693 4838 871 4894 supra
896 4823 1103 4895 gratia.
1139 4823 1269 4879 Ideo
1300 4840 1472 4878 aures
1496 4824 1879 4879 exstantiores
1910 4827 2069 4891 sunt;

415 4915 481 4966 ut
511 4916 568 4968 et
599 4916 842 4967 ornatus
865 4912 1134 4967 decorem
1158 4913 1485 4984 praeferant,
1510 4916 1567 4968 et
1583 4911 1877 4984 excipiant
1899 4928 2072 4967 omne

417 4998 565 5055 illud
592 5000 878 5073 quidquid
910 5001 980 5056 de
1012 5001 1223 5056 vertice
1244 5000 1508 5057 sordium
1531 5000 1866 5057 humorisve
1892 5001 2073 5056 deﬂu-

421 5088 569 5143 xerit
603 5106 616 5157 ;
650 5088 830 5144 simul
863 5094 928 5144 ut
956 5089 1014 5144 in
1060 5106 1263 5145 earum
1296 5088 1526 5145 sinibus
1583 5106 1690 5144 vox
1729 5106 2073 5161 repercussa

420 5177 547 5232 sine
597 5177 915 5233 offensione
967 5178 1276 5235 interiores
1332 5178 1698 5251 ingrediatur
1752 5178 2068 5234 anfractus.

488 5370 600 5441 (95)
626 5372 738 5447 Sex
770 5376 1060 5447 τηεψ,ραί
1078 5378 1347 5431 muneris.
1382 5375 1447 5431 Et
1464 5375 1638 5447 paulo
1673 5379 1848 5447 post.,
1873 5376 2071 5443 Carm,

418 5446 579 5519 Ben.,
611 5443 777 5510 Cum),
821 5449 878 5498 et
906 5444 1003 5519 alii
1052 5446 1169 5501 fere
1212 5464 1418 5503 omnes
1465 5443 1599 5503 ante
1644 5443 2069 5519 ﬁrospiceretur,

419 5513 699 5589 omittunt
730 5516 1120 5589 negationem.

489 5585 602 5655 (96)
635 5585 776 5640 Mss.
811 5586 1052 5657 aliquot,
1084 5593 1139 5643 et
1170 5591 1309 5645 edit.
1337 5593 1477 5658 vet.,
1530 5591 1673 5647 unde
1703 5606 1888 5647 omnes
1918 5593 2075 5646 nervi

418 5658 973 5735 qua‘runtaniversa.
1009 5659 1203 5730 Rom.,
1235 5678 1295 5719 eo
1314 5665 1464 5735 enim
1476 5665 1633 5719 nervi
1658 5665 1907 5735 referunt
1934 5664 2070 5718 uni-

413 5727 588 5788 uersa.
619 5727 735 5786 Alii
764 5728 993 5787 codices
1029 5747 1146 5788 non
1175 5727 1367 5805 pauci,
1401 5734 1544 5793 unde
1573 5741 1628 5792 et
1648 5727 1828 5805 nervi,
1857 5738 1910 5791 et
1947 5750 2066 5808 quae

2181 3316 2427 3387 probare
2457 3333 2572 3372 non
2605 3333 2945 3389 possumus.

2250 3404 2341 3460 65.
2374 3406 2741 3461 Postremum
2774 3421 3007 3478 quoque
3047 3404 3308 3461 ofﬁcium
3331 3409 3422 3462 est
3449 3405 3567 3462 oris
3596 3409 3698 3461 aut
3731 3404 3852 3462 lin-

2182 3510 2329 3566 8033,
2358 3495 2512 3566 quod
2544 3498 2744 3550 tamen
2775 3494 3053 3550 omnibus
3108 3494 3260 3549 vires
3310 3494 3626 3551 ministrat.
3684 3494 3849 3552 Nam

2182 3598 2374 3653 neque
2399 3581 2550 3638 oculi
2580 3581 2836 3655 vigorem
2880 3580 3115 3637 videndi
3144 3580 3447 3647 haberent,
3471 3581 3586 3636 nisi
3642 3581 3844 3637 virtu—

2181 3675 2300 3726 tem
2359 3671 2702 3743 substantise
2766 3669 3087 3743 corporalis
3118 3670 3469 3741 acciperent,
3527 3686 3656 3742 quae
3704 3669 3851 3726 cibo

2182 3760 2444 3815 defertur
2472 3764 2530 3815 et
2559 3763 2722 3832 potu,
2753 3775 2942 3831 neque
2972 3775 3143 3815 aures
3186 3758 3481 3827 audiendi,
3515 3762 3616 3815 aut
3664 3775 3855 3815 nares

2184 3849 2486 3917 odorandi,
2519 3853 2623 3905 aut
2649 3865 2858 3904 manus
2885 3848 3185 3920 tangendi,
3247 3846 3361 3903 nisi
3418 3864 3632 3920 corpus
3662 3864 3856 3905 omne

2183 3938 2540 3994 confortetur
2571 3937 2885 3994 alimentis.
2919 3936 3236 3993 Deﬁcimus
3258 3937 3417 3992 enim
3446 3935 3690 4002 viribus,
3714 3937 3848 3993 nisi

2183 4042 2282 4083 eas
2300 4026 2411 4083 cibi
2428 4026 2813 4099 competentia
2835 4025 3183 4082 assiduitate
3204 4040 3567 4098 reparemus.
3581 4023 3862 4098 Denique

2183 4115 2427 4171 confecti
2458 4115 2611 4170 fame
2640 4113 2819 4170 nullis
2848 4112 3217 4169 oblectantur
3246 4129 3533 4169 sensuum
3572 4111 3859 4186 volupta-

2182 4204 2365 4272 tibus,
2398 4204 2497 4260 sed
2533 4202 2703 4275 quasi
2737 4206 2997 4259 exsortes
3027 4218 3230 4258 eorum
3290 4200 3671 4258 delinimenta
3726 4219 3861 4259 non

2185 4293 2468 4348 sentiunt.

2255 4382 2409 4438 189
2439 4381 2529 4437 66.
2563 4380 2711 4447 Quid
2743 4396 2849 4453 ego
2885 4379 3214 4436 describam
3273 4379 3540 4436 dentium
3595 4378 3860 4449 vallum,

2185 4486 2301 4542 quo
2322 4469 2487 4525 cibus
2545 4469 2873 4537 conﬁcitur,
2905 4473 2962 4525 et
2985 4468 3168 4542 plenaa
3198 4468 3264 4523 ﬁt
3290 4469 3450 4524 vocis
3495 4469 3809 4540 expressio
3830 4468 3862 4522 ‘f

2103 4581 2151 4646 Β
2183 4559 2317 4624 Quae
2348 4558 2473 4614 sine
2505 4558 2782 4614 dentibus
2836 4557 3117 4614 alimonia
3169 4555 3529 4646 delectaret?
3572 4557 3860 4630 Denique

2181 4647 2284 4701 aevi
2313 4652 2576 4703 maturos
2606 4646 2955 4720 plerumque
3011 4646 3309 4703 cernimus
3358 4645 3469 4701 hoc
3501 4646 3628 4717 ipso
3659 4646 3859 4704 citius

2182 4752 2502 4806 senescere,
2537 4736 2692 4808 quod
2726 4736 2964 4792 amissis
2995 4735 3271 4791 dentibus
3329 4734 3553 4791 nullam
3610 4736 3868 4807 possint

2181 4824 2295 4880 cibi
2326 4824 2600 4880 virtutem
2627 4824 2926 4881 validioris
2955 4840 3277 4881 assumere.
3303 4824 3433 4880 Ideo
3455 4827 3620 4880 muta
3644 4824 3860 4881 infan-

2180 4913 2280 4981 tia,
2315 4913 2453 4986 quia
2484 4931 2600 4970 non
2632 4913 2809 4970 habet
2833 4913 3026 4970 adhuc
3055 4929 3343 4987 organum
3373 4913 3554 4968 vocis.

2251 5003 2341 5058 67.
2376 5003 2619 5076 Linguae
2647 5018 2881 5076 quoque
2911 5019 3029 5058 non
3060 5001 3253 5058 solum
3284 5001 3344 5058 in
3377 5000 3693 5074 loquendo,
3737 5003 3861 5058 sed

2182 5092 2358 5148 etiam
2374 5091 2431 5147 in
2446 5093 2670 5149 edendo
2693 5109 2911 5148 munus
2934 5091 3430 5164 pretiosissimum
3453 5093 3561 5147 est.
3577 5089 3659 5145 Ea
3677 5090 3861 5149 enim

2179 5178 2339 5236 velut
2368 5179 2656 5253 plectrum
2688 5179 3006 5254 loquentis,
3037 5183 3096 5237 et
3126 5180 3393 5253 quaedam
3455 5175 3681 5234 edentis
3750 5183 3862 5235 est

2178 5380 2594 5450 referunt,_etc.
2624 5375 2860 5450 pptime
2913 5377 3053 5450 Ben.
3086 5380 3154 5432 ut
3183 5376 3243 5450 in
3271 5378 3457 5432 textu.

2250 5443 2752 5526 (97)__Mss.mGe'n,
2811 5465 2878 5505 ac
2931 5449 3054 5526 I3ig.
3111 5447 3338 5526 quidam
3367 5454 3561 5526 ξπόμος,
3716 5449 3856 5526 est,

2180 5514 2514 5593 garrulitas.
2536 5518 2648 5593 Alii
2681 5514 3061 5593 atque‘editT,
3077 5514 3301 5593 quidam
3330 5514 3855 5593 rhytmus,_id_es_t,

2177 5584 2463 5719 Crviiuluierus
2495 5584 2779 5660 musicus;
2799 5590 2889 5650 vel
2941 5597 3007 5649 ut
3032 5584 3171 5649 Ben.
3205 5590 3359 5647 inter
3398 5584 3593 5647 lineas
3612 5584 3809 5643 habet
3838 5584 3855 5657 ζ

2217 5680 2250 5719 u
2275 5680 2356 5719 cis
2404 5679 2592 5719 sonus.

2217 5679 2356 5719 αιετδ
2404 5679 2568 5722 δοηηδ
2580 5706 2592 5718 .
