4084 6188
268 359 385 426 985

1541 349 2080 419 HEXAEMERON
2122 352 2269 416 LIB.
2312 353 2412 418 Vl.

3554 361 3672 424 286

267 510 505 565 manus,
532 509 662 567 qua
684 491 1035 552 deﬂuentem
1061 492 1258 550 cibum
1280 491 1556 549 dentibus
1576 493 1840 566 suggerit
1861 497 1918 549 et
1945 488 1999 554 A
2030 493 2253 546 rentem
2286 489 2491 547 divinis
2522 489 2717 565 arguit
2743 490 2901 551 vocis
2928 490 3183 551 oraculo.
3230 491 3381 551 Illud
3436 511 3669 570 quoque

268 585 588 641 ministrat.
622 585 743 639 Vox
772 600 1004 656 quoque
1034 584 1185 639 aeris
1215 583 1470 656 quodam
1503 582 1745 655 remigio
1761 582 1916 637 vehi-

264 679 379 739 tur,
403 677 464 728 et
481 689 585 746 per
604 671 777 728 inane
804 678 1086 744 portatur,
1112 673 1433 744 eademque
1459 672 1543 727 vis
1566 689 1694 743 quae
1721 687 1911 727 aerem

265 763 554 825 verberat,
580 778 735 816 nunc
758 765 1100 827 commovet,
1124 778 1279 816 nunc
1305 760 1597 817 demulcet
1624 760 1918 816 audientis

266 850 567 915 allectum,
592 849 804 905 iratum
830 850 1079 921 mitigat,
1106 851 1352 905 fractum
1371 850 1563 923 erigit,
1584 848 1807 907 solatur
1822 850 1920 905 do-

264 939 507 995 lentem.
552 938 641 994 Sit
670 938 852 1010 igitur
881 939 1049 995 nobis
1096 955 1377 995 canorum
1428 956 1736 995 commune
1784 956 1917 994 cum

268 1028 497 1085 avibus.
522 1027 635 1083 Sed
655 1028 808 1099 apud
828 1046 1003 1100 quem
1025 1046 1140 1100 quo
1163 1045 1305 1084 sono
1330 1029 1487 1084 vocis
1510 1033 1727 1097 utatur,
1763 1029 1917 1100 quod

267 1122 365 1173 est
394 1116 758 1181 rationabile,
792 1134 906 1173 non
939 1121 1129 1189 potest
1158 1134 1291 1173 cum
1319 1117 1592 1174 omnibus
1614 1117 1920 1173 animanti-

268 1206 386 1261 bus
415 1204 856 1261 irrationalibus
886 1204 1108 1262 scilicet
1137 1223 1265 1262 esse
1307 1224 1637 1263 commune.
1679 1207 1825 1262 Nam
1866 1211 1923 1262 et

268 1293 388 1367 ipsi
415 1310 630 1349 sensus
655 1310 1000 1350 communes
1022 1294 1192 1351 nobis
1212 1300 1498 1351 suntcum
1520 1295 1921 1351 animantibus

267 1382 539 1439 ceteris:
574 1383 677 1438 sed
708 1387 903 1439 tamen
934 1401 1046 1439 non
1080 1384 1283 1440 eadem
1303 1384 1396 1440 his
1416 1389 1633 1440 caterua
1655 1385 1921 1439 animan-

266 1475 365 1528 tes
395 1470 690 1527 industria
720 1476 985 1528 utuntur.
1022 1472 1200 1545 Erigit
1220 1473 1433 1529 bucula
1461 1474 1531 1529 ad
1560 1473 1768 1529 coelum
1794 1490 1925 1529 ocu-

264 1559 387 1625 los,
421 1560 524 1616 sed
555 1559 697 1631 quid
725 1564 943 1632 spectet
974 1562 1221 1633 ignorat.
1245 1562 1488 1635 Erigunt
1514 1562 1665 1629 ferae,
1690 1564 1925 1634 erigunt

264 1665 438 1708 aves.
471 1648 746 1705 omnibus
784 1654 871 1705 est
918 1649 1066 1706 liber
1109 1656 1412 1723 aspectus;
1464 1652 1565 1707 sed
1614 1651 1720 1708 soli
1772 1652 1925 1707 inest

262 1738 504 1794 homini
536 1755 739 1794 eorum
770 1756 896 1811 quae
921 1740 1130 1811 aspicit
1168 1740 1410 1797 affectus
1444 1740 1750 1812 interpres.
1783 1741 1921 1812 Spe-

2025 579 2406 651 przecipuum,
2448 582 2603 653 quod
2646 580 2756 637 soli
2804 582 3072 639 homines
3118 601 3214 640 ore
3256 585 3665 661 exprimimus,

2027 684 2154 740 qua;
2211 669 2381 725 corde
2428 670 2737 726 sentimus.
2792 671 2992 744 Itaque
3047 674 3430 747 cogitationes
3480 675 3669 731 tacitas

2027 756 2262 823 mentis,
2288 758 2406 813 oris
2437 776 2703 815 sermone
2732 761 3061 833 signantur.
3095 764 3240 827 Quid
3277 770 3367 819 est
3397 766 3576 837 igitur
3605 781 3669 820 os

2026 845 2305 914 hominis,
2339 846 2450 903 nisi
2482 848 2778 919 quoddam
2810 851 3096 906 sermonis
3128 852 3372 919 aditum,
3396 854 3528 910 fons
3557 854 3674 909 dis-

2028 934 2371 1006 putationis,
2405 934 2540 991 aula
2567 938 2895 1004 verborum,
2922 942 3391 1012 promptuarium
3414 943 3675 1000 volunta-

2027 1022 2147 1079 tis?
2178 1023 2547 1081 Ahsolvimus
2576 1026 2732 1081 velut
2762 1028 3079 1098 quamdam
3120 1029 3365 1086 humani
3414 1033 3673 1104 corporis

2029 1112 2268 1185 regiam,
2304 1113 2361 1168 in
2395 1131 2511 1186 qua
2537 1114 2615 1170 sit
2639 1114 2774 1170 licet
2803 1118 3068 1188 quaedam
3108 1120 3407 1191 quantitas
3453 1122 3674 1192 portio-

2031 1202 2144 1267 nis,
2178 1203 2363 1258 forma
2394 1208 2586 1259 tamen
2620 1204 3017 1263 universitatis
3046 1213 3153 1262 est.

2100 1292 2189 1344 69.
2225 1293 2503 1363 Sequitur
2528 1298 2731 1366 guttur
2759 1311 2861 1366 per
2890 1296 3044 1366 quod
3074 1295 3252 1351 totius
3284 1296 3543 1369 corporis
3588 1297 3672 1352 vi-

2030 1379 2145 1435 tale
2174 1381 2611 1448 commercium,
2646 1388 2702 1438 et
2726 1384 2971 1456 spiritus
3002 1384 3177 1456 hujus
3210 1391 3572 1443 commeatus
3594 1387 3679 1442 in-

2032 1468 2319 1525 funditur.
2353 1471 2686 1526 Succedunt
2710 1472 2968 1540 brachia,
3002 1477 3059 1528 et
3103 1473 3280 1529 validi
3326 1474 3675 1531 lacertorum

2031 1556 2165 1624 tori,
2200 1558 2401 1613 validae
2428 1560 2499 1614 ad
2532 1561 2895 1631 operandum
2950 1579 3181 1627 manus,
3233 1566 3290 1618 et
3335 1564 3679 1636 proceriori-

2033 1645 2145 1700 bus
2176 1645 2380 1718 digitis
2409 1647 2633 1703 habiles
2654 1650 2726 1704 ad
2760 1650 3099 1705 tenendum.
3132 1651 3276 1706 Hinc
3307 1652 3496 1723 aptior
3534 1670 3679 1710 usus

2034 1736 2331 1806 operandi,
2366 1735 2501 1791 hinc
2533 1737 2825 1793 scribendi
2856 1738 3163 1811 elegantia,
3199 1744 3256 1794 et
3286 1739 3384 1795 ille
3414 1740 3676 1797 calamus

261 1830 398 1884 atat
422 1826 607 1883 oculis
638 1832 802 1884 ortus
833 1827 1147 1901 obitusque
1179 1829 1505 1901 signorum,
1555 1830 1712 1884 videt
1754 1846 1921 1885 orna-
1956 1861 2005 1925 Β
2034 1822 2237 1878 scribae
2266 1824 2538 1880 velociter
2576 1826 2905 1894 scribentis,
2957 1844 3073 1899 quo
3123 1827 3331 1883 divinae
3380 1829 3537 1885 vocis
3583 1846 3680 1885 ex-

260 1920 548 1972 mentum
580 1915 728 1983 cceli,
781 1917 1029 1973 miratur
1077 1916 1378 1974 stellarum
1431 1919 1620 1985 orbes,
1672 1919 1928 1991 fulgores

263 2021 517 2078 quoque
542 2005 804 2061 diversos
833 2005 1108 2079 intelligit
1138 2006 1505 2079 singulorum
1531 2008 1662 2079 (98),
1697 2008 1929 2079 quando

261 2093 567 2165 hesperus
597 2098 819 2167 surgat,
856 2096 1093 2166 quando
1125 2094 1363 2150 lucifer:
1397 2112 1501 2151 cur
1530 2095 1625 2151 ille
1649 2096 1929 2168 vesperti-

266 2199 420 2249 nus,
467 2181 560 2237 hic
609 2183 938 2239 matutinus
988 2184 1261 2240 irradiet:
1314 2201 1461 2256 quos
1511 2192 1704 2240 motus
1754 2184 1929 2240 Orion

263 2271 521 2338 habeat,
567 2287 711 2343 quos
761 2270 902 2327 luna
948 2272 1246 2328 defectus:
1299 2274 1797 2345 quemadmodum
1846 2272 1931 2328 sol

267 2375 433 2415 suos
465 2359 616 2414 norit
661 2375 923 2422 occasus,
976 2359 1257 2417 circuitus
1305 2377 1538 2434 quoque
1583 2378 1793 2417 cursus
1841 2361 1933 2416 sui

266 2446 656 2503 solemnitate
687 2448 995 2504 custodiat.
1045 2449 1307 2505 Audiunt
1333 2467 1566 2521 quoque
1605 2451 1933 2506 animantes

270 2540 530 2603 caeteris,
565 2536 664 2592 sed
696 2537 830 2608 quis
862 2542 1068 2609 praeter
1095 2537 1390 2594 hominem
1414 2538 1704 2595 audiendo
1730 2555 1937 2611 cogno-

272 2624 445 2682 scit?
467 2625 699 2681 Secreta
726 2626 1023 2696 sapientiae
1055 2627 1217 2683 solus
1248 2627 1422 2683 homo
1452 2645 1520 2683 ex
1551 2628 1826 2683 omnibus
1846 2643 1937 2699 ge-

272 2712 535 2770 neribus
560 2730 687 2786 quae
717 2715 778 2769 in
811 2715 981 2771 terris
1012 2720 1168 2779 sunt,
1202 2716 1405 2773 auditu
1457 2722 1516 2773 et
1563 2716 1936 2773 meditatione

270 2808 341 2860 et
380 2802 689 2875 prudentia
731 2803 972 2876 colligit,
1024 2804 1123 2877 qui
1173 2808 1364 2876 potest
1418 2806 1641 2862 dicere:
1689 2804 1936 2861 Audiam

271 2891 430 2964 quid
468 2891 740 2963 loquatur
760 2892 817 2946 in
852 2909 946 2948 me
974 2892 1260 2948 Dominus
1290 2894 1463 2950 Deus.
1500 2894 1618 2950 Hoc
1666 2899 1756 2950 est
1803 2910 1936 2966 pre-

273 2980 708 3046 tiosissimum,
739 2982 892 3053 quod
924 2981 1099 3037 homo
1120 2981 1326 3037 divinis
1348 2982 1506 3038 vocis
1531 2983 1607 3038 sit
1627 2998 1935 3055 organum,

272 3073 347 3126 et
381 3067 782 3139 corporalibus
811 3068 983 3125 labiis
1022 3070 1295 3142 exprimit
1337 3071 1569 3127 coeleste
1612 3071 1937 3138 oraculum,

273 3157 450 3214 sicut
480 3155 615 3212 illuc
645 3162 772 3213 est:
817 3157 1024 3214 Clama.
1079 3159 1219 3227 Quid
1259 3161 1550 3215 clamabo?
1596 3159 1784 3216 Omnis
1814 3176 1940 3216 caro

2039 1912 2380 1983 primuntur
2410 1914 2664 1969 oracula.
2698 1915 2905 1971 Manus
2936 1920 3025 1972 est
3055 1934 3180 1988 quae
3212 1917 3408 1973 cibum
3438 1918 3524 1974 ori
3574 1919 3684 1974 mi-

2038 2000 2247 2057 nistrat
2270 2018 2281 2056 :
2319 2019 2531 2058 manus
2563 2008 2649 2059 est
2680 2021 2808 2077 qua:
2829 2004 3122 2078 praeclaris
3143 2005 3323 2062 enitet
3342 2006 3531 2073 factis,
3556 2024 3684 2080 quae

2040 2089 2400 2145 conciliatrix
2425 2091 2631 2147 divinae
2660 2092 2859 2165 gratiae
2891 2094 3073 2150 sacris
3102 2094 3350 2150 infertur
3377 2094 3683 2163 altaribus,
3752 2104 3757 2113 ‘

2040 2196 2142 2251 per
2175 2195 2347 2250 quam
2382 2180 2682 2236 offerimus
2712 2186 2770 2237 et
2797 2182 3091 2238 sumimus
3123 2188 3487 2241 sacramenta
3515 2184 3688 2241 coele-

2041 2269 2154 2323 stia
2180 2285 2193 2334 ;
2228 2285 2438 2324 manus
2469 2275 2557 2326 est
2573 2288 2700 2342 quae
2724 2275 2998 2343 operatur
3023 2273 3239 2344 pariter
3259 2278 3434 2345 atque
3451 2274 3686 2347 dispen-

2043 2360 2134 2412 sat
2164 2355 2360 2412 divina
2389 2360 2687 2430 mysteria,
2720 2362 2889 2431 cujus
2920 2360 3200 2417 vocabulo
3244 2378 3359 2417 non
3408 2362 3687 2435 dedigna-

2041 2449 2138 2501 tus
2169 2450 2258 2500 est
2290 2462 2352 2501 se
2383 2446 2484 2501 Dei
2516 2447 2676 2503 ﬁlius
2708 2449 3009 2517 declarari,
3045 2449 3272 2506 dicente
3303 2451 3482 2507 David
3512 2453 3687 2508 ιορω-

2040 2536 2159 2588 tera
2189 2535 2409 2590 Domini
2437 2537 2568 2606 fecit
2598 2537 2874 2605 virtutem,
2907 2537 3129 2595 dextera
3161 2541 3387 2595 Domini
3430 2542 3694 2597 exultavit

2042 2637 2129 2676 me
2158 2622 2324 2693 (Psal.
2358 2639 2529 2691 cxvn,
2563 2624 2670 2695 16).
2718 2625 2928 2681 Manus
2976 2631 3067 2681 est
3116 2644 3241 2699 quae
3292 2627 3426 2683 fecit
3469 2629 3687 2696 omnia,

2045 2709 2197 2765 sicut
2227 2710 2368 2765 dixit
2402 2712 2555 2768 Deus
2578 2713 2947 2785 omnipotens
2972 2731 2983 2768 :
3010 2715 3212 2770 Nonne
3234 2732 3445 2771 manus
3468 2733 3596 2773 mea
3613 2718 3689 2789 (2)

2047 2798 2180 2854 fecit
2209 2799 2330 2856 haec
2360 2800 2560 2857 omnia
2606 2804 2731 2869 (lsa.
2785 2820 2930 2872 LXVI,
2979 2803 3075 2875 2)?
3122 2804 3328 2860 Manus
3376 2809 3466 2860 est
3509 2806 3691 2861 totius

2046 2887 2304 2959 corporis
2331 2890 2860 2962 prepugnaculum,
2888 2892 3097 2964 capitis
3132 2893 3507 2948 defensatrix.
3555 2896 3689 2960 Quae

2047 2993 2181 3032 cum
2214 2977 2290 3033 sit
2319 2977 2444 3034 loco
2477 2979 2734 3045 inferior,
2766 2984 2955 3037 totum
2984 2982 3254 3038 verticem
3287 2983 3485 3050 comit,
3509 2986 3567 3038 et
3588 2982 3690 3038 ho-

2049 3070 2213 3122 nesto
2242 3072 2515 3123 venustat
2543 3073 2774 3125 ornatu.

2117 3158 2207 3211 70.
2241 3157 2381 3222 Quis
2413 3156 2585 3229 digne
2616 3157 2863 3230 explicet
2892 3158 3143 3232 pectoris
3173 3163 3414 3225 cratem,
3446 3159 3694 3216 ventris-

272 3249 490 3319 fenum
527 3247 651 3315 (ιεα.
700 3264 790 3313 xc,
831 3248 907 3318 6).
954 3248 1191 3318 Accepit
1238 3249 1393 3320 quod
1442 3249 1677 3315 diceret,
1727 3254 1784 3304 et
1824 3249 1937 3305 cla-
1970 3228 2014 3296 C
2052 3261 2165 3317 que
2198 3228 2549 3301 mollitiem?
2579 3228 2763 3303 Alit—er
2791 3228 2949 3303 enim
2990 3249 3214 3303 viscera
3261 3247 3530 3304 molliora
3576 3266 3691 3304 non

279 3333 503 3390 mavit.
535 3332 653 3389 Sibi
680 3333 932 3390 habeant
960 3337 1331 3407 prudentiam
1360 3355 1528 3393 suam
1560 3338 1660 3409 qui
1680 3337 1807 3393 cceli
1826 3342 1940 3393 ter-

279 3438 615 3495 rarumque
646 3423 834 3495 spatia
861 3425 1021 3480 radio
1054 3425 1412 3482 describunt.
1437 3426 1558 3482 Sibi
1578 3426 1832 3487 habeant
1852 3427 1941 3481 in-

280 3510 599 3567 tellectum
628 3527 825 3580 suum,
855 3512 927 3568 de
957 3529 1072 3584 quo
1118 3513 1258 3568 dicit
1302 3513 1624 3570 Dominus:
1672 3518 1737 3570 Et
1776 3516 1941 3571 intel-

281 3602 500 3657 lectum
521 3600 874 3672 prudentium
922 3602 1217 3673 reprobabo
1271 3604 1316 3673 (l
1341 3602 1460 3658 Cor.
1495 3620 1531 3670 ι,
1584 3603 1695 3673 49).
1745 3604 1943 3676 Neque

282 3704 578 3746 numeros
607 3688 886 3745 orationis
908 3707 976 3746 ac
1008 3691 1232 3756 modos,
1266 3695 1324 3746 et
1353 3690 1621 3747 modulos
1654 3692 1765 3763 (99)
1815 3709 1942 3748 mu-

280 3779 433 3835 sica:
459 3777 752 3851 sapientiae
777 3778 1129 3835 constituam
1162 3779 1221 3833 in
1254 3778 1413 3849 loco;
1438 3781 1537 3836 sed
1563 3796 1692 3836 eam
1713 3781 1942 3853 sapien-

281 3868 444 3923 tiam
495 3866 727 3933 definio,
769 3867 839 3922 de
894 3883 1013 3939 qua
1056 3867 1195 3922 dicit
1244 3867 1566 3939 Propheta:
1625 3870 1837 3925 Incerta
1890 3874 1943 3925 et

281 3955 510 4013 occulta
534 3957 825 4027 sapientia:
852 3965 965 4014 ινιτ
990 3958 1359 4028 manifestasti
1387 3958 1533 4014 mihi
1577 3960 1747 4030 (Psal.
1780 3977 1830 4025 ι,
1863 3959 1941 4027 8).

370 4044 464 4099 68.
497 4043 642 4107 Quid
675 4049 871 4100 autem
899 4045 1106 4117 loquar
1135 4046 1206 4101 de
1238 4045 1438 4101 osculo
1467 4047 1606 4116 oris,
1640 4048 1794 4119 quod
1819 4047 1944 4120 pie-

283 4133 441 4189 tatis
469 4136 526 4188 et
553 4131 856 4189 charitatis
887 4142 971 4190 est
1004 4133 1261 4207 pignus?
1291 4133 1647 4191 Osculantur
1674 4153 1735 4193 se
1761 4140 1819 4192 et
1849 4153 1943 4192 co-

286 4222 536 4287 lumbae,
559 4222 660 4277 sed
688 4221 829 4294 quid
855 4223 927 4278 ad
944 4222 1189 4278 humani
1216 4223 1401 4280 osculi
1419 4228 1804 4293 venustatem,
1829 4242 1944 4297 quo

290 4310 572 4368 amicitia
604 4310 832 4383 insigne
860 4310 1365 4384 humanitatisque
1398 4313 1719 4386 praetulget,
1746 4314 1805 4369 in
1829 4331 1944 4386 quo

290 4399 488 4473 plene
517 4398 815 4455 charitatis
845 4398 1036 4456 ﬁdelis
1066 4400 1414 4473 exprimitur
1457 4402 1739 4458 affectus?
1786 4402 1948 4459 Unde

291 4492 359 4545 et
388 4488 673 4544 Dominus
701 4487 859 4544 velut
888 4488 1143 4561 prodigii
1175 4506 1360 4562 genus
1387 4491 1447 4545 in
1478 4491 1773 4562 proditore
1809 4509 1947 4547 con-

2050 3338 2292 3405 possent
2321 3333 2523 3402 foveri,
2557 3339 2613 3390 et
2643 3336 3057 3392 intestinorum
3105 3337 3271 3393 sinus
3320 3337 3484 3393 duris
3530 3337 3691 3393 haud

2050 3421 2227 3477 dubie
2248 3421 2482 3478 ossibus
2505 3422 2871 3479 laederentur.
2902 3425 3049 3490 Quid
3071 3429 3191 3481 tam
3215 3425 3488 3495 salutare,
3514 3443 3691 3498 quam

2052 3515 2118 3566 ut
2147 3510 2348 3581 pulmo
2377 3511 2535 3567 cordi
2568 3511 2817 3568 ﬁnitimo
2847 3513 3033 3569 limite
3058 3514 3410 3587 jungeretur
3433 3532 3445 3582 ;
3471 3521 3536 3570 ut
3559 3531 3693 3571 cum

2051 3599 2332 3655 exarserit
2360 3616 2459 3654 cor
2488 3599 2574 3655 ira
2603 3604 2662 3655 et
2689 3600 3110 3674 indignatione,
3139 3602 3437 3675 pulmonis
3459 3605 3694 3676 sangui-

2051 3704 2124 3744 ne
2136 3693 2307 3759 atque
2320 3688 2564 3744 humore
2584 3689 2756 3745 citius
2782 3694 3138 3762 temperetur
3152 3692 3179 3747 ?
3196 3692 3446 3764 Ideoque
3468 3684 3700 3748 mollior

2052 3776 2252 3849 pulmo
2286 3780 2394 3845 est,
2426 3778 2568 3849 quia
2598 3778 2793 3834 madet
2822 3795 3072 3852 semper,
3107 3780 3285 3835 simul
3329 3786 3392 3835 ut
3445 3782 3695 3853 rigorem

2051 3866 2475 3939 indignationis
2505 3867 2783 3923 emolliat.
2816 3872 2948 3924 Huic
2978 3868 3106 3923 ideo
3136 3868 3385 3925 strictim
3417 3870 3700 3940 percurri-

2054 3971 2207 4022 mus,
2245 3960 2306 4010 ut
2343 3959 2625 4027 tanquam
2676 3956 2891 4012 indocti
2937 3957 3014 4029 (3)
3062 3957 3233 4012 obvia
3280 3957 3695 4029 perstringere,

2054 4061 2169 4100 non
2200 4049 2480 4115 tanquam
2515 4045 2725 4101 medici
2756 4044 2987 4116 plenius
3015 4045 3264 4101 scrutari
3310 4045 3614 4101 videamur
3640 4049 3697 4101 et

2052 4132 2323 4204 persequi
2354 4150 2480 4205 quae
2511 4137 2731 4189 natura:
2763 4133 3026 4190 latibulis
3057 4135 3397 4191 abscondita
3427 4139 3583 4190 sunt.

2118 4220 2213 4276 7t.
2247 4222 2383 4277 Lien
2412 4239 2644 4295 quoque
2675 4240 2808 4279 cum
2832 4224 3029 4295 jecore
3057 4223 3230 4279 habet
3263 4223 3533 4279 viciniam
3576 4223 3698 4279 fru-

2054 4313 2339 4380 ctuosam,
2373 4310 2471 4383 qui
2498 4312 2641 4367 dum
2671 4312 2921 4368 assumit
2951 4329 3066 4383 quo
3096 4312 3223 4384 ipse
3254 4317 3547 4384 pascatur,
3571 4312 3701 4368 abs-

2052 4399 2227 4472 tergit
2273 4399 2558 4472 quidquid
2615 4401 2878 4456 sordium
2926 4399 3411 4473 deprehenderit;
3475 4404 3540 4456 ut
3600 4418 3703 4473 per

2054 4486 2233 4543 ﬁbras
2255 4487 2471 4559 jecoris
2502 4488 2845 4544 minutiores
2864 4489 2940 4560 (4)
2964 4489 3227 4544 ciborum
3255 4488 3481 4561 possint
3496 4492 3704 4546 tenues

293 4578 593 4633 demnans
643 4576 760 4631 ait:
811 4577 972 4645 Juda,
1023 4578 1202 4633 osculo
1247 4580 1455 4634 Filium
1505 4581 1660 4636 140
1708 4580 1946 4637 hominis
1976 4593 2025 4660 D
2056 4580 2233 4649 atque
2263 4576 2508 4632 subtiles
2540 4576 2798 4649 reliquiae
2830 4579 3101 4646 transire,
3136 4595 3263 4651 quae
3293 4582 3594 4635 vertantur
3640 4579 3700 4633 in

293 4666 477 4723 tradis
505 4666 656 4737 (Luc.
696 4682 836 4736 xxu,
888 4665 1006 4738 48)!
1061 4666 1171 4721 hoc
1215 4672 1321 4734 est,
1368 4667 1670 4723 charitatis
1716 4668 1949 4742 insigne

293 4753 590 4811 convertis
620 4753 693 4809 ad
724 4752 959 4827 signum
992 4753 1338 4826 proditionis
1368 4760 1425 4811 et
1454 4755 1819 4812 infidelitatis
1855 4758 1947 4813 in-

295 4842 567 4899 dicium?
598 4842 761 4897 Pacis
784 4842 894 4898 hoc
928 4842 1170 4915 pignore
1200 4844 1383 4900 uteris
1412 4845 1484 4900 ad
1514 4844 1773 4902 ofﬁcium
1819 4863 1947 4902 cru-

294 4930 562 4989 delitatis
592 4930 708 5003 (4)?
738 4930 975 4987 Bestiali
1008 4930 1190 5003 igitur
1217 4932 1335 4987 oris
1366 4932 1646 5006 obsequio
1694 4933 1948 4990 inferen-

295 5024 418 5075 tem
444 5019 642 5092 potius
684 5035 906 5089 necem,
956 5036 1134 5092 quam
1183 5020 1484 5077 charitatis
1531 5023 1745 5079 foedera
1792 5024 1946 5080 defe-

376 5169 485 5241 (98)
517 5170 605 5226 Ita
644 5186 788 5225 mss.
838 5170 1136 5226 tredecim.
1185 5170 1294 5226 Alii
1344 5188 1473 5227 vero
1522 5177 1579 5229 et
1619 5174 1758 5228 edit.
1809 5178 1946 5238 vet.,

298 5242 561 5310 ἱπίειιίριι
596 5245 902 5310 signorum.
962 5242 1199 5298 Rom....
1246 5253 1540 5299 astrorum.
1576 5245 1800 5300 Rursus
1849 5247 1950 5301 ubi

299 5313 442 5368 edit.
476 5313 669 5378 Rom.,
700 5330 829 5384 quos
858 5317 1013 5369 ortus
1043 5314 1230 5370 Orion.
1263 5315 1402 5369 Aliae
1434 5321 1489 5370 et
1528 5333 1673 5371 mss.
1726 5316 1946 5389 legunt,

300 5400 433 5457 θυοδ
461 5393 658 5457 τηρξα-ς»
686 5390 793 5457 etc-

374 5455 487 5527 (99)
517 5454 816 5529 Vet._edit,
850 5472 983 5529 cum
1012 5472 1159 5529 mss.
1195 5455 1436 5529 aliquot,
1468 5473 1742 5529 numeros,
1778 5461 1947 5514 ratio-

299 5526 418 5594 nes,
451 5526 514 5582 ac
540 5527 725 5583 modos
747 5536 799 5583 et
832 5528 1102 5594 modulos,
1155 5531 1263 5582 etc.
1293 5526 1448 5583 ‘Gill.
1501 5534 1557 5583 et
1599 5528 1765 5583 Rom.
1813 5546 1946 5586 cum

301 5614 448 5654 mss.
483 5598 756 5668 pluribus
781 5615 847 5655 ac
880 5598 1247 5663 melioribus,
1280 5603 1345 5654 ut
1375 5615 1482 5655 nos
1513 5599 1573 5654 in
1606 5604 1787 5668 textu,
1834 5602 1947 5658 nisi

303 5669 460 5741 quod
488 5669 658 5739 Rom,
693 5670 910 5727 omittit
933 5686 998 5728 ac
1024 5669 1290 5727 modulos.

2059 4665 2429 4737 sanguinem,
2461 4665 2801 4738 viribusque
2834 4666 3160 4738 proﬁciant,
3194 4673 3385 4724 etnon
3408 4684 3538 4724 cum
3564 4667 3702 4721 fimo

2058 4758 2115 4810 et
2143 4754 2414 4810 sordibus
2444 4760 2773 4827 egerantur.
2815 4756 3229 4813 Intestinorum
3275 4773 3409 4813 vero
3452 4755 3700 4811 circum-

2059 4842 2206 4916 plexi
2239 4843 2430 4909 orbes,
2462 4850 2518 4899 et
2548 4843 2674 4900 sine
2720 4843 2916 4917 aliquo
2966 4844 3102 4901 licet
3147 4845 3295 4901 nodo
3345 4842 3455 4899 sibi
3486 4847 3700 4915 tamen

2028 4932 2307 4989 "invicem
2332 4933 2484 4997 nexi,
2517 4934 2658 5006 quid
2690 4934 2851 4990 aliud
2882 4934 2995 4991 nisi
3035 4935 3291 4990 divinam
3342 4929 3701 5004 prospicien-

2059 5023 2202 5080 tiam
2232 5023 2519 5080 Creatoris
2541 5025 2863 5079 ostendunt
2886 5042 2899 5092 ;
2924 5028 2989 5079 ut
3004 5040 3116 5079 non
3133 5022 3243 5078 cito
3260 5036 3392 5077 esca
3414 5023 3705 5090 pertrans-

2128 5174 2205 5252 (l)
2236 5174 2390 5252 Tres.
2409 5174 2680 5252 ms_s.,_ad
2710 5175 2990 5245 ofﬁcinam
3013 5172 3402 5252 crudetitatisn
3574 5242 3588 5252 _
3646 5242 3657 5252 θ

2128 5242 2205 5313 (2)
2236 5246 2329 5299 Sic
2360 5245 2665 5300 duodecim
2700 5242 2842 5299 mes.
2876 5261 2941 5300 ac
2972 5248 3080 5297 vet.
3116 5242 3254 5306 edit,
3291 5242 3404 5313 nisi
3437 5242 3592 5313 quod
3643 5242 3701 5297 in

2059 5312 2359 5372 nonnullis
2389 5334 2496 5373 vox
2515 5318 2708 5373 omnia
2745 5314 3225 5386 praetermittitur.
3273 5312 3385 5368 Alii
3428 5312 3485 5370 et
3532 5314 3701 5381 Rom,

2058 5388 2224 5456 edit.,
2254 5390 2441 5443 omnia
2470 5389 2615 5442 enim
2646 5388 2763 5442 hmo
2789 5388 2920 5456 fecit
2950 5402 3147 5441 manus
3171 5402 3309 5441 mea.

2131 5460 2206 5531 (3)
2238 5460 2404 5514 Rom.
2437 5458 2598 5531 edit.,
2630 5473 2740 5510 non
2764 5457 2987 5511 indocti.

2130 5525 2383 5603 (4)7M‘ss.
2422 5530 2543 5603 fere
2584 5543 2786 5603 omnes
2826 5544 2959 5582 eum
3001 5525 3143 5603 edit.
3200 5527 3389 5596 Rom.,
3430 5529 3705 5603 munitio-

2057 5597 2162 5659 νεά.
2190 5597 2392 5657 Codex
2422 5598 2549 5653 Vat.
2586 5604 2641 5654 et
2669 5597 2835 5654 Dion.
2866 5613 3003 5655 cum
3035 5598 3172 5655 edit.
3196 5603 3329 5656 vet..
3358 5601 3701 5669 minutiores,
