4084 6188
353 324 473 395 98⁸1

1813 332 1879 397 8.
1923 328 2309 397 ΑΜΒῊΟΞῘῘ

356 465 498 533 seat,
525 467 587 522 et
616 462 813 523 statim
845 480 880 525 a
907 462 1210 526 stomacho
1256 466 1415 525 141-
1462 465 1779 527 decurrat?
1827 468 1990 536 Quod
2022 469 2079 538 Α
2106 470 2158 524 et
2180 467 2429 524 omnium
2459 465 2655 538 lingua
2684 465 3009 541 conﬁteatur
3045 466 3329 543 quoniam
3356 467 3627 527 Dominus
3666 469 3761 528 Je-I

356 554 406 611 si
428 554 619 622 ﬁeret,
643 556 808 629 jugis
841 556 1025 614 fames
1042 563 1100 615 et
1121 557 1398 615 continua
1428 558 1669 616 vorandi
1689 559 1870 615 libido
1891 559 1995 615 ho-

356 642 618 701 minibus
648 645 1004 718 gigneretur.
1046 647 1369 703 Exinanitis
1399 648 1556 703 enim
1590 648 1911 704 visceribus
1941 652 1999 704 et

352 731 675 800 exhaustis,
708 735 850 791 dum
882 736 1267 792 momentaria
1285 738 1567 793 effusione
1585 741 1993 806 vacuarentur,

354 838 592 879 necesse
617 829 771 881 esset
799 824 1205 896 inexplebilem
1237 831 1413 899 atque
1444 827 1836 883 insatiabilem
1882 829 1996 883 cibi

353 915 413 967 et
439 916 611 984 potus
655 912 915 985 generari
969 914 1371 985 cupiditatem,
1422 933 1598 988 quam
1649 917 1775 972 sine
1818 917 1998 973 dubio

356 1005 590 1057 matura
610 1002 860 1073 mors(5)
890 1009 1251 1074 sequeretur.
1282 1005 1531 1078 Ideoque
1574 1007 1811 1079 provide
1854 1024 1996 1062 con-

355 1088 551 1144 ﬁcitur
577 1087 834 1159 primum
861 1106 996 1147 esca
1027 1093 1082 1147 in
1117 1098 1279 1149 utero
1305 1095 1626 1166 superiore,
1677 1096 1886 1152 deinde
1936 1096 1995 1151 in

341 1177 538 1249 jecore
568 1178 859 1249 coquitur,
894 1181 1137 1253 ejusque
1169 1200 1376 1255 vapore
1404 1184 1666 1255 digestus
1696 1185 1995 1240 transfun-

349 1265 509 1321 ditur
532 1282 743 1321 sucous
774 1268 901 1338 ejus
927 1269 985 1323 in
1009 1269 1264 1343 reliquas
1286 1274 1545 1345 corporis
1568 1277 1791 1345 partes;
1814 1290 1996 1347 eaque

348 1354 682 1410 substantia
712 1360 874 1413 artus
922 1358 1163 1415 aluntur
1209 1360 1474 1429 humani,
1529 1380 1705 1435 quam
1748 1364 1996 1434 juvenes

345 1443 644 1516 accipiunt
674 1445 746 1500 ad
776 1444 1227 1516 incrementum,
1276 1466 1447 1507 senes
1492 1452 1564 1506 ad
1620 1468 1995 1524 perseveran-

347 1532 530 1601 tiam;
566 1532 856 1606 reliquum
904 1541 1096 1593 autem
1140 1538 1299 1594 velut
1343 1542 1707 1613 superfluum
1755 1557 1857 1613 per
1905 1540 1994 1596 in-

344 1622 563 1677 testina
591 1623 921 1691 deducitur,
953 1630 1009 1683 et
1040 1643 1141 1699 per
1168 1627 1312 1684 illud
1338 1646 1406 1685 ex
1426 1635 1755 1687 transverso
1778 1630 1995 1687 ostium

349 1710 662 1768 derivatur.

414 1802 508 1856 72.
541 1801 803 1874 Denique
833 1804 1010 1860 etiam
1040 1807 1100 1861 in
1132 1807 1340 1864 Genesi
1372 1824 1503 1865 arca
1528 1810 1645 1865 Noe
1687 1809 1760 1865 ad
1809 1808 1993 1867 fabri-

348 1904 476 1945 cam
509 1889 754 1947 humani
786 1894 1046 1965 corporis
1075 1895 1380 1968 accipitur,
1412 1898 1484 1953 de
1509 1915 1626 1970 qua
1646 1897 1791 1953 dixit
1807 1898 1988 1953 Deus:

343 1980 449 2035 Fac
476 1980 581 2035 tibi
608 1996 796 2036 arcam
825 1998 895 2038 ea;
942 1984 1109 2056 lignis
1152 1986 1457 2057 quadratis,
1506 1988 1662 2042 nidos
1719 1989 1886 2059 facies
1936 1989 1996 2041 in

346 2082 432 2135 ea,
462 2077 514 2124 et
545 2069 901 2127 biiuminabis
931 2089 1051 2128 eam
1079 2075 1232 2131 intus
1261 2079 1311 2131 et
1329 2078 1467 2147 foris
1499 2077 1790 2143 bitumine,
1822 2084 1873 2131 et
1918 2079 1998 2132 sic

341 2158 511 2229 facies
541 2173 665 2214 eam
694 2159 847 2232 (Gen.
882 2179 960 2229 vx,
992 2163 1102 2236 14).
1137 2164 1204 2219 Et
1243 2165 1431 2221 infra:
1480 2164 1692 2222 Ostium
1739 2180 1864 2221 vero
1909 2168 1995 2236 fa-

343 2248 452 2303 cies
481 2263 551 2304 ex
580 2255 931 2306 transverso:
966 2254 1239 2324 inferiora
1266 2263 1452 2309 autem
1496 2271 1639 2310 arcae
1688 2255 1999 2309 bicamera-

344 2338 402 2391 ta
429 2338 481 2391 et
512 2338 868 2394 tricamerata
898 2342 1065 2411 facies
1093 2342 1253 2409 (Ibid.
1293 2345 1396 2415 l6).
1430 2344 1548 2399 Hoc
1587 2359 1724 2415 ergo
1772 2341 1996 2413 signiﬁ-

344 2427 437 2479 cat
467 2425 771 2495 Dominus,
805 2430 959 2499 quod
995 2429 1212 2486 ostium
1237 2448 1305 2487 ex
1338 2431 1642 2504 posteriori
1686 2431 1764 2486 sit
1810 2434 1995 2504 parte,

343 2528 448 2585 per
505 2516 662 2586 quod
720 2522 1032 2590 egerantur
1088 2520 1351 2577 ciborum
1412 2522 1726 2593 superﬂua.
1783 2520 1999 2576 Decore

346 2601 502 2657 enim
534 2607 767 2662 Creator
797 2613 996 2664 noster
1016 2609 1229 2666 ductus
1255 2609 1638 2683 reliquiarum
1662 2627 1697 2666 a
1713 2608 1876 2665 vultu
1897 2609 1999 2666 ho-

294 2766 299 2773 .
346 2689 527 2748 minis
556 2696 782 2764 avertit,
816 2713 890 2754 ne
909 2698 1051 2753 dum
1075 2697 1270 2755 alvum
1293 2716 1636 2772 purgamus,
1657 2699 1995 2770 inquinere-

343 2798 479 2839 mus
510 2789 832 2856 aspectum.
866 2786 1053 2842 Simul
1082 2788 1223 2844 illud
1247 2788 1573 2856 considera,
1597 2789 1753 2861 quod
1780 2804 1846 2843 ea
1868 2805 1995 2860 quas

344 2873 585 2944 pudoris
617 2873 788 2945 plena
827 2880 983 2940 sunt,
1037 2892 1103 2932 eo
1147 2875 1274 2931 loco
1323 2876 1641 2932 constituta
1687 2880 1850 2944 sunt,
1894 2876 1995 2933 ubi

345 2964 553 3032 operta
581 2962 844 3018 vestibus
873 2963 1150 3019 dedecere
1180 2981 1293 3020 non
1326 2965 1573 3037 possint.

418 3049 506 3102 73.
539 3048 835 3106 Venarum
858 3050 1064 3123 pulsus
1086 3053 1174 3109 vel
1195 3053 1554 3110 inﬁrmitatis
1575 3053 1991 3121 internuntius,

342 3135 431 3193 vel
459 3136 668 3194 salutis
701 3143 808 3199 est.
841 3140 1071 3197 Eaedem
1098 3144 1295 3198 tamen
1324 3159 1459 3198 cum
1478 3146 1600 3199 toto
1625 3143 1855 3199 diffusa:
1874 3142 1993 3198 sint

2106 574 2197 612 sus
2225 560 2284 613 in
2312 558 2490 629 gloria
2518 561 2599 615 est
2624 559 2724 614 Dei
2750 560 2943 615 Patris
2970 558 3142 633 (Phil.
3171 576 3237 628 II,
3268 561 3339 615 10
3378 567 3432 616 et
3469 560 3580 632 11).
3632 559 3762 616 Duo

2106 646 2259 702 enim
2291 651 2433 702 sunt
2461 664 2587 719 quae
2615 665 2732 721 prie
2762 649 2984 706 caeteris
3012 649 3198 704 Deum
3221 648 3502 719 mulcent,
3526 648 3766 704 humili-

2103 740 2217 802 tas,
2248 739 2306 791 et
2335 736 2500 792 ﬁdes.
2533 736 2639 793 Pes
2671 738 2870 810 itaque
2900 738 3174 810 exprimit
3220 737 3573 794 humilitatis
3622 739 3765 794 affe-

2108 828 2291 892 ctum,
2325 828 2383 879 et
2412 824 2630 880 sedulae
2659 826 2958 883 servitutis
2988 827 3338 899 obsequium
3365 844 3378 883 :
3404 826 3550 883 ﬁdes
3570 832 3769 899 aequat

2105 912 2317 968 Filium
2383 913 2560 982 Patri,
2630 918 2805 987 atque
2872 915 3108 987 utrique
3172 916 3439 972 eamdem
3509 915 3766 988 gloriam

2106 1002 2439 1058 conﬁtetur.
2474 1003 2644 1059 Recte
2672 1007 2868 1060 autem
2898 1020 3016 1060 non
3048 1003 3267 1077 plures,
3300 1006 3402 1061 sed
3453 1004 3569 1061 duo
3624 1009 3769 1061 sunt

2106 1090 2331 1147 homini
2358 1091 2537 1163 pedes
2562 1110 2576 1160 ;
2610 1093 2878 1165 quaterni
2911 1093 3068 1149 enim
3095 1094 3275 1166 pedes
3306 1092 3442 1150 feris
3461 1110 3528 1149 ao
3548 1093 3768 1150 belluis

2107 1184 2269 1245 sunt,
2301 1180 2425 1235 bini
2459 1181 2684 1237 avibus.
2717 1182 2785 1237 Et
2812 1181 2943 1238 ideo
2976 1199 3132 1238 unus
3176 1182 3348 1255 quasi
3395 1183 3467 1239 de
3512 1182 3767 1238 volatili-

2107 1269 2219 1325 bus
2248 1274 2339 1325 eet
2370 1269 2567 1338 homo,
2602 1272 2703 1343 qui
2736 1270 2855 1327 alta
2882 1270 3009 1327 visu
3043 1276 3204 1345 petat
3243 1272 3342 1343 (7),
3396 1275 3455 1329 et
3501 1273 3765 1344 quddam

2108 1359 2351 1431 remigio
2382 1358 2583 1414 volitet
2610 1358 2960 1416 sublimium
2992 1360 3311 1433 sagacitate
3336 1376 3644 1417 sensuum.
3697 1363 3767 1418 Et

2106 1447 2236 1503 ideo
2294 1447 2364 1503 de
2411 1463 2478 1504 eo
2527 1448 2753 1503 dictum
2797 1452 2906 1517 est,
2957 1450 3324 1506 Renovabitur
3368 1452 3510 1506 sicut
3554 1452 3770 1522 aquilae

2096 1539 2356 1610 juventus
2380 1540 2477 1592 tua.
2506 1536 2680 1609 (Psal.
2713 1553 2809 1606 cn,
2838 1538 2929 1610 5);
2963 1553 3030 1595 eo
3061 1540 3217 1611 quod
3249 1539 3487 1612 propior
3523 1540 3603 1596 sit
3649 1556 3765 1596 case

2104 1623 2373 1693 lestibus,
2408 1628 2466 1681 et
2514 1625 2826 1683 sublimior
2865 1626 3101 1700 aquilis,
3149 1628 3251 1701 qui
3298 1628 3485 1702 possit
3533 1628 3765 1685 dicere:

2103 1713 2315 1770 Nostra
2343 1717 2541 1771 autem
2572 1715 2934 1773 conversatio
2964 1716 3025 1772 in
3058 1715 3222 1775 ccelis
3252 1722 3360 1775 est.

2106 1911 2231 1966 Diei
2255 1913 2427 1988 sexto,
2460 1912 2661 1983 totique
2686 1910 2832 1988 adeo
2880 1914 3037 1988 operi
3077 1913 3245 1985 ﬁnem
3287 1914 3586 1988 positurus,
3629 1933 3766 1988 quo-

2177 1981 2504 2059 mod_o_Deus
2531 1981 2864 2054 requievisse
2890 1981 3129 2055 dicatur,
3160 1981 3358 2059 aperit,
3396 1995 3449 2043 et
3489 1981 3768 2046 Creatoris

2179 2053 2436 2109 laudibus
2463 2053 2765 2111 sermonem
2792 2060 3037 2113 coronat.

2176 2161 2266 2215 75.
2300 2159 2411 2216 Sed
2435 2161 2564 2232 jam
2595 2161 2732 2219 ﬁnis
2770 2162 3028 2219 sermoni
3081 2167 3282 2220 nostro
3333 2163 3430 2233 sit,
3482 2165 3766 2238 quoniam

2108 2247 2438 2321 completus
2469 2256 2560 2305 est
2587 2249 2712 2307 dies
2745 2255 2965 2319 sextus,
2998 2255 3056 2308 et
3085 2253 3369 2309 mundani
3389 2254 3584 2326 operis
3601 2270 3770 2310 sum-

2109 2354 2207 2393 ma
2235 2338 2533 2395 conclusio
2561 2344 2678 2407 est;
2712 2340 2968 2411 perfecto
2999 2340 3269 2398 videlicet
3291 2341 3530 2399 homine
3555 2343 3619 2400 in
3649 2359 3771 2416 quo

2106 2426 2475 2500 principatus
2504 2431 2595 2484 est
2621 2428 3015 2485 animantium
3045 2431 3479 2497 universorum,
3510 2436 3568 2488 et
3597 2450 3773 2489 sum—

2109 2532 2206 2572 ma
2236 2516 2502 2588 quaedam
2532 2516 2952 2585 universitatis,
2986 2521 3043 2572 et
3071 2517 3264 2573 omnis
3296 2519 3607 2575 mundana;
3634 2537 3772 2592 gra-

2105 2604 2189 2662 tia
2214 2610 2511 2661 creatura.
2544 2605 2710 2662 Certe
2739 2606 3074 2662 deferamus
3104 2606 3441 2675 silentium;
3473 2608 3760 2680 quoniam

2106 2694 2389 2766 requievit
2417 2694 2571 2751 Deus
2601 2695 2675 2750 ab
2720 2695 2998 2750 omnibus
3048 2696 3256 2751 mundi
3303 2696 3612 2770 operibus:
3659 2714 3758 2754 re-

2105 2782 2327 2853 quievit
2351 2786 2548 2839 autem
2576 2782 2638 2838 in
2669 2798 2898 2839 recessu
2929 2782 3209 2851 hominis,
3243 2785 3523 2858 requievit
3540 2785 3599 2840 in
3621 2788 3761 2859 ejus

2104 2875 2299 2926 mente
2327 2874 2502 2943 atque
2532 2870 2853 2944 proposito.
2888 2872 3126 2928 Fecerat
3155 2874 3312 2930 enim
3343 2874 3643 2931 hominem
3665 2893 3763 2932 ra-

2101 2959 2283 3014 tionis
2311 2975 2611 3031 capacem,
2640 2960 2996 3017 imitatorem
3026 2961 3139 3029 sui,
3179 2962 3464 3019 virtutum
3513 2963 3757 3021 aemula-

2101 3051 2313 3115 torem,
2344 3048 2628 3120 cupidum
2659 3048 2987 3105 caelestium
3035 3050 3360 3123 gratiarum
3393 3053 3493 3125 (8).
3549 3053 3613 3109 In
3659 3052 3763 3111 his

2101 3136 2414 3208 requiescit
2452 3137 2619 3194 Deus
2655 3135 2756 3209 qui
2805 3136 2918 3193 ait:
2970 3136 3145 3210 Super
3186 3155 3348 3212 quem
3392 3144 3756 3214 requiescam,

345 3242 602 3299 corpore,
637 3245 828 3301 neque
853 3230 1023 3285 nudis
1055 3235 1229 3323 atque
1255 3230 1482 3288 intectis
1513 3236 1670 3300 sunt,
1715 3236 1773 3288 et
1802 3232 1883 3288 ita
1912 3231 1992 3289 le-
2024 3222 2069 3291 C
2104 3226 2218 3280 ηἰ-ςί
2244 3240 2413 3323 ξιέρνα
2441 3225 2729 3323 Ιηινηὶέςθξι,
2760 3233 2813 3281 ει
2844 3227 3107 3299 quietum.
3140 3235 3192 3284 ει
3238 3232 3557 3287 trementem
3582 3233 3770 3323 ,υϐνῡα

342 3315 513 3373 vibus
544 3317 890 3389 operiuntur
920 3309 1243 3376 visceribus
1273 3320 1386 3392 (6);
1420 3324 1485 3376 ut
1513 3320 1850 3394 explorandi
1896 3338 1992 3377 co-

342 3405 440 3478 pia
466 3405 568 3471 sit,
599 3410 658 3462 et
687 3406 957 3465 celeritas
987 3409 1302 3480 sentiendi,
1335 3412 1569 3482 quando
1599 3410 1763 3466 nulla
1792 3413 1883 3467 est
1907 3410 1993 3465 vi-

342 3509 574 3550 acorum
606 3496 956 3563 crassitudo,
989 3514 1116 3569 quae
1165 3497 1404 3569 pulsum
1450 3498 1638 3570 possit
1683 3499 1990 3555 obducere.

344 3582 484 3640 058‘!
512 3600 747 3657 quoque
776 3587 977 3642 omnia
1006 3586 1170 3642 tenui
1214 3591 1414 3659 operta
1461 3591 1601 3643 sunt
1645 3586 1883 3655 viscere,
1937 3591 1994 3644 et

343 3672 604 3730 revincta
634 3673 863 3739 nervis;
898 3676 1187 3748 praecipue
1214 3680 1411 3732 tamen
1444 3676 1652 3749 capitis
1691 3676 1802 3732 levi
1843 3681 1995 3732 tecta

344 3766 486 3817 sunt
508 3763 684 3819 corio.
720 3764 885 3820 Unde
913 3781 1029 3837 quo
1047 3765 1279 3838 possint
1310 3765 1547 3837 aliquod
1564 3765 1872 3821 adversum
1889 3766 1996 3820 im-

343 3850 477 3907 bres
500 3856 558 3907 et
573 3851 790 3925 frigora
803 3853 1017 3910 habere
1031 3855 1359 3922 munimen,
1381 3853 1995 3927 capillisdensioribus

340 3940 689 3997 vestiuntur.
723 3941 872 4006 Quid
906 3943 976 3998 de
1007 3941 1365 4015 genitalibus
1400 3941 1630 4014 loquar,
1664 3959 1793 4015 quas
1831 3943 1994 3999 venis

340 4043 371 4083 e
402 4029 637 4103 regione
660 4029 899 4085 cervicis
949 4046 1046 4100 per
1098 4046 1269 4086 renes
1318 4029 1680 4102 lumbosque
1726 4031 1994 4087 deductis

341 4118 673 4190 suscipiunt
702 4117 952 4189 genitale
980 4135 1181 4175 semen
1212 4119 1283 4173 ad
1317 4134 1536 4175 munus
1565 4123 1624 4175 et
1645 4121 1717 4175 ad
1741 4119 1994 4192 gratiam

350 4206 694 4277 procreandi
711 4205 738 4260 ‘l

409 4295 500 4350 74.
533 4295 680 4361 Quid
713 4296 784 4351 de
814 4296 1005 4352 ofﬁcio
1036 4296 1275 4368 pedum,
1301 4297 1403 4369 qui
1426 4300 1615 4352 totum
1638 4312 1848 4369 corpus
1867 4298 1994 4354 sine

351 4380 469 4438 ulla
500 4383 794 4440 sustinent
824 4385 1018 4441 oneris
1046 4384 1302 4455 injuria?
1346 4384 1622 4441 Flexibile
1659 4401 1832 4458 genu,
1882 4403 1997 4458 quo

348 4486 463 4542 prae
487 4471 710 4526 cieteris
731 4472 962 4528 Domini
991 4473 1295 4546 mitigatur
1311 4473 1552 4544 oﬁ‘ensa,
1578 4475 1666 4531 ira
1686 4475 1995 4544 mulcetur,

2102 3329 2226 3369 mea
2252 3315 2382 3383 (Isa.
2417 3329 2565 3383 vax,
2592 3313 2647 3386 2)
2662 3314 2690 3369 ‘I

2173 3402 2264 3457 76.
2298 3402 2526 3458 Gratias
2553 3418 2690 3476 ergo
2720 3402 2970 3459 Domino
2999 3409 3111 3461 Deo
3143 3409 3342 3463 nostro
3382 3407 3483 3480 (9),
3515 3408 3613 3480 qui
3644 3408 3767 3466 bu-

2094 3491 2359 3564 jusmodi
2390 3508 2539 3564 opus
2571 3491 2704 3548 fecit
2735 3492 2794 3547 in
2826 3508 2942 3565 quo
2982 3494 3392 3567 requiesceret.
3445 3497 3601 3553 Fecit
3646 3514 3767 3554 cce-

2100 3578 2248 3646 lum,
2280 3596 2400 3635 non
2429 3578 2559 3653 lego
2584 3581 2741 3653 quod
2767 3581 3117 3653 requieverit
3143 3601 3156 3651 ;
3188 3584 3324 3640 fecit
3352 3588 3592 3657 terram,
3638 3602 3765 3645 non

2101 3667 2232 3740 lego
2256 3668 2413 3740 quod
2445 3668 2814 3741 requieverit,
2846 3670 2983 3727 fecit
3021 3671 3228 3739 solem,
3281 3672 3484 3730 lunam
3514 3678 3571 3731 et
3617 3677 3765 3732 stel-

2101 3754 2192 3812 las
2226 3771 2334 3812 nec
2375 3755 2457 3812 ibi
2492 3756 2621 3831 lego
2669 3758 2825 3830 quod
2874 3759 3246 3832 requieverit,
3270 3763 3373 3818 sed
3429 3762 3555 3836 lego
3592 3764 3762 3836 quod

2102 3844 2303 3900 fecerit
2331 3844 2656 3912 hominem,
2687 3852 2746 3903 et
2773 3850 2916 3904 tunc
2932 3849 3239 3922 requievit,
3266 3850 3491 3907 habens
3513 3853 3605 3908 cui
3629 3869 3769 3926 pec-

2104 3937 2234 3989 cata
2262 3932 2604 3992 dimitteret.
2638 3940 2758 3992 Aut
2786 3936 2934 3994 forte
2963 3942 3104 3994 tunc
3119 3940 3246 4012 jam
3274 3940 3771 3998 futurieDomini-

2104 4038 2182 4077 cie
2215 4022 2513 4095 passionis
2541 4024 3232 4100 praecessit'mysterium,
3281 4044 3397 4101 quo
3440 4030 3766 4089 revelatum

2105 4115 2196 4167 est
2227 4111 2369 4183 quia
2398 4113 2787 4185 requiesceret
2811 4115 3081 4173 Christus
3108 4117 3169 4172 in
3219 4117 3477 4187 homine,
3523 4121 3623 4193 qui
3667 4137 3769 4178 re-

2105 4200 2306 4272 quiem
2334 4200 2446 4257 sibi
2474 4203 2929 4274 prasdestinabat
2959 4205 3019 4260 in
3066 4221 3304 4279 corpore
3351 4225 3457 4280 pro
3502 4208 3770 4268 hominis

2107 4289 2509 4363 redemptione
2540 4293 2864 4350 secundum
2895 4294 3054 4366 quod
3085 4295 3212 4368 ipse
3255 4295 3439 4353 dixit:
3486 4299 3594 4369 Ego
3634 4298 3771 4355 dor-

2105 4380 2243 4434 mivi
2261 4383 2315 4435 et
2341 4382 2607 4452 requievi,
2628 4388 2685 4438 et
2714 4384 3009 4440 exsurrexi
3024 4403 3045 4451 ,-
3078 4386 3341 4455 quoniam
3370 4386 3632 4443 Dominus
3644 4404 3774 4445 sus-

2106 4469 2248 4540 cepit
2276 4484 2363 4524 me
2393 4470 2564 4541 (Psal.
2597 4486 2682 4541 ιιι,
2711 4471 2789 4543 6).
2824 4472 2955 4545 Ipse
2983 4474 3144 4529 enim
3192 4474 3494 4547 requievit,
3538 4474 3640 4549 qui
3678 4477 3775 4534 fe-

342 4556 533 4631 gratia
572 4565 936 4630 provocatur.
984 4562 1104 4618 Hoc
1151 4561 1307 4617 enim
1360 4562 1547 4619 Patris
1595 4564 1813 4619 summi
1860 4580 1999 4637 erga
2028 4592 2074 4659 D
2108 4556 2220 4613 οίῐε
2252 4556 2349 4614 σαί
2379 4558 2696 4628 93th0n01',
2729 4558 2936 4633 gloria.
2964 4561 3325 4635 ΡθῐῬθίυίίεθοε
3355 4581 3391 4621 ⁸
3418 4563 3670 4633 Βωοιιιῖεν
3708 4570 3775 4623 Θίι

345 4646 561 4703 Filium
590 4647 814 4704 donum
843 4653 972 4705 est:
1016 4652 1082 4707 Ut
1125 4653 1186 4706 in
1233 4653 1453 4707 nomine
1492 4654 1617 4708 Iesu
1661 4668 1818 4708 omne
1859 4670 2001 4726 genu

341 4740 615 4803 curvetur,
638 4737 953 4805 caelestium,
976 4741 1322 4795 terrestrium
1352 4740 1498 4797 142
1532 4749 1584 4798 et
1612 4743 1999 4814 infernarum;

416 4898 496 4971 (5)
528 4899 614 4954 Ita
644 4915 787 4954 mss.
821 4915 890 4971 ac
918 4903 1030 4955 vet.
1062 4897 1201 4957 edit.
1230 4916 1243 4966 ;
1280 4899 1448 4955 Rom.
1488 4915 1644 4967 vero,
1695 4903 2001 4961 immatura

345 4969 491 5044 mors
513 4971 719 5044 {quod
754 4969 1072 5044 etiamsuo
1099 4987 1276 5026 sensu
1309 4988 1680 5044 nequaquam
1712 4978 1886 5029 caret.

420 5041 497 5112 (6)
531 5041 742 5097 Viscera
774 5043 1070 5115 interdum
1104 5058 1306 5097 carnes
1352 5041 1537 5115 sunt,’
1558 5045 1851 5115 quomodo
1899 5063 1997 5102 su-

350 5116 595 5187 muntmr
623 5114 967 5187 apudVirg.
1002 5113 1040 5169 l.
1076 5131 1114 5169 ι.
1148 5115 1309 5187 dinei
1335 5114 1397 5187 d.
1422 5114 1479 5168 in
1511 5113 1621 5170 hoc
1650 5133 1854 5172 versu:

506 5184 738 5249 Tergora
766 5184 1027 5249 diripiunt
1058 5186 1233 5244 costis,
1268 5189 1333 5249 et
1358 5186 1559 5236 viscera
1596 5186 1840 5249 nudant;

352 5247 411 5296 at
432 5243 703 5320 lbocloco
732 5243 962 5320 videtur
992 5266 1060 5305 ea
1088 5265 1196 5304 vox
1222 5243 1432 5320 pellem
1458 5249 1710 5320 signare.

424 5314 659 5405 (Z)_Yat.
686 5319 883 5405 chex,
924 5322 1039 5405 alta
1058 5322 1124 5405 Εἰ
1168 5314 1455 5405 suppetat;
1504 5314 1651 5376 fhrte
1694 5338 1762 5377 ex
1808 5321 1994 5405 hom.,

352 5383 665 5463 dehoniine
694 5388 845 5463 olim
865 5383 1020 5463 apud
1053 5383 1247 5460 Basil;
1264 5383 1510 5461 decima,
1562 5409 1718 5449 nunc
1762 5410 1895 5450 vero
1944 5383 1998 5449 ei

354 5455 709 5531 abjudicuta,
790 5455 921 5517 ubi-
965 5455 1227 5535 legitur,
1294 5455 1690 5538 συμπαρῖπταται
1775 5471 1825 5521 δὲ
1902 5476 1999 5534 τοῖς

2108 4663 2286 4714 nunc,
2318 4651 2375 4704 et
2403 4663 2656 4722 semper,
2692 4650 2838 4706 etin
2881 4652 3081 4708 omnia
3128 4652 3342 4711 saecula
3388 4653 3767 4712 saeculorum.

2106 4737 2313 4791 Amen.

2947 4922 2983 4957 ι.
3040 4899 3264 4958 Ibidem

2106 4903 2305 4976 πτηγοῐς
2332 4902 2396 4968 τῇ
2422 4906 2713 4976 τοῦχόμοιρ
2756 4905 2983 4976 δυνάμι.
3040 4902 3264 4976 Ibidem
3321 4906 3456 4976 post
3508 4906 3776 4976 quatuor

2084 4968 2284 5059 verba
2316 4967 2802 5059 meséaliquotft
2832 4967 3039 5054 omnes
3069 4973 3245 5059 edint...
3262 4967 3586 5059 sublimium
3608 4978 3775 5059 cogi}

2107 5041 2395 5119 talionum.
2429 5040 2620 5119 Diopf,
2647 5040 2982 5119 sublimium,
3021 5046 3414 5119 cogitationum
3435 5051 3506 5119 et
3543 5040 3773 5119 sagaci-

2107 5114 2216 5166 tate
2234 5126 2511 5191 sensuum.
2536 5112 2599 5167 In
2625 5112 2875 5191 reliquis
2892 5112 3099 5171 autem'
3112 5115 3303 5190 iisque
3323 5112 3773 5191 probatissimis

2106 5198 2215 5237 vox
2242 5184 2634 5241 cogitationum
2664 5183 2977 5241 omittitur.

2143 5254 2691 5382 aﬂiyralthcodices
2748 5255 2886 5325 duo,
2939 5261 2997 5315 et
3046 5258 3183 5316 edit.
3218 5259 3408 5330 Rom.,
3468 5260 3775 5317 cmlestium

2177 5396 2253 5469 (9)
2286 5396 2426 5453 Mss.
2460 5395 2705 5469 aliquot,
2740 5397 2955 5457 Gratias
2979 5416 3080 5473 ago
3106 5402 3359 5472 Domino,
3388 5407 3499 5460 etc.
