4084 6188
233 314 350 377 289
1219 310 1451 376 LIBER
1492 310 1596 375 DE
1638 313 2050 376 PARADISO.
2080 344 2162 359 -
2190 310 2651 375 ADMONITIO.
3520 312 3642 376 290

235 500 3641 531 Μ

766 646 921 701 m
976 647 1089 734 IN
1149 647 1582 737 LIBRUM
1636 643 1770 732 DE
1825 644 2374 733 PARADISO
2432 616 3110 735 ADMONITIO.

296 974 546 1031 Librum
576 975 647 1030 de
666 974 941 1031 Paradiso
971 978 1037 1030 ut
1063 974 1361 1030 Ambrosii
1382 973 1641 1047 primum
1670 990 1799 1030 esse
1830 990 1981 1046 opus
2012 990 2126 1029 non
2162 973 2451 1028 audemus
2481 990 2762 1042 asserere,
2790 973 2871 1029 ita
2899 975 3065 1031 illum
3106 977 3165 1032 in
3192 979 3517 1050 primorum
3552 999 3646 1038 or-

236 1064 433 1120 dinem
472 1064 690 1119 referre
735 1064 1196 1137 haudquaquam
1241 1064 1601 1120 dubitamus.
1652 1064 1755 1119 Est
1795 1062 2031 1136 quidem
2085 1080 2189 1118 cur
2242 1080 2358 1118 non
2409 1062 2579 1119 aliter
2623 1063 3045 1120 existimemus.
3096 1067 3239 1122 Cum
3288 1069 3445 1124 enim
3490 1071 3648 1125 varia

236 1151 664 1225 multiplicique
711 1152 976 1208 doctrina
1024 1153 1238 1209 referta
1283 1153 1361 1210 sit
1389 1168 1456 1210 ea
1483 1151 1833 1219 lucubratio,
1867 1151 2029 1209 illam
2061 1152 2249 1224 primo
2279 1151 2477 1207 statim
2508 1170 2683 1223 anno,
2726 1170 2838 1224 quo
2871 1159 2935 1208 ut
2965 1154 3087 1226 ipse
3116 1156 3308 1212 aiebat
3336 1157 3461 1228 (lib.
3495 1176 3513 1213 ι
3550 1160 3649 1231 0/-

235 1243 317 1312 βε.
351 1240 427 1311 1),
459 1248 651 1313 raptus
679 1248 757 1296 est
787 1258 822 1297 a
870 1241 1242 1297 tribunalibus
1281 1246 1445 1313 atque
1484 1240 1982 1297 administrationis
2047 1242 2246 1312 infulis
2294 1242 2364 1296 ad
2406 1242 2787 1311 sacerdotium,
2821 1246 3219 1315 composuisse
3250 1246 3344 1301 vix
3375 1248 3648 1319 cuiquam

234 1330 518 1385 videatur.
550 1328 770 1385 Verum
795 1345 912 1385 non
942 1329 1107 1385 facile
1138 1329 1575 1386 consentiemus
1604 1330 1872 1385 eamdem
1903 1329 2059 1385 ultra
2088 1330 2494 1402 insequentem
2521 1347 2743 1385 annum
2775 1348 2902 1386 esse
2931 1333 3306 1403 rejiciendam
3337 1352 3350 1403 ;
3385 1337 3650 1406 quando-

237 1418 473 1491 quidem
521 1416 627 1472 Vir
676 1421 918 1474 sanctus
964 1416 1211 1490 epistola
1252 1418 1326 1473 ad
1373 1417 1658 1473 Sabinum
1707 1416 1900 1489 (epist.
1953 1418 2041 1490 42)
2089 1435 2123 1473 a
2166 1435 2246 1487 se,
2292 1435 2425 1473 cum
2458 1420 2722 1474 nondum
2752 1425 2901 1475 esset
2930 1429 3214 1476 veteranus
3241 1424 3508 1492 sacerdos,
3542 1424 3651 1482 hoc

235 1507 385 1563 idem
418 1522 571 1578 opus
590 1505 920 1577 jamdudum
948 1504 1359 1561 elucubratum
1406 1510 1848 1562 commemorat.
1898 1505 1959 1561 Id
2001 1510 2195 1561 autem
2242 1506 2473 1561 circiter
2512 1523 2732 1561 annum
2774 1512 3051 1579 reparatae
3094 1507 3302 1565 salutis
3332 1510 3438 1565 375
3462 1513 3652 1569 conti-

236 1595 387 1668 gisse
416 1594 559 1649 hinc
587 1593 722 1650 licet
751 1593 1011 1667 colligas,
1045 1594 1199 1666 quod
1225 1610 1359 1650 cum
1390 1594 1493 1649 374
1528 1595 1600 1649 ad
1632 1593 2032 1666 episcOpatum
2066 1596 2370 1665 cooptatus
2418 1594 2492 1648 sit
2526 1594 2893 1663 Ambrosius,
2916 1594 3059 1649 nihil
3088 1597 3352 1653 videatur
3380 1599 3651 1670 prohibe-

238 1700 316 1750 re,
348 1682 673 1755 quonimus
721 1681 806 1737 illi
838 1698 1081 1761 manum
1139 1681 1409 1739 ultimam
1468 1682 1633 1754 prius
1684 1682 1981 1754 adjiceret,
2031 1698 2206 1753 quam
2260 1681 2512 1753 primam
2545 1681 2709 1738 libris
2740 1682 2811 1738 de
2840 1682 3201 1755 Virginibus,
3234 1702 3381 1757 quos
3409 1688 3653 1744 nondum

233 1773 528 1828 triennalis
556 1771 803 1828 sacerdos
832 1770 957 1843 (lib.
992 1788 1029 1826 ιι
1059 1771 1123 1827 de
1154 1772 1378 1843 virgin.,
1411 1772 1549 1827 circ.
1586 1771 1785 1842 ﬁnem)
1817 1770 2073 1843 scripsit,
2105 1771 2457 1827 admoveret.

300 1861 424 1917 Hoc
454 1861 515 1917 in
546 1859 699 1916 libro
731 1860 801 1916 de
834 1860 1108 1918 Paradiso
1138 1859 1425 1933 disputat,
1475 1876 1540 1915 ac
1588 1860 1849 1931 perbrevi
1891 1859 2041 1915 sacri
2096 1864 2286 1915 textus
2324 1859 2683 1933 expositione
2731 1861 3007 1930 ostendit,
3059 1863 3191 1934 quid
3238 1864 3440 1937 quatis,
3479 1874 3531 1922 et
3558 1867 3658 1923 ubi

231 1952 412 2021 fuerit
442 1949 596 2022 (cap.
631 1950 723 2018 1);
757 1948 899 2021 quid
942 1949 1169 2022 egerint
1206 1948 1266 2004 in
1311 1964 1377 2007 eo
1419 1948 1593 2021 primi
1647 1953 1917 2022 parentes
1954 1966 1967 2017 ;
2018 1965 2126 2020 qua
2171 1949 2387 2020 fraude,
2438 1966 2542 2022 quo
2591 1950 2800 2019 ordine,
2844 1966 2951 2022 qua
2983 1960 3100 2007 arte
3128 1952 3322 2025 (Ibid.)
3362 1971 3394 2010 a
3425 1954 3655 2011 diabolo

233 2038 446 2096 tentati
474 2039 534 2095 in
563 2041 865 2110 peccatum
889 2038 1128 2094 tandem
1160 2036 1311 2110 lapsi
1361 2038 1498 2093 sint.
1528 2038 1887 2110 Praecipuam
1935 2054 2070 2093 vero
2093 2038 2225 2094 istic
2255 2053 2490 2109 operam
2540 2038 2703 2111 ponit
2731 2037 2790 2092 in
2824 2038 3047 2111 Apellis
3077 2039 3383 2113 discipulis
3415 2042 3563 2116 (cap.
3596 2047 3654 2111 2,

231 2130 288 2195 5,
321 2129 363 2183 6
391 2133 448 2183 et
478 2128 627 2200 seq.)
660 2126 762 2199 qui
790 2127 1022 2183 faederis
1067 2126 1294 2200 antiqui
1348 2126 1756 2183 auctoritatem
1798 2126 2247 2199 impugnabant,
2292 2128 2659 2183 revincendis
2689 2145 2701 2183 :
2765 2127 2865 2183 sed
2913 2145 3014 2200 per
3043 2145 3265 2198 eorum,
3307 2135 3373 2186 ut
3402 2132 3655 2202 videtur,

235 2216 400 2272 latus
430 2215 492 2271 in
523 2215 897 2283 Manichaeos,
929 2215 1031 2288 qui
1062 2220 1186 2271 tum
1229 2214 1510 2288 temporis
1562 2213 2052 2272 Mediolanensem
2097 2216 2455 2271 infestabant
2493 2216 2831 2284 Ecclesiam,
2870 2217 3054 2273 telum
3108 2219 3310 2292 adigit,
3346 2237 3477 2276 cum
3511 2223 3657 2280 forte

233 2305 529 2362 hactenus
558 2305 754 2378 palam
786 2308 841 2360 et
867 2308 1065 2377 aperto
1096 2308 1281 2359 marte
1311 2303 1444 2360 illos
1474 2304 1713 2378 aggredi
1744 2321 1860 2360 non
1892 2308 2046 2360 esset
2075 2321 2276 2360 ausus.
2311 2304 2503 2360 Vanas
2535 2303 2951 2376 Apellistarum
2994 2306 3165 2363 solvit
3194 2309 3475 2381 argutias,
3510 2314 3567 2367 et
3594 2311 3654 2367 in

234 2410 345 2450 eos
376 2396 535 2450 tanto
564 2392 967 2449 vehementius
994 2393 1268 2465 insurgit,
1300 2395 1539 2469 quanto,
1570 2390 1882 2448 sollicitius
1913 2392 2269 2448 formidabat
2299 2410 2369 2449 ne
2393 2392 2606 2466 populo
2628 2392 2942 2465 vigilantiae
2976 2412 3095 2450 suae
3129 2413 3314 2469 nuper
3341 2400 3656 2456 commisso

232 2482 649 2541 haereticorum
681 2476 929 2540 fallaciis
958 2481 1320 2539 illuderetur.
1351 2482 1474 2538 Non
1507 2468 1702 2537 tamen
1735 2481 1859 2537 sola
1887 2480 2290 2538 haereticorum
2323 2481 2718 2538 confutatione
2748 2468 3252 2540 circumscribitur
3283 2487 3470 2543 sancti
3501 2489 3654 2544 anti-

232 2572 402 2629 stitis
431 2572 599 2628 labor
627 2576 803 2644 atque
830 2572 1142 2628 industria.
1196 2572 1282 2627 Ad
1329 2572 1565 2629 Judaeos
1609 2585 1842 2644 quoque
1873 2570 2257 2643 protenditur,
2291 2587 2439 2642 quos
2470 2569 2564 2625 ille
2596 2570 3091 2643 opportunitatem
3148 2577 3356 2630 nactus
3388 2593 3504 2632 non
3545 2577 3655 2634 levi

230 2661 485 2717 brachio
530 2660 763 2734 impetit
802 2677 867 2716 ac
915 2659 1183 2718 debellat.
1225 2652 1430 2717 Varias
1466 2664 1743 2734 praeterea
1788 2659 2207 2715 catholicorum
2257 2659 2564 2715 hominum
2615 2661 2864 2716 subinde
2903 2662 3222 2717 sententias
3254 2664 3464 2719 refert:
3494 2669 3553 2721 at
3582 2665 3656 2721 iis

228 2751 655 2807 tantummodo
695 2748 1034 2818 subscribit,
1077 2765 1225 2821 quas
1276 2751 1444 2821 putat
1488 2764 1618 2805 esse
1657 2748 1928 2805 veriores.
1980 2749 2252 2815 Quinimo
2311 2765 2462 2822 saepe
2500 2748 2712 2821 saepius
2750 2745 2969 2817 evenit,
2992 2754 3057 2805 ut
3108 2750 3273 2806 nulla
3304 2768 3505 2809 earum
3534 2771 3652 2811 non
3745 2752 3751 2758 ’

226 2840 549 2914 repudiata
580 2857 750 2897 suam
781 2840 967 2913 ipsius
996 2839 1057 2894 in
1087 2840 1349 2895 medium
1380 2855 1699 2912 proponere
1750 2839 1909 2894 haud
1951 2843 2236 2895 vereatur.
2269 2839 2340 2893 Et
2390 2837 2483 2893 his
2514 2837 2759 2893 fortasse
2788 2839 3024 2893 adducti
3058 2843 3215 2909 sunt,
3249 2842 3350 2913 qui
3383 2842 3650 2915 disputa-

226 2929 421 2987 tionis
450 2928 692 2985 titulum
729 2928 916 2985 eidem
950 2927 1089 2984 huic
1127 2927 1285 3001 Operi
1318 2926 1699 3000 adscripsere.
1726 2925 2045 2996 Subjicitur
2075 2926 2290 2998 quippe
2311 2925 2383 2981 ad
2415 2924 2627 2981 calcem
2673 2926 3217 2997 antiquissimorum
3259 2930 3527 2985 codicum
3555 2929 3659 2987 Re-

227 3018 469 3076 mensis
509 3016 778 3074 Ecclesiae
808 3022 865 3074 et
894 3015 1327 3074 Claromontani
1373 3014 1618 3087 collegii,
1658 3015 1719 3070 in
1769 3014 1869 3070 illo
1900 3014 2160 3087 quidem,
2194 3015 2432 3086 Explicit
2468 3015 2765 3086 disputatio
2793 3014 2858 3070 de
2886 3015 3170 3082 Paradiso,
3203 3017 3262 3071 in
3294 3016 3405 3073 hoc
3436 3024 3654 3089 autem,

227 3108 483 3180 Erplicit
528 3106 789 3162 Paradisi
823 3106 1119 3178 disputatio
1162 3105 1226 3161 de
1265 3104 1536 3161 servanda
1581 3106 1788 3161 animae
1829 3105 2094 3176 puritate.
2135 3105 2208 3158 At
2248 3120 2380 3159 vero
2434 3103 2490 3157 in
2545 3108 2792 3175 utroque
2844 3103 3206 3172 inscribitur,
3247 3108 3444 3178 Incipit
3472 3107 3661 3164 damni

227 3196 601 3254 Ambrosiide
627 3193 912 3263 Paradiso,
945 3193 1045 3250 ubi
1076 3209 1296 3263 vocem,
1329 3194 1649 3265 disputatio,
1681 3192 1963 3249 omissam
1995 3209 2123 3248 esse
2151 3209 2220 3249 ex
2248 3192 2439 3247 verbis
2482 3193 2719 3264 quibus-
2743 3191 3046 3259 ﬁniuntur,
3081 3194 3376 3265 conjicias.
3411 3195 3656 3252 Verum-

225 3293 446 3344 tamen
476 3302 607 3341 cum
640 3285 713 3341 ab
744 3285 1072 3358 Augustino
1128 3281 1256 3353 (lib.
1317 3300 1354 3338 ιι
1383 3285 1587 3339 Contra
1623 3282 1731 3338 Jul.
1766 3298 1812 3337 c.
1847 3282 1884 3335 5
1912 3285 1969 3336 et
2000 3280 2147 3352 eaet.)
2201 3279 2334 3336 libri
2366 3280 2602 3336 nomine
2633 3297 2748 3335 non
2781 3280 2958 3336 semel
2992 3280 3112 3337 haec
3143 3282 3272 3354 ipsa
3300 3288 3656 3341 commenta-

227 3377 321 3432 tio
364 3373 599 3431 laudata
646 3374 845 3443 fuerit,
884 3373 1056 3432 nobis
1099 3374 1219 3429 veri
1261 3371 1489 3428 videtur
1524 3370 1777 3428 similius
1814 3371 2080 3427 eamdem
2119 3369 2230 3442 ipsi
2272 3369 2715 3442 inscriptionem
2746 3371 2817 3425 ab
2850 3370 3158 3426 Ambrosio
3213 3372 3455 3428 inditam
3490 3390 3654 3444 esse;

228 3471 425 3539 atque
455 3464 596 3521 adeo
622 3463 683 3519 in
714 3462 1055 3520 memoratis
1086 3461 1388 3519 codicibus
1415 3478 1615 3517 vocem
1672 3459 1988 3533 disputatio,
2035 3476 2101 3515 eo
2135 3474 2336 3528 sensu,
2371 3476 2484 3530 quo
2517 3457 2733 3513 librum
2767 3463 2868 3514 aut
2897 3460 3289 3532 quodcunque
3319 3462 3656 3534 scriptionis

226 3572 433 3631 genus
467 3553 779 3628 signiﬁcat,
811 3550 1271 3626 intelligendam.

294 3645 493 3700 Porro
522 3641 667 3697 illud
697 3657 812 3698 non
840 3640 898 3695 in
932 3644 1206 3713 promptu
1237 3638 1410 3695 fuerit
1452 3638 1714 3704 deﬁnire,
1743 3655 1884 3694 num
1917 3654 1985 3693 ea
2015 3654 2140 3710 quae
2173 3636 2281 3692 hoc
2334 3636 2392 3691 in
2426 3652 2598 3708 opere
2648 3636 3038 3706 continentur,
3072 3639 3236 3710 prius
3270 3641 3339 3695 ad
3371 3640 3655 3713 populum

222 3731 645 3806 pronuntiata,
678 3730 1054 3804 postmodum
1086 3729 1144 3783 in
1177 3727 1311 3783 libri
1343 3728 1591 3785 formam
1624 3744 1784 3809 more
1812 3745 1919 3783 suo
1949 3725 2381 3782 concinnaverit
2411 3724 2775 3780 Ambrosius.
2814 3726 2872 3780 Id
2907 3726 3240 3798 quidemita
3256 3727 3468 3785 habere
3499 3730 3657 3786 haud

226 3822 386 3881 male
441 3819 641 3875 forsan
673 3819 807 3873 inde
836 3818 1192 3891 probaveris,
1224 3822 1348 3872 tum
1384 3816 1523 3889 quia
1570 3815 1629 3871 in
1660 3832 1726 3871 eo
1766 3818 1993 3871 exstent
2035 3816 2181 3870 bene
2223 3812 2409 3869 multa
2455 3830 2582 3885 quae
2624 3814 2694 3869 ad
2739 3814 3142 3871 informandos
3190 3816 3656 3874 Christianorum

223 3927 432 3968 mores
468 3909 822 3983 pertineant,
870 3910 1000 3964 tum
1027 3906 1117 3963 vel
1147 3906 1399 3962 maxime
1444 3906 1582 3978 quia
1610 3908 1732 3961 tota
1762 3903 2078 3977 disputatio
2108 3904 2376 3959 videatur
2406 3920 2472 3958 eo
2526 3902 2855 3971 collineare,
2892 3908 2955 3959 ut
2994 3920 3065 3959 ne
3096 3903 3352 3960 haeretici
3383 3907 3655 3978 simplices

222 4008 445 4056 mentes
480 3998 755 4055 malitiosa
788 3998 1238 4069 interpretatione
1264 3994 1555 4051 traducunt
1582 3997 1732 4067 (cap.
1764 3994 1839 4066 5).
1870 3993 2088 4049 Verum
2128 4010 2263 4049 cum
2316 3990 2565 4048 aliorum
2620 3993 2873 4049 doctoris
2922 3993 3103 4049 nostri
3138 4009 3399 4066 operum,
3436 4012 3563 4067 quae
3593 3996 3653 4050 in

223 4090 419 4145 libros
454 4103 488 4142 e
517 4085 900 4142 concionibus
950 4102 1230 4142 conversa
1272 4088 1432 4155 sunt,
1480 4083 1872 4140 characterem
1922 4083 1981 4138 in
2022 4083 2131 4139 hoc
2177 4082 2422 4138 minime
2470 4082 2998 4154 deprehendamus,
3041 4083 3416 4139 statuendum
3451 4088 3538 4139 est
3567 4083 3655 4140 vel

223 4172 795 4233 commentationem
824 4173 978 4229 hanc
1007 4172 1169 4229 nullo
1200 4173 1375 4229 modo
1427 4176 1692 4228 constare
1722 4170 2124 4239 concionibus,
2156 4170 2242 4227 vel
2278 4176 2431 4227 certe
2456 4170 2599 4227 istas
2631 4171 2688 4225 in
2743 4188 2879 4227 eum
2910 4171 3175 4227 ordinem
3207 4188 3334 4228 esse
3366 4173 3653 4243 redactas,

225 4266 330 4338 qui
366 4262 821 4321 concionantem
849 4261 1224 4318 Ambrosium
1257 4278 1330 4317 ne
1361 4261 1606 4317 minimo
1640 4260 1876 4333 quidem
1906 4260 2120 4315 indicio
2150 4259 2425 4316 redoleat.

296 4356 471 4410 144
501 4351 604 4407 Hic
635 4354 830 4407 autem
862 4367 978 4405 non
1002 4349 1566 4423 praetermittendum
1593 4348 1859 4422 quedam
1879 4346 2050 4403 illum
2072 4365 2187 4404 non
2213 4350 2441 4403 tantum
2475 4365 2505 4404 e
2537 4346 2798 4404 Philonis
2823 4347 3007 4403 Judaei
3039 4347 3208 4404 libris
3255 4350 3658 4418 Allegoriarum

224 4444 391 4515 legis,
420 4445 494 4496 ut
511 4443 797 4513 putarunt
818 4437 1105 4506 nonnulli,
1129 4436 1760 4511 desumpsisse,verum
1790 4436 1969 4493 etiam
1990 4454 2060 4492 ex
2076 4437 2339 4509 ejusdem
2368 4452 2536 4509 opere
2554 4436 2619 4492 de
2642 4437 2840 4492 mundi
2867 4437 3102 4509 api/icio.
3132 4437 3242 4493 Sed
3270 4443 3658 4511 praeterquam

222 4531 390 4603 quod
428 4544 501 4585 ea
524 4544 711 4600 pauca
741 4529 898 4596 sunt,
934 4531 988 4583 et
1017 4527 1090 4595 ad
1120 4525 1498 4600 allegoricum
1530 4525 1841 4598 Scripturae
1892 4541 2136 4581 sensum
2191 4525 2501 4597 pertinent,
2554 4525 2609 4579 in
2656 4524 2726 4581 iis
2758 4525 2903 4598 ipsis
2936 4523 3198 4582 Philonis
3231 4530 3507 4598 mentem,
3539 4543 3655 4583 non

220 4621 416 4677 verba
448 4620 844 4684 consectatur,
870 4619 929 4672 et
948 4632 1074 4689 quas
1105 4615 1261 4687 apud
1280 4614 1452 4671 illum
1476 4619 1779 4678 auctorem
1793 4614 2037 4672 Judaico
2060 4614 2270 4687 spiritu
2291 4614 2557 4685 inspersa
2578 4614 2830 4684 fuerant,
2862 4613 3009 4671 eain
3031 4616 3380 4672 sententiam
3411 4632 3655 4690 evange-

220 4708 358 4768 licae
393 4706 676 4764 doctrinae
704 4709 1121 4779 congruentem
1150 4704 1479 4763 Christiane
1507 4704 1827 4762 admodum
1858 4704 2142 4762 convertit
2184 4703 2552 4760 Ambrosius.
