4084 6188
459 291 566 351 291

1915 294 1982 355 S.
2027 238 2403 360 AM.BROSII

712 475 3866 515 m

1116 656 1933 814 SANCTI
2121 665 3196 823 AMBROSII‘

1694 915 2265 973 MEDIOLANENSIS
2303 918 2619 975 EPISCOPI

1486 1085 1720 1211 DE
1850 1084 2840 1217 PABADISO

1733 1337 2047 1421 LIBER
2107 1336 2422 1425 UNUS
2464 1329 2571 1426 (¹).

1030 1720 1069 1773 1
1085 1717 1182 1774 45
1215 1716 1443 1773 CAPUT
1478 1717 1517 1770 Ι.

444 1837 624 1903 Quam
670 1827 902 1898 difﬁcile
929 1826 999 1879 sit
1039 1823 1103 1903 de
1141 1822 1396 1903 paradiso
1425 1823 1707 1903 disserere.
1753 1824 1879 1903 Ejus
1907 1830 2089 1903 tamen

508 1893 737 1968 auctor,
757 1893 985 1961 natura,
1015 1893 1177 1964 situs,
1197 1895 1391 1968 (incola
1436 1894 1794 1955 indicantur;
1816 1902 1866 1949 et
1904 1909 1991 1948 res
2021 1893 2089 1949 ad

512 1966 807 2045 mysticum
837 1984 1052 2023 sensum
1082 1966 1412 2021 traducitur.

513 2080 567 2135 1.
602 2081 665 2135 Et
704 2075 978 2149 plantavit
1025 2072 1101 2145 (2)
1153 2074 1292 2128 Deus
1334 2071 1661 2143 paradisum
1710 2073 1770 2125 in
1820 2070 1966 2127 Eden
2005 2087 2086 2127 se-

442 2168 677 2226 cundum
725 2166 1033 2221 orientem:
1081 2170 1133 2217 et
1190 2162 1375 2233 posuit
1444 2160 1523 2215 ibi
1584 2161 1861 2216 hominem
1929 2177 2089 2231 quem

441 2258 606 2329 ﬁnxit
637 2254 791 2328 (Gen.
832 2270 894 2322 ιι,
944 2254 1018 2315 8).
1071 2250 1151 2305 De
1199 2249 1470 2321 paradiso
1502 2248 1864 2303 adoriundus
1894 2265 2087 2303 sermo

442 2363 557 2402 non
590 2343 938 2400 mediocrem
974 2343 1179 2394 aestum
1208 2338 1287 2409 (3)
1326 2337 1502 2393 nobis
1549 2336 1777 2391 videtur
1805 2336 2086 2404 incutere,

441 2434 724 2508 quidnam
778 2431 857 2487 sit
885 2426 1214 2502 paradisus,
1245 2431 1302 2481 et
1348 2425 1468 2493 ubi,
1503 2424 1765 2497 qualisve
1795 2424 1890 2491 sit,
1921 2424 2086 2480 inve-

441 2525 656 2596 stigare
676 2526 733 2578 et
750 2519 1058 2592 explanare
1078 2515 1448 2587 cupientibus
1474 2531 1485 2569 :
1513 2514 1765 2570 maxime
1786 2530 1918 2569 cum
1940 2515 2087 2586 Apo-

438 2613 625 2671 stolus
655 2610 775 2667 sive
816 2611 876 2663 in
927 2622 1185 2678 corpore,
1232 2605 1350 2659 sive
1404 2607 1565 2659 extra
1601 2620 1814 2675 corpus
1843 2602 2083 2669 nesciat,

438 2706 674 2774 raptum
705 2715 768 2755 se
796 2703 991 2753 tamen
1025 2694 1180 2749 dicat
1208 2708 1396 2763 usque
1442 2692 1513 2747 ad
1568 2691 1804 2746 tertium
1851 2691 2082 2747 coelum.

439 2792 509 2846 Et
538 2805 745 2845 rursus
774 2804 787 2842 :
821 2787 962 2852 Scio,
1011 2781 1226 2854 inquit,
1270 2779 1587 2851 hujusmodi
1631 2779 1925 2845 hominem,
1973 2782 2086 2835 sive

440 2881 500 2934 in
529 2892 767 2949 corpore,
797 2874 908 2929 sive
935 2879 1094 2928 extra
1121 2885 1335 2941 corpus,
1366 2869 1566 2937 nescio,
1598 2869 1739 2923 Deus
1777 2870 1917 2932 scit;
1948 2885 2083 2937 quo-

440 2969 594 3022 niam
623 2972 812 3036 raplus
842 2963 919 3017 est
967 2962 1023 3015 in
1053 2958 1396 3031 paradisum,
1427 2960 1477 3010 et
1518 2955 1734 3011 audivit
1780 2955 2084 3027 ineffabilia

437 3055 619 3119 verba,
651 3067 777 3127 quae
815 3066 927 3106 non
979 3049 1103 3104 licet
1150 3048 1362 3102 homini
1390 3045 1603 3117 loqui...
1640 3046 1745 3099 Pro
1772 3044 2083 3116 huiusmodi

438 3143 734 3215 gloriabor,
778 3156 881 3213 pro
924 3154 1010 3194 me
1062 3141 1245 3192 autem
1290 3152 1399 3190 non
1434 3134 1730 3205 gloriabor,
1761 3134 1874 3188 nisi
1902 3135 1961 3188 in
1992 3135 2080 3187 in-

441 3231 792 3292 ﬁrmitatibus
840 3230 979 3283 meis
1014 3244 1032 3281 :
1061 3227 1112 3281 si
1148 3226 1297 3281 enim
1325 3224 1542 3279 voluero
1570 3224 1824 3294 gloriari,
1856 3238 1963 3277 non
1990 3238 2081 3278 ero

437 3323 676 3378 stultus:
718 3336 850 3374 nam
902 3318 1191 3371 veritatem
1237 3313 1356 3368 dico
1402 3314 1475 3384 (ll
1517 3311 1636 3368 Cor.
1670 3328 1770 3379 xu,
1804 3312 1944 3382 3-6),
1978 3312 2077 3366 Er-

434 3428 507 3484 go
539 3410 588 3466 si
617 3405 957 3480 hujusmodi
986 3403 1294 3477 paradisus
1340 3406 1446 3465 est,
1481 3405 1544 3456 ut
1575 3417 1707 3456 eum
1737 3401 1902 3455 solus
1933 3400 2079 3455 Pau-

435 3499 554 3565 lus,
600 3501 702 3552 aut
742 3496 830 3551 vir
866 3493 1079 3565 aliquis
1126 3490 1286 3546 Pauli
1311 3489 1543 3557 similis,
1572 3506 1705 3545 cum
1735 3489 1795 3543 in
1828 3488 1934 3543 hac
1963 3489 2082 3543 vita

436 3588 688 3659 degeret,
736 3576 931 3639 videre
978 3580 1268 3654 potuerit;
1299 3579 1453 3634 idem
1482 3586 1679 3633 tamen
1710 3578 1830 3633 sive
1861 3578 1918 3632 in
1950 3594 2079 3633 cor-

438 3692 595 3749 pore,
646 3673 764 3729 sive
810 3675 971 3728 extra
1022 3686 1233 3741 corpus
1278 3667 1507 3734 viderit,
1567 3666 1907 3722 meminisse
1963 3683 2077 3721 non

436 3764 658 3836 possit;
686 3760 936 3817 audierit
955 3766 1151 3815 tamen
1176 3756 1370 3824 verba,
1405 3756 1622 3827 quibus
1652 3754 1981 3826 prohibitus
2003 3754 2081 3809 sit

434 3852 672 3926 vulgare
702 3849 858 3922 quod
890 3849 1154 3904 audierat
1203 3846 1300 3918 (4),
1353 3861 1468 3915 quo
1497 3844 1736 3921 tandem
1768 3860 1875 3899 nos
1905 3844 2078 3900 modo

433 3941 688 4014 paradisi
738 3938 921 3995 situm
956 3936 1281 4009 poterimus
1298 3932 1615 3999 absolvere,
1649 3948 1824 4003 quem
1856 3948 1961 3987 nec
1999 3933 2078 3987 vi-

431 4032 568 4086 dere
586 4027 912 4102 potuimus.
962 4026 1032 4080 Et
1060 4022 1105 4079 si
1141 4022 1540 4096 potuissemus
1559 4019 1773 4087 videre,
1806 4019 2076 4092 prohibe-

432 4135 630 4175 remur
651 4122 848 4172 tamen
871 4113 1001 4169 aliis
1029 4111 1302 4165 intimare
1323 4110 1522 4165 146?
1562 4108 1747 4164 Simul
1771 4125 1903 4164 cum
1935 4109 2079 4164 Pau-

432 4207 524 4263 lus
572 4204 843 4262 extollere
891 4219 953 4258 se
983 4198 1402 4256 revelationuzn
1441 4197 1801 4254 sublimitate
1831 4198 1908 4253 sit
1935 4198 2079 4254 veri-

432 4302 551 4365 tus,
570 4298 788 4367 quanto
810 4290 1000 4364 magis
1024 4288 1194 4344 nobis
1216 4288 1546 4343 timendum
1568 4291 1659 4342 est
1682 4287 1739 4341 id
1770 4285 2078 4343 sollicitius

433 4383 711 4454 indagare
736 4382 833 4452 (5),
865 4380 1034 4451 cujus
1062 4377 1238 4436 etiam
1271 4375 1541 4431 revelatio
1573 4374 1819 4431 obnoxia
1866 4374 1945 4431 sit
1974 4391 2077 4447 pe-

2115 1718 2167 1782 Α
2202 1733 2361 1773 mare
2412 1719 2744 1787 debemus;
2791 1724 2849 1775 et
2897 1719 3022 1776 ideo
3070 1719 3477 1794 relinquamus
3532 1722 3695 1780 Pauli
3726 1740 3863 1784 esse

2201 1810 2512 1863 secretum.

2267 1898 2321 1950 2.
2348 1897 2569 1952 Tamen
2601 1897 2880 1968 quoniam
2911 1897 3005 1953 hic
3034 1896 3285 1971 legimus
3316 1899 3376 1954 in
3418 1899 3627 1956 Genesi
3672 1919 3707 1957 a
3735 1902 3861 1960 Deo

2198 1985 2536 2056 paradisum
2567 2002 2696 2041 esse
2728 1985 3056 2058 plantatum
3098 1987 3424 2043 secundum
3454 1987 3766 2057 orientem,
3797 1995 3863 2048 et.

2198 2074 2276 2128 ibi
2325 2090 2453 2129 esse
2510 2073 2767 2145 positum
2816 2074 3115 2130 hominem
3163 2075 3240 2147 (7)
3300 2092 3479 2147 quem
3536 2076 3863 2149 plasmavit

2197 2162 2351 2217 Deus
2376 2180 2390 2228 ;
2415 2162 2587 2217 istius
2635 2162 2891 2233 paradisi
2922 2168 3221 2219 auctorem
3247 2164 3374 2235 jam
3406 2181 3728 2236 possumus
3761 2168 3857 2224 in-

2195 2251 2409 2307 venire.
2445 2250 2585 2315 Quis
2615 2256 2703 2306 est
2724 2251 2880 2306 enim
2903 2251 3004 2323 qui
3029 2252 3211 2323 potuit
3234 2253 3455 2326 ﬁngere
3482 2256 3854 2326 paradisum,

2196 2340 2311 2395 nisi
2344 2339 2712 2412 omnipotens
2751 2340 2905 2396 Deus
2944 2341 3044 2412 qui
3071 2340 3215 2396 dixit
3253 2346 3311 2397 et
3331 2343 3485 2398 facta
3503 2348 3661 2413 sunt,
3693 2362 3857 2401 nun-

2196 2446 2374 2500 quam
2404 2429 2674 2503 indigens
2704 2430 2781 2502 (8)
2800 2446 3002 2485 eorum
3025 2447 3152 2502 qua:
3174 2431 3436 2503 generari
3466 2431 3688 2489 vellet?
3719 2436 3858 2507 Ipse

2195 2534 2332 2590 ergo
2364 2517 2643 2590 plantavit
2675 2518 3016 2590 paradisum
3046 2519 3119 2575 de
3168 2536 3282 2591 quo
3331 2519 3475 2575 dicit
3504 2521 3808 2593 Sapientia
3833 2540 3852 2578 :

2191 2608 2375 2662 Omnis
2421 2607 2694 2678 plantatio
2748 2623 2912 2678 quam
2955 2622 3067 2661 non
3113 2608 3389 2678 plantavit
3439 2612 3601 2664 Pater
3660 2626 3848 2679 meus,

2193 2694 2564 2751 eradicabitur
2594 2695 2797 2766 (Matth.
2828 2712 2923 2760 xv,
2960 2696 3067 2766 13).
3102 2696 3262 2751 Bona
3302 2694 3642 2769 angelorum
3672 2696 3855 2771 plan-

2194 2783 2355 2850 tatio,
2407 2783 2562 2838 bona
2616 2787 2974 2838 sanctorum.
3024 2783 3219 2838 Sancti
3262 2782 3418 2838 enim
3481 2784 3589 2839 sub
3641 2783 3760 2841 ﬁcu
3791 2789 3863 2842 et

2192 2875 2304 2927 vite
2350 2872 2629 2927 dicuntur
2677 2872 2735 2926 in
2781 2870 2878 2926 illo
2934 2871 3095 2942 pacis
3143 2871 3325 2926 futuri
3355 2872 3430 2943 (9)
3460 2876 3749 2945 tempore,
3785 2875 3855 2930 in

2194 2961 2410 3033 quibus
2440 2966 2614 3033 typus
2644 2963 2732 3014 est
2761 2959 3101 3033 angelorum
3132 2960 3305 3027 (Mich.
3365 2977 3444 3027 1v,
3476 2961 3553 3032 4).

2261 3050 2314 3104 3.
2351 3049 2496 3120 Ergo
2528 3048 2837 3119 paradisus
2878 3052 2967 3103 est
2986 3046 3241 3120 plurima
3268 3046 3429 3120 ligna
3458 3047 3703 3116 habens,
3738 3051 3851 3107 sed

2193 3136 2351 3210 ligna
2380 3136 2700 3203 fructifera,
2722 3134 2881 3207 ligna
2903 3134 3075 3206 plena
3093 3136 3250 3191 succi
3275 3140 3451 3207 atque
3481 3136 3738 3202 virtutis,
3770 3138 3851 3195 de

2190 3227 2405 3298 quibus
2426 3229 2551 3281 est:
2582 3226 2948 3281 Exsultabunt
2978 3226 3165 3280 omnia
3185 3226 3340 3295 ligna
3360 3225 3629 3281 silvarum
3660 3226 3846 3297 (Psal.

2187 3332 2312 3380 xcv,
2346 3315 2472 3384 12);
2504 3313 2666 3386 ligna
2694 3328 2925 3385 semper
2969 3312 3235 3368 ﬂorentia
3271 3312 3564 3369 viriditate
3594 3316 3848 3372 merito-

2189 3420 2343 3473 rum,
2375 3402 2529 3458 sicut
2557 3401 2699 3457 illud
2748 3400 2976 3474 lignum
3006 3401 3161 3472 quod
3195 3400 3523 3473 plantatum
3547 3406 3635 3458 est
3664 3420 3850 3461 secus

2189 3493 2471 3547 decursus
2501 3506 2807 3563 aquarum,
2834 3490 3004 3560 cujus
3028 3488 3229 3545 folium
3265 3507 3379 3545 non
3414 3490 3662 3559 deﬂuat;
3695 3493 3853 3563 quia

2188 3585 2346 3636 totus
2390 3581 2449 3635 in
2501 3596 2568 3635 eo
2617 3580 2841 3633 fructus
2883 3579 3179 3634 exuberat.
3213 3579 3316 3634 Hic
3355 3595 3492 3651 ergo
3526 3580 3851 3651 paradisus

2188 3674 2296 3724 est.

2258 3759 2311 3813 4.
2346 3758 2532 3813 Locus
2580 3761 2775 3812 autem
2823 3756 2949 3826 ejus
2998 3755 3057 3810 in
3107 3772 3223 3827 quo
3271 3760 3362 3812 est
3393 3756 3710 3829 plantatus,
3745 3776 3849 3814 vo-

2186 3845 2525 3917 1uptas(10)
2583 3844 2818 3900 dicitur.
2881 3843 3043 3899 Unde
3098 3849 3156 3899 et
3213 3849 3451 3900 sanctus
3505 3845 3677 3901 David
3709 3847 3852 3903 ait:

2186 3937 2251 3991 Et
2282 3937 2517 3991 torrente
2546 3934 2839 4005 voluptatis
2867 3937 2976 3990 tuae
3000 3934 3215 4005 potabis
3246 3950 3333 3989 eos
3362 3935 3532 4005 (Psal.
3557 3951 3721 3990 xxxv.
3757 3936 3854 4008 9).

2189 4023 2405 4096 Legisti
2434 4022 2590 4077 enim
2616 4040 2628 4077 :
2664 4022 2810 4088 Quia
2838 4024 2959 4093 fons
2992 4021 3234 4094 procedit
3266 4038 3335 4077 ex
3365 4023 3530 4090 Eden,
3563 4025 3659 4095 qui
3686 4025 3859 4093 rigat

2182 4111 2507 4184 paradisum
2555 4110 2708 4181 (Gen.
2754 4127 2816 4177 ιι,
2876 4110 2983 4182 10).
3034 4112 3175 4165 1Δῖ
3230 4109 3358 4166 Haec
3390 4110 3570 4184 igitur
3599 4116 3859 4168 sancto-

2188 4218 2319 4256 rum
2349 4201 2510 4273 ligna
2540 4200 2651 4271 (11)
2684 4215 2812 4271 quas
2844 4198 3106 4271 plantata
3135 4203 3273 4254 sunt
3302 4199 3359 4253 in
3382 4199 3672 4271 paradiso,
3696 4217 3859 4272 qua.-

2188 4291 2237 4346 si
2287 4286 2569 4361 proﬂuvio
2610 4288 2866 4359 quodam
2915 4288 3189 4343 torrentis
3220 4287 3463 4359 spiritus
3493 4287 3855 4361 irrigantur.

2186 4379 2266 4435 De
2296 4395 2412 4449 quo
2442 4376 2616 4433 etiam
2665 4375 2804 4431 alibi
2857 4376 2974 4432 ait:
3006 4378 3283 4432 Fluminis
3325 4378 3559 4448 impetus
3590 4378 3861 4448 latiﬁcat

434 4452 618 4526 riculo
638 4469 666 4524 ‘I
695 4469 819 4524 Non
852 4468 1032 4540 igitur
1061 4465 1233 4538 hylen
1264 4465 1339 4537 (6)
1366 4464 1521 4520 hunc
1551 4464 1888 4536 paradisum
1919 4463 2079 4519 aesti-
2109 4452 2152 4520 C
2188 4469 2458 4523 civitatem
2517 4466 2614 4520 Dei
2665 4465 2832 4536 (Psal.
2865 4482 2990 4521 XLV.
3023 4465 3101 4537 5).
3146 4465 3245 4520 Est
3275 4468 3469 4521 autem
3502 4464 3705 4522 civitas
3741 4468 3862 4526 illa

529 4612 581 4684 1)
611 4608 874 4684 Scriptus
903 4609 1043 4684 circ1
1069 4625 1170 4684 an._
1192 4608 1316 4684 375.

529 4613 581 4684 1)
611 4613 874 4680 Scriptus
903 4613 1039 4664 circ.
1069 4625 1162 4664 an.
1192 4613 1316 4663 375.

505 4613 582 4757 E2)
615 4682 718 4757 H_i_c
766 4685 981 4757 textus,
1012 4679 1395 4757 desideratur.
1422 4678 1481 4735 in
1531 4678 1789 4757 antiquis
1821 4678 1980 4757 (edit.
2024 4680 2083 4733 et

434 4749 579 4813 mss;
614 4752 855 4825 aliquot.
889 4755 1162 4807 Attamen
1211 4749 1271 4805 in
1304 4750 1433 4805 aliis
1474 4749 1705 4823 optimae
1737 4754 1885 4805 notis
1915 4766 2079 4822 repe-

434 4833 751 4971 mgiMss.
804 4900 1051 4968 septem,
1101 4896 1325 4961 metum,
1378 4893 1510 4960 Alii,
1543 4897 1599 4948 et
1653 4892 1790 4947 edit.
1842 4892 2075 4959 melius,

431 4974 644 5026 aestum.

503 5044 579 5114 (4)
617 5043 698 5095 Ita
724 5037 992 5114 plerique
1024 5054 1166 5092 mss.
1203 5040 1396 5114 et_vet_.
1431 5032 1571 5114 edit.
1606 5035 1715 5089 Alii
1749 5051 1916 5101 mss.,
1940 5033 2080 5105 quod

503 5055 579 5114 (4)
618 5055 698 5095 Ita
774 5055 872 5094 lerl
924 5055 992 5092 ue
1024 5055 1166 5092 mss.
1203 5055 1259 5090 et
1288 5055 1396 5090 νει.
1431 5055 1571 5090 emt.
1606 5055 1715 5089 Alu
1749 5055 1916 5101 mss.,
1940 5055 2053 5105 quat

432 5114 689 5189 and]???
722 5055 1099 5189 Ediézqﬁom»
1128 5107 1268 5189 φιιρά
1300 5106 1526 5189 tidem‘:
1561 5177 1604 5189 ..
1805 5178 1831 5189 ..
1944 5178 1953 5188 .
2014 5176 2053 5189 ..

503 5184 581 5253 (5)
614 5182 755 5237 Mss.
804 5181 1045 5253 aliquot,
1093 5176 1419 5234 studendum
1445 5181 1523 5233 est
1547 5177 1604 5231 id
1633 5177 1901 5231 sollicitus
1931 5176 2077 5231 indi-

434 5270 575 5309 care.

507 5325 582 5394 (6)
608 5323 747 5395 Mss.
780 5339 894 5378 non
940 5321 1129 5395 pauci,
1176 5338 1281 5395 nec
1309 5318 1742 5395 contemnendi,
1776 5334 1887 5374 non
1914 5320 2080 5395 vilem

435 5388 623 5466 igitur.
659 5394 823 5466 Forte
868 5388 1159 5466 visibilem.
1221 5392 1344 5460 Sin,
1371 5391 1546 5466 hylen_
1568 5391 1752 5445 mavis
1777 5388 2079 5466 cumanis

434 5461 579 5521 mss.
612 5468 669 5518 et
711 5465 848 5520 edit.
910 5465 1289 5535 interpretare
1345 5461 1669 5519 materiem.
1722 5461 1867 5517 Vide
1900 5461 2001 5517 lib.
2036 5478 2077 5528 ι,

434 5537 1010 5610 Hexaemeron,_cap.
1045 5537 1098 5610 1_,
1130 5552 1294 5610 num.
1330 5536 1381 5591 1.

506 5607 581 5693 (7)
612 5606 778 5667 Rom.
812 5606 978 5683 edit,
1016 5606 1333 5682 plantatum
1376 5606 1447 5667 ad
1489 5608 1817 5668 orientem...
1863 5613 1915 5667 et
1954 5620 2082 5683 pro-

2188 4610 2418 4682 ductum,
2434 4625 2544 4665 esse
2573 4624 2730 4666 omne
2758 4609 2970 4678 lignum
3012 4611 3303 4682 pulchrum
3332 4611 3404 4667 ad
3431 4613 3629 4679 visum,
3657 4615 3716 4667 et
3749 4612 3860 4670 bo-

2186 4699 2324 4736 num
2352 4681 2421 4735 ad
2451 4697 2645 4737 escam.

2260 4753 2337 4824 (8)
2369 4752 2495 4807 Vet.
2555 4754 2695 4809 edit.
2754 4768 2889 4808 cum
2933 4752 3125 4810 tribus
3174 4770 3342 4823 mss.,
3386 4753 3655 4826 numquid
3682 4755 3858 4812 indi-

2222 4840 2335 4879 8118.

2367 4894 2641 4949 Eamdem
2671 4894 2831 4950 edit..
2864 4897 3194 4966 requiescere
3208 4896 3474 4968 dicuntur
3494 4899 3548 4951 in
3573 4896 3861 4968 illopaci:

2185 4968 2409 5038 futurae.
2445 4969 2518 5020 At
2539 4968 2896 5038 requiescere
2929 4968 3095 5023 abest
3123 4968 3198 5022 ab
3242 4967 3372 5023 aliis
3402 4968 3539 5024 edit.
3574 4972 3632 5023 et
3683 4967 3855 5025 mss.

2190 5037 2754 5111 omnibus._l_iorum
2797 5037 2903 5111 alii
2941 5056 3075 5094 cum
3108 5044 3218 5094 vet.
3254 5040 3389 5094 edit.
3432 5039 3653 5111 legunt,
3682 5043 3860 5110 pacis

2185 5112 2398 5183 futurae
2419 5107 2574 5183 ,'_alii
2601 5110 2808 5180 majori
2840 5126 3085 5166 numero
3115 5114 3172 5165 et
3192 5107 3605 5183 antiquitate...
3626 5107 3856 5180 luturi,

2188 5177 2374 5235 Sancti
2406 5177 2691 5234 videlicet.

2259 5250 2566 5377 ((3)1235:
2598 5251 2736 5306 edit.
2789 5249 2939 5319 sola,
2985 5253 3265 5325 plantatus
3292 5252 3499 5309 dicitur
3533 5252 3701 5320 Eden,
3740 5253 3861 5312 hoc

2187 5332 2263 5378 ρδι
2291 5330 2537 5378 voluntas
2550 5363 2562 5377 .

2259 5394 2370 5466 (11)
2402 5394 2542 5449 Mss.
2576 5396 2823 5463 septem,
2858 5397 2914 5449 et
2943 5394 3080 5449 edit.
3130 5400 3288 5466 Am.,
3318 5404 3635 5451 sanctorum
3663 5395 3859 5452 lumi-

2185 5464 2279 5520 na.
2314 5466 2466 5529 Era.,
2513 5467 2822 5539 sanctorum
2870 5466 3122 5535 ﬂumina.
3169 5464 3298 5521 Gill.
3331 5483 3467 5522 cum
3502 5466 3631 5522 aliis
3662 5483 3866 5539 mss.,

2185 5545 2494 5667 gntqtqrum
2559 5535 2729 5612 ligna.
2783 5535 2950 5594 Rom.
3004 5552 3202 5595 vocem
3250 5542 3562 5597 sanctorum
3598 5535 3865 5615 praeter;

2252 5625 2269 5667 ι
2322 5625 2340 5664 ι
2374 5650 2389 5667 .

2188 5624 2389 5670 munt.
