4084 6188
234 304 352 367 293

1463 299 1695 368 LIBER
1738 302 1842 368 DE
1884 305 2302 368 PARADISO.

3519 310 3637 371 294

236 454 361 512 qua
388 456 633 498 sursum
663 444 753 499 est
780 439 1109 500 Jerusalem
1148 437 1351 507 libera,
1404 438 1463 495 in
1509 456 1628 512 qua
1656 440 1884 495 diversa
1909 439 1966 506 Α
1997 443 2053 493 et
2082 437 2220 492 mali
2274 438 2601 510 displicere,
2643 439 2782 511 quia
2829 444 3210 513 posteaquam
3258 445 3639 514 gustaverunt

238 533 579 586 sanctorum
609 532 818 587 merita
847 529 1233 603 pullularunt.

303 618 355 672 5.
393 617 459 674 In
504 618 617 675 hoc
662 636 798 693 ergo
846 619 1118 693 paradiso
1160 617 1458 674 hominem
1508 617 1662 672 Deus
1689 615 1884 688 posuit

240 722 411 777 quem
444 706 777 779 plasmavit.
812 707 1078 781 Intelligo
1107 705 1285 762 etiam
1311 705 1450 777 quia
1479 720 1594 760 non
1624 720 1757 759 eum
1784 704 1885 759 ho-

241 795 459 851 minem
491 796 594 868 qui
624 798 946 853 secundum
978 795 1298 868 imaginem
1322 792 1420 850 Dei
1441 791 1884 865 est,posuit,sed

240 900 374 939 eum
406 884 509 957 qui
562 886 889 942 secundum
935 901 1167 957 corpus.
1218 881 1604 954 Incorporalis
1634 881 1790 937 enim
1822 880 1883 935 in

240 972 363 1029 loco
388 991 507 1029 non
540 978 650 1029 est.
686 974 888 1030 Posuit
917 976 1113 1029 autem
1162 988 1299 1028 eum
1346 971 1408 1027 in
1437 970 1704 1043 paradiso
1735 969 1888 1025 sicut

242 1061 425 1118 solem
486 1063 549 1118 in
607 1063 771 1132 caelo,
822 1065 1255 1134 exspectantem
1312 1076 1558 1133 regnum
1585 1058 1888 1125 emlorum,

242 1151 744 1223 quemadmodum
802 1155 1071 1207 creatura
1123 1153 1420 1221 exspectat
1477 1147 1886 1203 revalationem

244 1239 497 1295 ﬁliorum
520 1240 644 1296 Dei.

306 1331 361 1384 6.
390 1330 546 1401 Ergo
577 1329 628 1384 si
659 1329 966 1402 paradisus
996 1331 1085 1385 est
1112 1327 1173 1383 in
1204 1343 1320 1399 quo
1344 1329 1511 1383 erant
1557 1329 1756 1381 exorta
1776 1324 1890 1379 vir-

243 1418 427 1493 gulta,
446 1418 678 1474 videtur
699 1418 1007 1490 paradisus
1031 1417 1230 1473 anima
1244 1431 1373 1472 esse
1393 1432 1520 1487 qua:
1539 1413 1892 1486 multiplicat

244 1524 445 1564 semen
475 1511 804 1579 acceptum,
837 1507 895 1563 in
927 1522 1044 1578 qua
1071 1505 1258 1561 virtus
1274 1520 1639 1577 unaquaeque
1664 1502 1891 1576 planta-

242 1602 357 1663 tur,
388 1596 451 1651 in
484 1612 606 1668 qua
633 1599 759 1651 erat
778 1595 954 1650 etiam
985 1593 1213 1666 lignum
1242 1593 1390 1659 vitae,
1414 1594 1523 1649 hoc
1552 1596 1642 1649 est
1669 1591 1895 1664 sapien-

243 1685 346 1751 tia,
377 1685 535 1741 sicut
562 1684 707 1739 dixit
736 1682 1012 1740 Salomon
1042 1682 1192 1754 (Sap.
1225 1699 1323 1747 vn,
1355 1682 1547 1753 21-26)
1572 1698 1586 1737 :
1632 1680 1771 1752 quia
1800 1697 1891 1736 sa-

244 1773 465 1846 pientia
493 1789 613 1829 non
642 1773 713 1828 de
741 1777 896 1828 terra
925 1774 1123 1827 exorta
1151 1774 1241 1826 est
1287 1770 1422 1842 (12),
1473 1771 1574 1826 sed
1605 1770 1676 1824 de
1702 1770 1891 1825 Patre.

240 1864 347 1918 Est
373 1861 534 1917 enim
568 1860 846 1933 splendor
874 1859 1025 1915 lucis
1053 1863 1300 1930 aeternae,
1344 1862 1401 1914 et
1446 1858 1737 1914 emanatio
1768 1875 1890 1913 om-

239 1949 570 2025 nipotentis
598 1949 816 2022 gloriae.

911 2064 1141 2120 CAPUT
1172 2064 1241 2120 II.

242 2156 400 2226 Quod
428 2156 646 2227 lignum
674 2154 915 2227 scientiae
936 2153 1064 2208 boni
1089 2161 1141 2208 et
1164 2152 1304 2227 mali
1332 2154 1393 2208 in
1418 2152 1681 2227 paradiso
1703 2153 1892 2227 fuerit,

314 2223 566 2299 quodque
595 2225 1028 2299 ibidemserpens
1049 2226 1339 2289 exstiterit,
1359 2223 1470 2279 non
1503 2223 1899 2299 reprehenden-

316 2296 487 2355 dumf
504 2299 571 2353 Et
601 2296 733 2367 quid
758 2297 1019 2351 nonnulli
1043 2312 1145 2368 per
1168 2302 1492 2367 serpentem,
1541 2296 1805 2351 Adamum
1845 2302 1899 2349 et

319 2372 491 2426 Evam
520 2369 917 2424 intellexerint.

315 2490 377 2541 Ἰ.
421 2485 562 2540 Erat
616 2486 815 2539 autem
862 2480 1093 2554 lignum
1132 2479 1387 2538 scientias
1418 2480 1552 2537 boni
1583 2484 1639 2536 et
1667 2479 1803 2537 mali
1837 2480 1897 2535 in

238 2574 546 2649 paradiso.
579 2572 671 2627 Sic
702 2571 860 2627 enim
892 2570 1112 2626 habes:
1165 2570 1312 2637 Quia
1348 2570 1612 2642 produxit
1658 2570 1797 2625 Deus
1828 2570 1900 2625 li-

240 2680 426 2738 gnum
455 2664 757 2735 speciosum
778 2659 848 2715 ad
876 2667 1171 2731 aspectum,
1206 2666 1258 2715 et
1287 2659 1487 2715 bonum
1516 2658 1586 2714 ad
1614 2675 1818 2726 escam,
1851 2661 1901 2713 et

235 2756 473 2823 lignum
499 2752 623 2806 vitae
649 2752 711 2805 in
753 2750 1030 2821 paradiso,
1076 2755 1129 2804 et
1168 2748 1385 2817 lignum
1428 2749 1677 2805 scientiae
1700 2748 1829 2803 boni
1852 2750 1901 2802 et

233 2842 392 2898 mali
437 2840 597 2911 (Gen.
648 2856 711 2905 ιι,
738 2839 816 2910 9).
866 2838 1074 2894 Postea
1121 2836 1451 2892 videbimus
1483 2841 1681 2891 utrum
1712 2836 1902 2893 ethoc

234 2931 486 3004 lignum
517 2928 857 3001 speciosum
889 2927 960 2982 ad
995 2928 1318 2998 aspectum,
1346 2928 1404 2980 et
1447 2926 1668 2981 bonum
1708 2925 1779 2981 ad
1811 2942 1903 2982 es-

234 3037 380 3076 cam
409 3018 588 3074 fuerit
616 3016 769 3073 sicut
799 3019 1025 3071 caetera.
1073 3015 1151 3069 Eo
1182 3014 1339 3070 enim
1387 3013 1512 3070 loco
1559 3014 1671 3070 hoc
1699 3030 1904 3087 oppor-

235 3107 459 3165 tunius
488 3104 908 3178 disputabitur,
941 3119 1057 3174 quo
1086 3102 1387 3159 hominem
1409 3117 1479 3157 ex
1506 3102 1615 3158 hoc
1664 3107 1904 3174 gustan-

1991 543 2060 581 ex
2121 543 2186 581 eo
2250 526 2537 596 homines,
2606 528 3019 585 intellexerunt
3083 547 3146 586 se
3210 548 3339 587 esse
3406 532 3635 601 nudos;

1992 620 2246 669 attamen
2292 616 2363 670 ad
2415 617 2985 673 consummationem
3035 619 3240 675 divina;
3287 621 3640 692 operationis

1991 703 2181 758 dicam
2248 703 2351 759 tibi
2401 708 2457 760 et
2502 704 2608 761 hoc
2671 706 2896 777 lignum
2948 708 3006 761 in
3048 708 3317 779 paradiso
3348 714 3636 777 exortum,

1991 796 2050 848 et
2114 791 2245 847 ideo
2310 809 2345 847 a
2408 797 2519 847 Deo
2584 810 2711 850 esse
2776 795 3146 866 permissum,
3214 802 3277 852 ut
3342 799 3641 869 possimus

1992 881 2551 951 supereminentiam
2583 882 2718 938 boni
2751 882 2918 939 scire.
2953 884 3250 947 Quomodo
3289 887 3443 943 148
3483 887 3641 943 enim

1994 970 2043 1024 si
2078 986 2191 1024 non
2224 974 2377 1025 esset
2407 970 2651 1025 scientia
2679 971 2815 1027 boni
2844 978 2902 1027 et
2934 972 3094 1039 mali,
3139 974 3290 1029 inter
3335 977 3553 1031 bonum
3585 980 3644 1032 et

1996 1057 2219 1113 malum
2268 1058 2677 1115 discretionem
2732 1060 2988 1132 aliquam
3037 1062 3446 1119 disceremus?
3493 1066 3642 1120 Nam

1995 1162 2186 1218 neque
2216 1147 2371 1219 quod
2403 1146 2624 1203 malum
2656 1152 2797 1215 erat,
2835 1149 3053 1205 malum
3064 1152 3468 1222 judicaremus
3493 1170 3641 1222 esse,

1998 1234 2112 1290 nisi
2145 1240 2314 1303 esset,
2347 1236 2589 1292 scientia
2620 1236 2794 1292 boni:
2829 1239 3073 1294 scientia
3104 1244 3298 1295 autem
3350 1241 3486 1296 boni
3517 1257 3646 1298 esse

2000 1341 2115 1379 non
2147 1329 2364 1396 posset,
2397 1325 2511 1380 nisi
2559 1330 2713 1382 esset
2759 1330 2817 1382 et
2863 1329 3081 1381 bonum
3116 1328 3230 1399 (13)
3257 1346 3269 1384 ;
3301 1346 3491 1401 neque
3518 1347 3646 1386 rur-

2000 1430 2102 1468 sus
2145 1414 2300 1484 quod
2353 1414 2571 1469 bonum
2599 1419 2741 1483 erat,
2771 1417 3056 1471 sciremus
3084 1417 3302 1472 bonum
3348 1436 3496 1487 esse,
3531 1419 3645 1476 nisi

2000 1506 2154 1558 esset
2184 1501 2426 1557 scientia
2475 1502 2633 1558 mali.
2664 1503 2815 1575 Cape
2860 1504 3193 1575 exemplum
3237 1506 3310 1562 de
3351 1506 3479 1580 ipsa
3509 1524 3645 1564 con-

2000 1589 2221 1645 ditione
2270 1590 2515 1646 humani
2567 1592 2847 1664 corporis.
2910 1593 3128 1664 Nempe
3164 1593 3341 1650 habet
3384 1600 3441 1651 et
3484 1614 3647 1653 ama-

2001 1678 2317 1735 ritudinem
2376 1680 2693 1751 quamdam
2751 1680 2922 1747 fellis,
2982 1698 3109 1752 quae
3154 1681 3203 1738 si
3247 1684 3305 1738 in
3337 1701 3650 1742 commune

2004 1767 2347 1840 prospicias,
2406 1769 2479 1823 ad
2528 1767 2779 1825 salutem
2827 1769 3085 1826 hominis
3125 1771 3289 1828 utilis
3332 1772 3645 1829 invenitur.

2005 1862 2150 1930 Ergo
2180 1862 2239 1912 et
2268 1857 2422 1929 quod
2454 1857 2671 1913 malum
2707 1862 3004 1930 putamus,
3039 1858 3383 1933 plerumque
3400 1879 3515 1918 non
3548 1879 3653 1935 per

2002 1945 2200 2001 omnia
2251 1945 2473 2000 malum
2526 1951 2634 2012 est,
2681 1948 2781 2003 sed
2826 1948 2886 2002 in
2935 1965 3248 2005 commune
3291 1950 3455 2006 utile.
3502 1952 3649 2008 Nam

2004 2034 2161 2089 sicut
2199 2033 2274 2089 fel
2316 2034 2375 2088 in
2416 2039 2580 2107 parte
2624 2040 2713 2090 est
2741 2036 3023 2107 corporis,
3057 2042 3114 2093 et
3142 2043 3338 2094 tamen
3366 2040 3436 2094 ad
3470 2041 3653 2098 totius

2004 2122 2319 2178 utilitatem
2361 2124 2620 2195 corporis
2666 2126 2938 2195 prodest:
2986 2126 3067 2181 ita.
3108 2127 3348 2182 utilitati
3384 2129 3652 2186 omnium

2006 2212 2373 2285 profuturam
2413 2212 2604 2268 sciens
2658 2214 2812 2268 Deus
2856 2213 3159 2270 scientiam
3210 2216 3348 2274 boni
3391 2222 3449 2272 et
3486 2217 3650 2286 mali,

2004 2301 2063 2355 in
2096 2304 2259 2372 parte
2291 2301 2613 2367 constituit,
2638 2306 2702 2356 ut
2731 2301 2789 2355 in
2814 2318 3126 2360 commune
3152 2306 3473 2375 prodesset.

2074 2390 2128 2443 9.
2198 2388 2457 2460 Denique
2522 2396 2851 2462 serpentem
2922 2392 2978 2446 in
3057 2394 3329 2465 paradiso
3404 2393 3652 2469 invenis,

2008 2478 2209 2549 utique
2237 2494 2355 2532 non
2392 2478 2516 2534 sine
2560 2478 2657 2534 Dei
2699 2478 2995 2535 voluntate
3041 2487 3406 2553 generatum.
3439 2487 3502 2540 In
3534 2503 3653 2542 ser—

2008 2566 2199 2639 pentis
2265 2570 2461 2621 autem
2528 2567 2716 2639 ﬁgura
2782 2567 3050 2624 diabolus
3117 2574 3223 2624 est.
3261 2572 3466 2627 Fuisse
3495 2575 3652 2629 enim

2010 2654 2309 2711 diabolum
2375 2655 2434 2709 in
2503 2655 2773 2727 paradiso
2841 2656 3016 2711 etiam
3086 2658 3342 2714 Ezechiel
3375 2661 3659 2733 prapheta

2009 2744 2195 2810 docet,
2228 2743 2330 2815 qui
2352 2743 2495 2799 dicit
2525 2761 2701 2817 super
2733 2744 3055 2816 principem
3087 2747 3255 2819 Tyri:
3289 2750 3352 2803 In
3379 2751 3657 2821 voluptate

2009 2832 2222 2905 inquit,
2312 2833 2575 2903 paradisi
2660 2834 2836 2903 factus
2891 2850 2944 2889 es
3003 2836 3216 2907 (Ezech.
3293 2854 3490 2906 xxvm,
3544 2841 3652 2913 13).

2012 2921 2338 2993 Principem
2404 2925 2599 2976 autem
2668 2922 2803 2992 Tyri
2852 2922 2911 2976 in
2950 2922 3137 2995 ﬁgura
3169 2925 3491 2997 accipimus
3533 2929 3656 2985 dia-

2013 3010 2151 3065 boli.
2220 3010 2520 3081 Numquid
2563 3013 2621 3064 et
2662 3010 2800 3065 hinc
2826 3012 3236 3070 accusabimus
3285 3020 3485 3086 Deum,
3521 3018 3661 3090 quia

2014 3098 2322 3154 thesauros
2365 3100 2494 3170 ejus
2539 3098 2869 3155 altitudinis
2913 3105 2971 3155 et
3000 3101 3254 3158 scientiae
3286 3105 3659 3165 absconditos

235 3161 564 3267 ligno
585 3161 924 3249 invenimus
952 3161 1081 3247 esse
1112 3191 1440 3261 deceptum.
1473 3161 1714 3246 Interim
1755 3189 1903 3245 nihil
1933 3161 1975 3227 C
2015 3188 2075 3243 in
2119 3188 2348 3243 Christo
2383 3161 2441 3244 et
2474 3190 2734 3246 occultos
2766 3191 3253 3262 comprehendere
3293 3211 3407 3250 non
3449 3161 3661 3268 possu:

235 3286 567 3352 habemus,
597 3281 756 3354 quod
788 3297 944 3336 nunc
975 3279 1394 3352 reprehendere
1423 3279 1763 3345 debeamus,
1796 3280 1905 3336 etsi

238 3374 549 3430 rationem
616 3370 766 3426 scire
820 3386 937 3424 non
995 3367 1314 3441 possimus.
1374 3367 1572 3440 Neque
1627 3368 1784 3423 enim
1843 3367 1905 3422 in

233 3465 366 3521 hac
394 3464 664 3518 creatura
693 3458 921 3526 mundi,
956 3458 1005 3513 si
1056 3474 1174 3530 qua
1224 3456 1395 3513 nobis
1443 3455 1707 3511 difﬁcilia
1735 3455 1905 3512 intel-

232 3554 407 3611 lectu
451 3550 744 3618 videntur,
793 3551 850 3602 et
883 3544 1499 3618 incomprehensibilia
1540 3544 1772 3617 ingenio
1802 3561 1905 3600 no-

233 3649 398 3707 atro,
429 3637 744 3694 temerario
775 3636 1031 3708 quodam
1070 3636 1353 3691 debemus
1397 3633 1785 3689 condemnare
1807 3634 1905 3704 ju-

232 3728 426 3797 dicio,
494 3730 561 3782 ut
635 3729 968 3781 creaturam
1055 3723 1438 3796 serpentium,
1519 3722 1905 3793 venenatique

218 3812 506 3889 alicujus
556 3813 920 3881 animantis;
962 3812 1181 3884 quippe
1211 3811 1480 3867 homines
1526 3827 1643 3882 qua
1685 3810 1907 3866 ratione

2016 3294 2174 3346 mus,
2218 3277 2331 3333 nisi
2388 3295 2535 3350 quos
2586 3277 2713 3351 ipse
2762 3279 3014 3335 revelare
3057 3281 3332 3354 dignatus
3375 3285 3509 3340 est?
3551 3288 3660 3344 Re-

2012 3365 2221 3422 velavit
2263 3371 2481 3433 tamen,
2530 3372 2595 3421 ut
2625 3368 2881 3423 sciamus
2914 3369 3090 3424 etiam
3123 3370 3338 3427 diaboli
3372 3373 3658 3432 malitiam

2013 3456 2086 3511 ad
2118 3454 2369 3511 salutem
2401 3457 2676 3527 prodesse
2706 3457 3065 3513 hominibus.
3098 3460 3221 3515 Non
3271 3463 3425 3532 quod
3457 3464 3659 3520 diabo-

2013 3544 2106 3600 lus
2135 3544 2411 3616 prodesse
2439 3544 2596 3609 velit,
2643 3545 2743 3600 scd
2788 3547 2944 3617 quod
2989 3547 3275 3604 malitiam
3324 3552 3452 3623 ejus
3482 3553 3659 3610 etiam

2013 3631 2395 3705 repugnantis
2424 3633 2706 3687 convertit
2735 3634 2905 3690 nobis
2949 3635 3233 3693 Dominus
3279 3641 3350 3694 ad
3382 3640 3658 3699 salutem.

2013 3722 2272 3793 Denique
2315 3721 2494 3792 hujus
2534 3720 2758 3776 malitia
2802 3722 2912 3777 Job
2960 3724 3145 3779 sancti
3185 3727 3292 3781 viri
3352 3729 3486 3785 fecit
3533 3746 3661 3787 esse

2012 3811 2285 3866 virtutem
2336 3816 2395 3865 et
2434 3809 2776 3882 patientiam
2821 3810 3148 3867 clariorem.
3195 3814 3383 3885 Hujus
3438 3817 3662 3873 malitia

230 3906 490 3980 singula
543 3918 792 3975 quaeque
856 3901 977 3957 sint
1037 3901 1189 3956 facta
1232 3898 1554 3972 intelligere
1602 3899 1793 3955 adhuc
1849 3904 1907 3955 et
2005 3898 2300 3971 justitiam
2356 3898 2484 3969 ejus
2528 3899 2819 3965 exercuit;
2866 3904 2931 3954 ut
2974 3906 3219 3956 certaret
3274 3908 3331 3957 et
3383 3904 3659 3972 vinceret,

231 3998 393 4054 scire
426 4010 549 4049 non
582 4006 924 4064 possumus.
959 3989 1054 4045 Sic
1078 4004 1215 4061 ergo
1245 3992 1303 4044 et
1350 3987 1412 4042 in
1461 3987 1780 4058 Scripturis
1818 3987 1905 4042 di-

228 4086 394 4141 vinis
429 4099 551 4138 non
585 4079 758 4136 facile
790 4077 1288 4151 reprehendamus
1306 4074 1529 4148 aliquid
1562 4076 1717 4148 quod
1742 4075 1907 4132 intel-

227 4175 429 4247 ligere
481 4188 599 4227 non
651 4184 993 4241 possumus.
1043 4167 1195 4222 Sunt
1258 4165 1417 4222 enim
1461 4164 1718 4237 plurima
1777 4182 1903 4237 quos

232 4280 359 4319 non
406 4263 616 4316 nostro
665 4256 899 4329 ingenio
958 4254 1256 4311 metienda
1297 4258 1475 4323 sunt;
1526 4254 1627 4309 sed
1676 4270 1744 4309 ex
1773 4254 1903 4309 alti-

234 4351 456 4407 tudine
516 4346 726 4403 divina:
790 4343 1196 4417 dispositionis
1262 4346 1321 4398 et
1368 4341 1529 4397 verbi
1577 4346 1716 4398 sunt
1751 4343 1904 4399 aesti-

230 4439 488 4497 manda.

2013 3992 2070 4043 et
2111 3987 2411 4043 victoriam
2456 4004 2667 4043 corona
2709 3993 3069 4059 sequeretur.
3131 3990 3310 4046 Nemo
3360 3992 3517 4047 enim
3549 3994 3660 4048 nisi

2014 4076 2115 4148 qui
2165 4076 2425 4149 legitime
2482 4078 2806 4145 certaverit,
2862 4082 3192 4134 coronatur.
3251 4080 3470 4153 Joseph
3516 4098 3664 4153 quo-
3738 4100 3747 4111 λί

2014 4181 2128 4237 que
2190 4165 2536 4220 castimonia
2593 4182 2895 4237 nunquam
2951 4168 3022 4223 ad
3079 4170 3261 4224 nostri
3316 4172 3661 4228 memoriam

2012 4253 2391 4325 pervenisset,
2441 4254 2551 4310 nisi
2598 4254 2808 4311 mulier
2853 4256 3076 4312 domini
3105 4258 3235 4328 ejus
3274 4260 3661 4317 contuberna-

2013 4342 2106 4408 lis,
2138 4343 2339 4415 ignitis
2370 4342 2585 4398 diaboli
2618 4343 2861 4416 spiculis
2910 4345 3167 4414 incitata,
3222 4352 3501 4405 tentasset
3530 4350 3663 4421 ejus

2013 4433 2308 4498 affectum,
2341 4432 2456 4486 nisi
2488 4436 2779 4503 postremo
2820 4434 3148 4491 affectasset
3176 4438 3302 4507 ejus
3334 4438 3658 4508 interitum,
3760 4446 3773 4455 ‘

302 4531 365 4585 8.
401 4527 565 4583 Pone
618 4525 800 4592 enim,
857 4524 983 4580 sine
1032 4522 1369 4596 prajudicio
1417 4510 1615 4577 tamen
1644 4521 1912 4578 assertio-
1939 4529 1987 4594 D
2018 4539 2133 4595 quo
2164 4520 2374 4576 clarior
2402 4524 2555 4576 esset
2585 4521 2932 4577 castimonia
2962 4522 3092 4591 viri,
3149 4526 3249 4597 qui
3280 4532 3525 4583 mortem
3556 4544 3663 4600 pro

229 4619 331 4675 nis
364 4617 608 4682 futurae,
641 4615 775 4670 ideo
804 4613 912 4668 tibi
960 4613 1070 4668 hoc
1115 4611 1345 4683 lignum
1394 4610 1467 4666 de
1497 4610 1742 4667 scientia
1770 4612 1907 4668 boni
2013 4612 2280 4668 castitate
2334 4609 2770 4681 contempserit.
2832 4611 2933 4667 Vis
2992 4614 3139 4669 scire
3179 4615 3490 4671 consilium
3522 4615 3665 4671 Dei?

302 4760 437 4831 (12)
490 4755 842 4834 Ambrosius
889 4756 1090 4834 etiarn
1119 4753 1224 4834 inf.
1268 4768 1322 4834 c.
1376 4752 1442 4808 13
1490 4756 1548 4834 et
1585 4751 1722 4834 alibi
1752 4753 1908 4834 hunc

225 4826 473 4888 librum
503 4830 715 4886 tribuit
747 4827 1045 4884 Salomoni
1066 4827 1237 4897 juxta
1262 4826 1545 4896 temporis
1568 4826 1657 4880 sui
1689 4826 1910 4896 Opinio-

226 4920 423 4961 nem:
481 4902 583 4958 sed
626 4897 1528 4973 pseudepigraphum__eum_esse
1570 4899 1770 4973 postea
1812 4898 1909 4953 do-

225 4966 854 5039 cuitHieronymus,et
884 4966 918 5025 εἰ
937 4966 1239 5025 nonnullis
1267 4966 1619 5039 scriptorum
1649 4971 1908 5024 veterum

222 5047 457 5104 Judeo
487 5037 743 5110 Philoni,
776 5037 914 5115 puta
947 5039 1265 5115 antiquiori
1298 5037 1535 5115 ascribi.
1577 5037 1740 5115 Unde
1769 5042 1907 5096 Cas-

227 5119 427 5181 siod.,
494 5117 609 5170 Div.
658 5109 795 5180 lita,"
836 5131 884 5168 c.
917 5115 989 5168 5:
1021 5109 1404 5182 Hieronymus,
1452 5109 1664 5181 inquit,
1715 5118 1911 5168 asserit

223 5189 551 5247 Sapientiae
609 5186 819 5241 librum
872 5200 985 5240 non
1033 5200 1067 5238 a
1125 5182 1432 5247 Salomone,
1497 5188 1559 5235 ut
1620 5197 1750 5236 usus
1806 5183 1909 5237 ha-

225 5250 346 5325 bet,
427 5258 525 5313 sed
600 5274 637 5312 a
705 5257 937 5312 Philone
1006 5254 1316 5325 doctissimo
1392 5250 1625 5325 quodam
1699 5252 1908 5321 Iudaeo,

223 5324 426 5401 fuisse
449 5330 840 5408 conscriptum,
872 5342 1031 5399 quem
1056 5324 1908 5408 pseudographumpraenotavit,

222 5399 539 5477 propterea
630 5399 772 5482 quod
884 5399 1300 5480 usurpationem
1405 5399 1644 5474 nominis
1728 5399 1913 5465 portat

226 5474 510 5547 alterius.
546 5469 1160 5547 _Putav1l;__ahquan_do
1222 5468 1590 5547 Augustinus
1638 5468 1910 5547 eumdem

226 5546 473 5622 librum
504 5544 577 5622 ab
607 5542 749 5622 Jesu
776 5534 959 5622 Sirae-
985 5540 1275 5622 scriptum
1298 5534 1534 5622 fuisse,
1560 5534 1662 5622 sed
1692 5535 1914 5593 doctior

227 5614 635 5698 postmodum
684 5614 875 5675 factus
921 5605 1130 5674 incerti
1181 5605 1437 5671 auctoris
1484 5620 1612 5666 esse
1653 5622 1911 5684 pronun-

2016 4753 2199 4810 tiavit.
2256 4753 2400 4808 Vide
2455 4751 2556 4807 lib.
2614 4770 2676 4819 ιι,
2734 4770 2782 4808 c.
2834 4755 2880 4808 4.
2924 4755 3194 4824 Beiram;
3238 4755 3277 4811 l.
3322 4774 3361 4811 ιι
3402 4757 3468 4811 de
3510 4758 3657 4811 Docl.

2018 4826 2243 4888 Christ,
2306 4841 2353 4878 ο.
2411 4825 2465 4889 8,
2522 4826 2581 4878 et
2633 4825 2847 4895 Specul.
2895 4842 2961 4879 ac
3004 4831 3172 4881 notas
3219 4827 3298 4881 ibi
3344 4827 3400 4879 in
3453 4826 3662 4880 ultima

2016 4898 2156 4953 edit.
2205 4895 2521 4968 subjectae.
2572 4895 2966 4968 Communior
3011 4898 3112 4951 arvi
3160 4896 3359 4968 nostri
3413 4897 3661 4968 scripto-

2017 4986 2146 5023 rum
2180 4966 2475 5037 sententia
2507 4970 2595 5021 est
2641 4983 2787 5037 opus
2831 4966 2981 5037 illud
3021 4983 3086 5020 ex
3118 4966 3504 5037 plurimarum
3532 4966 3661 5022 sen-

2016 5039 2333 5110 tentiarum
2384 5035 2713 5093 Salomonis
2756 5035 3183 5110 compulatione
3214 5053 3248 5090 a
3278 5037 3533 5110 quodam
3564 5038 3661 5110 pio

2018 5128 2083 5168 nc
2148 5108 2375 5183 erudito
2449 5110 2571 5183 viro
2631 5106 2936 5183 prodiissc,
3006 5107 3103 5175 qui
3173 5106 3415 5183 proinde
3481 5106 3662 5183 divini

2018 5182 2196 5253 hujus
2227 5180 2367 5253 libri
2392 5177 2679 5247 collector,
2714 5177 2986 5233 Salomon
3019 5192 3150 5230 vero
3199 5177 3491 5248 genuinus
3523 5177 3660 5237 auc;

2018 5251 2111 5311 tor
2141 5252 2253 5307 dici
2286 5251 2510 5307 debeat.

2092 5324 2202 5397 (13)
2252 5324 2335 5377 Ita
2384 5322 2644 5397 plerique
2689 5336 2846 5397 mss.-
2876 5315 3006 5397 ᾼΙὶἰ,
3065 5321 3122 5397 0t
3163 5322 3283 5373 ant.
3322 5320 3497 5397 pedit},
3548 5325 3664 5381 nisi

2019 5388 2148 5452 esset
2188 5388 2249 5450 ἐι
2298 5388 2453 5448 mali.
2508 5388 2673 5445 Rom.
2733 5388 2950 5458 adjicit,
2999 5388 3207 5443 malum
3237 5394 3387 5447 enim
3422 5394 3664 5453 discerni

2019 5485 2129 5542 ηρη
2146 5471 2344 5542 potest,
2362 5463 2491 5542 nisi
2517 5477 2613 5532 per
2641 5460 2927 5517 scientiam
2957 5458 3084 5516 boni
3127 5461 3237 5519 Sed
3269 5481 3337 5521 ea
3367 5482 3662 5542 nusquam

2021 5535 2170 5599 alibi
2192 5535 2576 5611 reperiuntur.
