4158 6168
444 297 565 358 295

1909 284 1974 347 8.
2025 282 2399 348 AMBROSII

445 430 665 500 Nempe
695 424 927 482 diabolo
957 425 1193 479 auctore
1223 436 1394 478 neces
1426 419 1698 475 videntur
1704 417 1885 490 justis
1909 417 2095 473 homi-
2124 422 2179 484 Α
2209 418 2374 474 sibus
2403 418 2490 474 vel
2519 419 2763 492 integris
2813 420 3188 493 sapientium.
3233 421 3323 478 vel
3370 420 3662 493 corruptis
3708 418 3852 476 insi-

446 518 621 572 nibus
650 513 987 587 prazparari,
1034 510 1286 569 exerceri
1329 524 1563 581 quoque
1592 506 1905 581 parricidia
1935 506 2090 562 ﬁlio-

446 622 617 674 rum;
652 608 913 660 attamen
944 601 1227 658 Dominus
1269 598 1446 655 etiam
1491 596 1784 653 Abraham
1831 595 1938 651 hac
1969 599 2091 652 arte

444 694 710 762 tentavit,
742 698 809 749 ut
837 689 1129 748 immolari
1162 687 1275 743 sibi
1320 685 1507 741 ﬁlium
1540 685 1613 741 ab
1664 684 1866 741 eodem
1893 688 2092 756 postu-

442 784 609 841 laret.
645 784 769 848 Qua
798 780 1116 837 tentatione
1144 775 1439 831 Abraham
1489 772 1681 829 ﬁdelis
1725 777 1816 828 est
1845 772 2090 828 Domino

445 872 879 945 comprobatus,
935 866 1087 939 quod
1147 882 1183 920 a
1250 862 1577 920 devotionis
1641 862 1923 934 obsequio
1984 877 2091 917 nec

446 962 643 1018 dilecti
688 959 792 1014 ﬁlii
836 953 1207 1012 miseratione
1251 957 1552 1009 revocatus
1582 952 1692 1028 .sit.
1730 952 1816 1006 Ita
1858 967 1994 1024 ergo
2037 954 2094 1006 et

444 1051 672 1123 lignum
717 1046 972 1103 scientiae
1017 1043 1153 1099 boni
1198 1048 1256 1099 et
1291 1042 1428 1098 mali
1484 1041 1543 1096 in
1593 1041 1898 1113 paradiso:
1934 1040 2092 1112 quod

445 1142 568 1195 erat
595 1135 926 1208 speciosum
962 1133 1034 1187 ad
1064 1132 1279 1195 visum,
1307 1136 1364 1187 et
1392 1132 1610 1185 bonum
1642 1130 1713 1185 ad
1745 1146 1938 1184 escam
1969 1145 2096 1201 spe-

446 1228 529 1283 cie
556 1225 881 1280 videbatur.
915 1223 1038 1277 Non
1070 1221 1226 1277 enim
1245 1238 1357 1276 usu
1380 1220 1597 1275 bonum
1627 1220 1695 1273 ad
1716 1234 1911 1274 escam
1937 1221 2089 1285 erat;

445 1314 725 1388 quoniam
756 1329 890 1368 esca
910 1314 1037 1383 ejus
1053 1310 1283 1365 videtur
1299 1308 1638 1364 hominibus
1658 1306 2093 1378 obfuisse.Ergo

445 1408 538 1461 est
566 1403 721 1476 quod
753 1399 1005 1473 singulis
1035 1403 1257 1465 noceat,
1291 1398 1350 1453 in
1371 1412 1680 1453 commune
1713 1396 2095 1468 prosit,utJu-

445 1495 531 1549 die
561 1491 759 1547 nocuit
788 1488 1077 1556 diabolus,
1111 1488 1210 1543 sed
1245 1490 1451 1559 praeter
1495 1484 1662 1540 illum
1694 1501 1898 1541 omnes
1930 1501 2096 1556 apos-

445 1582 595 1639 tolos
608 1579 1033 1650 coronavit,qui
1054 1576 1287 1632 malitiae
1300 1576 1428 1646 ejus
1442 1573 2090 1630 tentamentavicorunt.

516 1672 671 1727 I49
750 1671 836 1724 10.
902 1669 1104 1738 Itaque
1170 1680 1360 1737 neque
1424 1662 1836 1729 dubitandum,
1906 1676 2095 1732 neque

2201 507 2511 580 pientium,
2580 510 2796 581 posuit.
2854 507 3000 566 Nam
3068 512 3119 567 si
3183 512 3318 579 Eva,
3381 511 3491 567 hoc
3524 512 3611 566 est
3641 524 3854 565 sensus

2201 596 2403 669 primis
2435 596 3004 662 mulieris,accensas
3028 599 3332 655 habuisset
3361 601 3850 669 faces,nunquam

2199 685 2694 757 praevaricationis
2724 703 2843 743 suae
2877 704 2983 744 nos
3014 687 3311 743 criniculis
3340 687 3719 760 implicasset,
3749 701 3853 741 ne-

2201 789 2315 846 que
2353 791 2421 830 ex
2453 773 2555 831 illa
2582 776 2817 832 virtutis
2847 776 3291 833 immortalitate
3320 777 3645 833 cecidisset.

2850 882 3078 938 CAPUT
3117 883 3212 939 III.

2199 972 2308 1027 Per
2346 973 2553 1044 fontem
2597 971 2863 1042 paradisi,
2908 972 3213 1032 Christum;
3247 988 3349 1044 per
3396 979 3631 1042 quatuor
3658 972 3857 1041 ﬂumi-

2271 1058 2346 1115 na
2376 1042 2502 1096 inde
2521 1044 3010 1115 orientia,virtutes
3029 1042 3417 1111 cardinales,et
3435 1050 3670 1115 quatuor
3696 1059 3858 1097 mun-

2270 1113 2330 1168 di
2365 1119 2554 1170 aetates
2583 1113 2884 1185 designari.

2272 1220 2359 1275 l2.
2395 1220 2496 1275 Est
2549 1236 2685 1292 ergo
2738 1221 3049 1292 paradisus
3098 1225 3252 1277 terra
3300 1221 3568 1293 quaedam
3623 1218 3855 1287 fertilis,

2200 1308 2309 1364 hoc
2331 1312 2420 1364 est
2444 1308 2643 1364 anima
2689 1309 2957 1378 fecunda,
3005 1311 3063 1365 in
3109 1311 3264 1365 Eden
3300 1310 3581 1382 plantata,
3613 1308 3726 1363 hoc
3767 1312 3860 1365 est

2200 1411 2261 1465 in
2326 1396 2623 1469 voluptate
2689 1398 2941 1469 quadam
3009 1398 3099 1453 vel
3166 1398 3475 1454 exercitata
3545 1402 3723 1462 terra,
3794 1396 3857 1453 in

2201 1502 2319 1557 qua
2349 1486 2557 1541 animae
2587 1485 2664 1541 sit
2692 1486 3018 1542 delectatio.
3051 1487 3153 1542 Est
3199 1488 3373 1543 etiam
3417 1496 3528 1553 νοῦς
3569 1490 3856 1558 tanquam

2199 1575 2382 1630 Adam
2413 1592 2426 1630 :
2458 1578 2547 1630 est
2575 1574 2625 1629 ei
2660 1590 2892 1641 sensus,
2944 1580 3223 1647 tanquam
3250 1576 3397 1631 .Eva.
3442 1576 3521 1630 Ac
3568 1590 3643 1630 ne
3677 1573 3859 1630 habe-

2202 1678 2293 1719 res
2359 1663 2514 1734 quod
2561 1662 2633 1717 ad
2678 1662 2981 1719 inﬁrmum
3044 1667 3410 1736 retorqueres
3467 1666 3711 1730 naturae,
3767 1661 3855 1718 vel

447 1757 991 1833 reprehendendum
1023 1755 1178 1827 quod
1209 1754 1269 1808 in
1315 1752 1586 1825 paradiso
1635 1750 1907 1850 diabolus
1930 1754 2090 1849 erat:
2125 1786 2173 1851 Β
2203 1752 2274 1807 ad
2306 1751 2617 1807 obnoxiam
2650 1753 2708 1806 in
2753 1751 3072 1808 tolerandis
3119 1751 3393 1825 periculis
3438 1751 3856 1818 conditionem,

449 1849 680 1922 quando
702 1846 940 1918 quidem
972 1842 1275 1901 occludere
1318 1841 1540 1896 sanctis
1584 1856 1698 1895 non
1742 1839 1932 1912 potuit
1961 1839 2089 1907 iter,

450 1954 520 1994 ne
541 1936 675 2009 quis
719 1934 1078 1990 ascenderet.
1129 1932 1327 2002 Neque
1371 1929 1527 1985 enim
1565 1928 1746 1999 justis
1781 1927 2093 1982 habitatio-

449 2042 583 2082 nem
642 2022 931 2079 incolatus
980 2026 1263 2093 tanquam
1322 2033 1629 2091 possessor
1683 2015 1917 2088 eripuit.
1959 2016 2095 2071 Esto

447 2114 602 2171 enim
626 2117 693 2168 ut
721 2111 949 2183 aliquos
971 2110 1203 2165 desides
1234 2113 1408 2179 atque
1448 2107 1689 2161 vitiosos
1733 2106 1805 2160 ab
1834 2104 2093 2159 incolatu

449 2218 717 2276 supernae
759 2198 1152 2272 possessionis
1206 2196 1497 2261 averterit,
1557 2195 1701 2249 illud
1759 2193 1943 2249 multo
1991 2209 2094 2247 au-

447 2292 680 2365 gustius
756 2288 1059 2359 multoque
1138 2285 1440 2358 pulchrius
1527 2284 1683 2355 quod
1755 2287 2095 2338 sanctorum

448 2378 813 2437 orationibus
878 2376 1238 2444 excludetur,
1306 2390 1440 2429 cum
1508 2373 1863 2445 completum
1924 2370 2098 2426 fuerit

449 2469 632 2524 illud:
700 2466 950 2521 Videbam
1005 2466 1268 2519 Satanam
1311 2465 1455 2518 sicut
1492 2464 1684 2533 fulgur
1724 2463 1789 2517 de
1835 2462 1967 2517 ctelo
2010 2477 2098 2515 ca-

448 2559 661 2614 dentem
688 2557 839 2625 (Luc.
864 2572 919 2620 x,
950 2554 1059 2625 18).
1093 2554 1242 2624 Ergo
1292 2568 1407 2607 non
1456 2555 1787 2607 metuamus
1816 2566 1950 2605 eum
1995 2547 2098 2620 qui

448 2663 707 2719 cousque
772 2644 1046 2698 inﬁrmus
1113 2648 1221 2706 est,
1291 2646 1357 2695 ut
1422 2644 1479 2695 et
1546 2640 1670 2711 ipse
1736 2654 1981 2694 casurus
2020 2637 2099 2693 sit

448 2738 510 2791 in
577 2740 811 2791 terram.
882 2731 1117 2804 Accepit
1168 2730 1403 2803 quidem
1462 2729 1726 2784 tentandi
1760 2727 2096 2784 licentiam:

448 2825 549 2881 sed
576 2840 693 2879 non
723 2820 948 2891 accepit
977 2820 1202 2891 copiam
1235 2817 1576 2881 subruendi,
1611 2815 1722 2871 nisi
1754 2832 1863 2870 sua
1891 2818 2099 2886 sponte

448 2912 681 2967 labatur
719 2909 992 2964 inﬁrmus
1049 2907 1312 2973 affectus,
1368 2904 1469 2976 qui
1515 2903 1629 2959 sibi
1665 2903 1948 2959 auxilium
1982 2920 2097 2959 non

449 3000 605 3056 norit
669 3011 981 3054 arcessere.
1050 2996 1120 3050 Et
1184 2994 1312 3049 ideo
1380 3009 1497 3064 qua
1562 2992 1765 3048 fraude
1794 2991 2101 3048 tentaverit

2202 1840 2508 1896 considera
2538 1857 2666 1913 qua:
2694 1841 2905 1897 habeat
2935 1841 3133 1896 anima
3164 1841 3276 1897 ista
3296 1840 3579 1896 subsidia.

2275 1929 2361 1984 13.
2399 1930 2532 1985 Erat
2598 1930 2728 1985 fons
2779 1930 2879 2002 qui
2920 1930 3190 2003 irrigaret
3233 1929 3570 2002 paradisum
3603 1927 3855 1999 (Gemit,

2204 2018 2314 2085 40).
2350 2017 2491 2081 Quis
2525 2017 2673 2085 fons,
2707 2018 2820 2075 nisi
2841 2019 3128 2075 Dominus
3156 2018 3328 2074 Jesus
3354 2016 3657 2074 Christus!
3696 2018 3847 2074 Fons

2201 2106 2331 2162 vitae
2380 2111 2605 2162 aeterna
2648 2112 2756 2175 est,
2803 2108 2956 2164 sicut
2996 2111 3054 2163 et
3095 2111 3300 2175 Pater;
3365 2105 3507 2178 quia
3566 2105 3853 2178 scriptum

2204 2202 2326 2253 est:
2408 2196 2562 2252 150
2641 2198 2912 2264 Quoniam
2980 2196 3127 2268 apud
3193 2200 3243 2251 te
3306 2198 3430 2267 fons
3492 2197 3624 2252 vitae
3683 2196 3854 2266 (Psal.

2202 2302 2373 2351 xxxv,
2427 2285 2535 2355 10).
2589 2283 2870 2357 Denique,
2920 2286 3155 2356 ﬂumina
3206 2284 3270 2339 de
3305 2287 3491 2340 ventre
3520 2286 3638 2356 ejus
3683 2285 3859 2355 ﬂuent

2204 2390 2366 2446 aqua?
2392 2376 2529 2429 vivae
2551 2375 2707 2446 (Joan
2736 2391 2836 2444 vn,
2866 2374 2977 2445 38).
3015 2375 3082 2428 Et
3124 2373 3253 2430 fons
3282 2373 3509 2445 legitur,
3560 2377 3617 2429 et
3645 2370 3859 2429 fluvius

2202 2463 2417 2536 legitur
2465 2462 2563 2535 qui
2612 2462 2817 2535 irrigat
2876 2462 3129 2534 paradisi
3186 2462 3414 2536 lignum
3464 2462 3857 2529 fructuosum,

2207 2554 2363 2625 quod
2416 2552 2562 2607 ferat
2623 2552 2878 2606 fructum
2921 2551 2979 2605 in
3026 2551 3204 2607 vitam
3254 2556 3554 2607 aeternam.
3585 2550 3686 2606 Hic
3715 2565 3861 2621 ergo

2207 2642 2358 2707 fons,
2428 2641 2582 2697 sicut
2645 2640 2858 2713 legisti,
2926 2643 3048 2711 fons
3115 2640 3292 2710 enim,
3361 2640 3572 2712 inquit,
3610 2637 3863 2710 procedit

2206 2747 2276 2785 ex
2323 2729 2487 2797 Eden,
2529 2730 2585 2784 id
2633 2733 2739 2791 est.
2790 2729 2850 2783 in
2881 2729 3077 2786 anima
3125 2733 3227 2785 tua
3256 2729 3387 2785 fons
3414 2733 3525 2784 est.
3558 2726 3722 2784 Unde
3752 2727 3861 2783 Sa-

2206 2819 2401 2874 lomon
2456 2818 2570 2873 ait:
2620 2818 2752 2873 Bibe
2798 2835 2997 2890 aquam
3040 2818 3105 2873 de
3153 2820 3261 2874 tuis
3304 2820 3468 2887 vasis,
3500 2824 3551 2872 et
3579 2816 3645 2873 de
3667 2824 3860 2888 puteo-

2205 2923 2331 2961 rum
2383 2914 2603 2961 tuorum
2650 2905 2890 2977 fontibus
2952 2906 3132 2976 (Prov.
3187 2922 3243 2971 v,
3294 2905 3403 2975 15).
3450 2904 3555 2959 Hic
3598 2906 3688 2959 est
3726 2902 3861 2960 fons

2208 2996 2308 3067 qui
2341 2994 2602 3066 procedit
2632 3009 2699 3050 ex
2736 2993 2834 3048 illa
2880 2994 3194 3050 exercitata
3236 2996 3295 3048 et
3342 2992 3513 3064 plena
3541 2991 3860 3064 voluptatis

451 3089 709 3160 primum
742 3083 1282 3155 hominem,quidve
1301 3082 1358 3137 in
1385 3080 1621 3137 homine
1652 3082 1940 3153 putaverit
1971 3097 2098 3137 esse
2137 3152 2168 3160 _
2208 3083 2443 3140 anima:
2493 3083 2586 3138 hic
2630 3084 2761 3139 fons
2807 3082 2907 3155 qui
2955 3082 3160 3155 irrigat
3202 3081 3564 3155 paradisum,
3614 3081 3720 3136 hoc
3746 3084 3858 3149 est,

449 3175 818 3241 tentandum,
850 3190 965 3245 quo
996 3172 1217 3236 ordine,
1253 3187 1370 3242 qua
1412 3174 1533 3225 arte
1571 3186 1918 3242 cognoscere
1948 3187 2095 3241 opus
2127 3152 2169 3220 C
2209 3175 2453 3228 virtutes
2484 3172 2693 3227 animae
2741 3152 3220 3228 eminentissimo
3239 3170 3447 3227 merito
3488 3168 3859 3243 pullulantis.

450 3270 561 3327 est.
594 3269 660 3320 ut
687 3279 888 3319 cavere
917 3261 1232 3334 possimus.

522 3356 609 3410 11.
643 3353 909 3423 Plerique
938 3355 1135 3405 tamen
1167 3348 1267 3421 qui
1297 3348 1499 3404 volunt
1519 3347 1575 3403 in
1601 3349 1869 3421 paradiso
1900 3348 2096 3404 diabo-

449 3444 575 3499 lum
606 3459 721 3497 non
752 3441 935 3496 fuisse
969 3438 1123 3505 ,licet
1150 3438 1209 3492 in
1239 3437 1381 3493 cmlo
1402 3442 1689 3493 astantem
1708 3454 1842 3493 cum
1874 3437 2097 3510 angelis

450 3531 789 3604 legerimus,
858 3545 930 3584 ne
973 3532 1172 3583 nostro
1222 3544 1489 3583 sermone
1532 3527 1842 3582 videantur
1883 3525 2097 3583 otl‘endi

452 3621 587 3693 (14),
619 3619 945 3676 secundum
978 3633 1146 3672 suam
1188 3617 1480 3688 accipiant
1518 3615 1878 3671 voluntatem
1912 3615 2097 3671 inter-

452 3709 838 3783 pretationem
869 3707 1041 3763 istius
1072 3705 1355 3762 lectionis.
1389 3706 1653 3777 Namque
1685 3709 1819 3761 ante
1848 3721 1954 3760 nos
1989 3704 2101 3761 fuit

454 3798 666 3872 (Philo,
698 3798 756 3853 in
789 3797 890 3853 lib.
922 3796 987 3852 de
1026 3796 1213 3850 Mundi
1253 3795 1519 3866 opificio),
1571 3793 1671 3866 qui
1704 3810 1807 3865 per
1835 3793 2099 3866 volupta-

452 3892 573 3945 tem
612 3888 723 3960 (15)
754 3892 810 3942 et
847 3902 1130 3942 sensuum
1168 3883 1698 3957 praevaricationem
1745 3883 1818 3937 ab
1862 3883 2101 3940 homine

453 3977 863 4034 memoraverit
914 3991 1044 4030 esse
1090 3974 1489 4041 commissam,
1551 3972 1611 4026 in
1651 3971 1843 4043 specie
1874 3987 2105 4045 serpen-

452 4067 530 4122 tis
560 4067 812 4139 ﬁguram
845 4062 1138 4135 accipiens
1169 4061 1594 4127 delectationis,
1650 4060 1708 4114 in
1756 4060 1943 4133 ﬁgura
1973 4078 2104 4117 mu—

380 4214 405 4225 _,
454 4154 615 4211 lieris
646 4170 887 4210 sensum
920 4149 1101 4206 animi
1134 4148 1465 4221 mentisque
1495 4149 1878 4218 constituens,
1926 4167 2104 4223 quam

453 4252 681 4311 αἴσθησιν
721 4243 934 4297 vocant
979 4238 1195 4295 Graeci:
1245 4238 1487 4311 decepto
1530 4243 1727 4295 autem
1769 4255 1945 4295 sensu
1994 4240 2106 4313 (16)

456 4329 973 4404 ρι’ωνειιιίοαῐιιίοεω
1054 4327 1379 4383 secundum
1462 4327 1766 4407 historiam
1851 4334 2107 4385 mentem

456 4420 730 4487 asseruit,
791 4434 968 4489 quam
995 4416 1175 4472 Grzsci
1208 4427 1324 4474 νοῦν
1355 4423 1578 4473 vocant.
1616 4418 1789 4473 Recte
1832 4417 2011 4490 igitur
2047 4418 2109 4473 in

2279 3263 2362 3316 14.
2396 3263 2460 3316 Et
2488 3260 2774 3327 dividitur,
2810 3260 3023 3333 inquit,
3055 3261 3143 3316 hic
3185 3262 3306 3331 fons
3338 3262 3398 3314 in
3428 3268 3623 3330 quator
3666 3259 3856 3313 initia.

2204 3354 2409 3407 Nomen
2443 3354 2520 3405 est
2552 3351 2655 3405 uni
2678 3351 2919 3405 Phison:
2951 3349 3040 3405 hic
3067 3352 3144 3405 est
3175 3350 3272 3420 qui
3298 3350 3496 3404 circuit
3514 3363 3727 3403 omnem
3753 3349 3865 3402 ter-

2205 3457 2328 3495 ram
2357 3440 2692 3510 Evilath,ubi
2719 3447 2798 3495 est
2831 3440 3232 3495 aurum.Terrse
3270 3442 3453 3493 autem
3471 3438 3626 3492 illius
3655 3450 3864 3492 aurum

2208 3529 2406 3585 bonum
2434 3530 2634 3597 est,ubi
2651 3532 2729 3584 est
2745 3528 3182 3597 carbunculus,et
3213 3529 3352 3600 lapis
3372 3527 3730 3599 prasinus.Et
3757 3540 3870 3581 no-

2204 3635 2330 3674 men
2355 3618 2585 3674 secundo
2614 3619 2755 3675 Geon
2779 3635 2791 3672 :
2824 3618 2913 3673 hic
2940 3622 3017 3672 est
3037 3618 3134 3689 qui
3161 3618 3360 3673 circuit
3388 3631 3605 3671 omnem
3635 3615 3857 3671 [Ethio-

2202 3711 2377 3779 piam.
2428 3712 2491 3763 Et
2530 3710 2733 3763 ﬂumen
2785 3708 3011 3762 tertium
3051 3708 3270 3775 Tigris:
3322 3705 3411 3761 hic
3450 3709 3529 3760 est
3574 3707 3671 3776 qui
3724 3702 3880 3758 vadit

2210 3805 2401 3852 contra
2444 3797 2711 3867 Assyrios.
2765 3797 2831 3851 Et
2876 3797 3082 3865 ﬂumen
3126 3804 3385 3867 quartum
3425 3798 3506 3849 est
3565 3795 3872 3865 Euphrate:

2210 3886 2361 3957 (Gen.
2396 3903 2456 3952 Il,
2487 3885 2697 3956 10-14).
2731 3884 2861 3939 Haec
2902 3885 3080 3957 igitur
3127 3888 3378 3956 quatuor
3423 3887 3565 3939 sunt
3594 3881 3861 3938 flumina.

2213 3974 2321 4031 hoc
2351 3978 2461 4041 est,
2486 3975 2812 4030 secundum
2847 3974 3136 4031 Hebraeos.
3166 3974 3397 4048 Ganges
3426 3977 3621 4029 autem
3658 3987 3870 4028 secun-

2213 4064 2354 4119 dum
2386 4063 2634 4130 Graecos,
2666 4063 2766 4135 qui
2800 4063 2927 4118 ﬂuit
2951 4068 3155 4120 contra
3184 4064 3431 4119 Indiam.
3460 4062 3630 4118 Geon
3672 4065 3874 4117 autem

2213 4152 2400 4218 Nilus,
2447 4152 2547 4224 qui
2597 4150 2806 4207 circuit
2848 4155 3067 4207 terram
3113 4152 3338 4224 [Egypti
3368 4150 3458 4207 vel
3494 4148 3876 4221 Ethiopian).

2216 4240 2638 4313 Mesopotamia
2683 4246 2878 4297 autem
2924 4241 3158 4308 dicitur,
3200 4241 3353 4313 quod
3424 4239 3619 4312 Tigris
3661 4242 3717 4293 et
3758 4237 3880 4293 Eu-

2217 4330 2456 4403 phrates
2501 4329 2851 4386 incluserint
2895 4346 3064 4399 eam;
3112 4346 3177 4385 eo
3206 4330 3375 4401 quod
3414 4329 3567 4384 inter
3608 4328 3726 4383 duo
3755 4325 3881 4381 haec

2220 4418 2477 4508 ﬂumina
2507 4419 2826 4508 gonstituta
2881 4419 2978 4489 sit,
3010 4419 3167 4491 quod
3220 4420 3396 4475 etiam
3457 4417 3627 4490 longe
3669 4414 3884 4508 positis

457 4509 653 4565 Graeco
686 4519 795 4575 νοῦς
843 4507 949 4561 viri
1017 4506 1265 4579 ﬁguram
1323 4506 1547 4579 accepit
1582 4524 1596 4574 ;
1630 4515 1849 4575 αἴσθησκ
1909 4506 2112 4563 mulie—
2142 4528 2188 4592 Β
2222 4523 2436 4563 nomen
2466 4501 2668 4580 ipsum
2717 4512 2773 4563 et
2804 4508 3002 4579 opinio
3035 4508 3365 4563 communis
3406 4505 3716 4578 expressit.
3766 4501 3884 4559 Sed

458 4598 561 4664 ris,
595 4598 759 4653 Unde
778 4602 835 4652 et
863 4595 1102 4668 quidam
1126 4597 1310 4652 Adam
1346 4607 1461 4653 νοῦν
1495 4600 1793 4652 terrenum
1835 4596 2114 4668 interpre-

458 4687 565 4744 tati
596 4691 755 4743 sunt.
790 4686 1076 4741 Dominus
1107 4690 1304 4741 autem
1353 4684 1611 4757 virgines
1653 4684 1784 4740 illas
1824 4684 1883 4738 in
1928 4685 2111 4740 Evan-

459 4775 613 4851 gelio
656 4775 868 4845 (Matth.
914 4791 1045 4842 xxv,
1096 4773 1118 4830 1
1184 4783 1235 4830 et
1277 4774 1413 4846 seq.)
1455 4772 1717 4829 accensis
1757 4772 1981 4828 facibus
2024 4772 2113 4828 vel

459 4864 765 4923 exstinctis
805 4867 1211 4937 exspectantes
1258 4862 1457 4935 sponsi
1500 4862 1813 4918 adventum
1845 4879 1950 4933 pro
1980 4878 2113 4919 sen-

535 4982 648 5064 (11)
731 4981 890 5036 Hanc
928 5060 937 5064 _
972 4979 1210 5064 fuisse"
1233 4977 1653 5064 catholicorum
1722 4977 2115 5064 quorumdam

464 5049 823 5125 opinionem,
883 5060 944 5125 ut
1012 5050 1352 5125 paradisum
1419 5054 1496 5125 et_
1543 5066 1674 5125 quis
1730 5049 1802 5104 de
1828 5049 2115 5125 serpentis

465 5119 642 5196 atque
671 5119 1116 5195 Evm'colloq'uio
1150 5123 1209 5176 in
1241 5120 1446 5176 Genesi
1482 5119 1777 5196 leguntur,
1811 5119 1941 5196 solo
1982 5137 2114 5175 sen-

468 5191 877 5267 su—allegorico
922 5191 1466 5267 interpretarentur,
1527 5191 1960 5267 Augustinus}.
1990 5208 2112 5259 VIII,

468 5267 579 5338 cst
616 5262 825 5338 et'seq.
884 5267 955 5338 de
996 5262 1140 5333 Gen,
1171 5265 1245 5338 ad
1276 5263 1393 5338 litt.
1422 5262 1758 5338 auctorvest.
1794 5262 1954 5338 Unde
1973 5279 2115 5338 _non

469 5336 688 5393 mirum
722 5332 1131 5410 si'optionem'
1169 5336 1321 5392 hanc
1369 5335 1543 5410 faciat
1571 5332 2115 5410 Ambrosips._Ear_n

468 5414 667 5489 tamen
713 5412 796 5466 sic
839 5404 1099 5483 ihtellige
1150 5413 1216 5464 ut
1269 5407 1571 5489 veritatem
1625 5404 2116 5489 prmvaricationis

468 5481 794 5554 primorum
820 5476 1153 5554 parentum,
1186 5497 1253 5536 ac
1283 5478 1504 5554 peccati
1534 5476 1855 5554 originalis
1897 5480 2115 5554 sartam

467 5548 682 5632 tectam
710 5548 872 5632 velit.
906 5552 965 5632 Id
994 5548 1245 5632 ipsemet
1273 5548 1406 5632 cum
1438 5548 1671 5632 ultimis
1695 5549 1874 5632 huius
1907 5548 2117 5632 capitis

463 5623 661 5689 verbis
690 5629 889 5706 aperte
918 5618 1108 5698 docet,
1135 5628 1264 5684 tum
1303 5622 1432 5684 aliis
1475 5622 1741 5697 ejusdem
1775 5618 1921 5680 libri
1948 5618 2115 5699 locis,

2222 4597 2724 4669 quemadmodum
2764 4597 2894 4652 fons
2940 4596 3155 4652 dicitur
3197 4595 3496 4668 Sapientia
3548 4594 3669 4650 Dei.
3726 4593 3881 4649 Fons

2221 4686 2376 4742 enim
2407 4690 2496 4741 est
2551 4686 2877 4741 secundum
2927 4685 3307 4758 Evangelium
3356 4685 3591 4741 dicens:
3646 4682 3707 4738 Si
3754 4682 3887 4754 quis

2220 4776 2357 4842 sitit,
2410 4776 2594 4830 veniat
2654 4774 2724 4830 ad
2764 4791 2868 4842 me,
2919 4782 2972 4831 et
3012 4775 3161 4831 bibat
3199 4776 3381 4846 (Joan.
3431 4791 3531 4842 vn,
3576 4772 3706 4841 37);
3751 4770 3889 4827 fons

2223 4868 2312 4919 est
2343 4867 2400 4920 et
2430 4864 2754 4919 secundum
2785 4862 3129 4935 prophetam
3162 4862 3265 4936 qui
3285 4864 3394 4919 ait:
3435 4864 3629 4919 Venite
3653 4868 3706 4917 et
3735 4861 3886 4920 edite

2223 4982 2279 5035 et
2310 4979 2383 5051 iis
2427 4978 2694 5051 maxime,
2721 4996 2869 5051 quos
2912 4979 2985 5051 ad
3017 4980 3399 5036 astruendum
3430 4982 3735 5051 peccatum
3766 4980 3888 5036 ori-

2223 5049 2418 5124 ginale
2448 5049 2816 5124 Augustin—us
2848 5050 3106 5118 adhibet,
3138 5049 3523 5124 manifestum
3539 5054 3650 5124 est.

2295 5122 2427 5192 (15).
2461 5120 2801 5195 Octo_mss.,
2836 5124 2933 5195 qui
2959 5138 3062 5193 per
3090 5124 3440 5195 voluntatem.
3463 5122 3576 5178 Alii
3607 5138 3673 5177 ac
3712 5121 3882 5195 edit,

2223 5196 2321 5318 qui
2373 5209 2471 5265 per
2534 5193 2884 5266 voluptatem.
2943 5195 3055 5250 Sed
3121 5194 3213 5250 his
3256 5194 3497 5251 vocibus
3544 5193 3885 5276 promiscue

2248 5280 2406 5318 erme
2437 5267 2683 5318 utuntur
2712 5282 2879 5318 mss..
2922 5265 3081 5318 auod
3122 5265 3305 5318 semel
3359 5282 3661 5318 monuisse
3707 5266 3881 5318 sufﬁ-

2248 5265 2406 5390 errtpe
2437 5265 2683 5321 utuntur
2712 5282 2879 5334 mss.,
2922 5265 3081 5339 quod
3122 5265 3306 5323 semel
3359 5265 3661 5323 monuisse
3707 5266 3881 5322 sufﬁ-

2248 5352 2317 5390 na
2350 5376 2363 5389 .

2227 5352 2363 5392 Clat.

2298 5406 2409 5477 (i6)
2457 5406 2541 5462 Ita
2585 5423 2728 5464 mss.
2776 5408 3009 5464 decem:
3052 5408 3422 5466 Divionensis
3445 5424 3604 5475 vero,
3634 5424 3703 5464 ac
3738 5407 3885 5465 edit.

2229 5480 2356 5552 Arn.
2396 5481 2452 5534 et
2477 5479 2642 5552 _Pet.,
2674 5480 2952 5552 deceptum
2998 5488 3183 5537 autem
3237 5497 3474 5552 sensum,
3535 5484 3642 5536 etc.
3685 5479 3888 5548 Eras.,

2227 5548 2361 5607 Gill.
2387 5552 2445 5606 et
2476 5549 2645 5608 Rom.
2682 5548 2815 5607 cum
2847 5550 2980 5630 aliis
3034 5570 3204 5630 ms_s.,
3245 5551 3523 5630 deceptum
3567 5559 3755 5611 autem
3778 5566 3893 5630 per

2228 5636 2447 5683 sensum
2472 5629 2708 5682 mentem
2733 5626 3255 5699 pravaricatricem,
3281 5628 3390 5685 etc.
