4158 6168
243 288 381 350 297

1557 290 1801 352 LIBER
1845 293 1953 357 DE
1999 295 2435 362 PARADISO.‘

241 424 314 479 de
344 423 490 479 meis
510 422 784 495 panibus,
817 429 870 478 et
895 422 1058 479 bibite
1086 425 1277 479 vinum
1318 423 1457 496 quod
1511 424 1738 516 miscui
1780 423 1936 516 vobis
1962 425 2017 491 Α
2048 434 2271 484 terram
2339 434 2513 487 exivit
2566 450 2735 492 sonus
2794 452 3007 509 eorum,
3070 452 3123 499 et
3183 446 3321 516 ﬁnes
3379 450 3528 506 orbis
3585 456 3751 508 terra!

242 512 440 583 (Prov.
475 527 557 575 ιχ,
592 510 677 581 5).
725 508 890 565 Sicut
941 526 1076 583 ergo
1125 512 1258 567 fons
1303 510 1431 565 vitae
1474 514 1564 566 est
1614 509 1931 581 sapientia,

242 599 385 656 fons
415 599 627 673 gratim
661 596 991 671 spiritalis:
1025 599 1110 656 ita
1134 600 1264 656 fons
1292 600 1572 695 virtutum
1612 602 1709 695 est.
1757 602 1929 695 caete-

239 705 472 756 rarum,
498 704 633 759 quae
657 704 770 743 nos
800 686 875 741 ad
923 691 1150 743 aeternae
1181 704 1418 744 cursum
1458 686 1719 760 dirigunt
1773 686 1923 739 vitae.

236 778 322 834 Ex
349 777 463 832 hac
494 776 692 850 igitur
720 774 925 831 anima
956 793 1085 847 quae
1118 776 1280 833 culta
1309 782 1416 845 est,
1446 793 1556 830 non
1587 792 1656 830 ex
1683 790 1752 830 ea
1792 789 1923 845 quae

235 865 466 922 inculta
514 865 655 921 fons
706 864 822 919 istc
872 864 1158 936 procedit,
1213 869 1280 920 ut
1319 865 1520 936 irriget
1556 862 1920 936 paradisum,

233 955 349 1011 hoc
393 957 505 1021 est,
567 953 851 1025 quaedam
916 951 1289 1009 diversarum
1338 953 1549 1008 fruteta
1612 953 1917 1048 virtutum,

234 1060 489 1117 quarum
523 1045 677 1098 sunt
707 1045 969 1113 quatuor
1000 1040 1182 1097 initia
1212 1042 1269 1097 in
1302 1058 1427 1113 qua:
1472 1040 1756 1113 sapientia
1808 1040 1921 1138 ista

233 1132 535 1190 dividitur.
573 1131 725 1196 Quae
757 1134 898 1185 sunt
927 1133 1204 1200 quatuor
1243 1129 1413 1185 initia
1455 1129 1757 1198 virtutum,
1804 1129 1918 1182 nisi

228 1239 406 1279 unum
438 1220 813 1293 prudentiae,
846 1217 1008 1273 aliud
1034 1218 1460 1290 temperantiae,
1518 1218 1756 1275 tertium
1804 1217 1921 1274 for-

219 1310 517 1380 titudinis,
568 1313 862 1383 quartum
912 1307 1181 1378 justitia;
1220 1307 1423 1379 (Plato,
1464 1307 1569 1365 lib.
1613 1326 1688 1375 1v,
1723 1308 1788 1363 dc
1822 1308 1919 1363 Re-

209 1401 415 1477 pub.)?
451 1401 603 1466 Quae
640 1398 827 1454 etiam
870 1394 1188 1467 sapientes
1239 1396 1412 1452 istius
1457 1397 1657 1453 mundi
1704 1414 1773 1453 ex
1819 1414 1924 1453 no-

210 1492 346 1548 stris
438 1490 803 1560 assumpta,
867 1484 925 1540 in
1001 1500 1266 1540 suorum
1339 1485 1555 1558 scripta
1636 1486 1921 1543 librorum

214 1578 696 1636 transtulerunt.
756 1576 956 1646 Itaque
1034 1573 1200 1628 sicut
1261 1573 1391 1628 fons
1465 1574 1781 1647 sapientiae,
1841 1576 1923 1632 ita

223 1668 472 1725 ﬂumina
500 1667 631 1722 ista
667 1668 927 1738 quatuor
948 1663 1235 1734 quaedam
1262 1678 1330 1717 ex
1360 1661 1458 1719 illo
1491 1664 1646 1720 fonte
1678 1682 1920 1721 manan-

226 1757 307 1813 tia
333 1760 481 1812 sunt
515 1755 764 1810 ﬂuenta
783 1752 1100 1807 virtutum.

2046 521 2221 572 verba
2250 536 2451 574 eorum
2481 525 2663 589 (Paul.
2698 543 2860 594 xvm,
2893 529 2973 600 5).

2120 603 2217 660 46.
2248 607 2574 667 Secundus
2607 619 2697 668 est
2729 614 2947 672 ﬂuvius
2989 618 3174 693 Geon,
3202 625 3376 696 juxta
3431 645 3608 700 quem
3661 628 3755 685 lex

2042 690 2195 747 data
2226 700 2327 751 est
2357 698 2669 768 Israelitis,
2696 719 2835 758 cum
2869 713 3069 763 essent
3107 690 3167 766 in
3202 690 3465 789 viiigyptd
3527 718 3750 774 consti-

2043 780 2196 867 tuti,
2233 788 2307 835 ut
2338 800 2412 837 ex
2441 790 2693 861 Egypto
2728 795 3081 867 recederent,
3108 807 3165 857 et
3195 780 3478 863 succincti
3517 806 3755 865 lumbos

2044 864 2315 967 ederent
2346 887 2596 967 agnum,
2665 882 2821 949 quod
2874 864 3104 958 insigne
3172 898 3263 948 est
3325 897 3751 967 temperantiae.

2047 949 2285 1057 castos
2319 960 2482 1017 enim
2503 970 2559 1020 et
2589 949 3242 1048 sanctificatosv0portet
3263 949 3755 1057 Domitii

2047 1039 2399 1144 celebrare.
2427 1052 2495 1107 Et
2522 1054 2652 1109 idco
2700 1057 2867 1127 juxta
2926 1039 3105 1122 istum
3164 1070 3421 1126 ﬂuvium
3483 1039 3753 1144 legitima

2048 1128 2274 1197 primo
2314 1135 2688 1198 observantia
2730 1150 3043 1209 constituta
3090 1164 3214 1225 est;
3263 1160 3411 1231 quia
3454 1159 3751 1232 significat

2047 1231 2293 1322 pomcn
2320 1221 2433 1282 hoc
2471 1233 2786 1301 quemdam
2831 1242 2994 1295 terrae
3036 1221 3297 1302 hiatum:
3341 1221 3542 1303 Sicut”
3564 1249 3746 1322 igitur

2040 1308 2291 1404 terram
2326 1318 2385 1369 et
2415 1334 2796 1392 quacumque
2827 1326 2912 1381 vel
2946 1340 3336 1404 purgamenta
3367 1333 3459 1389 vel
3500 1308 3740 1397 frobdes

2038 1395 2100 1451 in
2124 1413 2212 1451 ea
2245 1404 2612 1470 sunt,hiatus
2644 1408 2915 1469 absorbet
2940 1395 3089 1488 (—19):
3116 1421 3194 1475 ita
3223 1422 3476 1477 castitas
3529 1395 3736 1487 omnes

2034 1488 2315 1559 corporis
2359 1493 2672 1564 passiones
2720 1501 2949 1558 abolere
3004 1510 3328 1564 consuevit.
3407 1510 3734 1587 Meritoque

2031 1575 2110 1630 ibi
2146 1577 2424 1647 primum
2460 1582 2836 1643 observantiae
2867 1594 3232 1665 constitutio,
3290 1598 3443 1670 quia
3492 1617 3600 1672 per
3638 1575 3730 1662 le-

2030 1682 2165 1734 gem
2230 1668 2595 1724 absorbetur
2664 1678 2893 1734 carnale
2960 1668 3325 1752 peccatum.‘
3377 1668 3537 1745 Ben-8
3589 1708 3726 1768 ergo

1949 1796 1996 1861 Β
2028 1756 2212 1819 Geon,
2248 1754 2307 1809 in
2347 1772 2475 1827 quo
2507 1757 2693 1831 ﬁgura
2726 1771 2812 1821 est
2869 1770 3175 1841 castitatis,
3227 1774 3555 1834 circumire
3609 1754 3726 1839 ter-

304 1846 389 1901 15.
417 1842 658 1899 Phison
685 1840 873 1912 igitur
920 1837 1242 1910 prudentia
1288 1844 1396 1906 est,
1454 1844 1511 1895 et
1559 1840 1687 1896 ideo
1745 1837 1996 1898 habet”
2030 1859 2155 1897 ram
2175 1844 2832 1942 Ethiopicamdicitur,
2860 1837 3723 1942 utabluatcorpusabjectum,

239 1935 458 1990 bonum
491 1945 747 1995 aurum,
778 1925 1135 2000 spendidum
1178 1927 1625 1995 carbunculum,
1684 1934 1741 1985 et
1795 1947 1924 2002 pra-

240 2024 441 2079 sinum
487 2018 789 2091 lapidem.
843 2023 1068 2070 Aurum
1119 2015 1278 2070 enim
1330 2033 1432 2087 pro
1480 2017 1732 2073 inventis
1781 2036 1917 2090 pru-

241 2109 525 2166 dentibus
557 2106 911 2177 frequenter
940 2103 1287 2175 accipimus.
1313 2104 1475 2160 Unde
1525 2109 1584 2160 et
1637 2106 1919 2165 Dominus

242 2215 350 2270 per
378 2195 740 2269 prophetam
786 2192 910 2247 ait:
954 2192 1090 2247 Dedi
1138 2192 1233 2248 illi
1272 2209 1469 2249 aurum
1526 2202 1578 2249 et
1633 2204 1919 2262 argentum

240 2282 432 2355 (Osca:
477 2297 541 2349 ιι,
591 2280 673 2351 8).
726 2279 801 2333 Et
849 2277 1027 2333 David
1059 2279 1132 2334 de
1178 2280 1567 2350 prudentibus
1626 2281 1799 2337 dicit:
1861 2284 1922 2340 Si

241 2370 548 2428 dormiatis
632 2371 787 2424 inter
842 2367 1045 2424 medios
1128 2369 1319 2436 cteros,
1386 2386 1581 2440 pennae
1657 2371 1922 2431 columbae

243 2459 650 2529 deargentatx,
684 2459 739 2510 et
759 2456 1067 2526 posteriora
1096 2455 1246 2510 dorsi
1289 2457 1407 2527 ejus
1451 2459 1512 2513 in
1560 2460 1739 2529 specie
1793 2464 1923 2517 auri

243 2545 431 2613 (Psa’l.
514 2560 688 2611 va.1,
759 2542 887 2613 14):
942 2559 1008 2598 eo
1050 2543 1205 2614 quod
1253 2543 1440 2599 Veteri
1483 2550 1538 2601 et
1598 2550 1754 2601 Novo
1821 2550 1920 2619 qui

245 2632 559 2688 inhaeserit
598 2632 997 2699 Testamento,
1038 2631 1096 2685 in
1155 2631 1284 2703 ipsa
1340 2638 1563 2690 secreta
1620 2635 1918 2707 sapientiae

245 2722 355 2779 Dei
386 2718 813 2793 disputationis
866 2719 1056 2790 possit
1101 2720 1375 2776 ubertate
1424 2724 1751 2793 procedere.
1801 2725 1920 2782 Hoc

250 2827 399 2883 ergo
426 2810 654 2865 bonum
688 2824 900 2863 aurum
936 2807 1093 2876 dicit,
1142 2826 1256 2865 non
1292 2809 1436 2865 illud
1473 2812 1762 2868 monetale
1805 2815 1918 2887 (17)

246 2898 413 2971 quod
462 2894 848 2968 corruptibile
905 2912 973 2950 ac
1020 2900 1317 2952 terrenum
1363 2903 1469 2955 est.
1522 2899 1707 2955 Habet
1741 2903 1917 2960 etiam

252 2986 667 3060 splendidum,
715 2983 932 3055 inquit,
976 2985 1422 3052 carbunculum,
1485 2988 1629 3044 151
1695 2990 1753 3044 in
1801 3008 1916 3064 quo

247 3074 503 3149 quidam
550 3072 765 3128 animae
819 3077 1031 3128 nostra;
1075 3073 1216 3128 vivit
1263 3074 1577 3146 igniculus.
1629 3076 1811 3134 Habet
1858 3087 1916 3138 et

2028 1935 2084 1985 et
2113 1932 2316 1986 carnis
2337 1932 2645 1995 vilissimae
2669 1932 3380 2016 restinguatincendium.
3426 1932 3723 2032 Aithiopia

2027 2019 2180 2074 enim
2198 2021 2449 2091 abjecta
2474 2026 2665 2084 etvilis
2678 2030 2879 2087 Latina
2899 2033 3386 2108 interpretatione
3421 2019 3714 2117 signatur.

2028 2107 2174 2198 Quid
2201 2113 2419 2198 autem
2453 2113 2737 2187 abjeetius
2770 2125 2967 2177 nostro
3024 2107 3267 2198 corpore
3296 2133 3320 2185 Ρ
3369 2107 3528 2196 Quid
3592 2142 3715 2197 tam

2025 2196 2360 2298 .‘Ethiopiae‘
2376 2198 2590 2271 simile,
2624 2209 2779 2279 quod
2819 2210 2994 2266 etiam
3028 2196 3263 2287 nigrum
3324 2224 3421 2277 est
3472 2226 3714 2298 quibus-

2026 2285 2161 2341 dam
2195 2287 2470 2347 tenebris
2490 2302 2858 2366 peccatorum
2883 2299 2911 2353 ‘?

2096 2375 2181 2429 17.
2215 2376 2463 2469 Tertius
2494 2388 2583 2438 est
2612 2385 2825 2442 ﬂuvius
2850 2388 3062 2460 Tigris,
3123 2395 3224 2463 qui
3285 2400 3459 2459 vadit
3502 2412 3707 2469 contra

2028 2463 2325 2535 Assyrios,
2360 2470 2431 2523 ad
2489 2488 2667 2542 quem
2723 2476 3133 2546 praevaricator
3188 2483 3375 2543 Israel
3437 2497 3704 2568 captivus

2027 2557 2113 2606 est
2134 2551 2372 2610 ductus.
2395 2557 2497 2614 Hic
2514 2559 2729 2618 ﬂuvius
2751 2563 2969 2619 dicitur
2985 2566 3385 2633 velocioresse
3399 2551 3699 2660 omnibus,

2029 2658 2205 2712 quem
2233 2641 2503 2703 incolunt
2531 2651 2776 2722 Assyrii,
2813 2652 2922 2708 hoc
2935 2656 3338 2728 estdirigentes
3364 2668 3516 2734 ;hoc
3541 2641 3698 2735 enini

2027 2729 2322 2800 significat
2351 2732 2771 2808 interpretatio.
2807 2741 2957 2813 Ergo
2987 2744 3327 2821 quicunque
3354 2729 3699 2824 f‘ortitiidiii-e~

2027 2817 2225 2873 animi
2267 2826 2708 2893 praevaricantia
2769 2830 3033 2902 corporis
3111 2817 3255 2893 vitia
3314 2850 3694 2919 captivaverit

2023 2907 2285 2980 dirigens
2318 2912 2389 2965 ad
2423 2930 2697 2986 superna,
2736 2918 2844 2973 iste
2905 2918 3085 2989 hujus
3143 2907 3417 2991 ﬂuminis

2024 2996 2365 3053 aestimatur.
2400 3001 2471 3056 Et
2502 3003 2628 3060 ideo
2651 3006 2827 3060 etiam
2862 3007 3143 3066 fortitudo
3185 3016 3256 3071 de
3287 3019 3392 3078 illo
3445 2996 3687 3099 qui-est

2023 3083 2083 3138 in
2105 3086 2397 3156 paradiso,
2424 3090 2581 3147 fonte
2595 3098 2851 3148 emanat.
2885 3095 3187 3157 Fortitudo
3203 3111 3402 3167 autem
3425 3083 3684 3185 quodam

3289 3160 3402 3167 "‘-
3471 3160 3682 3179 uvuulu

244 3161 566 3237 prasinum
615 3160 898 3233 lapidem,
934 3162 1033 3233 qui
1065 3162 1249 3217 viride
1267 3163 1549 3234 quiddam
1572 3169 1748 3237 atque
1770 3169 1910 3226 vita—
1941 3161 1982 3228 C
2021 3188 2195 3227 cursu
2227 3174 2430 3245 rapido
2462 3179 2797 3235 resistentia
2827 3199 3071 3256 quaque
3094 3160 3554 3273 transverbejrat,
3576 3225 3682 3266 nec

247 3252 293 3273 Ι,
343 3250 549 3273 _-‘-_!_
582 3249 670 3273 ---Ξ
707 3249 900 3273 -..ΑΑῘΑ
936 3254 1222 3273 --ι-..ι-..-
1248 3250 1471 3273 --3.1-ι--..
1524 3253 1651 3273 ἹΥΞῨ-
1680 3272 1685 3273 ,
1708 3259 1719 3273 ι
1828 3257 1840 3268 ⁵
2056 3258 2091 3273 1ο
2188 3260 2218 3273 -ι
2598 3268 2610 3273 -
2710 3267 2720 3273 .
2885 3271 2921 3273 ,1

244 3252 299 3308 le
336 3250 550 3306 coloris
580 3249 673 3306 sui
706 3249 902 3321 specie
933 3254 1226 3306 ostentare
1248 3250 1491 3307 videtur.
1524 3253 1727 3309 Virent
1751 3257 1905 3314 enim

242 3340 498 3396 arbusta
525 3355 654 3410 quae
701 3336 925 3407 vivunt,
974 3343 1248 3394 arescunt
1304 3344 1506 3396 contra
1548 3358 1908 3418 quaecunque

242 3426 620 3484 moriuntur:
653 3425 802 3481 viret
831 3430 985 3483 terra
1011 3427 1154 3483 dum
1186 3428 1371 3496 ﬂoret,
1390 3430 1577 3485 virent
1597 3435 1654 3486 et
1682 3434 1910 3492 semina

244 3518 399 3572 dum
488 3519 903 3588 prorumpunt.
956 3516 1025 3570 Et
1070 3517 1219 3573 bene
1279 3519 1469 3590 primo
1509 3518 1767 3577 locohic
1799 3524 1904 3579 ﬂu-

244 3606 386 3659 vius
416 3604 645 3675 positus
691 3606 782 3659 est
821 3603 1061 3671 Phison,
1118 3605 1218 3678 qui
1259 3608 1582 3663 secundum
1636 3609 1905 3669 Hebraeos

242 3691 471 3748 Phison
527 3691 744 3747 dicitur
781 3692 915 3762 (18),
971 3691 1080 3748 hoc
1121 3699 1210 3749 est
1257 3697 1368 3751 oris
1428 3699 1699 3766 mutatio;
1766 3700 1905 3771 quia

244 3797 368 3836 non
404 3796 582 3835 unam
616 3784 850 3852 gentem
883 3780 1256 3853 circumﬂuit,
1291 3784 1390 3839 sed
1422 3785 1595 3840 etiam
1641 3804 1744 3858 per
1795 3789 1901 3861 Ly-

240 3869 411 3924 diam
445 3867 594 3922 ﬂuit.
627 3867 755 3923 Non
787 3868 943 3923 enim
976 3875 1229 3942 angusta
1260 3873 1548 3943 quaedam,
1582 3876 1682 3931 sed
1743 3877 1902 3934 dives

240 3955 576 4013 utilitatum
615 3956 955 4029 mrudentia
1005 3962 1114 4027 est,
1169 3976 1295 4031 quae
1370 3959 1638 4032 pluribus
1694 3965 1897 4037 prosit.

241 4046 386 4102 Ideo
417 4042 630 4117 prima,
663 4048 730 4098 ut
759 4044 809 4099 si
841 4044 971 4116 quis
1004 4046 1075 4101 de
1114 4048 1387 4119 paradiso
1413 4049 1583 4106 fuerit
1604 4068 1896 4125 egressus,

240 4132 408 4189 velut
459 4132 757 4204 quoddam
791 4149 926 4188 eum
958 4135 1276 4206 prudentiae
1292 4137 1506 4193 ﬂumen
1534 4140 1805 4212 excipiat,
1828 4161 1899 4199 ne

240 4222 366 4277 cito
397 4220 589 4292 possit
618 4236 913 4278 arescere:
945 4222 1045 4278 sed
1078 4241 1182 4296 per
1231 4225 1380 4281 banc
1428 4227 1498 4281 ad
1558 4230 1897 4301 paradisum

237 4308 418 4366 facile
451 4312 794 4365 revertatur.
830 4309 929 4365 Hic
970 4311 1181 4368 ﬂuvius
1230 4330 1263 4369 a
1313 4313 1514 4370 multis
1563 4317 1898 4376 hominibus

236 4400 676 4469 frequentatur,
739 4397 1356 4474 pulchritudinemque
1429 4407 1487 4459 et
1543 4406 1896 4466 fertilitatem

236 4486 571 4543 maximam
604 4485 839 4591 ‘habere
886 4488 1241 4587 perhibetur.
1282 4492 1350 4546 Et
1392 4492 1529 4591 ‘ide-o
1590 4496 1900 4591 prudentia
1931 4527 1973 4591 D

234 4576 301 4629 in
347 4574 549 4646 specie
604 4573 785 4646 hujus
831 4576 1133 4649 accipitur,
1182 4595 1309 4650 qua
1354 4579 1639 4651 plurimos
1672 4584 1897 4642 fructus

233 4661 446 4718 attulit
466 4660 527 4717 in
554 4662 788 4718 Domini
818 4664 1089 4721 adventu.
1123 4668 1310 4738 Atque
1339 4668 1398 4723 in
1430 4675 1689 4728 extrema
1710 4677 1896 4731 terra-

232 4768 377 4808 rum
406 4750 562 4816 ﬂuit,
620 4751 760 4822 quia
807 4769 908 4824 per
954 4754 1314 4827 Sapientiam
1373 4774 1576 4815 omnes
1630 4760 1896 4820 homines

230 4845 383 4897 sunt
446 4838 754 4912 redempti.
806 4838 967 4897 Unde
1002 4847 1060 4898 et
1110 4843 1333 4899 dictum
1393 4850 1513 4901 est:
1573 4850 1637 4903 In
1684 4867 1897 4908 omnem

308 4956 431 5026 (17)
462 4953 560 5010 Sic
590 4954 700 5009 Era
737 4955 875 5010 edit.
910 4972 1043 5012 cum
1074 4962 1284 5030 seq.qet
1336 4961 1538 5030 paucis
1574 4979 1718 5019 mss.
1761 4968 1890 5022 Am.

230 5033 443 5084 autem
478 5029 538 5081 et
567 5041 712 5080 mss.
764 5030 890 5081 octo
937 5028 1379 5103 aurum’dicerét
1424 5036 1729 5103 monetale;
1786 5038 1893 5092 Re-

227 5097 563 5163 mensis,...
636 5112 748 5151 non
812 5100 1094 5153 monetale.
1177 5099 1327 5167 Div.,
1386 5119 1589 5159 aurum
1644 5097 1893 5163 decorum

325 5170 534 5224 natale.

223 5187 534 5227 πιοηειαιε.

305 5241 429 5316 (t8_)_
460 5238 605 5316 Mss.
634 5237 881 5316 aliquot,
910 5240 1136 5316 positus
1150 5243 1226 5295 est
1266 5244 1453 5316 Fison,
1477 5246 1660 5316 qui...
1722 5250 1890 5303 Fecu-

220 5309 331 5391 εοῄ
363 5311 599 5391 dicitur.
634 5309 701 5364 Et
717 5309 871 5391 post
888 5309 1074 5391 pauca
1104 5311 1268 5391 item.
1317 5309 1500 5381 edit,
1538 5319 1890 5391 circumﬂuit,

220 5383 322 5440 sed
348 5383 678 5437 universam
704 5381 815 5446 fere
843 5381 1076 5437 Indiam.
1110 5382 1232 5437 Vet.
1268 5401 1469 5441 omnes
1498 5392 1563 5441 ut
1600 5388 1658 5441 in
1708 5381 1887 5446 textu:

224 5454 336 5527 His
365 5453 550 5509 etiam
585 5452 871 5527 accedunt
900 5469 1068 5527 mss.,
1100 5455 1351 5527 exceptis
1385 5458 1632 5527 duobus,
1667 5459 1764 5515 ubi
1786 5460 1889 5517 ha-

226 5526 547 5615 betest?"
577 5524 1187 5615 ιπίαηιπβέίιομΑη
1618 5524 1625 5527 ⁷
1772 5601 1784 5615 .

302 5594 552 5674 (19)Ἰιε
581 5609 728 5651 mss.
764 5594 1017 5651 melioris
1048 5599 1215 5654 notae.
1250 5596 1313 5654 In
1371 5597 1502 5657 aliis
1557 5617 1689 5661 vero
1738 5601 1889 5667 sicut

564 5722 828 5791 Damt.
873 5721 1037 5791 XIV.

2019 3258 2315 3332 aliquibus
2332 3279 2543 3322 cursus
2559 3268 2688 3338 ejus
2706 3267 3263 3339 impedimentorum
3288 3282 3471 3344 haeret
3487 3258 3681 3351 obsta-

2018 3347 2184 3404 culis.

2089 3438 2175 3491 18.
2209 3439 2461 3502 Quartus
2491 3449 2579 3500 cst
2610 3444 2823 3500 ﬂuvius
2858 3448 3204 3525 Euphrates,
3234 3460 3333 3531 qui
3360 3463 3565 3524 Latine
3587 3470 3669 3526 fe-

2016 3525 2283 3581 cunditas
2315 3532 2490 3600 atque
2522 3532 2883 3590 abundantia
2908 3538 3211 3599 fructuum
3251 3525 3668 3627 nuncupatur,

2015 3614 2325 3685 praeferens
2358 3620 2652 3689 quoddam
2688 3621 3203 3699 insignejustitiaa,
3239 3652 3368 3707 quae
3429 3614 3666 3702 omnem

2013 3702 2201 3773 pascit
2232 3703 2511 3762 animam.
2553 3708 2726 3764 Nulla
2781 3712 2940 3767 enim
2993 3702 3453 3784 abundantiores
3511 3733 3666 3790 152

2007 3790 2238 3846 videtur
2268 3792 2496 3852 fructus
2526 3796 2740 3853 habere
2766 3799 2973 3868 virtus,
3010 3820 3189 3874 quam
3221 3812 3467 3881 aequitas
3490 3824 3666 3890 atque

2002 3878 2256 3950 justitia,
2290 3900 2416 3954 quae
2449 3886 2637 3959 magis
2669 3885 2802 3943 aliis
2829 3905 3014 3960 quam
3049 3894 3161 3949 sibi
3193 3878 3452 3971 prodest,
3486 3878 3668 3961 etuti-

2009 3966 2205 4025 litates
2230 3986 2371 4027 suas
2405 3972 2645 4046 negligit
2659 3980 3001 4035 communia
3027 3966 3428 4043 emolumenta
3448 4007 3669 4065 praepo-

2009 4073 2175 4113 nens.
2262 4058 2526 4133 Plerique
2609 4063 2966 4134 Euphratem
3061 4080 3157 4130 ἀπὸ
3229 4085 3316 4131 τοῦ
3390 4058 3645 4154 εὺξρραίξε-

2008 4153 2115 4201 σθαι
2145 4146 2369 4204 dictum
2402 4152 2773 4241 putant,rboc
2817 4162 2906 4213 est
2966 4177 2999 4215 a
3055 4160 3324 4233 laetando,
3380 4146 3662 4241 eouquod

2007 4232 2316 4291 hominum
2348 4253 2536 4309 genus
2560 4239 2721 4296 nullo
2739 4246 2927 4317 magis
2946 4265 3122 4319 quam
3145 4252 3379 4322 justitia
3408 4261 3467 4313 et
3486 4232 3665 4332 aequi-

2008 4326 2126 4379 tate
2156 4324 2399 4381 laetetur.
2432 4329 2681 4385 Causam
2705 4336 2900 4391 autem
2930 4353 3036 4392 cur
3065 4341 3256 4396 caeteri
3315 4359 3433 4414 qua
3489 4324 3656 4405 com-

2008 4416 2207 4468 meant
2236 4414 2393 4469 ﬂuvii
2425 4417 2860 4493 describuntur,
2910 4426 3173 4498 regiones
3217 4430 3481 4491 locorum
3540 4455 3659 4511 qua

2006 4500 2332 4573 Euphrates
2362 4510 2656 4562 commeat
2685 4525 2800 4564 non
2836 4512 3260 4587 describantur,
3293 4520 3453 4579 illam
3491 4500 3655 4585 acce-

2006 4588 2223 4658 pimus,
2253 4591 2391 4663 quia
2426 4610 2579 4666 aqua
2638 4597 2766 4668 ejus
2822 4602 3012 4660 vitalis
3056 4610 3358 4680 asseritur,
3418 4618 3476 4669 et
3527 4634 3654 4688 qua:

2006 4676 2191 4732 foveat
2215 4684 2388 4752 atque
2417 4689 2645 4755 augeat.
2681 4685 2845 4744 Unde
2870 4699 3227 4752 eumAuxen
3258 4676 3368 4773 (20)
3390 4676 3655 4760 Hebraeo-

2006 4781 2136 4820 rum
2167 4772 2225 4822 et
2261 4770 2635 4841 Assyriorum
2700 4779 3022 4847 prudentes
3081 4770 3391 4844 dixerunt:
3451 4796 3654 4848 contra

2005 4858 2202 4915 autem
2234 4856 2418 4912 fertur
2448 4875 2576 4917 esse
2609 4879 2761 4935 aqua
2791 4865 3039 4927 aliorum
3072 4874 3402 4930 ﬂuminum.
3431 4876 3652 4936 Deinde

2005 4971 2062 5023 et
2091 4968 2148 5023 in
2182 4970 2358 5057 editis
2392 4990 2606 5057 magna
2636 4978 2966 5057 diversitas,
3007 4987 3264 5057 sedquae
3295 4989 3366 5042 ad
3407 5006 3649 5050 sensum

2005 5056 2119 5135 ξ]οη
2151 5043 2456 5135 pertineat,
2489 5043 2623 5102 cum
2656 5049 2712 5134 in
2745 5068 2816 5135 eo
2842 5043 3033 5135 posita
3066 5043 3250 5135 ‘sit‘ut
3295 5043 3650 5135 terrafpro,

2001 5114 2207 5204 terram
2230 5129 2252 5174 ;
2281 5115 2483 5204 sordes,
2517 5135 2620 5201 pro
2650 5114 2871 5204 fratr-de}
2902 5143 2915 5204 ξ
2962 5128 3131 5204 hiate,
3171 5130 3284 5199 pro
3333 5114 3653 5204 hiatasf-et
3760 5148 3769 5155 '

2002 5181 2119 5259 alia
2138 5185 2409 5259 quaedam
2446 5181 2787 5259 hujusmodi
2821 5181 3163 5251 habeantur.

2074 5254 2185 5326 (20)
2218 5259 2468 5344 lta‘m‘ss.
2503 5254 2721 5344 omnes
2744 5279 2808 5318 ac
2852 5272 2981 5344 _ve_t.
3036 5268 3447 5344 edit._magno
3507 5292 3645 5333 con-

2002 5339 2199 5404 sensu.
2258 5329 2330 5404 At
2385 5329 2551 5404 Rom.
2610 5332 2772 5404 edit.,
2835 5338 2971 5391 lude
3024 5340 3225 5394 Perth
3281 5329 3432 5400 eitum.
3484 5329 3640 5404 diae-

2000 5400 2154 5463 runt,
2179 5398 2316 5488 quod
2345 5402 2421 5453 est
2451 5409 2611 5482 αὔξειν
2656 5398 2955 5488 ercembi
3016 5426 3241 5488 vocem‘
3274 5398 3642 5488 Hebraicam,

2000 5469 2736 5566 qutseribarum‘incu‘ria
2764 5469 2995 5538 videtur
3025 5480 3120 5540 hic
3162 5483 3346 5546 fuisse
3375 5469 3642 5566 'bﬁi‘iﬁ;

1999 5540 2306 5599 restituere
2333 5543 2539 5599 conata
2571 5546 2678 5601 est.

3256 5753 3334 5841 40.
