4084 6188
451 330 572 392 299
1738 362 1747 369 -
1909 323 1976 387 S.
2019 321 2399 388 AMBROSII
3734 323 3853 385 300

454 462 595 533 quia
625 460 725 516 ubi
756 460 1087 532 prudentia,
1117 460 1198 516 ibi
1230 463 1287 514 et
1325 456 1581 513 malitia:
1641 458 1741 513 ubi
1792 457 2093 525 fortitudo,
2126 464 2180 530 Α
2207 457 2288 512 tia
2313 457 2734 530 Egyptiorum,
2791 458 3071 529 majorem
3133 456 3499 514 honestatem
3545 456 3857 513 aestimavit

452 550 532 604 ibi
562 554 619 605 et
645 549 986 605 iracundia:
1021 550 1119 605 ubi
1152 546 1536 619 temperantia
1587 546 1952 619 plerumque,
2012 546 2091 601 ibi
2206 547 2426 618 IEgypti
2462 547 2756 602 thesauris
2788 547 3168 619 opprobrium
3199 544 3430 602 Christi.
3477 544 3545 601 Et
3573 546 3708 618 quis
3758 562 3856 601 sa-

450 638 903 711 intemperantia
927 643 1033 706 est,
1057 642 1157 693 aut
1187 635 1301 691 alia
1329 636 1471 691 vilia
1510 640 1678 692 sunt:
1739 636 1841 691 ubi
1900 640 2094 690 autem
2203 633 2452 706 pientior
2480 651 2657 707 quam
2681 635 2932 691 Daniel?
2962 634 3236 691 Salomon
3255 636 3487 707 quoque
3504 633 3861 707 sapientiam

444 728 696 800 justitia,
730 728 812 783 ibi
842 726 1149 783 concordia
1174 724 1457 779 virtutum
1474 728 1912 780 estcznterarum
1937 724 2095 789 ;ideo
2206 722 2494 794 poposcit,
2529 728 2585 778 et
2617 724 2848 779 meruit.
2881 723 3111 779 Dictum
3152 728 3240 780 est
3283 740 3420 796 ergo
3476 724 3546 779 de
3602 727 3861 795 quatuor

454 834 569 873 non
602 834 671 873 ex
700 817 845 872 locis
877 833 993 888 qua
1018 813 1165 880 ﬂuit,
1194 815 1304 868 hoc
1333 818 1422 869 est
1450 831 1566 868 non
1592 830 1659 869 ex
1693 818 1854 886 parte
1880 829 2096 885 cogno-
2203 812 2485 867 virtutum
2525 813 2888 879 ﬂuminibus,
2922 830 3170 885 quorum
3204 818 3376 885 potus
3407 817 3496 869 est
3549 812 3735 868 utilis.
3787 812 3861 867 Et

455 908 658 962 scitur.
693 907 816 960 Non
848 903 1002 958 enim
1036 919 1170 973 pars
1201 907 1289 957 est
1309 902 1564 973 justitia,
1600 903 1699 958 sed
1726 903 1892 974 quasi
1914 908 2100 956 mater
2206 901 2346 972 quia
2368 901 2589 957 Phison
2610 919 2821 957 aurum
2854 902 3073 957 bonum
3103 908 3288 969 terrae,
3323 908 3379 958 et
3408 903 3861 974 carbunculum,

457 1000 545 1050 est
574 993 856 1049 omnium.
891 992 952 1046 In
984 991 1079 1046 his
1109 1008 1244 1063 ergo
1279 990 1623 1047 ﬂuminibus
1662 997 1932 1062 quatuor,
1993 991 2100 1045 vir-
2204 993 2261 1044 et
2290 989 2543 1061 lapidem
2576 990 2881 1062 prasinum
2907 991 3120 1047 habere
3159 992 3353 1047 dictus
3374 991 3598 1058 est,hoc
3621 1009 3859 1066 quoque

455 1086 609 1138 tutes
630 1079 983 1153 principales
1015 1085 1265 1152 quatuor
1289 1080 1717 1152 exprimuntur,
1744 1098 1870 1153 quan
1918 1080 2097 1135 veluti
2208 1076 2380 1148 quale
2411 1078 2489 1132 sit
2520 1078 2979 1135 consideremus.

456 1169 661 1225 mundi
687 1169 861 1225 istius
886 1167 1546 1240 incluserunttempora.
2277 1168 2366 1220 23.
2400 1166 2644 1222 Videtur
2672 1167 2830 1224 enim
2862 1168 3031 1225 nobis
3077 1172 3360 1240 tanquam
3391 1186 3600 1225 aurum
3634 1172 3858 1228 bonum

527 1259 613 1312 19.
647 1256 910 1313 Primum
937 1256 1116 1330 igitur
1158 1261 1395 1330 tempus
1444 1274 1512 1313 ex
1552 1257 1757 1312 mundi
1816 1256 2099 1329 principio
2209 1254 2382 1324 Enos,
2416 1256 2513 1327 qui
2545 1257 2861 1328 prudenter
2884 1256 2985 1312 Dei
3035 1273 3247 1312 nomen
3288 1258 3437 1314 scire
3484 1260 3859 1317 desideravit.

454 1363 642 1419 usque
668 1347 741 1401 ad
773 1347 1061 1401 diluvium
1087 1346 1409 1418 prudentiae
1441 1346 1569 1413 fuit,
1604 1363 1719 1418 quo
1748 1346 1806 1401 in
1840 1350 2100 1419 tempore
2210 1344 2405 1398 Enoch
2431 1349 2623 1400 autem
2647 1345 2747 1419 qui
2780 1345 3100 1401 translatus
3121 1350 3230 1413 est,
3262 1350 3320 1402 et
3349 1350 3594 1403 mortem
3626 1365 3743 1404 non
3772 1351 3861 1405 vi-

446 1436 592 1507 justi
616 1438 1005 1490 numerantur
1034 1435 1173 1490 Abel
1204 1453 1237 1490 a
1267 1436 1382 1491 Deo
1406 1436 1608 1507 justus
1649 1436 1840 1491 dictus
1870 1436 2099 1506 (Matt/1.,
2213 1432 2716 1498 dit,carbunculus
2738 1432 2979 1505 quidam
3002 1437 3091 1489 est
3109 1432 3259 1506 lapis
3284 1435 3419 1490 boni
3446 1436 3658 1501 odoris,
3680 1455 3861 1510 quem

454 1542 616 1595 xxm,
647 1525 737 1592 35)
767 1542 780 1592 ;
813 1526 870 1579 et
900 1524 1075 1589 Enos,
1131 1523 1240 1578 hoc
1287 1528 1378 1579 est
1427 1524 1601 1579 homo
1662 1525 1734 1578 ad
1786 1524 2103 1596 imaginem
2212 1521 2487 1593 Operibus
2514 1521 2639 1577 suis
2671 1525 2911 1578 sanctus
2942 1521 3135 1578 Enoch
3169 1523 3285 1579 Deo
3324 1523 3554 1593 detulit,
3605 1528 3862 1599 gratiam

452 1612 555 1668 Dei
589 1613 798 1681 factus,
838 1612 938 1683 qui
987 1612 1240 1683 speravit
1287 1613 1555 1668 invocare
1602 1629 1815 1669 nomen
1874 1611 2105 1668 Domini
2214 1610 2533 1679 quamdam
2593 1609 2757 1665 faclis
2814 1617 2872 1665 et
2930 1610 3192 1667 moribus
3244 1612 3497 1684 spirans.
3557 1613 3675 1671 Noe
3725 1634 3863 1674 vero

457 1702 554 1757 Dei
578 1702 732 1774 (Gen,
766 1718 841 1768 IV,
874 1702 1006 1769 26);
1040 1704 1098 1755 et
1125 1700 1342 1765 Enoch,
1376 1701 1476 1773 qui
1508 1701 1723 1757 dicitur
1763 1700 1961 1757 Latine
2013 1703 2108 1757 Dei
2213 1703 2493 1769 tanquam
2528 1698 2802 1770 prasinus
2831 1698 2982 1771 lapis
3032 1699 3266 1755 vitalem
3298 1700 3549 1758 colorem
3581 1705 3860 1776 praetulit.

459 1790 665 1861 gratia,
696 1793 898 1860 raptus
923 1789 994 1843 ad
1029 1787 1238 1843 caelum
1270 1790 1285 1859 (
1321 1788 1450 1845 Gen.
1482 1807 1535 1857 v,
1570 1791 1661 1860 24)
1690 1808 1704 1859 ;
1737 1794 1794 1845 et
1824 1790 1961 1859 Noe,
2005 1790 2104 1862 qui
2139 1834 2185 1897 Β
2215 1786 2515 1886 Siquidem
2572 1786 2774 1887 diluvii
2798 1792 3086 1897 1tempore
3113 1788 3286 1897 .soluls
3333 1789 3487 1846 velut
3537 1792 3607 1848 ad
3650 1793 3864 1850 futuras

461 1883 518 1933 et
542 1878 667 1950 ipse
690 1878 893 1949 justus
921 1876 1072 1949 (Gen.
1106 1895 1182 1944 v1,
1213 1878 1291 1949 9),
1324 1882 1381 1933 et
1417 1879 1681 1950 quaadam
1742 1879 1958 1951 requiei
2017 1880 2106 1934 di-
2139 1874 2185 1919 ‘-’
2218 1874 2652 1930 constitutionis
2680 1874 2851 1931 vitale
2879 1893 3077 1932 semen
3111 1876 3167 1931 in
3200 1877 3300 1933 illa
3332 1896 3466 1936 arca
3494 1886 3583 1937 est
3609 1899 3870 1939 reserva-

463 1967 660 2024 rectio.
2218 1968 2333 2019 tus.
2368 1965 2512 2036 Ergo
2556 1963 2701 2020 bene
2740 1965 3048 2036 paradisus
3096 1968 3195 2038 qui
3219 1967 3487 2040 pluribus
3516 1969 3864 2030 ﬂuminibus

530 2057 621 2111 20.
654 2056 992 2111 Secundum
1026 2059 1259 2127 tempus
1288 2061 1378 2111 est
1407 2056 1699 2112 Abraham
1731 2060 1789 2112 et
1835 2057 1996 2113 Isaac
2054 2061 2110 2113 et
2216 2052 2512 2124 irrigatur,
2584 2054 2906 2109 secundum
2961 2054 3242 2111 orientem
3322 2061 3428 2124 est,
3491 2076 3605 2115 non
3661 2067 3869 2120 contra

462 2146 663 2213 Jacob,
698 2144 1179 2217 reliquorumque
1213 2161 1495 2201 numerus
1527 2145 2014 2217 patriarcharum,
2048 2147 2107 2202 in
2218 2142 2519 2207 orientem,
2554 2141 2661 2197 hoc
2709 2147 2816 2210 est,
2868 2145 3194 2199 secundum
3247 2144 3416 2202 illum
3454 2149 3736 2206 orientem
3767 2153 3867 2208 cui

463 2234 684 2307 quibus
716 2237 877 2289 casta
906 2237 961 2290 et
982 2250 1129 2306 pura
1160 2234 1424 2305 quaedam
1459 2236 1844 2306 temperantia
1872 2235 2107 2307 religio-
2220 2247 2429 2286 nomen
2470 2235 2559 2286 est
2587 2231 2812 2300 Oriens,
2847 2233 2903 2288 id
2935 2236 3024 2288 est
3053 2234 3378 2291 secundum
3407 2236 3729 2307 Christum,
3761 2243 3865 2312 qui

467 2324 559 2380 nis
575 2323 814 2380 eﬂ‘ulsit.
841 2322 1258 2378 Immaculatus
1288 2323 1446 2378 enirn
1475 2324 1633 2379 Isaac
1666 2341 1766 2395 per
1796 2324 2108 2396 repromis-
2211 2320 2391 2391 jubar
2420 2320 2712 2391 quoddam
2733 2325 2959 2377 aeternae
2990 2321 3136 2379 lucis
3166 2323 3388 2393 effudit,
3416 2330 3473 2381 et
3492 2327 3658 2383 estin
3681 2328 3865 2401 Eden,

466 2414 690 2469 sionem
720 2411 964 2468 Abrahae
992 2413 1166 2467 datus
1195 2416 1284 2467 est
1311 2411 1488 2479 ﬁlius,
1515 2430 1630 2468 non
1650 2416 1769 2468 tam
1793 2413 2111 2485 corporalis

468 2506 671 2576 partus
699 2518 877 2574 quam
906 2501 1113 2556 divinae
1140 2502 1682 2573 munusprmferens
1714 2502 2112 2575 indulgentias,

468 2592 525 2647 in
560 2608 673 2664 quo
704 2607 836 2646 vere
860 2588 1223 2645 immaculati
1256 2590 1443 2661 ﬁgura
1468 2590 1784 2662 praecessit,
1830 2595 1895 2646 ut
1958 2596 2111 2665 Apo-

467 2681 655 2736 stolus
686 2681 854 2736 docet
885 2679 1086 2734 dicens
1111 2696 1122 2732 :
1159 2678 1305 2743 Quia
1333 2679 1569 2736 Abrahae
1584 2680 1746 2736 dicta:
1772 2689 1901 2736 sunt
1930 2698 2113 2753 repro-

466 2771 776 2835 missiones,
808 2773 861 2825 et
879 2769 1079 2823 semini
1125 2769 1258 2836 eius.
1318 2769 1435 2823 Non
1482 2770 1638 2836 dicit,
1681 2777 1732 2824 et
1795 2771 2113 2835 seminibus,

466 2863 729 2930 tanquam
761 2860 822 2912 in
849 2858 1061 2923 multis,
1095 2856 1188 2910 sed
1214 2858 1357 2911 sicut
1386 2858 1445 2911 in
1495 2873 1623 2925 uno,
1673 2864 1724 2912 et
1780 2860 1978 2913 semini
2026 2864 2118 2915 tuo

469 2949 565 3018 qui
590 2950 671 3002 est
702 2945 955 3000 Christus
986 2943 1185 3015 (Galat.
1211 2960 1295 3011 ιιι,
1330 2945 1419 3015 16)

539 3035 629 3089 21.
652 3033 911 3088 Tertium
941 3035 1177 3105 tempus
1220 3036 1310 3088 est
1341 3033 1399 3087 in
1430 3034 1611 3106 Moysi
1644 3034 1766 3107 lege
1798 3041 1855 3091 et
1901 3037 2122 3094 caeteris

2221 2408 2331 2464 hoc
2361 2413 2448 2464 est
2475 2409 2533 2463 in
2566 2409 2879 2482 voluptate.

2854 2517 3087 2574 CAPUT
3137 2519 3230 2574 IV.

2228 2607 2409 2660 Virmn
2443 2607 2497 2682 in
2529 2606 2784 2682 paradiso
2832 2594 2941 2662 non
2987 2610 3215 2679 factum,
3265 2610 3356 2665 sed
3401 2613 3676 2682 positum:
3717 2618 3775 2671 at
3804 2619 3872 2672 in

2295 2693 2355 2759 ep
2382 2680 2600 2759 factum.
2632 2679 2953 2759 mulierem,_
2970 2695 3068 2759 per
3113 2697 3296 2759 quam.
3326 2679 3422 2759 ille
3456 2684 3569 2752 fuit
3595 2685 3871 2759 deceptus.

2299 2754 2439 2804 Tum
2469 2749 2600 2819 quid
2629 2752 2702 2804 sit
2730 2751 2954 2822 operari
2986 2756 3044 2805 et
3070 2749 3364 2808 custodire
3388 2754 3415 2807 ‘I

2298 2856 2386 2908 24.
2420 2855 2485 2907 Et
2533 2854 2888 2926 apprehendit
2939 2859 3084 2912 Deus
3114 2857 3388 2913 hominem
3441 2877 3601 2932 quem
3636 2867 3789 2934 fecit,
3823 2871 3879 2922 et

2226 2946 2410 3015 posuit
2454 2960 2579 2998 eum
2624 2946 2684 2998 in
2725 2944 2985 3015 paradiso
3031 2948 3251 3017 operari
3301 2951 3351 3003 et
3392 2950 3664 3007 custodire
3719 2953 3871 3026 (Gen.

2230 3050 2292 3100 ιι,
2337 3034 2444 3103 15).
2496 3032 2670 3088 Vides
2722 3032 2999 3104 quoniam
3048 3035 3149 3106 qui
3196 3039 3338 3103 erat,
3389 3039 3873 3111 apprehenditur.

474 3122 792 3197 prophetis.
849 3122 1064 3192 Deﬁciet
1105 3123 1255 3176 enim
1306 3139 1393 3178 me
1447 3130 1653 3195 tempus
1698 3127 2008 3183 enarranda
2058 3128 2124 3183 de
2230 3122 2369 3175 Erat
2392 3125 2585 3176 autem
2610 3122 2668 3175 in
2691 3125 2845 3176 terra
2869 3120 3271 3194 plasmationis
3301 3142 3440 3181 suae.
3474 3129 3876 3200 Apprebendit

477 3212 701 3279 Gedeon,
798 3213 993 3277 Barac,
1086 3213 1337 3278 Samson,

477 3302 717 3369 Samuel,
750 3308 801 3357 et
827 3302 1035 3356 cwteris
1054 3301 1352 3371 prophetis,
1386 3301 1625 3367 Anania,
1660 3304 1880 3369 Amria,
1912 3304 2118 3373 Misael,

477 3396 529 3448 et
566 3391 780 3454 Daniel,
819 3390 965 3457 Elia,
998 3396 1048 3444 et
1082 3390 1280 3445 Elissae
1330 3391 1428 3460 qui
1463 3406 1564 3461 per
1603 3390 1765 3461 ﬁdem
1809 3396 2122 3449 devicerunt

477 3497 666 3551 regna,
694 3479 902 3551 operati
933 3482 1061 3532 sunt
1091 3479 1384 3548 justitiam,
1411 3484 1769 3550 perceperunt
1825 3486 2120 3554 repromis-

476 3572 674 3635 siones,
698 3568 1083 3624 obstruxerunt
1106 3582 1204 3621 ora
1233 3567 1470 3637 leonum,
1513 3570 1903 3626 exstinrerunt
1948 3574 2119 3628 vir/u-

474 3663 584 3714 tem
610 3659 776 3729 ignis,
825 3657 1201 3728 eﬁugaverunt
1236 3655 1316 3727 (2|
1331 3655 1510 3726 )acies
1550 3658 1747 3728 gladii,
1800 3661 2122 3719 evaluerunt

473 3748 538 3803 de
565 3747 911 3818 inﬁrmitate,
942 3746 1106 3814 fortes
1133 3747 1358 3815 fuerunt
1382 3747 1441 3801 in
1475 3746 1630 3813 bello,
1653 3756 1833 3803 castra
1860 3756 2121 3820 ceperunt

470 3824 990 3904 exterorumiHebr.
1031 3852 1108 3900 x1,
1157 3836 1368 3906 32-34).
1433 3835 1556 3890 Non
1608 3836 1901 3892 immerito
1940 3838 2121 3912 igitur

469 3926 527 3982 in
562 3926 654 3981 his
686 3924 910 3997 species
943 3923 1302 3980 fortitudinis
1324 3929 1430 3979 est.
1465 3925 1605 3980 Secti
1632 3928 1780 3980 enim
1803 3928 2119 3994 sunt,sicut

470 4014 622 4070 infra
652 4014 853 4081 habes,
888 4014 1105 4081 tentati,
1140 4015 1197 4067 in
1214 4014 1542 4068 mactatione
1560 4014 1741 4087 gladii
1763 4017 1982 4071 mortui.
2002 4017 2118 4071 Cir-

466 4106 781 4159 cumierunt
811 4105 872 4157 in
922 4104 1166 4173 caprinis
1208 4102 1464 4173 pellibus,
1514 4106 1740 4173 egentes,
1792 4108 2112 4176 angustiati,

467 4200 517 4248 et
543 4192 819 4249 doloribus
847 4193 1062 4263 afﬂicti,
1092 4206 1322 4262 quorum
1350 4194 1563 4247 meritis
1596 4208 1707 4247 non
1744 4197 1861 4248 erat
1916 4194 2116 4264 dignus

469 4281 634 4337 orbis.
683 4285 749 4336 In
795 4281 1184 4336 solitudinibus
1230 4290 1500 4346 errantes,
1540 4282 1601 4335 in
1645 4284 1938 4353 montibus,
1995 4300 2112 4352 spe-

470 4369 669 4435 luncis,
700 4378 751 4425 et
774 4371 833 4425 in
855 4372 1025 4442 foveis
1052 4372 1218 4426 terra:
1248 4370 1404 4441 (Ibid.
1438 4370 1526 4439 37,
1558 4371 1672 4441 38),
1710 4371 1877 4427 Recte
1932 4372 2113 4444 igitur

468 4455 527 4509 in
560 4455 652 4512 his
683 4456 935 4527 speciem
968 4458 1328 4514 fortitudinis
1359 4458 1731 4514 collocamus.

1432 3212 1604 3267 David
1704 3214 1992 3271 Salomone
2068 3220 2117 3272 et
2148 3201 2190 3267 C
2229 3226 2366 3281 ergo
2397 3226 2531 3264 eum
2563 3210 2745 3265 virtus
2798 3211 2893 3265 Dei
2939 3211 3237 3284 inspirans
3268 3231 3574 3286 processus
3605 3222 3662 3273 et
3692 3218 3880 3276 incre-

2235 3302 2431 3353 menta
2451 3297 2679 3353 virtutis
2705 3314 2717 3354 :
2744 3299 2995 3372 denique
3014 3300 3073 3355 in
3098 3302 3366 3373 paradiso
3383 3320 3515 3360 eum
3534 3304 3837 3365 collocavit
3861 3329 3875 3379 ;

2231 3391 2296 3442 ut
2341 3387 2493 3442 scias
2524 3387 2955 3459 apprehensum
3006 3391 3175 3460 quasi
3224 3391 3490 3449 afﬂatum
3516 3394 3713 3452 divina
3744 3414 3877 3455 esse

2231 3476 2462 3532 virtute.
2496 3476 2617 3540 Quo
2674 3476 2785 3532 loci
2834 3476 2978 3532 illud
3029 3478 3260 3534 adverte
3303 3481 3464 3549 (dist.
3508 3486 3588 3555 40,
3642 3502 3691 3541 c.
3726 3487 3876 3544 Illud

2229 3566 2433 3637 autem)
2465 3565 2603 3636 quia
2633 3570 2793 3621 extra
2824 3565 3161 3637 paradisum
3192 3568 3280 3623 vir
3310 3569 3498 3627 factus
3519 3577 3628 3641 est,
3661 3579 3718 3629 et
3745 3592 3877 3630 mu-

2230 3654 2336 3709 lier
2363 3653 2515 3708 intra
2548 3655 2908 3726 paradisum,
2970 3660 3033 3710 ut
3080 3657 3345 3713 advertas
3375 3661 3529 3731 quod
3585 3679 3699 3717 non
3735 3661 3873 3731 loci,

2230 3761 2345 3799 non
2377 3743 2609 3815 generis
2660 3743 2982 3810 nobilitate,
3030 3748 3126 3800 sed
3178 3746 3391 3803 virtute
3441 3751 3872 3824 unusquisque,

2227 3832 2472 3903 gratiam
2507 3832 2618 3888 sibi
2676 3836 2991 3905 comparat.
3052 3834 3311 3907 Denique
3341 3841 3501 3892 extra
3532 3839 3875 3909 paradisum

2229 3922 2436 3989 factus,
2470 3921 2576 3977 hoc
2620 3927 2708 3977 est
2755 3922 2812 3976 in
2868 3923 3138 3979 inferiore
3178 3922 3325 3993 loco,
3357 3926 3445 3981 vir
3474 3926 3681 3983 melior
3710 3929 3875 3985 inve-

2226 4011 2387 4065 nitur
2411 4029 2423 4078 ;
2448 4015 2506 4066 et
2527 4010 2628 4067 illa
2660 4027 2787 4083 qua;
2830 4012 2887 4066 in
2930 4011 3321 4081 melioreloco,
3356 4015 3466 4071 hoc
3492 4020 3580 4071 est
3608 4016 3668 4073 in
3702 4034 3876 4090 para-

2226 4101 2373 4165 diso,
2400 4100 2548 4155 facta
2568 4100 2924 4167 est,inferior
2945 4102 3250 4174 reperitur.
3287 4103 3496 4160 Mulier
3523 4105 3681 4161 enim
3712 4107 3879 4178 prior

2223 4191 2464 4261 decepta
2494 4194 2600 4257 est,
2634 4193 2689 4245 et
2716 4189 2906 4245 virum
2940 4190 3070 4262 ipsa
3094 4190 3336 4264 decepit.
3363 4192 3525 4249 Unde
3568 4194 3877 4267 apostolus

2221 4282 2427 4334 Petrus
2449 4279 2741 4349 subjectus
2762 4279 2985 4335 fortiori
3009 4280 3131 4335 vasi
3155 4280 3432 4338 mulieres
3462 4287 3698 4341 sanctas
3727 4286 3878 4343 viris

2222 4366 2348 4422 suis
2401 4365 2554 4422 velut
2585 4367 2841 4423 dominis
2871 4368 3106 4424 obedire
3144 4372 3487 4426 memoravit
3516 4373 3565 4444 (Ι
3587 4378 3740 4429 Petr.
3780 4390 3869 4445 III,

2223 4456 2296 4523 1).
2331 4456 2400 4510 Et
2448 4453 2667 4511 Paulus
2714 4456 2835 4511 ait:
2889 4456 3034 4523 Quia
3076 4457 3251 4513 Adam
3295 4475 3407 4516 non
3456 4464 3535 4516 est
3576 4461 3875 4519 seductus:

532 4545 624 4598 22.
661 4546 990 4601 Secundum
1005 4551 1197 4601 autem
1215 4547 1591 4619 Evangelium
1614 4547 1791 4620 digna
1814 4554 1904 4605 est
1922 4548 2112 4622 ﬁgura
2144 4565 2190 4629 D
2219 4545 2426 4600 mulier
2454 4548 2634 4600 autem
2658 4544 2876 4600 seducta
2930 4546 2990 4601 in
3024 4549 3480 4618 praevaricatione
3517 4550 3629 4620 fuit
3657 4550 3705 4621 (Ι
3735 4553 3874 4607 Tim.

459 4633 703 4704 justitiae
731 4632 869 4704 quia
897 4635 1081 4689 virtus
1112 4639 1200 4689 est
1230 4635 1288 4689 in
1319 4635 1569 4690 salutem
1599 4637 1757 4692 omni
1796 4637 1942 4694 I53
1987 4655 2110 4694 cre-

464 4722 645 4779 denti.
680 4721 941 4793 Denique
972 4721 1097 4794 ipse
1128 4723 1412 4778 Dominus
1443 4724 1560 4780 ait:
1615 4725 1745 4781 Sine
1794 4727 1982 4795 modo;
2031 4730 2111 4783 sic

462 4813 613 4867 enim
639 4809 789 4867 decet
812 4827 910 4867 nos
940 4813 1167 4882 implere
1195 4812 1309 4881 (22)
1337 4829 1547 4867 omnem
1578 4815 1847 4878 iustitiam
1876 4817 2106 4886 (Matth.,

467 4918 548 4968 in,
583 4901 704 4973 15):
739 4916 865 4973 qua:
899 4899 1135 4973 quidem
1158 4916 1368 4972 parens
1390 4906 1727 4957 caeterarum
1752 4908 1840 4958 est
1861 4904 2110 4961 fecunda

465 4990 766 5045 virtutum.
801 4990 863 5044 ln
898 5006 1012 5060 quo
1043 4989 1312 5060 quamvis
1343 4988 1538 5061 aliqua
1559 4990 1767 5046 harum
1800 5009 1946 5064 quas
1968 4994 2111 5048 dixi-

467 5094 621 5144 mus,
652 5076 996 5150 principalis
1027 5081 1114 5133 est
1155 5077 1382 5141 virtus;
1435 5078 1491 5132 in
1537 5095 1602 5133 eo
1656 5080 1828 5134 etiam
1890 5086 2104 5135 Cuitnrze

466 5171 674 5236 praesto
705 5172 844 5222 sunt
871 5185 883 5234 ;
914 5167 1052 5239 quia
1082 5167 1220 5239 ipszn
1254 5166 1363 5221 sibi
1396 5172 1531 5222 sunt
1551 5184 1818 5224 connexee
1872 5186 2103 5226 concre-

465 5259 652 5325 tisque
682 5256 943 5312 virtutes.
979 5257 1122 5311 Nam
1160 5256 1361 5328 utique
1390 5257 1529 5311 Abel
1555 5258 1778 5328 justus,
1804 5261 1859 5314 et
1914 5259 2105 5314 fortis-

465 5341 652 5397 simus
675 5360 740 5398 ac
773 5345 1237 5415 patientissimus
1260 5345 1574 5414 Abraham,
1608 5351 1665 5400 et
1722 5347 2106 5418 prudentissi-

464 5429 544 5485 mi
577 5432 869 5503 prophetae
894 5450 906 5487 :
942 5434 1170 5506 Moyses
1186 5451 1317 5491 vero
1334 5435 1672 5491 eruditusin
1693 5436 1853 5492 omni
1876 5435 2106 5508 sapien-

558 5572 647 5651 21)
674 5573 818 5651 Mss.
851 5574 1091 5651 aliquot,
1116 5580 1173 5632 et
1211 5579 1476 5651 quaedam
1515 5578 1721 5647 Paris.,
1775 5580 2105 5651 effugerunt.

2221 4650 2280 4700 ιι,
2316 4634 2426 4704 Μ).
2459 4633 2528 4688 Et
2568 4633 2702 4689 inde
2746 4634 3142 4690 contuendum
3174 4636 3314 4708 quia
3353 4654 3524 4694 nemo
3553 4638 3726 4695 debet
3756 4639 3873 4696 sibi

2219 4722 2387 4779 facile
2429 4739 2800 4794 praesumere.
2834 4723 2979 4778 Nam
3001 4740 3133 4779 ecce
3164 4724 3266 4780 illa
3305 4742 3433 4797 qua;
3466 4726 3523 4781 in
3558 4727 3877 4798 adjumens

2219 4816 2343 4866 tum
2385 4812 2537 4867 facta
2574 4816 2664 4867 est
2700 4811 2843 4882 viro,
2887 4812 3153 4884 praesidio
3204 4813 3355 4869 virili
3398 4814 3656 4888 indiget;
3724 4816 3874 4888 quia

2216 4898 2304 4954 vir
2334 4902 2508 4971 caput
2532 4904 2620 4954 est
2640 4898 2903 4955 mulieris
2932 4898 3065 4956 :ille
3096 4905 3291 4958 autem
3323 4901 3422 4974 qui
3455 4903 3872 4974 adjumentum

2216 4989 2415 5045 uxoris
2445 4988 2782 5044 habiturum
2815 5005 2876 5043 se
2908 5004 3038 5045 esse
3078 4991 3373 5059 ‘credebat,
3406 4989 3609 5064 lapsus
3643 4996 3734 5047 est
3764 5008 3878 5064 per

2218 5094 2475 5133 uxorem.
2541 5076 2702 5132 Unde
2752 5094 2921 5132 nemo
2974 5078 3127 5134 154
3174 5080 3345 5135 debet
3384 5079 3550 5136 facile
3594 5079 3761 5136 alteri
3806 5097 3877 5137 se

2213 5166 2613 5242 credeyafpisi
2641 5167 2812 5237 cujus
2841 5166 3117 5223 virtutem
3139 5168 3415 5240 probarit,
3444 5185 3549 5225 nec
3588 5185 3870 5242 arrogare

2215 5178 2381 5221 crede
2426 5189 2442 5216 ι
2542 5182 2613 5222 isi
2641 5182 2812 5237 cugus
2841 5178 3117 5223 Virtutem
3139 5178 3415 5240 probarit,
3444 5185 3549 5225 nec
3588 5185 3870 5242 arrogare

2215 5178 2552 5399 si
2582 5271 2685 5327 pro
2717 5255 2929 5312 auxilio
2960 5257 3182 5329 putarit
3236 5257 3561 5315 adscitum:
3596 5260 3700 5315 sed
3735 5276 3872 5315 ma-

2215 5344 2294 5399 ni
2341 5367 2354 5394 -.
2414 5344 2698 5399 invenerit
2728 5345 3023 5399 fortiorem
3057 5346 3147 5399 cui
3180 5363 3241 5399 se
3273 5348 3517 5399 nutabat
3554 5364 3683 5399 esse
3716 5365 3872 5399 Drm-

2212 5344 2698 5417 gianenerit
2728 5345 3023 5401 fortiorem
3057 5346 3147 5402 cui
3180 5363 3241 5403 se
3273 5348 3517 5419 putabat
3554 5364 3683 5404 esse
3714 5365 3873 5421 pras-

2214 5435 2384 5502 sidio,
2418 5434 2490 5490 ab
2546 5434 2675 5506 ipso
2732 5435 2980 5508 gratiam
3039 5440 3360 5505 mutuetur,
3421 5436 3577 5494 sicut
3611 5441 3671 5494 et
3699 5436 3868 5494 viros

560 5646 649 5721 22)
674 5644 814 5703 Mss.
848 5644 973 5704 octo
1004 5649 1124 5704 sine
1150 5644 1248 5705 ηοξ
1291 5650 1539 5723 implere,
1598 5644 1749 5721 etc.’;
1794 5644 1907 5709 alii
1951 5651 2104 5710 sicut
2144 5654 2201 5709 et
2228 5649 2391 5721 edit.,
2423 5650 2542 5707 sine
2568 5648 2724 5707 modo
2754 5667 2773 5707 :
2798 5650 2878 5709 sic
2904 5649 3071 5722 enim,
3111 5653 3221 5711 etc.
