4084 6188
266 439 381 501 301

1552 442 1785 503 LIBER
1829 442 1931 503 DE
1975 441 2389 504 PAltADISO.

3555 436 3672 501 302

268 569 621 627 mulieribus
667 570 946 627 honorem
996 572 1292 643 impertire
1340 572 1638 645 apostolus
1710 572 1915 628 Petrus
1944 574 1998 639 Α
2029 571 2333 644 diligenter
2362 573 2650 639 intendas,
2684 572 3120 644 Scripturarum
3160 571 3503 627 auctoritate
3560 571 3660 626 ab-

266 660 533 733 przecipit
562 660 789 716 dicens:
846 661 965 717 Viri
1008 662 1267 716 similiter
1314 662 1680 717 cohabitantes
1724 678 1915 718 secun-

265 749 399 804 dum
454 752 747 805 scientiam
800 753 1062 821 tanquam
1120 750 1419 820 inﬁrmiori
1478 753 1595 805 vasi
1659 751 1920 806 muliebri

265 839 649 910 impertientes
676 839 953 905 honorem,
986 848 1250 910 tanquam
1277 839 1545 895 cohaeredi
1585 842 1784 910 gratim
1835 840 1916 894 vi-

265 935 369 988 tae;
401 930 461 981 ut
491 943 564 982 ne
593 926 966 999 impediantur
995 929 1267 983 orationes
1284 931 1476 985 vestrae
1505 929 1710 996 (IPetr.
1741 929 1914 998 111,7).

333 1016 425 1070 25.
447 1015 597 1087 Ergo
629 1015 854 1086 positus
903 1018 991 1070 est
1034 1015 1090 1069 in
1148 1016 1420 1088 paradiso
1469 1016 1573 1085 vir,
1629 1016 1782 1071 facta
1828 1021 1918 1072 est

263 1103 323 1158 in
354 1104 634 1176 paradiso
664 1102 892 1159 mulier.
926 1105 1035 1160 Sed
1086 1104 1260 1159 etiam
1310 1109 1451 1160 tunc
1498 1105 1842 1177 priusquam
1884 1123 1918 1161 a

263 1197 538 1271 serpente
562 1191 773 1247 mulier
800 1192 1186 1264 deciperetur,
1221 1192 1429 1249 habuit
1483 1194 1586 1247 viri
1640 1194 1913 1266 gratiam,

264 1280 547 1351 quoniam
579 1280 651 1335 de
680 1280 801 1336 viro
834 1286 1071 1353 sumpta
1100 1288 1221 1337 est:
1253 1281 1391 1337 licet
1420 1282 1529 1337 hoc
1582 1299 1914 1338 sacramen-

264 1376 390 1424 tum
425 1384 709 1440 magnum
743 1369 837 1434 sit,
874 1370 1028 1425 sicut
1059 1370 1368 1441 Apostolus
1404 1371 1550 1425 dixit
1596 1369 1808 1441 (Ephes.
1860 1390 1911 1439 v,

263 1458 373 1522 32).
406 1458 479 1512 Et
509 1456 639 1513 ideo
670 1473 911 1513 causam
941 1458 1070 1513 vitae
1102 1475 1168 1513 ex
1198 1475 1265 1515 eo
1305 1460 1492 1514 traxit.
1546 1459 1795 1531 Ideoque
1844 1461 1916 1515 de

261 1546 385 1600 viro
416 1550 652 1601 tantum
705 1547 1006 1619 Scriptura
1051 1546 1217 1619 dixit,
1263 1548 1401 1619 quia
1454 1550 1637 1620 posuit
1675 1565 1798 1603 eum
1854 1551 1916 1603 in

257 1634 523 1706 paradiso
553 1635 778 1706 operari
803 1644 855 1690 et
881 1637 1171 1693 custodire.
1219 1637 1342 1692 Non
1383 1636 1535 1692 idem
1587 1641 1643 1693 et
1690 1638 1914 1709 operari

263 1729 319 1778 et
349 1724 668 1779 custodire.
702 1723 762 1778 In
800 1741 969 1796 opere
1011 1726 1168 1780 enim
1214 1724 1451 1797 quidam
1509 1726 1741 1781 virtutis
1790 1744 1917 1797 pro-

260 1828 469 1868 cessus
498 1818 608 1879 est,
645 1812 704 1868 in
737 1814 1002 1869 custodia
1037 1814 1303 1885 quaedam
1332 1814 1758 1870 censummatio
1779 1832 1915 1887 ope-

259 1900 346 1956 ris
389 1900 874 1973 deprehenditur;
929 1919 994 1958 eo
1062 1903 1217 1974 quod
1269 1900 1437 1974 quasi
1508 1909 1917 1959 consummata

256 1989 578 2045 custodiat.
612 1990 742 2045 Haec
772 1990 888 2046 duo
919 1991 991 2046 ab
1024 1991 1260 2046 homine
1293 1992 1692 2062 requiruntur,
1748 1997 1812 2047 ut
1858 1997 1915 2048 et

255 2077 540 2149 operibus
575 2095 722 2135 nova
752 2083 990 2151 quaerat,
1026 2084 1082 2134 et
1113 2084 1280 2151 parta
1308 2079 1615 2146 custodiat,
1650 2082 1802 2152 quod
1827 2085 1916 2136 est

254 2166 554 2239 generale.
587 2165 791 2222 Philon
828 2172 1044 2235 autem,
1079 2168 1354 2239 quoniam
1370 2168 1912 2239 spiritaliaJudaico

256 2272 380 2311 non
412 2255 679 2327 capiebat
708 2255 939 2321 affectu,
972 2256 1127 2311 intra
1158 2256 1399 2311 moralia
1430 2274 1490 2313 se
1537 2258 1728 2313 tenuit
1777 2259 1909 2330 (23),

257 2349 331 2399 ut
361 2344 581 2400 diceret
610 2343 731 2399 bzee
752 2344 865 2399 duo
899 2345 1288 2417 qumri,0pera
1312 2345 1550 2418 inagro,
1588 2347 1914 2402 custodiam

255 2432 498 2489 domus.
547 2433 616 2488 Et
664 2432 932 2505 quamvis
983 2434 1293 2505 paradisus
1349 2434 1647 2506 operibus,
1696 2435 1913 2507 inquit,

254 2520 562 2577 ruralibus
593 2538 709 2577 non
742 2528 963 2594 egeret;
989 2528 1183 2578 tamen
1207 2523 1346 2594 quia
1369 2522 1593 2594 primus
1619 2523 1793 2579 homo
1823 2524 1913 2579 lex

254 2610 626 2683 posteritatis
656 2610 891 2666 futurus
922 2616 1061 2679 erat,
1098 2611 1225 2667 ideo
1256 2610 1497 2682 legitimi
1518 2613 1693 2667 etiam
1717 2613 1775 2666 in
1814 2630 1912 2684 pa-

248 2698 460 2754 radiso
512 2698 770 2770 speciem
816 2700 1073 2771 suscepit
1120 2698 1336 2755 laboris
1395 2701 1528 2772 (24),
1575 2707 1639 2756 ut
1688 2718 1793 2757 nos
1840 2702 1913 2756 ad

241 2786 655 2859 operationem
687 2792 745 2842 et
774 2787 1101 2843 custodiam
1133 2788 1313 2844 debiti
1345 2789 1545 2855 ofﬁcii,
1570 2794 1627 2845 et
1664 2789 1912 2845 haeredi-

239 2875 421 2930 taria:
470 2876 865 2932 successionis
915 2893 1133 2932 munus
1189 2877 1553 2948 astringeret.
1607 2878 1736 2934 Haec
1798 2880 1913 2935 duo

242 2980 399 3037 ergo
431 2970 542 3020 ate
574 2964 893 3038 exiguntur
922 2964 1041 3021 sive
1074 2964 1387 3030 moraliter,
1412 2966 1531 3021 sive
1554 2967 1911 3038 spiritaliter.

240 3053 425 3120 Quod
475 3053 652 3108 etiam
703 3054 966 3124 psalmus
1000 3058 1054 3108 te
1108 3053 1485 3125 propheticus
1535 3055 1721 3121 docet,
1776 3056 1914 3127 quia

240 3141 545 3213 scriptum
604 3145 725 3196 est:
771 3142 893 3197 Nisi
947 3142 1210 3196 Dominus
1264 3142 1909 3217 aediﬁcaveritdomum,

242 3234 319 3287 in.
380 3246 580 3285 vavum
640 3230 1033 3286 laboraverunt
1095 3232 1191 3302 qui
1246 3231 1515 3300 aediﬁcant
1578 3248 1716 3287 eam.
1793 3234 1914 3289 Nisi

2029 660 2169 716 solvi
2202 666 2412 733 potest.
2429 662 2590 729 Quod
2608 663 2764 717 enim
2789 662 3030 730 bonum,
3056 662 3163 717 hoc
3185 665 3273 716 est
3296 660 3628 715 faciendum
3653 675 3667 715 :

2027 751 2181 821 quod
2217 755 2411 805 autem
2458 751 2678 805 bonum
2722 755 2779 805 et
2822 750 3176 817 faciendum,
3237 766 3564 805 consonans
3615 751 3673 802 et

2028 837 2364 893 adhaerens:
2401 839 2553 910 quod
2586 856 2716 894 vero
2753 843 2941 909 turpe,
2975 839 3085 894 hoc
3133 838 3283 894 I55
3331 837 3670 904 dissonans,

2026 926 2505 998 incompositum,
2537 933 2710 998 atque
2742 928 3059 982 discretum
3092 931 3197 981 est.
3222 930 3289 980 Et
3309 927 3437 981 ideo
3476 924 3672 981 Domi-

2028 1031 2139 1070 nus
2172 1016 2456 1071 unitatem
2489 1016 3066 1087 semperintendens,
3098 1015 3425 1071 secundum
3474 1015 3670 1069 unita-

2026 1108 2142 1158 tem
2178 1105 2466 1176 pramepit.
2499 1105 2761 1176 Denique
2793 1104 3073 1159 unitatem
3096 1109 3389 1176 operatur,
3416 1103 3518 1175 qui
3539 1102 3674 1158 fecit

2026 1197 2275 1263 utraque
2306 1209 2512 1248 unum.
2548 1194 2660 1248 Nec
2688 1192 2879 1248 solum
2914 1198 3177 1264 utraque,
3206 1193 3305 1249 sed
3338 1192 3512 1247 etiam
3545 1208 3671 1247 om-

2026 1296 2128 1335 nes
2164 1298 2367 1337 unum.
2403 1281 2618 1337 Omnes
2649 1282 2805 1337 enim
2854 1299 3037 1336 unum
3087 1298 3319 1353 corpus,
3371 1285 3429 1336 et
3485 1297 3670 1335 unum

2025 1369 2296 1439 spiritum
2319 1387 2445 1425 esse
2478 1388 2580 1425 nos
2603 1372 2805 1442 jussit.
2841 1371 2946 1425 Per
2977 1369 3175 1425 omnia
3205 1373 3402 1424 autem
3452 1368 3669 1441 primo-

2023 1458 2276 1530 genitus,
2312 1475 2446 1514 cum
2474 1461 2552 1515 sit
2576 1460 2634 1513 in
2668 1460 2889 1515 unitate
2921 1476 3055 1513 cum
3091 1459 3277 1524 Patre,
3320 1457 3673 1529 conjunctis-

2025 1546 2213 1601 simus
2245 1547 2398 1602 Patri
2435 1566 2666 1620 semper
2696 1552 2813 1603 est:
2856 1547 2995 1619 quia
3041 1547 3297 1602 Verbum
3342 1550 3467 1602 erat
3514 1546 3669 1618 apud

2024 1634 2229 1690 Deum.
2265 1636 2526 1708 Denique
2557 1638 2664 1692 ait:
2696 1639 2807 1705 Ego
2838 1645 2889 1692 et
2912 1639 3075 1692 Pater
3090 1654 3263 1691 unum
3282 1636 3666 1706 sumus(Joan.

2024 1741 2078 1791 x,
2106 1726 2230 1792 30);
2269 1729 2331 1779 ut
2374 1726 2657 1780 unitatem
2702 1726 2814 1781 sibi
2868 1725 3191 1796 majestatis
3239 1728 3295 1780 et
3350 1723 3670 1779 divinitatis

2024 1830 2158 1867 cum
2194 1813 2358 1868 Patre
2385 1830 2513 1869 esse
2544 1818 2913 1869 monstraret.
2948 1814 3059 1869 Sed
3096 1818 3151 1869 et
3183 1830 3288 1868 nos
3322 1828 3505 1867 unum
3543 1827 3672 1867 esse

1947 1941 1993 2004 Β
2026 1902 2307 1974 praecipit,
2342 1908 2534 1958 etsua:
2559 1908 2776 1958 naturae
2802 1903 3162 1974 unitatisque
3214 1900 3666 1957 similitudinem

2026 1992 2083 2046 in
2128 2008 2235 2046 nos
2277 1991 2475 2063 gratia:
2523 1991 3172 2064 adoptionetransl‘udit
3220 1990 3446 2046 dicens:
3482 1992 3669 2057 Pater,

2022 2082 2158 2135 sicut
2189 2096 2281 2151 ego
2310 2090 2359 2135 et
2389 2085 2447 2135 tu
2479 2098 2653 2135 unum
2682 2098 2889 2147 sumus,
2934 2083 3008 2135 ita
3058 2089 3109 2136 et
3158 2082 3251 2135 isti
3296 2080 3454 2134 nobis
3496 2094 3672 2133 unum

2022 2171 2134 2224 sint
2182 2171 2367 2241 (Joan.
2433 2185 2569 2235 xvu,
2600 2171 2716 2241 22).
2780 2170 2923 2241 Ergo
2958 2169 3055 2223 ubi
3113 2168 3335 2224 bonum
3383 2166 3668 2239 praecipit,

2025 2264 2306 2329 tanquam
2340 2259 2410 2312 ad
2445 2275 2631 2313 unum
2673 2257 2934 2329 przecipit
2979 2257 3199 2325 dicens,
3258 2256 3412 2312 Edes.
3465 2254 3669 2311 Unitas

2023 2347 2180 2401 enim
2239 2346 2600 2418 praevaricari
2657 2364 2769 2401 non
2805 2350 3012 2418 potest.
3047 2345 3154 2401 Ubi
3209 2363 3342 2401 vero
3394 2346 3464 2400 de
3509 2343 3669 2413 ligno

2022 2435 2279 2491 scientiae
2312 2434 2447 2489 boni
2480 2440 2536 2489 et
2568 2434 2728 2502 mali,
2777 2434 2917 2489 dicit
2949 2451 3063 2489 non
3113 2450 3243 2489 esse
3281 2433 3666 2506 gustandum,

2024 2524 2192 2594 quasi
2225 2523 2295 2577 ad
2328 2522 2525 2595 plures
2556 2523 2714 2588 dicit,
2750 2524 2863 2577 Non
2891 2522 3076 2577 edelis.
3110 2522 3273 2585 Quod
3321 2522 3479 2577 enim
3526 2538 3659 2594 pro-

2024 2612 2369 2666 hibitorium
2400 2616 2508 2680 est,
2540 2613 2821 2681 tanquam
2858 2609 3124 2681 pluribus
3175 2609 3515 2681 imperatur.
3546 2611 3664 2682 Ego

2021 2704 2218 2754 tamen
2246 2698 2405 2753 aliud
2431 2703 2591 2770 puto,
2620 2700 2677 2753 et
2709 2699 2851 2769 quid
2885 2699 3149 2753 futurum
3185 2698 3280 2769 sit,
3307 2699 3365 2753 in
3406 2699 3668 2770 ipsojam

2024 2787 2123 2843 Dei
2156 2804 2424 2843 sermone
2472 2788 2712 2859 reperio.
2769 2787 2848 2842 De
2894 2787 3051 2843 omni
3101 2786 3257 2859 ligno
3306 2786 3668 2859 gustandum

2021 2878 2155 2931 Adae
2187 2876 2294 2932 soli
2329 2876 2619 2947 praecepit,
2652 2893 2825 2947 quem
2867 2879 3234 2930 servaturum
3299 2874 3546 2930 sciebat:
3595 2875 3667 2931 de

2023 2966 2181 3037 ligno
2214 2969 2407 3019 autem
2442 2964 2693 3020 scientiae
2738 2964 2873 3019 boni
2922 2968 2977 3019 et
3027 2964 3165 3019 mali
3214 2981 3330 3019 non
3380 2976 3509 3019 esse
3557 2981 3670 3037 gu-

2024 3054 2193 3109 stand
2205 3071 2324 3118 um,
2351 3055 2477 3124 jam
2508 3070 2621 3108 non
2647 3052 3041 3125 singulariter,
3062 3053 3161 3109 sed
3180 3052 3483 3124 pluraliter
3505 3052 3665 3108 dicit.

2022 3144 2254 3198 Sciebat
2284 3142 2439 3197 enim
2493 3142 3003 3214 praevaricaturam
3054 3140 3383 3208 mulierem,
3436 3146 3492 3196 et
3540 3140 3669 3197 ideo

2026 3250 2125 3304 per
2185 3230 2578 3303 pluralitatem
2632 3230 2889 3285 ostendit
2946 3247 3057 3285 non
3120 3234 3471 3296 servaturos,
3531 3230 3671 3301 quia

242 3320 525 3377 Dominus
581 3319 901 3374 custodierit
956 3298 1253 3389 civitatem,
1305 3298 1366 3375 iu
1424 3338 1628 3376 vanum
1680 3323 1913 3393 vigilant
1944 3298 1986 3364 Ο
2026 3298 2283 3393 plurium
2314 3319 2567 3374 discreta
2597 3319 2887 3373 sententia
2919 3323 3026 3375 est.

244 3410 365 3480 qui
407 3406 723 3463 custodiunt
772 3424 914 3463 eam.
976 3408 1363 3479 (Psal.cxxv1,
1425 3409 1501 3481 l.)
1560 3410 1733 3466 Vides
1787 3410 1918 3467 illos

242 3496 533 3553 laborare
565 3496 667 3569 qui
700 3496 760 3551 in
791 3496 985 3568 operis
1027 3501 1167 3553 sunt
1214 3497 1735 3571 aediﬁcationisque
1786 3516 1917 3571 pro-

256 3602 479 3653 cessu;
510 3585 656 3642 istos
676 3601 809 3640 vero
838 3584 1076 3657 vigilare
1104 3587 1204 3658 qui
1237 3588 1364 3658 jam
1415 3588 1741 3643 custodiam
1790 3607 1918 3661 per-

256 3673 411 3731 fecti
442 3674 634 3747 operis
660 3679 1027 3746 receperunt.
1062 3674 1225 3730 Unde
1252 3680 1310 3731 et
1343 3676 1625 3732 Dominus
1642 3678 1921 3749 apostolis

255 3758 447 3838 quasi
470 3763 595 3834 jam
628 3762 1073 3835 perfectioribus
1126 3765 1267 3833 (25):
1307 3765 1555 3835 l’igilate,
1615 3764 1825 3837 inquit,
1870 3771 1922 3823 et

250 3842 441 3920 orate,
476 3868 545 3907 ne
569 3853 788 3907 intretis
817 3852 878 3907 in.
920 3854 1271 3907 imitationem
1320 3854 1525 3923 (Matth.
1586 3872 1735 3922 xxvr,
1796 3856 1917 3928 41):

245 3942 481 3996 docens
513 3940 781 4013 perfecta
805 3944 1030 3995 natura;
1064 3958 1282 3996 munus
1316 3942 1450 4013 (26),
1482 3947 1540 3998 et
1581 3942 1763 4015 plenae
1807 3945 1920 3999 vir-

238 4030 397 4085 tutis
433 4028 685 4100 gratiam
706 4044 835 4084 esse
848 4028 1217 4097 servandam,
1247 4046 1352 4085 nec
1375 4047 1730 4103 quemquam
1745 4032 1920 4087 etiam

238 4117 667 4190 perfectiorem
704 4116 821 4171 nisi
855 4116 1199 4189 vigilaverit,
1247 4118 1338 4173 sui
1387 4119 1595 4175 debere
1650 4136 1777 4176 esse
1836 4137 1923 4176 se-

245 4221 499 4261 eurum.

937 4313 1166 4370 CAPUT
1204 4317 1273 4369 V.

2095 3411 2186 3464 27.
2219 3409 2289 3463 Et
2320 3413 2604 3479 quantum
2638 3407 2708 3462 ad
2742 3407 3124 3481 Septuaginta
3154 3407 3408 3464 virorum
3435 3411 3669 3465 senten-

2030 3497 2168 3553 tiam
2202 3500 2445 3568 spectat,
2480 3494 2739 3550 solutum
2772 3500 2861 3550 est
2893 3497 3046 3567 quod
3079 3497 3364 3553 movebat.
3396 3496 3507 3551 Sed
3530 3495 3671 3568 quia

2029 3584 2419 3658 Symmachus
2451 3588 2763 3654 utrumque
2796 3583 3173 3656 singulariter
3201 3585 3366 3653 dixit,
3392 3584 3667 3658 intelligi-

2030 3693 2162 3731 mus
2188 3675 2245 3729 id
2281 3678 2569 3739 secutum,
2609 3672 2748 3742 quia
2780 3672 2838 3725 in
2872 3672 2996 3745 lege
3037 3690 3268 3744 quoque
3298 3691 3432 3729 cum
3483 3691 3670 3747 popu-

2029 3766 2150 3821 lum
2185 3761 2502 3834 alloquitur
2546 3763 2713 3828 Deus,
2766 3761 3140 3833 singulariter
3187 3762 3469 3834 loquitur,
3521 3762 3674 3819 sicut

2030 3855 2238 3911 habes:
2294 3851 2455 3921 Audi,
2523 3851 2711 3920 Israel,
2774 3851 3036 3905 Dominus
3088 3851 3229 3905 Deus
3311 3853 3459 3919 tuus,
3531 3853 3671 3907 Deus

2030 3959 2174 3999 unus
2203 3949 2281 3997 est
2307 3942 2485 4011 (Deut.
2518 3957 2596 4007 v1,
2650 3941 2716 3999 4,·
2767 3942 2843 4009 et,
2908 3940 3106 4010 Diliges
3153 3940 3447 3994 Dominum
3502 3939 3674 3993 Deum

2030 4042 2185 4087 tuum
2226 4030 2382 4101 (Ibid.
2432 4030 2510 4099 5).
2570 4027 2681 4083 Nec
2742 4027 2886 4081 mihi
2944 4027 3284 4098 praeiudicat
3338 4024 3673 4100 Symmachi

2030 4117 2455 4191 interpretatio,
2486 4116 2589 4188 qui
2637 4117 2923 4171 unitatem
2974 4116 3158 4171 Patris
3208 4121 3264 4171 et
3313 4114 3435 4169 Filii
3482 4115 3675 4169 videre

2031 4226 2147 4263 non
2180 4207 2406 4280 potuit;
2439 4210 2495 4261 et
2527 4204 2575 4261 si
2609 4204 2918 4276 aliquoties
2948 4203 3009 4259 in
3052 4221 3319 4260 sermone
3368 4207 3425 4259 et
3460 4201 3677 4275 Aquila

2032 4301 2089 4352 et
2120 4297 2244 4368 ipse
2274 4294 2525 4351 confessi
2563 4294 2700 4349 sint.
2761 4294 2875 4349 Nec
2920 4293 3232 4365 quisquam
3279 4292 3349 4348 de
3396 4309 3461 4348 eo
3519 4291 3675 4364 quod

249 4400 648 4476 Examinatuij
703 4409 1039 4476 praeceptum
1093 4401 1159 4457 de
1204 4418 1324 4476 non
1376 4402 1576 4476 edendo
1618 4403 1683 4459 de
1765 4404 1926 4476 ligno
2033 4384 2543 4476 praevaricaturum
2573 4382 2857 4476 populum
2888 4382 3083 4476 divina
3105 4382 3380 4476 mandata
3409 4378 3677 4476 singula-

327 4473 594 4547 scieutiz
626 4467 755 4547 boui
782 4480 834 4547 et
860 4467 1021 4539 mali,
1057 4476 1109 4527 et
1158 4475 1303 4529 circa
1356 4474 1413 4528 id
1442 4484 1770 4545 emergentes
1809 4467 1925 4547 "di/ﬁ
2035 4475 2175 4529 riter
2231 4472 2567 4543 alloquitur,
2629 4475 2793 4541 putet
2838 4470 3124 4542 superiori
3174 4474 3373 4525 nostro
3440 4467 3675 4524 obvium

330 4543 609 4613 ﬁcultates
630 4542 1019 4599 dissolvuntur.
1589 4542 1603 4545 θ
1877 4542 1886 4547 ’

2035 4580 2161 4619 esse
2188 4542 2443 4617 sermoni
2474 4560 2623 4631 (27);
2656 4559 2794 4630 quia
2824 4558 3075 4630 populus
3113 4558 3449 4614 Judzeorum
3501 4556 3676 4613 etiam

328 4650 432 4704 26.
477 4652 540 4704 Et
586 4650 851 4719 precepit
904 4649 1170 4705 Dominus
1228 4650 1369 4705 Deus
1424 4650 1550 4705 Adae
1596 4650 1814 4707 dicens:
1844 4652 2002 4726 ExD
2036 4650 2411 4724 singulariter
2466 4650 2602 4704 data
2649 4648 2986 4720 praescripta
3054 4648 3311 4704 violavit.
3362 4649 3476 4703 Lex
3519 4647 3674 4702 enim

247 4739 422 4792 omni
456 4737 607 4806 ligno
638 4737 781 4808 quod
808 4746 887 4792 est
918 4739 978 4792 in
1002 4737 1262 4809 paradiso
1309 4738 1377 4792 ad
1419 4754 1614 4807 escam,
1665 4739 1812 4795 edes:
1863 4740 1930 4796 de
2036 4739 2359 4813 spiritualis
2390 4742 2508 4794 est:
2543 4741 2599 4793 et
2631 4739 2758 4792 ideo
2792 4737 3041 4792 alterum
3085 4737 3141 4792 in
3192 4753 3477 4802 sermone,
3528 4733 3672 4788 alte-

254 4827 423 4897 ligno
459 4829 645 4881 autem
665 4825 808 4898 quod
837 4835 913 4882 est
942 4828 1187 4882 scientiae
1219 4828 1347 4882 boni
1373 4831 1426 4881 et
1454 4828 1594 4882 mali
1617 4828 1925 4885 nonedetis.
2038 4847 2167 4885 rum
2202 4830 2259 4884 in
2291 4827 2818 4900 praedestinatione,
2851 4826 3043 4881 divino
3070 4825 3351 4897 populum
3397 4824 3550 4877 Deus
3598 4819 3676 4874 al-

256 4916 390 4983 Qua
413 4912 507 4969 die
530 4919 717 4970 autem
762 4914 1226 4970 manducaveritis
1265 4931 1334 4970 ex
1380 4931 1460 4982 eo,
1518 4920 1691 4971 morte
1735 4919 1929 4973 morie-
2036 4918 2387 4990 loquebatur
2413 4916 2667 4972 oraculo.
2712 4915 2967 4986 Denique
3017 4915 3135 4970 alt:
3176 4915 3293 4968 Non
3337 4927 3526 4982 coques
3576 4927 3674 4981 ag-

251 5005 420 5057 mini
453 5001 605 5072 (Gen.
640 5020 702 5069 ιι,
750 5005 817 5058 16
845 5007 896 5058 el
928 5003 1040 5071 17).
1074 5005 1198 5069 Qua
1228 5004 1472 5071 ratione,
1520 5003 1619 5059 ubi
1670 5006 1931 5078 prmcipit
2036 5024 2169 5061 num
2198 5006 2309 5077 (28)
2345 5008 2402 5061 in
2433 5006 2778 5061 lactcmatris
2806 5021 2916 5057 sua:
2946 5003 3116 5072 (Exod
3139 5017 3325 5066 XXXIV,
3350 5000 3459 5068 26).

248 5109 327 5147 ex
362 5091 531 5147 omni
564 5091 725 5164 ligno
758 5092 1072 5159 edendum,
1108 5091 1487 5164 singulariter
1504 5092 1731 5161 dixerit,
1757 5094 1926 5149 Edes:
2106 5097 2195 5149 28.
2232 5093 2440 5149 Facilis
2472 5094 2683 5148 abdine
2723 5092 2834 5163 (29)
2880 5094 3300 5161 przeceptorum
3351 5086 3675 5145 caelestium

250 5180 367 5236 ubi
405 5184 606 5235 autem
640 5181 713 5235 de
741 5179 900 5252 ligno
917 5180 1174 5236 scientias
1192 5180 1327 5236 boni
1345 5183 1402 5235 et
1426 5179 1925 5253 mali,pluraliter,
2037 5183 2218 5239 series
2248 5182 2566 5248 videretur;
2601 5180 2711 5235 nisi
2745 5177 3126 5249 quaestionem
3156 5174 3394 5246 plurimi
3425 5192 3679 5234 commo-

246 5271 385 5327 Νοη
412 5269 613 5340 edetis,
647 5268 878 5336 dixerit,
913 5286 1027 5324 non
1057 5268 1244 5325 otiosa
1292 5268 1553 5341 quaestio.
1614 5269 1829 5326 Verum
1878 5271 1928 5326 si
2038 5277 2255 5336 verent,
2287 5272 2502 5343 quibus
2533 5266 2864 5339 responderi
2895 5268 3119 5334 Oportet
3143 5281 3177 5318 a
3208 5264 3405 5333 nobis;
3440 5282 3512 5322 ne
3534 5267 3675 5324 sim-

2132 5389 2219 5458 27)
2252 5387 2386 5441 Cod.
2422 5385 2570 5446 Div.,
2603 5379 2927 5458 ovviandum
2956 5381 3315 5458 est_s_ei_'m_oni.

2132 5450 2219 5529 28)
2248 5458 2332 5513 Ita
2363 5472 2505 5511 mss.
2539 5450 2897 5531 antiquiores
2926 5466 2993 5531 ex
3029 5450 3471 5531 L_XX_lnterpr.,
3521 5460 3677 5531 apud

2040 5520 2188 5603 qulos
2206 5520 2308 5605 ὀὲν,
2330 5535 2530 5605 ἑψήσας
2556 5520 2698 5605 ἅργαξ
2900 5526 2955 5576 et
2983 5520 3091 5577 vel.
3126 5525 3289 5593 Cdlt.,
3337 5520 3469 5586 ἤθη..
3487 5520 3679 5605 emines

2037 5594 2206 5661 ovem.
2238 5594 2574 5671 Vulgata,...
2596 5594 2843 5671 laedam.

2108 5672 2200 5745 (29
2229 5667 2378 5731 Mss:
2404 5669 2519 5728 fere
2549 5667 2618 5724 ad
2645 5684 2849 5739 unum,
2878 5668 3104 5745 facilius
3129 5671 3195 5726 ab
3215 5671 3364 5743 hinc,
3387 5676 3495 5731 etc.

322 5384 463 5452 (23)
501 5384 645 5439 Mss.
681 5382 959 5449 Clarom.,
997 5386 1147 5440 intra
1168 5384 1429 5439 mortalia
1445 5399 1501 5438 se
1519 5387 1714 5439 tenuit.

353 5454 453 5527 24)
488 5454 856 5527 Rom..edit.,
896 5457 1169 5527 specimen
1200 5456 1433 5524 suscepit
1463 5454 1687 5527 laboris.

348 5524 455 5595 25)
514 5525 656 5582 Mss.
708 5526 872 5581 Rem.
910 5524 968 5582 et
1023 5526 1201 5590 (Πειρη
1267 5524 1534 5595 Apostolis
1607 5527 1931 5596 quibusdam

236 5598 707 5672 per-rectioribus,
743 5613 874 5672 quae
910 5597 1075 5672 lectio
1105 5598 1336 5672 videtur
1359 5611 1486 5650 esse
1511 5597 1783 5669 genuina.

322 5668 620 5799 (266)st3.
655 5668 939 5743 quinque,
970 5669 1165 5726 docens
1185 5668 1290 5741 'per
1341 5675 1497 5724 rectae
1522 5668 1529 5669 “
1551 5676 1768 5730 natura
1808 5688 1927 5733 mu-

322 5755 392 5799 ιε.
505 5782 519 5799 .

244 5755 392 5810 nus,
410 5753 519 5801 etc.
