4158 6168
453 341 574 405 303

1916 337 1985 398 S.
2029 335 2409 401 AMBROSII

3737 335 3856 417 30.4

454 471 634 544 plices
666 474 893 528 mentes
930 471 1224 528 malitiosa
1254 467 1733 542 interpretatione
1764 468 2093 523 traducant.
2123 469 2179 533 Α
2210 467 2257 521 si
2290 466 2348 521 in
2380 466 2454 522 iis
2483 471 2609 539 quae
2640 466 3063 523 irrationabilia
3082 472 3220 523 sunt
3242 464 3587 534 animantia,
3610 468 3851 540 quidam

452 560 720 632 Plerique
750 560 929 631 enim,
964 577 1214 634 quorum
1247 562 1449 615 auctor
1495 556 1748 629 Apelles,
1801 557 1953 612 sicut
2000 556 2097 611 ba-

450 645 555 704 bes
580 649 641 703 in
672 648 969 706 tricesimo
1000 654 1055 705 et
1085 655 1282 704 octavo
1312 650 1470 703 tomo
1501 648 1651 718 ejus,
1682 647 1789 702 has
1822 646 2096 717 quaestio-

452 755 557 794 nes
585 742 956 812 proponunt:
992 737 1289 803 Quomodo
1321 735 1549 809 lignum
1570 737 1701 791 vitae
1726 735 2095 808 plusoperari

450 826 683 883 videtur
713 828 783 882 ad
816 827 1014 891 vitam,
1048 842 1227 896 quam
1258 825 1580 880 insufﬂatio
1613 824 1753 880 Dei?
1783 824 2001 879 Deinde
2047 823 2096 878 si

452 914 751 971 hominem
783 931 896 970 non
931 913 1248 985 perfectum
1281 914 1433 981 fecit,
1470 918 1644 981 Deus;
1684 912 2096 986 unusquisque

453 1007 647 1058 autem
669 1019 772 1074 per
801 1001 1156 1058 industriam
1188 1003 1485 1075 prOpriam
1518 1002 1929 1075 perfectionem
1980 1000 2092 1055 sibi

450 1089 685 1147 virtutis
744 1088 1046 1146 adsciscit:
1080 1108 1271 1146 nonne
1300 1090 1529 1145 videtur
1570 1090 1703 1162 plus
1753 1090 1861 1145 sibi
1922 1089 2096 1145 homo

452 1178 773 1250 acquirere,
809 1195 986 1250 quam
1034 1179 1083 1235 ei
1130 1179 1285 1234 Deus
1345 1178 1631 1234 contulit?
1680 1178 1944 1233 Tertium
2006 1178 2100 1233 ob-

445 1266 685 1339 jiciunt:
722 1266 788 1322 Et
817 1266 867 1322 si
896 1267 1070 1323 homo
1103 1285 1216 1323 non
1269 1270 1602 1339 gustaverat
1660 1271 1931 1334 mortem,
1985 1267 2096 1321 uti-

454 1372 565 1429 que
596 1372 774 1429 quam
806 1373 922 1411 non
953 1360 1310 1429 gustaverat,
1346 1356 1492 1411 scire
1517 1373 1630 1411 non
1658 1359 1906 1428 poterat.
1952 1356 2097 1427 Ergo

453 1444 647 1501 sinon
694 1448 1029 1518 gustaverat
1093 1445 1240 1501 l56
1295 1445 1617 1500 nesciebat:
1677 1444 1725 1499 si
1780 1443 2097 1509 nesciebat,

452 1534 660 1590 timere
691 1551 807 1589 non
840 1538 1088 1606 poterat.
1131 1535 1373 1589 Frustra
1400 1534 1579 1606 igitur
1632 1538 1783 1589 Deus
1848 1538 2097 1587 mortem

449 1640 552 1696 pro
572 1612 791 1678 terrore
822 1621 1057 1692 objecit,
1091 1640 1269 1695 quam
1304 1622 1571 1678 homines
1604 1639 1720 1677 non
1752 1612 2058 1677 timebant.

522 1711 610 1766 29.
643 1711 951 1767 Discamus
983 1711 1163 1784 igitur
1207 1712 1363 1782 quod
1415 1711 1493 1766 ibi
1540 1710 1769 1783 lignum
1818 1710 1944 1764 vita:
1996 1709 2097 1765 ubi

452 1799 628 1894 etiam
643 1798 870 1872 lignum
895 1800 1147 1855 scientiae
1165 1800 1300 1854 boni
1329 1805 1385 1855 et
1402 1799 1541 1854 mali
1564 1799 1904 1871 produxerit
1920 1800 2092 1855 Deus.
2132 1830 2179 1894 Β

450 1886 641 1944 Habes
670 1889 828 1944 enim
860 1887 997 1960 quia
1025 1888 1301 1961 produxit
1358 1888 1585 1960 lignum
1618 1889 1745 1943 vitae
1776 1896 1971 1959 ἐνμέσῳ
2012 1889 2101 1960 (30

452 1986 541 2034 τοὺ
569 1984 878 2050 παραδείσου,
930 1977 1038 2033 hoc
1081 1983 1187 2045 est,
1246 1978 1305 2031 in
1356 1978 1547 2033 medio
1590 1978 1865 2049 paradisi.
1930 1978 2098 2049 Apud

452 2082 560 2122 nos
590 2067 746 2122 enim
777 2074 827 2123 ἐν
858 2076 992 2140 μέσῳ
1022 2066 1390 2139 intelligitur,
1424 2067 1578 2137 quod
1624 2066 1683 2121 in
1716 2067 1906 2122 medio
1960 2084 2098 2139 pro-

454 2154 701 2211 duxerit.
734 2156 884 2228 Ergo
944 2156 1003 2211 in
1036 2156 1229 2211 medio
1288 2154 1558 2226 paradiso
1589 2160 1646 2210 et
1704 2156 1821 2210 vita
1867 2159 1993 2211 erat
2046 2159 2104 2210 et

453 2260 633 2299 causa
661 2243 888 2299 mortis.
914 2242 1178 2316 Intelligo
1222 2244 1332 2315 (31)
1379 2244 1518 2315 quia
1568 2261 1681 2298 non
1734 2244 1909 2299 homo
1967 2243 2102 2299 fecit

451 2331 653 2401 vitam,
687 2332 787 2389 sed
819 2331 906 2387 vel
964 2333 1256 2404 operando
1287 2332 1375 2387 vel
1407 2332 1789 2388 custodiendo
1828 2333 2103 2387 mandata

457 2419 555 2475 Dei
587 2419 776 2491 potuit
803 2420 1081 2476 invenire.
1116 2422 1250 2476 Erat
1282 2425 1478 2476 autem
1508 2424 1635 2488 vita,
1679 2421 1831 2477 sicut
1857 2422 2099 2493 Aposto-

455 2506 549 2563 lus
571 2508 735 2576 dixit,
768 2509 1079 2565 abscondita
1108 2527 1233 2565 cum
1264 2510 1473 2565 Christo
1505 2512 1560 2565 in
1596 2513 1700 2567 Deo
1741 2511 1961 2571 (Coloss.
2015 2528 2097 2578 ιρι,

452 2596 529 2670 3).
580 2597 764 2653 Homo
819 2614 955 2671 ergo
1015 2599 1134 2653 sive
1166 2599 1223 2653 in
1281 2599 1492 2654 umbra
1536 2600 1664 2653 vitae
1697 2604 1820 2655 erat
1869 2604 2103 2671 propter

453 2685 632 2742 vitam
665 2686 925 2742 futuram
960 2688 1089 2759 (32),
1122 2687 1261 2759 quia
1294 2687 1499 2741 umbra
1528 2691 1617 2742 est
1644 2687 1765 2741 haec
1791 2704 1917 2757 quae
1945 2704 2101 2741 nunc

455 2779 656 2831 nostra
685 2778 775 2830 est
800 2774 918 2830 vita
948 2775 1006 2829 in
1059 2780 1234 2843 terra,
1282 2775 1399 2829 sive
1446 2775 1503 2829 in
1555 2776 1811 2845 quodam
1861 2774 2100 2847 pignore

452 2863 581 2918 vita:
612 2866 755 2929 erat,
770 2862 910 2933 quia
939 2862 1662 2918 habebatinsufﬂationem
1686 2863 1807 2917 Dei.
1841 2864 2102 2918 Habebat

454 2967 592 3024 ergo
626 2950 837 3022 pignus
870 2950 1357 3006 immortalitatis:
1395 2952 1495 3006 sed
1529 2951 1586 3005 in
1620 2953 1831 3007 umbra
1850 2953 1979 3007 vitae
2007 2969 2102 3025 po-

455 3039 605 3095 situs
635 3039 1043 3095 absconditam
1073 3039 1254 3094 vitam
1273 3039 1721 3095 cumeristoin
1750 3042 1863 3096 Deo
1878 3041 2100 3115 vulgari

455 3128 711 3203 quodam
741 3131 901 3183 tactu
930 3132 987 3183 et
1017 3131 1253 3200 aspectu
1290 3129 1483 3185 videre
1522 3133 1574 3185 et
1607 3146 1810 3202 capere
1843 3148 1955 3186 non
1991 3148 2098 3203 po-

2207 557 2278 611 de
2309 555 2550 610 adverso
2582 572 2792 628 genere
2823 555 3213 611 animantium
3228 555 3512 612 naturalis
3535 560 3624 611 est
3645 559 3850 625 terror,

2207 647 2271 699 ut
2317 644 2495 699 etiam
2548 644 2977 700 irrationabilia
3024 661 3263 700 sensum
3309 645 3601 718 fugienda:
3647 645 3853 701 mortis

2207 733 2529 805 accipiant:
2564 739 2782 805 quanto
2816 734 3005 807 magis
3033 734 3092 788 in
3123 733 3312 805 primo
3342 733 3581 790 homine
3612 733 3854 791 rationis

2209 823 2412 893 utique
2442 821 2804 892 plenissimo,
2837 821 3120 878 naturalis
3142 822 3408 895 quaedam
3429 822 3624 895 opinio
3648 823 3853 879 mortis

2208 911 2410 965 debuit
2440 927 2568 966 esse
2584 912 2852 969 vitanda.

2847 1018 3080 1074 CAPUT
3109 1018 3204 1076 VI.

2206 1106 2358 1160 Alias
2383 1108 2571 1177 plures
2600 1106 2963 1162 dubitationes
3002 1111 3151 1163 circa
3191 1115 3533 1179 praeceptum
3579 1108 3714 1166 Adae
3756 1108 3856 1165 da-

2280 1182 2415 1243 tum,
2447 1183 2496 1232 et
2525 1181 2655 1234 Eva?
2681 1181 3188 1249 praevaricationem
3220 1182 3487 1235 excitatas
3521 1179 3707 1236 diluit.

2277 1266 2367 1321 30.
2402 1266 2625 1322 Rursus
2660 1266 2882 1322 faciunt
2908 1266 3054 1322 alias
3095 1266 3448 1339 quaestiones
3495 1267 3603 1322 hoc
3646 1269 3853 1323 modo:

2209 1356 2331 1410 Non
2365 1372 2597 1427 semper
2624 1354 2717 1422 (xu,
2751 1372 2809 1427 q.
2845 1357 2895 1424 1,
2945 1372 2996 1412 c.
3040 1357 3157 1411 Non
3211 1359 3442 1428 semper)
3493 1355 3718 1411 malum
3767 1360 3858 1413 est

2208 1461 2324 1499 non
2357 1445 2592 1499 obedire
2622 1448 2924 1517 praecepto.
2951 1444 3010 1500 Si
3038 1438 3197 1499 enim
3246 1445 3467 1500 bonum
3515 1449 3605 1500 est
3643 1462 3856 1517 praece-

2210 1536 2398 1603 ptum,
2433 1532 2677 1588 honesta
2718 1537 2808 1587 est
2856 1532 3139 1589 obeditio:
3201 1533 3356 1605 quod
3418 1533 3467 1588 si
3517 1534 3854 1605 improbum

2211 1626 2583 1693 praeceptum,
2616 1639 2731 1676 non
2789 1622 3023 1677 obedire
3054 1620 3216 1677 utile.
3266 1621 3415 1694 Ergo
3466 1638 3583 1677 non
3624 1638 3859 1694 semper

2210 1708 2431 1763 malum
2466 1714 2555 1764 est
2586 1727 2698 1765 non
2731 1709 2964 1764 obedire
2996 1714 3319 1782 praecepto:
3355 1710 3457 1765 sed
3514 1710 3666 1766 bono
3710 1728 3857 1784 prae-

2212 1802 2374 1869 eepto
2406 1815 2520 1853 non
2553 1798 2788 1853 obedire
2820 1798 3154 1870 improbum
3184 1803 3292 1854 est.
3316 1799 3538 1853 Bonum
3561 1803 3860 1855 autemest

2222 1890 2248 1941 I
2267 1888 2358 1941 57
2401 1886 2794 1957 operatorium
2827 1886 3176 1958 cognitionis
3192 1887 3329 1941 boni
3353 1891 3411 1942 et
3431 1885 3567 1941 mali
3595 1886 3854 1960 lignum;

2211 1975 2684 2046 quandoquidem
2730 1975 2883 2031 Deus
2929 1980 2986 2031 et
3032 1976 3251 2031 bonum
3284 1980 3341 2031 et
3399 1975 3620 2031 malum
3678 1976 3855 2032 novit.

2211 2064 2472 2135 Denique
2505 2064 2621 2118 ait:
2664 2065 2793 2119 Ecce
2843 2064 3014 2119 Adam
3059 2067 3235 2135 factus
3279 2072 3357 2119 est
3407 2072 3668 2137 tanquam
3713 2082 3859 2122 unus

2209 2153 2600 2220 nostrum(3/l)
2659 2152 2809 2222 (Gen.
2866 2170 2948 2223 III,
3002 2156 3114 2225 22).
3150 2153 3209 2208 Si
3240 2153 3422 2225 igitur
3474 2154 3696 2209 bonum
3768 2158 3861 2211 est
3934 2195 3938 2198 ι

2211 2242 2517 2297 scientiam
2548 2241 2761 2297 habere
2787 2242 2923 2297 boni
2975 2246 3033 2297 et
3084 2241 3223 2297 mali
3274 2241 3410 2314 (35),
3453 2242 3607 2298 bona
3659 2247 3856 2299 autem

2210 2336 2300 2386 cst
2329 2347 2508 2402 quam
2540 2330 2715 2385 etiam
2751 2331 2905 2386 Deus
2930 2330 3124 2398 habet,
3156 2330 3384 2385 videtur
3414 2331 3515 2402 qui
3560 2330 3861 2388 interdicit

2210 2437 2339 2476 eam
2372 2420 2732 2487 hominibus,
2767 2437 2877 2474 non
2912 2425 3063 2477 recte
3094 2420 3475 2485 interdicere;
3510 2420 3685 2492 idque
3731 2438 3861 2493 pro-

2212 2513 2458 2581 ponunt.
2520 2509 2630 2565 Sed
2680 2508 2728 2564 si
2780 2507 3110 2580 intelligant
3180 2508 3319 2580 quid
3369 2508 3446 2564 sit
3490 2525 3859 2582 cognoscere,

2213 2614 2388 2668 quam
2426 2598 2537 2651 vim
2572 2597 2786 2651 habeat
2816 2597 2923 2652 hoc
2954 2597 3236 2652 verbum:
3295 2595 3343 2652 si
3398 2596 3482 2653 sic
3531 2596 3865 2669 intelligant

2212 2686 2712 2757 quemadmodum
2761 2690 3009 2756 Oportet,
3057 2688 3307 2755 cognovit
3361 2685 3520 2740 enim
3602 2687 3864 2742 Dominus

2209 2776 2310 2847 qui
2354 2783 2481 2829 sunt
2544 2777 2714 2846 ipsius
2747 2777 2818 2830 (II
2863 2776 2993 2830 Tim.
3039 2792 3101 2842 ιι,
3161 2775 3278 2847 19);
3336 2774 3609 2847 cognovit
3656 2775 3865 2847 utique

2210 2880 2309 2919 eos
2359 2863 2457 2935 qui
2510 2880 2694 2918 unum
2726 2880 2794 2918 ex
2842 2862 3112 2935 pluribus
3146 2863 3281 2918 facti
3340 2866 3501 2929 sunt,
3532 2864 3592 2918 in
3643 2864 3863 2936 quibus

2210 2951 2519 3019 inhabitat,
2573 2957 2629 3007 et
2667 2952 2728 3007 in
2778 2952 2993 3024 quibus
3057 2951 3443 3025 perambulat.
3501 2951 3863 3026 Cognoscere

2212 3041 2412 3113 utique
2444 3058 2556 3095 non
2591 3041 2647 3095 in
2683 3041 2806 3096 sola
2835 3046 2891 3096 et
2923 3041 3315 3113 perfunctorie
3344 3041 3591 3097 scientia
3619 3045 3728 3107 est,
3753 3041 3856 3097 sed

2210 3130 2497 3185 ineorum
2532 3130 2866 3201 operatione
2910 3147 3035 3201 quae
3087 3133 3348 3202 oporteat
3394 3129 3538 3185 ﬁeri.
3593 3129 3864 3202 Oportuit

454 3221 624 3276 terat.
661 3217 727 3272 Et
756 3216 805 3273 si
857 3217 1119 3272 nondum
1171 3222 1457 3289 peccator,
1490 3236 1606 3273 non
1666 3223 1861 3274 tamen
1909 3220 2097 3276 incor-
2132 3196 2173 3261 Ο
2214 3223 2405 3274 autem
2440 3218 2738 3273 hominem
2771 3218 3004 3274 obedire
3036 3219 3332 3287 mandato,
3365 3235 3481 3274 non
3531 3218 3858 3275 obediendo

457 3312 641 3380 ruptae
673 3305 1143 3378 inviolabilisque
1176 3311 1424 3375 naturas;
1477 3314 1542 3362 ut
1574 3312 1703 3379 pote
1753 3309 1853 3380 qui
1901 3314 2101 3381 postea

457 3398 695 3469 peccato
727 3393 926 3465 lapsus
958 3399 1065 3463 est,
1100 3412 1468 3468 nequaquam
1503 3402 1696 3452 autem
1725 3398 1917 3453 adhuc
1963 3416 2098 3470 pec-

459 3489 638 3540 cator.
698 3482 959 3555 Denique
1010 3484 1068 3540 in
1119 3485 1326 3540 umbra
1367 3485 1494 3541 vitae
1543 3491 1694 3541 erat:
1748 3486 1848 3558 qui
1902 3492 2098 3543 autem

456 3578 790 3644 peccatores
822 3577 979 3642 sunt,
1016 3574 1074 3628 in
1110 3575 1317 3630 umbra
1334 3575 1539 3630 mortis
1555 3577 2097 3632 sunt.Peccatorem

456 3663 615 3718 enim
672 3662 945 3736 populus,
998 3664 1151 3719 sicut
1206 3663 1357 3721 Isaia
1428 3664 1595 3719 docet
1669 3666 1795 3733 (Isa.
1876 3682 1948 3733 ix,
2018 3669 2095 3737 2),

454 3751 693 3807 sedebat
712 3750 770 3807 in
804 3752 1014 3808 umbra
1044 3753 1270 3817 mortis.
1305 3752 1397 3807 cui
1430 3752 1529 3807 lux
1558 3757 1685 3808 orta
1715 3770 1817 3824 per
1838 3753 1937 3809 Dei
1965 3770 2096 3827 gra-

451 3838 615 3909 tiam,
648 3857 764 3896 non
795 3858 898 3913 per
928 3858 1044 3898 suae
1096 3841 1329 3898 virtutis
1383 3841 1680 3897 meritum.
1742 3842 1891 3914 Ergo
1946 3844 2097 3899 inter

450 3927 911 3986 insufﬂationem
940 3930 1062 3998 Dei,
1094 3934 1150 3985 et
1180 3929 1527 4003 escamligni
1551 3930 1677 3985 vitae
1701 3929 1861 3984 nulla
1885 3930 2091 3987 discre-

446 4016 548 4073 tio.
578 4016 693 4074 Nec
750 4018 1048 4075 hominem
1110 4018 1242 4090 quis
1302 4022 1495 4091 potest
1552 4018 1743 4073 dicere
1793 4018 1925 4090 plus
1981 4020 2093 4076 sibi

444 4122 618 4178 posse
648 4107 968 4179 acquirere,
1003 4125 1181 4179 quam
1204 4108 1404 4162 divina
1434 4108 1483 4162 ei
1517 4106 1784 4180 largitate
1817 4107 2091 4164 collatum

444 4198 553 4250 est.
608 4194 844 4250 Utinam
903 4199 1206 4267 acceptum
1258 4199 1455 4251 tenere
1512 4213 1840 4267 possemus.
1904 4198 2094 4253 Labor

443 4281 658 4338 etenim
707 4288 905 4339 noster
951 4300 1017 4339 eo
1075 4284 1322 4356 proﬁcit,
1356 4288 1421 4339 ut
1472 4301 1599 4356 quae
1659 4286 1879 4341 tributa
1927 4292 2086 4352 sunt,

443 4386 836 4428 resumamus.
870 4372 1131 4427 Tertium
1166 4372 1310 4427 illud
1344 4374 1497 4445 quod
1558 4375 1924 4446 prOpositum
1975 4382 2084 4443 est,

442 4456 581 4529 quia
613 4458 713 4529 qui
746 4464 987 4516 mortem
1020 4478 1135 4516 non
1175 4466 1528 4535 gustaverat,
1587 4467 1832 4519 mortem
1879 4463 2085 4520 timere

2212 3314 2405 3363 autem
2450 3306 2856 3380 praevaricatus
2910 3313 3019 3362 est.
3055 3307 3236 3380 Igitur
3268 3307 3366 3378 qui
3418 3325 3533 3362 non
3583 3307 3859 3375 obedivit,

2209 3398 2438 3465 erravit,
2487 3396 2626 3469 quia
2676 3395 3068 3469 praevaricatio
3116 3401 3419 3468 peccatum
3477 3400 3585 3451 est.
3637 3395 3860 3453 Verum

2208 3486 2380 3543 etiam
2414 3485 2464 3540 si
2522 3491 2831 3542 extenuare
2887 3484 3063 3540 velint
3108 3484 3225 3541 vim
3277 3484 3731 3557 cognitionibus,
3795 3489 3861 3540 ut

2208 3575 2662 3647 perfunctoriam
2694 3573 2998 3630 scientiam
3028 3574 3166 3629 boni
3200 3578 3256 3629 et
3285 3573 3424 3629 mali
3482 3573 3857 3631 interdictam

2208 3669 2433 3735 putent,
2468 3664 2525 3718 in
2557 3681 2621 3719 eo
2654 3680 2885 3735 quoque
2900 3662 3391 3735 praevaricationis
3421 3661 3594 3735 culpa
3614 3666 3706 3718 est
3736 3680 3858 3719 non

2206 3753 2505 3809 obeditum
2537 3769 2664 3809 esse
2697 3753 3001 3818 mandato;
3037 3750 3176 3822 quia
3205 3751 3381 3806 etiam
3404 3749 3857 3806 tumultuariam

2207 3841 2508 3898 scientiam
2544 3841 2679 3896 boni
2713 3845 2770 3895 et
2799 3838 2940 3895 mali
2972 3838 3257 3895 Dominus
3287 3839 3440 3895 Deus
3462 3840 3685 3911 putavit
3706 3839 3858 3895 inhi-

2205 3931 2477 3986 bendam.

2274 4020 2362 4076 31.
2396 4017 2520 4073 Alia
2550 4017 2820 4089 quaestio:
2863 4018 2971 4084 Qui
3012 4034 3127 4074 non
3176 4017 3476 4091 cognoscit
3525 4018 3746 4074 bonum
3791 4023 3851 4074 et

2204 4106 2450 4177 malum,
2485 4106 2629 4163 nihil
2661 4125 2695 4161 a
2724 4105 2963 4178 parvulo
2994 4107 3191 4163 distat.
3215 4106 3446 4162 Parvuli
3466 4112 3657 4162 autem
3687 4107 3847 4180 apud

2193 4196 2424 4267 justum
2450 4196 2709 4266 judicem
2739 4193 2903 4249 nulla
2923 4198 3010 4250 est
3031 4194 3222 4267 culpa.
3255 4195 3463 4252 Justus
3483 4199 3677 4251 autem
3710 4212 3848 4268 ope-

2199 4289 2365 4339 rator'
2386 4284 2591 4339 mundi
2622 4300 2928 4354 nunquam
2948 4283 3259 4355 parvulum
3300 4288 3564 4340 vocasset
3609 4282 3670 4339 in
3722 4283 3849 4339 cul-

2198 4390 2353 4444 pam,
2411 4378 2644 4445 propter
2701 4372 2854 4444 quod
2914 4388 3029 4427 non
3084 4377 3429 4445 cognoverat
3484 4373 3707 4428 bonum
3793 4381 3851 4428 et

2195 4463 2418 4518 malum
2447 4480 2460 4530 ;
2495 4462 2632 4534 quia
2662 4460 2940 4533 parvulus
2964 4460 3088 4516 sine
3122 4459 3241 4517 ullo
3271 4465 3359 4518 est
3390 4462 3636 4518 crimine
3694 4479 3845 4534 prie-

441 4561 557 4601 non
590 4551 832 4618 poterat,
857 4547 1021 4605 facile
1052 4567 1119 4605 ex
1150 4552 1481 4607 communis
1514 4555 1735 4607 naturae
1768 4569 1874 4607 usu
1916 4553 2085 4609 abso-
2115 4560 2164 4625 ι)
2193 4550 2570 4607 varicationis
2602 4555 2657 4605 et
2687 4548 2890 4621 culpa.
2923 4549 3138 4604 Verum
3168 4566 3303 4605 cum
3335 4550 3395 4605 in
3436 4549 3843 4622 superioribus

436 4632 721 4691 lutionem
754 4635 946 4693 habet.
982 4638 1080 4693 Est
1109 4640 1260 4695 enim
1295 4645 1522 4708 natura,
1548 4640 1790 4694 insitum
1813 4641 2087 4697 omnibus

436 4725 860 4795 animantibus,
896 4732 959 4782 ut
1007 4729 1182 4784 etiam
1235 4746 1361 4800 quae
1421 4729 1683 4784 nondum
1716 4729 1828 4784 sibi
1880 4746 2085 4786 nocere

434 4818 670 4886 experta
699 4820 856 4884 sunt,
892 4818 1061 4887 quasi
1093 4819 1266 4891 noxia
1297 4817 1693 4873 reformident.
1714 4818 1873 4873 Unde
1903 4818 2081 4890 enim,

431 4903 715 4959 columbae
742 4904 799 4958 in
831 4904 958 4976 ipso
991 4905 1082 4960 sui
1110 4912 1236 4961 ortu
1267 4906 1369 4961 visi
1408 4912 1589 4961 terror
1604 4906 1897 4977 accipitris
1927 4908 2081 4979 (33)?

430 4990 592 5047 Unde
622 4992 745 5064 lupi
780 4994 985 5049 ovibus
1018 4994 1446 5061 formidabiles,
1483 4993 1658 5065 pullis
1690 4994 1886 5050 milvi?
1916 4997 2076 5060 Quod

502 5132 614 5201 (30)
653 5133 1054 5207 Mssgomnes
1107 5142 1229 5190 tam
1288 5137 1632 5207 depravatos
1716 5138 2078 5194 characteres

428 5202 656 5284 graecos
677 5204 970 5284 exhibent,
1005 5213 1071 5284 _ut
1120 5208 1230 5279 legi
1286 5202 1597 5284 nequeant.
1648 5209 1899 5284 Quidam
1943 5226 2076 5265 vero

429 5274 642 5349 Latine
660 5275 945 5349 scribunt,
977 5274 1204 5349 Apama}
1231 5274 1745 5349 enim-intelligitur
1794 5282 1856 5334 in
1903 5296 2075 5338 amm-

428 5359 581 5426 ηας...
604 5345 823 5426 Ιὲἶίίἰῇιπ.Δ
855 5345 1029 5426 Am._,'
1069 5357 1298 5426 évpsa’ou
1332 5375 1513 5426 poevug.
1546 5345 1746 5426 _Q'uare
1769 5421 1806 5426 υ
1829 5350 1886 5405 in
1932 5368 2071 5426 _cor-

428 5431 493 5469 ru
503 5418 699 5493 ptjone
707 5423 868 5473 tanta
885 5422 1071 5475 satius
1088 5418 1320 5478 videtur
1333 5418 1406 5477 ab
1421 5422 1592 5477 editis
1614 5437 1728 5476 non
1753 5421 2071 5493 discedere,

457 5486 611 5611 ί((31)
640 5487 845 5546 Plures
876 5506 1045 5562 mea,
1076 5497 1126 5546 et
1150 5510 1372 5550 causam
1409 5496 1601 5550 mortis
1659 5492 1904 5563 intelligi:
1951 5486 2070 5565 quii

422 5571 529 5615 Εῐο.

483 5626 581 5701 32)
611 5626 749 5690 Mss.
780 5645 967 5709 prope
999 5648 1222 5707 omnes,
1249 5642 1468 5713 prapter
1502 5636 1741 5710 ﬁguram
1798 5639 2066 5711 futuram.

2196 4639 2516 4696 dixerimus
2538 4637 2830 4710 duplicem
2865 4653 2993 4693 esse
3026 4636 3386 4693 intellectum
3417 4636 3672 4693 scientiae
3706 4637 3845 4693 boni

2194 4732 2251 4784 et
2308 4727 2465 4796 mali,
2527 4727 2573 4783 si
2633 4725 3089 4799 perfunctoriam
3142 4726 3447 4782 scientiam
3497 4725 3844 4799 accipimus,

2194 4819 2396 4890 utique
2427 4816 2640 4872 falsum
2672 4820 2760 4871 est
2791 4814 2943 4887 quod
2983 4814 3130 4869 nihil
3161 4814 3340 4871 distet
3368 4832 3401 4870 a
3444 4814 3708 4888 parvulo,
3742 4815 3847 4888 qui

2193 4923 2308 4961 non
2341 4904 2609 4978 cognovit
2638 4904 2860 4960 bonum
2892 4908 2946 4959 et
2978 4903 3223 4960 malum.
3259 4904 3317 4960 Si
3374 4910 3570 4960 autem
3620 4902 3839 4960 falsum

2192 5000 2279 5050 est
2300 4994 2454 5067 quod
2486 4992 2630 5049 nihil
2657 4993 2835 5048 distet
2856 5009 2890 5047 a
2919 4992 3194 5064 parvulo;
3228 5009 3364 5066 ergo
3400 5010 3516 5048 non
3557 4991 3844 5065 parvulus

2259 5138 2370 5207 (33)
2404 5136 2544 5191 Mss.
2577 5138 2707 5191 Vat.
2734 5137 2792 5207 et
2816 5134 2878 5207 _S__.
2921 5133 3321 5207 Mich._p_rima
3350 5150 3551 5207 manu,
3584 5136 3699 5189 viso
3729 5138 3841 5190 ter-

2187 5203 2377 5264 rentur
2432 5208 2712 5277 aceipitre.
2766 5203 3201 5277 Aliinonnulli,
3252 5208 3392 5277 visa,
3444 5204 3534 5260 vel
3563 5207 3691 5273 via,
3722 5213 3841 5262 ter-

2188 5296 2366 5334 rorem
2394 5275 2694 5347 aecipiunt.
2731 5277 2794 5331 In
2820 5275 3063 5348 reliquis
3093 5278 3211 5331 fere
3240 5275 3385 5348 nihil
3416 5277 3567 5331 sani.

2259 5352 2369 5422 (34)
2394 5346 2560 5404 Rom.
2595 5348 2758 5416 edit.,
2818 5346 2963 5402 unus
3017 5355 3263 5403 nostrum
3294 5347 3362 5402 ad
3417 5346 3700 5403 sciendum
3740 5348 3837 5405 bo-

2181 5438 2317 5476 num
2343 5425 2391 5476 et
2420 5422 2647 5475 malum.

2275 5494 2366 5562 3ο)
2389 5493 2554 5548 Rom.
2586 5491 2749 5560 edit.,
2779 5491 2993 5547 Bonum
3031 5493 3216 5546 autem
3244 5490 3456 5562 lignum
3501 5490 3838 5559 cognitionis

2179 5571 2233 5623 et
2260 5565 2390 5623 boni
2416 5565 2576 5622 mali.
