4084 6188
273 318 399 405 308

1566 341 1796 407 LIBER
1838 338 1941 404 DE
1985 335 2400 408 PARADISO.

3562 316 3683 403 306

273 473 485 530 Adam.
520 469 582 529 Si
612 487 728 529 non
757 466 1057 547 parvulus,
1091 468 1406 533 ascribitur
1437 475 1639 549 utique
1668 476 1718 532 ci
1750 473 1919 547 quasi
1950 474 2004 540 Α
2027 475 2284 548 paradiso
2308 475 2453 532 dixit
2481 472 2658 533 Deus:
2691 472 2811 531 Non
2836 472 3241 533 manducabitis
3289 486 3360 530 ea:
3406 485 3466 531 eo
3521 472 3676 545 (Gen.

275 580 392 620 non
431 561 677 635 parvulo
731 568 1056 636 peccatum.
1107 565 1163 621 Si
1222 570 1525 638 peccatum
1583 564 1917 632 ascribitur,

276 652 547 724 sequitur
576 669 745 725 pazna
775 656 1104 725 peccatum,
1162 656 1302 726 quia
1359 654 1573 727 dignus
1632 652 1923 708 invenitur

272 758 467 814 pana,
502 739 603 812 qui
646 747 952 813 peccatum
1008 742 1194 797 vitare
1248 760 1362 797 non
1426 742 1754 815 procuravit
1786 742 1917 812 (36).

275 829 475 885 Potest
495 829 669 884 etiam
705 829 826 885 ﬁeri
877 835 944 885 ut
988 830 1163 886 etiam
1197 832 1295 903 qui
1331 831 1634 887 scientiam
1667 848 1781 886 non
1813 830 1921 885 ha-

273 918 373 973 bet
397 917 532 972 boni
566 922 625 972 et
654 917 814 985 mali,
846 919 1122 990 parvulus
1155 936 1271 975 non
1296 919 1408 975 sit:
1437 920 1713 992 quoniam
1734 919 1921 991 prius-

272 1023 453 1078 quam
484 1005 650 1061 scivit
675 1022 821 1078 puer
871 1007 1091 1063 bonum
1123 1015 1178 1064 et
1235 1009 1457 1063 malum
1508 1010 1638 1080 (Isa.
1672 1026 1770 1074 vn,
1812 1008 1918 1078 16),

272 1111 391 1150 non
425 1093 670 1149 credidit
695 1093 953 1150 malitiae.
987 1097 1055 1150 Et
1085 1096 1298 1152 iterum
1330 1097 1547 1152 habes:
1580 1099 1717 1165 Quia
1736 1099 1918 1168 prius-

271 1200 441 1256 quam
466 1185 604 1238 sciat
656 1199 798 1255 puer
854 1200 1044 1240 vocare
1096 1194 1331 1257 patrem,
1379 1188 1607 1257 accipiet
1656 1188 1920 1240 virtutem

268 1274 553 1337 Damasci,
576 1275 628 1327 et
655 1273 831 1344 spolia
859 1274 1134 1330 Samaria
1162 1274 1288 1345 (Isa.
1322 1291 1442 1341 VIII,
1475 1276 1551 1345 4).
1615 1274 1917 1329 Perfectus

269 1378 411 1434 ergo
441 1360 542 1432 qui
576 1364 852 1433 operatur
905 1362 1149 1430 bonum,
1183 1362 1357 1418 etiam
1392 1362 1441 1417 si
1498 1362 1635 1417 boni
1666 1367 1722 1417 et
1778 1361 1917 1417 mali

265 1450 576 1506 scientiam
606 1467 724 1505 non
783 1449 1028 1522 adeptus
1086 1450 1185 1517 sit,
1218 1454 1282 1505 ut
1331 1449 1500 1505 multi
1564 1450 1912 1522 priusquam

265 1539 460 1595 scient
491 1537 700 1611 legem,
734 1537 844 1610 ipsi
877 1538 989 1594 sibi
1019 1537 1111 1594 lex
1140 1542 1281 1593 sunt
1310 1540 1482 1610 (Rom.
1517 1557 1575 1607 ιι,
1613 1540 1719 1610 14).
1754 1538 1917 1603 Quod

261 1626 587 1698 Apostolus
643 1627 988 1699 priusquam
1046 1627 1321 1682 diceret:
1385 1631 1505 1685 Non
1578 1629 1918 1699 concupisces

261 1716 445 1788 (Rom.
476 1729 581 1783 vn,
638 1718 720 1785 7),
780 1715 1004 1771 malum
1059 1732 1186 1771 esse
1239 1716 1774 1788 concupiscentiam
1815 1731 1915 1770 ne-

2033 582 2117 629 m,
2149 569 2203 619 2.
2236 565 2310 636 3).
2346 567 2429 620 Ita
2459 582 2595 637 ergo
2628 564 2848 621 sciebat
2895 564 3287 622 obediendum
3336 578 3465 619 esse
3511 578 3678 618 man-

2033 654 2185 719 dato,
2219 659 2284 709 ut
2314 654 2570 709 diceret:
2603 655 2681 708 Ex
2712 654 2871 709 omni
2924 654 3117 709 fructu
3166 650 3677 718 manducabimus,

2030 742 2185 814 quod
2217 742 2501 798 Dominus
2531 742 2956 815 imperaverat:
2992 743 3063 797 de
3089 742 3248 814 ligno
3281 744 3477 796 autem
3523 737 3680 812 quod

2030 835 2120 886 est
2148 831 2207 885 in
2241 831 2430 885 medio
2462 831 2753 902 paradiso,
2785 830 3136 903 imperatum
3173 847 3207 884 a
3236 829 3351 885 Deo
3383 827 3525 883 dicit
3564 844 3679 883 non

2030 936 2158 976 esse
2188 920 2567 992 gustandum,
2595 936 2668 974 ne
2698 922 2882 974 morte
2916 922 3299 975 morerentur.
3341 918 3491 989 Ergo
3542 916 3682 987 quia

2029 1008 2195 1063 scivit
2226 1008 2603 1063 deferendum
2636 1024 2765 1063 esse
2798 1009 3072 1063 mandato
3104 1006 3238 1077 (38),
3274 1005 3440 1061 scivit
3478 1005 3682 1076 utique

2029 1096 2251 1152 malum
2273 1113 2400 1152 esse
2432 1095 2818 1168 praevaricari,
2851 1100 2908 1151 et
2935 1095 3065 1150 ideo
3101 1096 3263 1166 juste
3303 1093 3682 1165 prmvaricata

2028 1186 2367 1240 damnatur.

2097 1274 2185 1329 33.
2220 1272 2477 1345 Accipite
2507 1272 2704 1327 aliud:
2739 1271 2796 1327 Si
2830 1270 3157 1343 assumptio
3190 1270 3261 1325 de
3300 1269 3462 1341 ligno
3497 1268 3681 1325 scien-

2028 1362 2118 1417 tia
2149 1362 2286 1417 boni
2354 1367 2411 1417 et
2478 1360 2613 1416 mali
2682 1360 2763 1415 ita
2825 1359 3155 1432 operatoria
3184 1361 3326 1422 erat,
3362 1362 3429 1413 ut
3456 1358 3678 1413 bonum

2026 1455 2084 1506 et
2123 1450 2344 1505 malum
2386 1452 2833 1522 agnosceretur;
2881 1447 3036 1519 quod
3084 1447 3316 1501 videtur
3371 1446 3674 1518 Scriptura

2026 1540 2353 1604 ostendere,
2393 1539 2534 1593 dum
2600 1536 2779 1592 dicit:
2848 1536 2995 1601 Quia
3052 1533 3155 1590 ubi
3210 1534 3679 1589 manducaverunt

2025 1630 2204 1693 ambo,
2239 1629 2415 1699 aperti
2439 1634 2566 1681 sunt
2600 1627 2748 1681 oculi
2775 1640 2991 1693 eorum,
3031 1626 3082 1678 et
3129 1627 3495 1691 cognoverunt
3541 1622 3682 1693 quod

2024 1716 2163 1771 nudi
2190 1719 2367 1771 essent
2400 1714 2627 1786 (lbid.6
2692 1722 2742 1768 et
2768 1713 2865 1783 7):
2936 1712 3045 1767 hoc
3112 1715 3220 1778 est,
3290 1710 3475 1783 aperti
3541 1713 3681 1766 sunt

265 1804 511 1860 sciebat.
540 1804 802 1876 Denique
858 1804 985 1875 ipse
1014 1804 1137 1859 ait:
1199 1806 1486 1860 Peccatum
1534 1822 1644 1860 non
1695 1805 1920 1875 cognovi
1952 1839 1997 1904 Β
2028 1804 2179 1860 oculi
2212 1804 2425 1869 cordis,
2457 1807 2513 1857 et
2556 1808 2948 1873 cognoverunt
2986 1804 3156 1871 turpe
3204 1815 3330 1853 esse
3380 1799 3570 1853 nudos
3618 1814 3681 1853 se

260 1895 386 1948 nisi
412 1909 510 1965 per
562 1894 751 1964 legem.
787 1894 924 1948 Nam
951 1894 1461 1964 concupiscentiam
1487 1894 1928 1959 nesciebam,nisi
1952 1886 1997 1904 "
2032 1893 2278 1965 degere:
2312 1893 2437 1947 sine
2464 1890 2641 1946 dubio
2685 1888 2784 1945 ubi
2836 1888 3091 1960 gustavit
3144 1886 3356 1942 mulier
3403 1886 3472 1941 de
3521 1886 3679 1959 ligno

261 1983 360 2038 lex
383 1982 623 2037 diceret:
659 1981 772 2037 Non
819 1984 1165 2053 concupisces
1198 1983 1401 2054 (Ibid.).
1436 1983 1519 2037 Ad
1553 1998 1733 2054 quam
1783 1999 1913 2054 par-

259 2074 387 2126 tem
418 2069 593 2125 etiam
629 2085 774 2142 puer
801 2074 994 2141 potest
1025 2086 1154 2125 esse
1187 2072 1479 2142 perfectus
1502 2071 1638 2142 jure
1680 2074 1919 2136 naturae,

259 2159 616 2232 priusquam
648 2157 789 2213 sciat
820 2158 1355 2230 concupiscentiam
1383 2158 1603 2213 crimen
1641 2175 1789 2227 esse,
1822 2158 1912 2213 vel

262 2246 754 2320 concupiscentiae
787 2247 1009 2303 crimen
1055 2247 1345 2303 admittat.
1387 2249 1536 2318 Ergo
1594 2248 1919 2303 secundum

263 2335 730 2409 perfunctoriam
763 2336 1067 2391 scientiam
1102 2335 1287 2391 noluit
1316 2336 1470 2392 Deus
1502 2337 1592 2405 (37
1622 2336 1920 2391 hominem

266 2425 423 2481 scire
455 2425 608 2496 quod
644 2423 865 2479 malum
897 2429 1005 2492 est,
1038 2442 1110 2480 ne
1141 2425 1308 2496 quasi
1341 2425 1718 2496 imperfectus
1739 2424 1920 2479 vitare

267 2529 390 2569 non
423 2517 640 2584 posset.
668 2513 794 2568 Non
812 2512 1134 2568 obediendo
1155 2518 1351 2569 autem
1376 2513 1652 2568 mandato
1671 2512 1919 2567 incurri-

267 2617 408 2656 mus
439 2602 496 2656 iu
529 2600 800 2673 culpam:
826 2617 961 2674 ergo
993 2601 1225 2674 culpam
1258 2602 1527 2657 fatemur.
1561 2602 1786 2657 Rursus
1820 2618 1919 2657 au—

263 2694 388 2745 tem
421 2690 470 2745 si
500 2687 679 2745 altam
704 2694 763 2745 et
782 2690 1131 2762 profundam
1171 2693 1199 2745 Ι
1217 2689 1316 2746 58
1339 2689 1641 2745 scientiam
1667 2689 1918 2745 dicimus

264 2778 406 2834 boni
430 2784 485 2834 et
515 2779 677 2849 mali,
712 2795 838 2850 quae
869 2778 1106 2850 quidem
1139 2779 1433 2849 profunda
1477 2778 1722 2833 scientia
1777 2794 1914 2851 per-

268 2868 490 2922 fectum
514 2866 652 2923 facit
676 2884 689 2921 :
715 2884 830 2922 non
861 2867 1058 2922 statim
1087 2870 1282 2923 autem
1315 2866 1592 2940 parvulus
1616 2867 1715 2939 qui
1749 2868 1820 2923 ad
1843 2866 1920 2923 al-

264 2962 391 3011 tam
426 2960 482 3011 et
501 2956 852 3028 profundam
886 2954 1190 3011 scientiam
1222 2956 1521 3027 pervenire
1552 2972 1667 3010 non
1708 2956 1915 3027 potuit,

268 3048 429 3100 recte
458 3045 610 3100 sicut
638 3060 753 3099 non
787 3043 1065 3116 parvulus
1095 3045 1536 3100 condemnatur.

339 3134 683 3189 32.1terum
735 3132 1088 3205 quaestiones
1141 3136 1381 3188 serunt:
1416 3134 1523 3197 Qui
1583 3133 1791 3200 nescit,
1829 3132 1917 3187 in-

2029 1980 2285 2035 scientiae
2316 1979 2451 2035 boni
2483 1983 2539 2035 et
2569 1976 2741 2045 mali,
2763 1976 3020 2049 peccavit
3044 1979 3101 2030 et
3149 1990 3210 2030 se
3258 1990 3531 2045 peccasse
3582 1990 3681 2029 co-

2030 2069 2246 2143 gnovit.
2280 2070 2414 2132 Quae
2481 2068 2659 2141 igitur
2724 2082 2787 2121 se
2848 2079 3118 2137 peccasse
3175 2066 3543 2135 cognoverat,
3587 2060 3678 2117 vel

2027 2157 2216 2213 virum
2248 2158 2319 2212 ad
2353 2156 2572 2229 peccati
2604 2152 3079 2211 communionem
3111 2151 3359 2205 invitare
3408 2166 3523 2205 non
3574 2151 3677 2205 de-

2028 2247 2174 2303 buit.
2207 2245 2501 2301 Illiciendo
2523 2248 2716 2299 autem
2746 2242 2958 2307 virum,
2981 2245 3038 2304 et
3059 2240 3253 2295 dando
3283 2239 3335 2295 ei
3367 2239 3523 2311 quod
3545 2238 3677 2311 ipsa

2027 2338 2378 2408 gustaverat,
2429 2350 2544 2389 non
2601 2332 2823 2396 vitavit,
2889 2329 2990 2385 sed
3050 2326 3279 2383 iteravit
3344 2331 3672 2400 peccatum.

2025 2425 2171 2479 Nam
2204 2423 2406 2494 utique
2438 2423 2484 2477 si
2516 2436 2645 2477 vere
2686 2419 2973 2475 rationem
3007 2420 3256 2489 spectes,
3308 2433 3442 2471 eum
3500 2432 3675 2488 quem

2026 2512 2324 2584 diligebat,
2356 2527 2471 2565 non
2502 2509 2732 2564 trahere
2781 2508 2852 2562 ad
2912 2504 3272 2561 consortium
3320 2521 3522 2576 pinnas,
3574 2505 3676 2561 sed

2026 2600 2216 2673 magis
2247 2599 2319 2654 ab
2346 2615 2412 2653 eo
2444 2598 2597 2669 quod
2632 2597 2978 2667 cognoverat
3007 2592 3137 2664 ipsa
3167 2608 3295 2647 esse
3344 2596 3673 2664 peccatum,

2026 2689 2111 2745 vel
2158 2688 2502 2744 inscientem
2564 2700 2833 2740 revocare
2899 2682 3214 2747 debuerat;
3275 2679 3544 2751 quamvis
3590 2680 3674 2734 vi-

2027 2779 2234 2834 deatur
2261 2776 2381 2830 hzec
2412 2774 2624 2829 mulier
2654 2772 2845 2827 sciens
2876 2769 3029 2841 quod
3064 2771 3194 2840 post
3223 2766 3456 2839 culpam
3488 2766 3545 2822 in
3578 2783 3677 2838 pa-

2028 2865 2221 2921 radiso
2253 2881 2380 2919 esse
2411 2880 2524 2919 non
2559 2866 2775 2935 posset,
2810 2857 3092 2914 metuisse
3122 2872 3195 2911 ne
3225 2856 3352 2912 sola
3392 2857 3464 2911 de
3510 2873 3676 2928 para-

2029 2955 2155 3010 diso
2176 2954 2502 3024 ejiceretur.
2523 2949 2784 3021 Denique
2808 2947 3239 3003 absconderunt
3257 2961 3318 3000 se
3350 2945 3523 3000 ambo
3546 2947 3678 3017 post

2030 3043 2284 3115 culpam.
2317 3040 2751 3097 Excludendam
2782 3036 2966 3109 igitur
3005 3051 3067 3090 se
3118 3050 3248 3089 esse
3298 3049 3676 3105 cognoscens,

2030 3131 2322 3187 consortio
2353 3128 2460 3184 viri
2494 3143 2667 3200 quem
2699 3125 2998 3197 diligebat,
3032 3122 3221 3179 noluit
3249 3120 3602 3178 defraudari.

265 3222 508 3293 quiunt,
543 3201 769 3277 bonum
795 3226 852 3275 et
882 3219 1127 3287 malum,
1162 3237 1234 3275 ne
1258 3220 1451 3292 ipsum
1484 3220 1725 3293 quidem
1758 3222 1916 3276 novit
1946 3201 1988 3268 (ἶ
2094 3220 2184 3274 34.
2219 3220 2433 3274 Iterum
2466 3216 2695 3286 accipe:
2730 3215 2852 3269 Non
2920 3210 3172 3283 cognitio
3238 3209 3377 3265 mali
3447 3208 3672 3265 malum

266 3326 403 3368 esse
434 3309 655 3366 malum
688 3326 799 3364 non
824 3325 1053 3364 servare
1085 3310 1563 3374 mandatum,nec
1590 3310 1784 3381 ipsum
1818 3310 1914 3364 bo-

268 3416 419 3455 num
452 3398 630 3466 novit,
658 3398 815 3470 quod
847 3401 935 3453 est
964 3397 1196 3453 obedire
1218 3398 1588 3453 mandato.Et
1617 3398 1746 3453 ideo
1778 3398 1917 3470 quia

269 3504 389 3543 non
426 3490 681 3552 noverat,
712 3486 900 3551 venia,
932 3485 1224 3558 inquiunt,
1256 3486 1469 3557 dignus
1501 3486 1610 3541 fuit
1640 3485 1740 3558 qui
1797 3503 1915 3541 non

268 3576 551 3643 obedivit,
584 3592 702 3630 non
734 3574 1375 3637 condemnationeQuaa
1406 3574 1641 3646 quidem
1675 3573 1917 3645 quaestio

269 3665 345 3720 de
363 3664 461 3719 his
478 3662 905 3719 absolutionem
922 3662 1253 3733 habet,quaa
1281 3666 1415 3718 ante
1439 3663 1915 3717 memoravimus.

269 3752 656 3808 Considerate
685 3751 842 3807 enim
873 3751 1065 3823 potuit
1122 3750 1296 3805 homo
1346 3767 1412 3805 ex
1470 3750 1543 3804 iis
1599 3765 1729 3820 quae
1769 3754 1920 3804 Deus

272 3846 413 3898 ante
441 3840 491 3896 ei
523 3839 869 3907 contulerat,
904 3839 1061 3910 quod
1115 3838 1574 3894 insufflationem
1631 3838 1731 3892 Dei
1765 3853 1921 3893 acce—

272 3930 380 4003 pit,
414 3929 571 4000 quod
602 3931 724 3983 erat
753 3928 810 3983 in
843 3927 1114 3998 paradiso
1143 3927 1457 3999 voluptatis
1488 3926 1730 3993 locatus,
1764 3943 1923 3982 sum-

273 4034 437 4074 mam
466 4016 685 4072 auctori
720 4016 1113 4071 obedientiam
1171 4016 1562 4071 deferendam.
1615 4015 1681 4069 Et
1709 4015 1839 4070 ideo
1873 4014 1921 4069 si

272 4107 396 4161 vim
430 4105 729 4160 nesciebat
758 4103 893 4159 boni
924 4107 983 4158 et
1013 4101 1151 4158 mali
1178 4120 1192 4171 ;
1225 4107 1422 4158 tamen
1449 4102 1589 4174 quia
1625 4106 1922 4158 tantorum

277 4199 483 4251 auctor
515 4193 740 4247 dixerat
770 4192 840 4247 de
871 4190 1029 4263 ligno
1059 4191 1312 4247 scientiae
1360 4190 1497 4247 boni
1525 4195 1581 4246 et
1637 4191 1775 4246 mali
1809 4207 1923 4246 non

278 4298 411 4338 esse
440 4280 824 4353 gustandum,
858 4279 1033 4333 ﬁdem
1066 4279 1402 4351 praaceptori
1434 4295 1664 4334 servare
1711 4278 1924 4334 debue-

280 4374 392 4426 rat.
424 4369 551 4424 Non
584 4367 739 4423 enim
771 4367 844 4422 ab
868 4384 934 4422 eo
964 4366 1191 4438 peritia,
1221 4368 1322 4423 sed
1366 4367 1513 4423 ﬁdes
1569 4366 1923 4438 exigebatur.

277 4456 645 4530 Intelligebat
690 4455 890 4527 utique
946 4455 1132 4510 Deum
1193 4455 1468 4511 omnibus
1526 4455 1926 4527 prmeminere,

2030 3308 2174 3363 159
2196 3312 2285 3363 est
2309 3325 2322 3374 ;
2347 3306 2446 3361 sed
2471 3321 2603 3361 cum
2627 3306 2790 3358 actus
2814 3299 3017 3373 implet
3040 3298 3347 3354 malitiam.
3367 3298 3493 3353 Non
3515 3298 3673 3354 enim

2024 3396 2222 3451 statim
2254 3395 2354 3467 qui
2389 3393 2546 3449 novit
2573 3390 2817 3457 malum,
2863 3390 3017 3461 quod
3068 3387 3292 3443 malum
3339 3389 3448 3453 est,
3500 3384 3669 3440 facit:

2026 3486 2126 3541 sed
2159 3484 2255 3555 qui
2290 3483 2443 3555 quod
2469 3481 2692 3537 malum
2724 3496 2852 3535 esse
2900 3477 3078 3545 novit,
3127 3480 3428 3549 operatur.
3470 3475 3671 3529 Incen-

2023 3574 2209 3629 tivum
2240 3577 2435 3627 autem
2467 3570 2537 3625 ad
2562 3567 2922 3640 operandam
2953 3565 3109 3637 quod
3147 3563 3370 3620 malum
3415 3565 3526 3632 est,
3569 3564 3670 3618 aut

2024 3660 2465 3725 iracundia,aut
2484 3656 2773 3728 cupiditas
2805 3670 2933 3709 esse
2966 3654 3287 3708 consuevit.
3320 3652 3435 3708 Nec
3470 3651 3673 3708 statim

2027 3765 2283 3815 necesse,
2317 3751 2381 3801 ut
2408 3746 2631 3801 habens
2663 3742 2968 3798 scientiam
3000 3741 3138 3796 mali
3173 3740 3347 3795 faciat
3376 3740 3530 3810 quod
3560 3738 3673 3794 im-

2029 3838 2275 3911 probum
2311 3835 2491 3900 novit,
2543 3830 2656 3886 nisi
2705 3835 2805 3886 aut
2851 3829 3158 3884 iracundia
3207 3835 3308 3883 aut
3358 3826 3674 3898 cupiditate

2027 3927 2315 3982 vincatur.
2342 3923 2501 3979 Unde
2531 3920 2682 3992 quod
2707 3917 2963 3973 diximus
2984 3916 3345 3971 incentivum
3371 3914 3672 3985 peccandi,

2028 4016 2115 4072 vel
2144 4016 2250 4079 ira,
2281 4012 2366 4067 vel
2400 4009 2691 4081 cupiditas
2723 4011 2831 4072 est,
2870 4004 2960 4060 vel
3010 4003 3358 4076 plerumque
3403 4000 3672 4069 formido,

2030 4105 2165 4160 licet
2194 4120 2262 4157 ex
2293 4098 2600 4156 formidine
2622 4096 2843 4151 oriatur
2868 4093 3180 4165 cupiditas,
3200 4091 3343 4147 dum
3365 4089 3682 4161 unusquis-

2035 4208 2145 4264 que
2174 4189 2300 4244 vult
2329 4188 2510 4242 vitare
2577 4184 2730 4256 quod
2800 4181 3027 4239 metuit.
3061 4181 3132 4235 Et
3196 4179 3324 4234 ideo
3374 4181 3525 4233 recte
3564 4176 3681 4232 ira-

2035 4279 2310 4337 cundiam
2344 4280 2399 4331 et
2429 4273 2807 4346 cupiditatem
2861 4272 3110 4325 duorum
3162 4267 3523 4339 reliquorum
3569 4265 3683 4337 (39)

2037 4367 2344 4442 posuimus
2376 4363 2667 4420 incentiva
2695 4360 2990 4413 vitiorum.
3024 4357 3475 4413 Consideremus
3504 4352 3688 4426 igitur

2038 4441 2236 4513 utrum
2264 4456 2379 4509 Eva
2411 4452 2505 4507 his
2532 4450 2603 4505 ad
2632 4449 2838 4503 vitium
2871 4445 3132 4501 stimulis
3163 4444 3405 4499 incitata
3440 4441 3537 4499 sit.
3572 4442 3684 4498 Sed

279 4548 531 4618 ideoque
559 4560 872 4616 personam
898 4544 1165 4614 jubentis
1194 4549 1456 4616 spectare
1486 4543 1860 4599 debuerat.Et
1881 4543 1930 4597 si
1962 4564 2006 4628 D
2039 4561 2225 4618 neque
2256 4542 2616 4628 irascebatur
2651 4535 2883 4628 marito,
2932 4550 3119 4628 neque
3163 4532 3490 4628 cupiditate
3533 4530 3689 4628 victa

280 4652 399 4691 non
459 4631 825 4704 intelligebat
880 4631 1000 4686 vim
1062 4631 1526 4704 qualitatemque
1582 4632 1926 4703 jusserum;

282 4724 505 4781 sciebat
535 4725 729 4777 tamen
774 4719 1111 4792 praeceptori
1168 4720 1540 4776 deferendam
1594 4736 1722 4775 esse
1778 4736 1933 4775 reve-

285 4812 559 4869 rentiam.
593 4807 856 4863 Habebat
882 4808 942 4863 in
981 4813 1194 4864 natura
1233 4809 1383 4864 hanc
1415 4808 1769 4880 opinionem,
1801 4812 1857 4862 et
1886 4808 1936 4863 si

290 4917 406 4956 non
439 4897 697 4954 habebat
745 4896 1040 4967 judicium
1098 4897 1235 4953 boni
1295 4903 1351 4953 et
1398 4897 1558 4953 mali.
1591 4896 1850 4969 Denique
1879 4900 1937 4952 et

287 4987 500 5043 mulier
529 4984 784 5057 serpenti
820 4983 995 5040 dixit:
1027 4986 1112 5041 Ea:
1138 4987 1290 5041 omni
1318 4987 1466 5057 ligno
1493 4985 1744 5057 paradisi
1770 5002 1934 5040 man-

288 5075 643 5132 ducabimus:
685 5072 749 5128 de
774 5076 959 5143 [ructu
985 5082 1170 5129 autem
1199 5074 1344 5144 ligni
1371 5074 1510 5146 quod
1538 5078 1618 5130 est
1648 5076 1709 5129 in
1758 5073 1936 5129 medio

359 5288 648 5360 (36).Mss.
676 5286 1076 5360 _e_t_egdit._vet.,
1102 5291 1279 5344 vitare
1308 5305 1419 5345 non
1446 5289 1641 5360 potuit.

361 5355 647 5431 (37)'Mss.
676 5355 1101 5431 Michaaelinus,
1155 5361 1302 5431 Big.,

292 5426 561 5489 DeiisfM.
598 5426 1027 5496 Laudunensis,
1061 5434 1120 5485 et
1177 5426 1312 5486 edit.
1369 5434 1507 5495 vet.,
1569 5430 1717 5483 novit
1778 5429 1934 5484 Deus.

294 5503 401 5559 Alii
437 5517 584 5558 mss.
612 5505 669 5555 et
698 5500 870 5558 Rom.
904 5501 1045 5556 edit.
1082 5500 1498 5569 melius,noluit
1526 5500 1685 5553 Deus.

361 5575 473 5647 (38)
533 5573 618 5647 Ita
649 5591 795 5632 mss.
830 5571 889 5627 S.
926 5571 1196 5647 Remigii,
1233 5568 1385 5647 ac_S.
1418 5568 1784 5647 Theoderici.
1808 5569 1917 5647 νει

293 5640 493 5703 autem
523 5643 689 5715 edit.,
718 5648 864 5713 Ergo
892 5645 1050 5700 scivit
1076 5640 1427 5714 deferendum
1456 5657 1569 5698 esse
1617 5640 1938 5697 mandatum

1364 5357 1553 5425 Gem.,
1583 5357 1714 5421 Th.,
1766 5358 1940 5413 voluit

2042 4637 2156 4690 est:
2191 4633 2250 4686 in
2283 4627 2538 4686 secundo
2570 4626 2852 4681 duntaxat
2893 4626 3066 4691 errat,
3116 4625 3181 4677 ut
3227 4620 3518 4677 edendum
3564 4619 3687 4673 viro

2042 4724 2223 4789 daret,
2265 4718 2420 4790 quod
2463 4716 2591 4786 jam
2657 4713 2786 4785 ipsa
2852 4714 3201 4785 gustaverat.
3256 4709 3450 4764 Primo
3502 4707 3691 4761 fuerat

2044 4808 2336 4881 cupiditas
2369 4809 2569 4860 auctor
2612 4802 2826 4857 erroris
2856 4805 2913 4856 et
2976 4800 3106 4871 ipsa
3170 4797 3383 4863 ederet,
3433 4808 3687 4864 sequen-

2043 4898 2237 4969 tisque
2266 4894 2377 4951 fuit
2407 4909 2586 4949 causa
2615 4890 2858 4963 peccati.
2893 4889 3055 4955 Quod
3127 4885 3282 4941 enim
3335 4885 3457 4953 jam
3488 4882 3687 4969 gusta:

2042 4966 2222 5049 verat,
2257 4983 2589 5039 desiderare
2618 4997 2733 5035 non
2797 4980 3052 5052 poterat:
3093 4979 3150 5030 et
3190 4969 3504 5044 gustando,
3550 4966 3691 5023 mali

2045 5075 2232 5129 fuerat
2262 5070 2565 5127 scientiam
2609 5071 2937 5124 consecuta.
3000 5061 3218 5119 Malum
3288 5057 3469 5130 igitur
3533 5056 3692 5128 quod

2048 5286 2186 5341 Mss.
2223 5284 2409 5348 Gem.,
2444 5280 2576 5347 Th.,
2610 5276 2734 5333 Div.
2761 5279 2825 5348 et
2864 5272 3089 5348 _Land.,
3120 5271 3258 5348 Ergo
3325 5268 3482 5324 scivit
3542 5265 3692 5337 defe-

2044 5355 2272 5412 rendum
2300 5341 2412 5410 esse
2442 5341 2724 5405 mandato.
2752 5345 2946 5411 Mich.,
2989 5341 3340 5398 deserendum
3402 5354 3528 5412 non,
3578 5351 3693 5412 esse

2045 5407 2387 5483 mandatum.
2420 5422 2679 5490 Denique
2708 5417 2847 5490 edit.
2882 5407 3072 5482 Rom.,
3103 5414 3239 5485 Ergo
3268 5413 3365 5485 qui
3392 5410 3556 5466 scivit
3589 5407 3689 5464 de-

2047 5498 2339 5573 ferendam
2368 5509 2479 5573 non
2507 5488 2617 5573 ess}:
2644 5488 2930 5542 mandato.
2999 5556 3012 5573 ν
3072 5572 3075 5573 ν
3514 5568 3527 5573 Α
3574 5549 3630 5573 _:

2120 5547 2529 5641 (é'elvvhibenter
2564 5560 2918 5641 legeremus,
2978 5556 3084 5613 duo
3140 5555 3527 5628 reliquorum;
3574 5547 3691 5607 nisi

2051 5630 2194 5696 mss.
2215 5630 2284 5693 et
2303 5635 2442 5704 edit,
2466 5630 2867 5687 reclamarent.
