4084 6188
406 282 521 354 307

1857 287 1924 352 s.
1968 286 2346 383 AMBROSII

3684 287 3812 357 308

408 427 751 505 adverterat,
782 425 843 482 in
874 424 1063 483 virum
1114 425 1374 483 derivare
1426 443 1539 481 non
1584 421 1802 491 debuit,
1857 442 2041 497 neque
2074 428 2124 491 Α
2156 430 2403 511 oportet,
2436 428 2636 484 utatur
2663 443 2675 483 :
2705 431 2762 484 et
2786 425 2917 485 ideo
2946 443 3062 483 non
3083 432 3173 484 est
3202 424 3455 500 cognitio
3484 424 3664 493 bona,
3689 425 3810 481 nisi

406 518 718 590 conjugem
748 517 1049 590 proprium
1082 516 1579 590 praevaricatorem
1631 517 1807 571 divini
1862 517 2047 570 facere

406 607 923 663 mandati.‘Sciens
988 608 1165 677 igitur
1218 608 1589 677 prudensquc
1657 606 1932 672 peccavit,
1992 610 2050 662 et

406 696 598 753 sciens
649 697 838 752 virum
889 698 947 751 in
986 714 1157 751 suum
1211 695 1385 750 traxit
1444 712 1718 751 errorem.
1775 695 2044 766 Alioquin

405 785 734 842 invenietur
760 786 941 841 falsus
964 803 1088 841 esse
1131 786 1201 839 de
1267 784 1425 855 ligno
1493 784 1747 840 scientiae
1797 784 1930 840 boni
1992 788 2050 838 et

407 875 548 931 mali
580 892 788 939 sermo,
821 875 868 929 si
902 875 1075 928 etiam
1144 879 1522 945 posteaquam
1594 875 1663 927 de
1732 890 1798 928 ea
1846 874 2049 928 arbore

408 962 800 1030 manducavit,
851 961 1153 1017 scientiam
1214 962 1350 1017 mali
1411 962 1622 1017 habere
1687 980 1801 1017 non
1861 961 2051 1033 potuit

409 1053 541 1122 (40).
576 1052 737 1114 Quod
771 1051 817 1104 si
852 1066 1023 1104 verus
1066 1054 1154 1105 est
1202 1068 1415 1115 sermo,
1466 1051 1800 1123 cupiditatis
1848 1051 2051 1122 utique

410 1155 647 1194 causam
682 1139 895 1194 habere
926 1156 1039 1194 non
1077 1139 1290 1210 potuit:
1327 1138 1459 1193 licet.
1498 1138 1758 1210 plerique
1827 1139 1913 1193 sic
1955 1155 2049 1193 ex-

408 1228 731 1284 cusandum
765 1232 989 1299 putent,
1023 1228 1177 1299 quod
1210 1227 1458 1298 diligens
1498 1228 1687 1281 virum
1739 1228 1810 1282 ab
1861 1244 1927 1282 eo
1978 1226 2049 1280 ti-

409 1316 624 1372 muerit
652 1317 930 1388 separari,
964 1321 1019 1371 et
1051 1317 1198 1371 hanc
1229 1333 1467 1371 causam
1519 1315 1853 1387 cupiditatis
1902 1332 2047 1386 prie-

406 1406 669 1473 tendant,
700 1406 852 1477 quod
889 1422 1016 1461 esse
1040 1405 1288 1460 voluerit
1318 1422 1447 1459 cum
1484 1405 1714 1459 marito.

1038 1513 1269 1568 CAPUT
1300 1512 1419 1567 VII.

406 1605 693 1673 Quceritur
718 1608 905 1658 utrum
936 1619 969 1656 α
996 1604 1118 1668 Deo,
1138 1603 1220 1657 vel
1250 1619 1284 1657 a
1314 1603 1481 1672 ligno,
1513 1603 1593 1656 vel
1622 1601 1843 1656 demum
1870 1601 2057 1673 aliun-

476 1675 543 1730 de
574 1691 719 1730 mors
749 1674 962 1730 homini
990 1674 1282 1728 acciderit:
1314 1679 1474 1744 atque
1503 1673 1728 1744 olijeclio
1757 1672 2054 1743 multiplici

476 1748 827 1817 responsione
855 1745 1107 1800 diluitur.

476 1853 565 1907 35.
599 1853 813 1907 Iterum
845 1852 961 1907 alia
991 1852 1234 1924 quaestio
1267 1850 1529 1922 subrepit
1564 1851 1718 1905 unde
1758 1866 1917 1906 mors
1961 1866 2050 1905 ac-

407 1941 611 1997 ciderit
638 1941 793 2006 Adae,
826 1946 1023 1995 utrum
1074 1957 1107 1995 a
1158 1944 1366 1995 natura
1413 1939 1555 2011 ligni
1606 1939 1921 2011 ejusmodi,
1974 1956 2049 1994 an

404 2046 540 2086 vero
570 2047 604 2085 a
633 2031 769 2085 Deo.
796 2029 852 2084 Si
884 2034 1106 2084 naturae
1131 2028 1274 2099 ligni
1317 2028 1425 2083 hoc
1474 2027 1843 2093 ascribimus,
1893 2028 2048 2084 vide-

406 2123 504 2174 tur
557 2118 702 2191 ligni
760 2120 940 2190 hujus
1005 2120 1225 2173 fructus
1283 2117 1610 2172 viviﬁcandi
1664 2116 2047 2172 insul‘ﬂationi

407 2207 508 2264 Dei
533 2212 805 2279 praestare
835 2226 847 2274 ;
874 2208 1163 2279 siquidem
1189 2224 1363 2279 quem
1386 2206 1773 2261 viviﬁcaverat
1793 2206 2053 2261 insufﬂa-

405 2295 507 2363 tio,
523 2296 937 2367 fructushujus
959 2294 1289 2367 lignitraxit
1308 2295 1375 2349 ad
1395 2298 1656 2348 mortem.
1677 2293 1852 2347 Autsi
1867 2293 2048 2348 Deum

407 2392 769 2459 operatorem
802 2386 1008 2440 mortis
1038 2399 1166 2439 esse
1197 2398 1609 2447 memoramus,
1643 2382 1846 2436 dicunt
1894 2382 2049 2452 quod

407 2476 642 2551 gemina
680 2492 813 2532 eum
862 2474 1132 2545 opinione
1182 2488 1559 2527 accusemus:
1610 2471 1765 2542 quod
1824 2475 1924 2525 aut
1970 2470 2051 2524 ita

406 2567 674 2631 immitis,
712 2569 775 2621 ut
804 2564 1054 2619 noluerit
1096 2562 1419 2633 ignoscere,
1466 2576 1599 2615 cum
1659 2563 1892 2630 posset;
1951 2564 2050 2614 aut

407 2657 455 2712 si
485 2656 782 2729 ignoscere
812 2670 927 2707 non
973 2649 1243 2723 potuerit,
1294 2649 1556 2704 videatur
1606 2648 1899 2703 inﬁrmus.
1946 2648 2047 2701 Vi-

406 2746 650 2802 deamus
679 2742 858 2816 igitur
895 2740 1184 2813 quomodo
1225 2738 1568 2792 diluendum
1620 2736 1717 2791 sit.
1767 2736 1891 2790 Nisi
1951 2734 2048 2790 fal-

405 2833 514 2902 lor,
543 2832 750 2888 mortis
781 2847 958 2885 causa
987 2826 1381 2883 inobedientia
1414 2826 1557 2891 fuit;
1592 2829 1649 2879 et
1697 2825 1824 2880 ideo
1873 2824 2046 2880 homo

404 2922 532 2995 ipse
555 2920 667 2976 sibi
698 2920 906 2974 mortis
936 2921 1025 2972 est
1055 2933 1253 2980 causa,
1284 2932 1399 2970 non
1432 2915 1656 2969 habens
1697 2914 1879 2967 Deum
1927 2929 2046 2967 sua:

407 3010 613 3067 mortis
643 3012 956 3064 auctorem.
990 3006 1187 3076 Neque
1218 3004 1372 3059 enim
1407 3002 1454 3058 si
1488 3002 1750 3057 medicus
1783 3001 2046 3074 praescri-

407 3101 527 3172 psit
555 3098 855 3171 aagrotanti
889 3113 923 3150 a
953 3095 1168 3167 quibus
1191 3094 1454 3147 videatur
1483 3091 1827 3158 cavendum,
1871 3095 2046 3161 atque

2081 1792 2129 1857 B

2156 532 2224 571 ea
2254 516 2438 573 utaris
2469 520 2537 572 ut
2565 520 2811 589 oportet.

2228 606 2315 660 37.
2356 608 2498 662 Item
2531 606 2822 678 accipere:
2856 607 2981 661 Non
3014 606 3233 662 frustra
3269 605 3497 679 lignum
3547 608 3808 662 scientia

2156 694 2291 749 boni
2324 701 2381 750 et
2430 695 2567 751 mali
2618 696 2965 767 productum
3016 701 3105 751 est
3144 696 3203 751 in
3254 695 3446 751 medio
3490 696 3805 768 paradiso:

2158 787 2214 838 et
2244 785 2293 838 si
2332 784 2660 856 cuicunque
2709 784 2933 838 homini
2975 785 3325 856 productum
3375 789 3549 849 esset,
3599 801 3812 856 super-

2158 872 2276 927 ﬂua
2307 873 2658 928 interdictio.
2693 873 2801 928 Sed
2836 889 3024 945 neque
3069 874 3283 928 frustra
3311 874 3528 928 factum
3556 877 3665 941 est,
3708 889 3813 928 ne-

2160 977 2273 1032 que
2299 960 2419 1026 alii,
2461 962 2572 1016 nisi
2621 961 2842 1016 homini
2896 962 3112 1017 factum
3156 966 3262 1027 est,
3316 962 3415 1034 qui
3459 962 3809 1018 mandatum

2159 1051 2412 1121 accepit;
2448 1057 2513 1104 ut
2543 1068 2656 1105 non
2691 1050 2813 1105 solo
2844 1068 2931 1116 eo,
2974 1051 3073 1106 sed
3121 1067 3187 1107 eo
3231 1068 3366 1107 cum
3410 1052 3631 1107 caeteris
3681 1056 3812 1107 ute-

2160 1142 2340 1193 retur.
2374 1140 2517 1193 Nam
2549 1139 2597 1193 si
2624 1139 2809 1195 multa
2846 1140 3152 1206 discutias,
3202 1140 3503 1213 complura
3554 1142 3812 1214 reperies

2160 1232 2217 1282 et
2246 1226 2416 1299 plane
2444 1229 2773 1297 innumera,
2806 1246 2932 1301 quae
2964 1229 3013 1284 ei
3037 1229 3136 1301 qui
3170 1230 3252 1284 uti
3287 1230 3531 1301 nesciat,
3577 1232 3812 1301 possint

2161 1332 2386 1371 nocere.
2438 1317 2552 1372 Nec
2603 1318 2761 1388 ipsas
2827 1317 3056 1372 divitias
3124 1317 3381 1374 invenies
3451 1319 3807 1387 fructuosas,

2162 1403 2209 1459 si
2242 1404 2468 1460 habens
2497 1405 2655 1461 dives
2687 1406 2953 1461 subsidia
2985 1406 3291 1478 largitatis,
3323 1413 3495 1480 neget
3525 1407 3813 1464 alimenta

2162 1494 2538 1565 pauperibus,
2571 1493 2840 1549 excludat
2868 1494 3101 1567 inopem
3134 1495 3396 1551 subsidio
3436 1496 3809 1565 destitutum,

2163 1581 2351 1637 aliena
2399 1586 2756 1655 extorqueat,
2805 1584 2943 1655 quia
2984 1582 3255 1655 praevalet
3297 1588 3601 1655 potestate.
3671 1585 3811 1642 Pul-

2163 1670 2430 1727 chritudo
2461 1672 2590 1744 ipsa
2618 1675 2674 1727 et
2695 1672 2914 1745 gratior
2942 1671 3201 1744 corporis
3247 1672 3435 1728 forma
3478 1674 3815 1747 frequenter

2164 1760 2220 1814 in
2251 1759 2478 1827 vitium,
2515 1766 2690 1832 quam
2731 1760 3071 1817 deformitas
3110 1760 3289 1817 trahit
3330 1761 3463 1834 (43).
3506 1762 3810 1837 Numquid

2159 1848 2340 1921 igitur
2390 1849 2703 1921 quisquam
2769 1848 3146 1905 deformiores
3211 1866 3389 1923 quam
3443 1850 3812 1924 pulchriores

2159 1937 2311 1993 ﬁlios
2348 1938 2563 1994 habere
2620 1938 2933 2006 desiderat,
2977 1944 3034 1995 et
3085 1939 3290 2012 inopes
3356 1939 3552 2014 potius
3589 1940 3810 1999 liberos

2160 2042 2300 2081 suos
2332 2026 2493 2099 cupit
2522 2044 2669 2095 esse,
2704 2044 2880 2100 quam
2916 2028 3123 2083 divites
3145 2028 3172 2083 ?
3201 2027 3373 2084 Plura
3411 2034 3548 2085 sunt
3595 2030 3809 2102 hujus-

2161 2115 2316 2170 modi
2360 2133 2487 2188 quas
2527 2133 2640 2171 non
2688 2118 2761 2171 ad
2806 2117 3260 2189 imprudentiam
3308 2116 3610 2190 largientis
3660 2119 3811 2175 refe-

2160 2204 2341 2258 renda
2370 2208 2530 2272 sunt,
2564 2206 2663 2261 sed
2696 2205 2768 2260 ad
2802 2206 2951 2262 male
2983 2206 3201 2262 utentis
3242 2223 3519 2263 errorem.
3567 2208 3636 2263 Et
3677 2208 3811 2264 ideo

2160 2296 2418 2349 utentem
2450 2296 2843 2351 accusandum
2864 2294 3060 2368 potius
3091 2312 3263 2368 quam
3297 2296 3633 2352 donantem.

2771 2401 3002 2457 CAPUT
3049 2402 3188 2458 VIII.

2158 2490 2456 2546 Solvuntur
2483 2491 2808 2564 questiones
2836 2490 2901 2546 de
2922 2492 3267 2564 pra’scientia
3316 2492 3415 2547 Dei
3458 2492 3609 2548 circa
3662 2511 3812 2564 pra:-

2228 2564 2585 2617 varicationes
2611 2563 2759 2629 Adw,
2791 2566 2840 2617 et
2870 2564 3183 2633 opinionem
3212 2563 3341 2618 boni
3366 2567 3419 2619 et
3446 2564 3587 2619 mali
3612 2563 3815 2620 hama-

2228 2637 2318 2688 nis
2347 2636 2620 2688 mentibus
2650 2634 2914 2689 divinitus
2946 2636 3287 2705 impressam.

2228 2741 2316 2795 38.
2351 2742 2563 2795 Iterum
2584 2740 2854 2812 quaestio:
2872 2740 3102 2795 Sciebat
3128 2739 3813 2812 praevaricaturumDeus

2154 2829 2339 2883 Adam
2366 2832 2639 2883 mandata
2669 2845 2796 2897 sua,
2816 2845 2889 2883 an
2919 2828 3252 2884 nesciebat?
3269 2828 3327 2884 Si
3350 2829 3669 2897 nesciebat,
3689 2848 3808 2888 non

2155 2921 2243 2972 est
2265 2919 2374 2973 ista
2403 2916 2608 2972 divinae
2629 2917 2938 2989 potestatis
2960 2917 3233 2973 assertio:
3260 2918 3308 2972 si
3341 2922 3537 2974 autem
3562 2920 3809 2990 sciebat,

2155 3011 2213 3063 et
2260 3006 2646 3062 nihilominus
2694 3007 2884 3062 sciens
2930 3005 3278 3079 negligenda
3323 3008 3641 3074 mandavit,
3686 3026 3807 3065 non

2158 3100 2248 3152 est
2274 3095 2371 3150 Dei
2405 3095 2622 3166 aliquid
2657 3095 3019 3167 superﬂuum
3052 3096 3381 3167 praecipere.
3424 3096 3804 3169 Superﬂuum

406 3160 505 3245 ille
527 3160 1099 3244 abvinterdictis-non
1132 3181 1417 3255 putaverit
1442 3180 1877 3245 abstinendum,
1914 3160 2048 3232 cau-
2079 3160 2121 3225 (ἶ
2160 3189 2353 3240 autem
2388 3160 2658 3255 prae-cepit
2688 3160 3069 3256 protoplasto-
3094 3182 3177 3238 illi
3228 3160 3396 3253 Adae,
3464 3160 3617 3256 quod
3667 3203 3805 3242 eum

408 3295 476 3335 sa
513 3278 563 3332 ei
608 3275 820 3331 mortis
877 3278 966 3330 est
1013 3271 1309 3327 medicus:
1362 3271 1463 3325 sed
1509 3269 1711 3340 utique
1760 3269 1882 3339 ipse
1936 3265 2049 3321 sibi

406 3384 545 3423 reus
576 3364 783 3421 mortis
814 3368 901 3418 est
933 3361 1197 3434 propriis.
1232 3362 1430 3430 Itaque
1460 3358 1612 3413 Deus
1642 3356 1811 3428 quasi
1858 3356 2047 3410 bonus

406 3454 675 3510 medicus
704 3450 1003 3523 prohibuit
1032 3466 1103 3504 ne
1135 3449 1313 3503 Adam
1348 3447 1653 3502 nociturna
1682 3448 1963 3517 gustaret.

477 3545 568 3599 36.
613 3543 828 3596 Iterum
873 3538 1095 3608 accipe:
1165 3536 1320 3593 Scire
1387 3537 1605 3590 bonum
1674 3533 1893 3588 melius
1932 3535 2041 3597 est,

406 3648 584 3704 quam
617 3629 872 3685 nescire:
902 3632 958 3683 et
987 3628 1038 3682 ei
1079 3625 1177 3698 qui
1245 3626 1463 3680 bonum
1531 3623 1695 3687 sciat,
1729 3622 2039 3694 pulchrum

403 3725 492 3779 est
520 3720 668 3776 scire
699 3718 853 3790 quod
886 3718 1104 3772 malum
1138 3719 1244 3783 est,
1281 3719 1343 3768 ut
1409 3713 1553 3769 sciat
1622 3728 1820 3766 cavere
1885 3710 2040 3782 quod

402 3809 625 3866 malum
654 3812 761 3876 est,
793 3810 851 3863 et
877 3810 940 3861 ut
970 3805 1226 3878 prudens
1254 3803 1461 3858 subeat
1491 3799 1769 3856 custodiae
1818 3800 2040 3854 cautio-

398 3916 531 3955 nem
565 3898 697 3969 (41).
731 3897 955 3951 Rursus
987 3899 1181 3949 autem
1215 3909 1327 3946 non
1363 3890 1507 3944 satis
1555 3892 1644 3943 est
1690 3888 1798 3943 hoc
1848 3887 2035 3942 solum

394 3989 551 4045 160
582 3987 731 4043 scire
800 3985 953 4056 quod
1023 3981 1243 4038 malum
1312 3985 1434 4046 est;
1505 3994 1576 4032 ne
1642 3993 1775 4031 cum
1814 3975 2036 4030 malum

393 4078 568 4145 scias,
602 4074 844 4132 scientia
872 4072 1009 4128 boni
1040 4070 1287 4141 incipias
1330 4065 1681 4122 delraudari.
1730 4063 2035 4119 Pulchrius

391 4171 480 4223 est
509 4164 691 4238 igitur
723 4167 786 4217 ut
824 4165 1140 4231 utrumque
1176 4156 1477 4220 norimus;
1526 4158 1590 4208 ut
1636 4156 1693 4207 et
1739 4151 1877 4223 quia
1923 4151 2031 4207 sci-

391 4271 525 4309 mus
553 4253 796 4317 bonum,
832 4249 1126 4321 fugiamus
1155 4245 1308 4317 quod
1342 4243 1562 4298 malum
1594 4246 1718 4307 est;
1754 4244 1809 4296 et
1852 4258 1917 4295 ex
1966 4256 2032 4295 eo

389 4343 545 4414 quod
574 4339 983 4412 cognoscimus
1014 4336 1256 4401 malum,
1291 4333 1423 4388 boni
1473 4330 1716 4403 gratiam
1767 4330 2030 4401 praefera-

391 4445 545 4484 mus.
578 4428 690 4483 Sed
720 4428 801 4482 ita
829 4428 1005 4482 debes
1036 4428 1351 4495 utrumque
1383 4421 1550 4487 scire,
1584 4424 1647 4474 ut
1686 4422 1743 4473 et
1791 4419 2027 4491 profun-

2158 3276 2393 3327 noverat
2423 3272 2665 3327 minime
2696 3275 3098 3326 servaturum:
3170 3271 3316 3327 nihil
3383 3276 3578 3328 autem
3649 3275 3806 3331 Deus

2156 3362 2515 3432 superﬂuum
2550 3360 2724 3425 facit;
2757 3376 2892 3431 ergo
2932 3376 3045 3415 non
3092 3364 3181 3416 est
3217 3361 3517 3433 Scriptura
3553 3378 3622 3417 ex
3653 3362 3794 3419 Deo.

2156 3450 2272 3505 Hoc
2303 3449 2458 3505 enim
2488 3448 2795 3519 objiciunt,
2828 3449 2926 3520 qui
2953 3448 3134 3504 Vetus
3186 3467 3302 3505 non
3353 3450 3645 3522 recipiunt
3686 3452 3799 3509 Te-

2153 3542 2533 3604 stamentum,
2564 3544 2621 3592 et
2648 3538 2756 3593 has
2789 3538 3145 3593 interserunt
3173 3538 3546 3609 quaestiones.
3578 3543 3802 3596 Verum

2152 3628 2210 3683 hi
2244 3645 2350 3682 sua
2379 3626 2666 3682 sententia
2704 3631 2760 3682 et
2804 3624 3076 3698 opinione
3125 3627 3390 3683 vincendi
3456 3632 3613 3683 sunt.
3647 3628 3799 3685 Cum

2151 3717 2306 3771 enim
2338 3715 2477 3771 Novi
2508 3715 2863 3770 Testamenti
2896 3731 3013 3770 non
3045 3715 3303 3771 refutant
3349 3716 3547 3782 fidem,
3596 3732 3799 3772 exem-

2148 3805 2243 3877 plo
2274 3809 2415 3860 sunt
2459 3803 2759 3876 arguendi,
2811 3806 2876 3857 ut
2925 3802 3109 3858 Vetus
3174 3804 3440 3859 credant:
3510 3805 3791 3876 quoniam

2147 3910 2282 3949 cum
2315 3893 2425 3948 sibi
2474 3892 2671 3947 divina
2735 3895 3023 3964 praecepta
3086 3895 3145 3947 et
3213 3892 3362 3947 facta
3420 3894 3795 3959 conveniant,

2148 3982 2325 4037 unius
2356 3980 2611 4036 auctoris
2632 3981 3072 4036 Testamentum
3104 3983 3418 4051 utrumque
3448 3979 3634 4053 liquet
3662 3998 3798 4039 esse

2145 4070 2521 4125 credendum.
2556 4069 2794 4124 Discant
2843 4068 3022 4141 igitur
3066 4085 3180 4124 non
3230 4069 3617 4141 superﬂuum,
3672 4087 3793 4127 non

2143 4159 2428 4229 injustum
2463 4158 2635 4212 etiam
2680 4157 3125 4229 praevaricatum
3190 4156 3593 4230 praescriptum
3660 4176 3793 4216 esse

2143 4249 2508 4303 mandatum.
2540 4246 2682 4301 Nam
2717 4251 2773 4301 et
2801 4246 2924 4318 ipse
2955 4245 3241 4302 Dominus
3271 4246 3447 4303 Jesus
3485 4246 3659 4320 elegit
3691 4248 3795 4304 Ju-

2139 4336 2298 4402 dam,
2323 4352 2494 4407 quem
2527 4334 2877 4406 proditorem
2910 4334 3147 4390 sciebat.
3182 4334 3365 4401 Quem"
3395 4334 3443 4390 si
3496 4351 3598 4407 per
3639 4336 3780 4392 IBI

2138 4424 2591 4495 imprudentiam
2646 4422 2894 4478 electum
2946 4426 3179 4494 putant,
3237 4423 3445 4478 divina:
3506 4424 3794 4497 derogant

388 4518 460 4573 de
491 4516 739 4581 noveris,
779 4520 836 4570 et
865 4516 1020 4586 quod
1065 4512 1292 4567 noveris
1336 4509 1694 4581 exsequaris,
1746 4513 2028 4579 actusque
2059 4527 2106 4590 Β
2139 4512 2429 4584 potestati.
2455 4511 2564 4567 Sed
2624 4511 2732 4566 hoc
2775 4511 3063 4567 aestimare
3131 4528 3245 4567 non
3313 4516 3580 4583 possunt,
3650 4530 3791 4570 cum

386 4604 641 4662 scientiis
676 4607 976 4674 congruat.
1030 4601 1300 4671 Alioquin
1367 4596 1817 4654 tolerabiliorem
1876 4596 2027 4651 Scri-

2144 4600 2445 4673 Scriptura
2478 4600 2634 4655 dicat
2665 4616 2677 4653 :
2713 4598 2860 4665 Quia
2886 4600 3090 4654 sciebat
3117 4600 3268 4656 Iesus
3317 4601 3438 4672 quis
3485 4616 3610 4656 eum
3653 4618 3790 4673 pro-

382 4698 557 4767 ptura
584 4690 804 4746 indicat
868 4706 1022 4756 eum,
1057 4689 1156 4760 qui
1224 4693 1538 4758 utrumque
1579 4684 1816 4745 nesciat,
1851 4700 2024 4756 quam

383 4782 483 4855 qui
514 4779 905 4855 perfunctorie
938 4781 1252 4848 utrumque
1289 4775 1556 4847 cognovit
1596 4775 1743 4845 (Luc.
1785 4790 1885 4837 xu,
1937 4775 2025 4836 47,

379 4872 490 4943 48).
533 4871 745 4927 Gravat
783 4868 937 4925 enim
971 4867 1138 4933 scire,
1190 4865 1342 4937 quod
1396 4863 1481 4919 vel
1526 4863 1760 4934 exsequi
1810 4861 1897 4915 vel
1941 4861 2023 4916 vi-

329 5013 339 5022 ,
376 4964 500 5015 tare
530 4976 645 5016 non
678 4958 871 5031 possis
902 4958 1054 5028 (A2);
1087 4958 1287 5027 gravat
1320 4953 1466 5009 scire
1515 4952 1641 5007 sine
1688 4968 1797 5005 usu
1849 4954 2023 5021 atque

376 5065 548 5120 opere
575 5046 923 5121 cognitionis
955 5044 1273 5118 profundae.
1308 5042 1571 5112 Denique
1601 5041 1766 5095 obest
1806 5040 1873 5094 ad
1908 5040 2022 5093 exi-

374 5137 767 5193 stimationem
801 5136 1025 5191 medico
1052 5132 1200 5189 scire
1230 5132 1368 5203 quid
1410 5130 1612 5202 prosit,
1645 5136 1700 5183 et
1731 5129 1871 5199 quid
1913 5146 2017 5182 no-

373 5229 501 5279 ceat
564 5241 753 5297 aagro:
824 5224 937 5280 nisi
994 5220 1323 5296 cognitione
1389 5237 1456 5275 ea
1516 5217 2013 5289 quemadmodum

2138 4689 2357 4744 diturus
2385 4691 2517 4743 esset
2549 4689 2723 4758 (Joan.
2751 4703 2826 4752 v1,
2861 4687 2975 4757 65).
3018 4688 3421 4744 Conticescant
3469 4688 3650 4760 igitur
3697 4708 3791 4746 re-

2139 4782 2490 4850 pugnatores
2520 4776 2617 4831 isti
2644 4775 2871 4832 Veteris
2900 4776 3278 4832 Testamenti.

2208 4867 2295 4921 39.
2332 4866 2439 4921 Sed
2476 4864 2753 4937 quoniam
2787 4863 2960 4919 etiam
2993 4864 3332 4937 gentilibus,
3363 4865 3413 4921 si
3435 4865 3580 4921 forte
3625 4865 3788 4921 istud

2134 4954 2496 5025 objecerint,
2567 4953 3037 5024 respondendum
3103 4953 3353 5020 videtur,
3424 4952 3524 5025 qui
3589 4970 3787 5010 exem-

2133 5044 2293 5116 plum
2327 5060 2442 5098 non
2474 5040 2785 5113 recipiunt,
2837 5041 3120 5097 rationem
3164 5040 3442 5113 exigunt:
3493 5041 3794 5115 accipiant

2129 5134 2303 5188 etiam
2337 5131 2447 5202 ipsi
2492 5148 2610 5202 qua
2659 5131 2881 5185 ratione
2929 5129 3028 5184 Dei
3082 5130 3263 5185 Filius
3310 5130 3398 5186 vel
3440 5131 3790 5203 praevarica-

2128 5227 2259 5277 turo
2283 5219 2664 5284 mandaverit,
2698 5217 2785 5273 vel
2818 5216 3059 5289 elegerit
3090 5218 3481 5290 proditurum.
3531 5218 3792 5277 Venerat

588 5392 725 5448 Mss.
752 5393 889 5459 duo,
919 5393 1205 5447 seientiam
1237 5391 1362 5447 boni
1388 5396 1439 5446 et
1476 5390 1615 5444 mali
1660 5387 1857 5443 habere
1902 5402 2011 5441 non

364 5467 850 5621 fgitiugom.‘edit.
884 5550 894 5588 :
930 5538 990 5589 ut
1013 5536 1145 5589 sciat
1175 5551 1406 5605 pravum
1433 5532 1626 5597 vitare,
1680 5532 1729 5583 et
1771 5528 2008 5600 prudens

356 5604 551 5681 jubeat
578 5604 840 5660 custodia.

2195 5392 2315 5462 (52)
2346 5390 2429 5445 Ita
2472 5405 2616 5462 mss.
2668 5391 2723 5462 et
2768 5386 2906 5453 edit,
2952 5386 3135 5462 antiq.
3187 5402 3399 5462 magno
3466 5403 3781 5445 consensu.

2120 5459 2390 5519 At‘Rom.
2427 5460 2565 5515 edit.
2594 5476 2605 5514 :
2638 5461 2812 5532 vitare
2842 5474 2951 5532 non
2979 5459 3137 5532 velis,
3168 5461 3361 5532 etnon
3384 5461 3581 5532 possis.

2192 5534 2304 5605 (43)
2332 5533 2495 5589 Rom.
2524 5533 2674 5595 cod.,
2706 5531 2766 5585 in
2790 5531 2987 5585 vitium
3010 5528 3594 5600 deformitatis'trahit.
