4084 6188
214 357 329 423 309

1497 353 1729 420 LIBER
1772 355 1875 419 DE
1922 355 2332 421 PARADISO.

3496 350 3615 419 310

215 492 501 551 Dominus
546 490 720 551 Jesus
774 507 978 551 omnes
1019 488 1209 551 salvos
1260 492 1445 551 facere
1503 502 1855 566 peccatores,
1888 491 1941 557 Α
1970 497 2190 553 sentias
2220 514 2233 563 ;
2267 495 2316 552 si
2350 497 2545 551 autem
2576 489 2790 550 dixeris
2821 492 2960 566 quia
2989 491 3178 552 sciens
3203 493 3358 552 Deus
3405 509 3612 567 pecca-

213 585 387 643 etiam
419 584 577 641 circa
606 583 820 657 impios
850 585 1155 642 ostendere
1185 603 1351 642 suam
1402 586 1605 643 debuit
1649 585 1857 641 volun-

211 678 413 732 tatem.
446 675 520 730 Et
548 674 679 731 ideo
709 690 815 730 nec
866 675 1232 748 proditurum
1284 677 1486 732 debuit
1525 674 1855 747 praeterire;

211 769 275 821 ut
329 763 703 820 adverterent
753 781 977 832 omnes,
1031 765 1285 837 quodin
1339 765 1620 821 electione
1680 764 1858 820 etiam

216 852 534 926 proditoris
564 853 656 909 sui
688 854 1107 910 servandorum
1140 855 1404 910 omnium
1438 855 1667 927 insigne
1716 871 1859 926 prae-

215 943 421 1012 tendit,
455 959 563 999 nec
594 943 652 997 in
684 960 751 999 eo
779 942 950 1000 lassus
980 948 1070 1000 est
1118 943 1203 999 vel
1257 945 1462 1011 Adam,
1514 945 1654 1015 quia
1702 960 1863 998 man-

218 1032 420 1089 datum
454 1031 695 1104 accepit,
737 1031 826 1088 vel
875 1033 1081 1099 Judas,
1129 1034 1269 1106 quia
1315 1033 1533 1089 electus
1581 1037 1684 1088 est.
1734 1033 1862 1088 Non

218 1120 372 1178 enim
423 1121 834 1178 necessitatem
887 1123 1035 1178 Deus
1080 1122 1166 1177 vel
1216 1122 1300 1177 illi
1350 1122 1862 1195 praevaricationis,

217 1210 303 1266 vel
355 1208 496 1265 huic
546 1209 892 1282 proditionis
941 1212 1242 1284 imposuit,
1294 1213 1433 1283 quia
1489 1216 1752 1285 uterque,
1813 1212 1866 1266 si

219 1304 371 1372 quod
423 1303 730 1371 acceperat
774 1302 1146 1368 custodisset,
1197 1319 1230 1356 a
1287 1306 1522 1373 peccato
1572 1302 1867 1357 abstinere

221 1387 531 1461 potuisset.
567 1387 825 1460 Denique
857 1406 961 1444 nec
1007 1389 1241 1445 Judaeos
1288 1406 1493 1446 omnes
1543 1390 1866 1445 credituros

224 1476 466 1543 sciebat,
499 1480 556 1532 et
585 1480 782 1532 tamen
813 1476 934 1533 ait:
966 1479 1082 1534 Non
1118 1481 1245 1534 veni
1294 1480 1409 1533 nisi
1457 1480 1526 1533 ad
1573 1495 1692 1534 oves
1738 1495 1867 1546 per-

223 1565 359 1622 ditas
402 1565 597 1621 domus
641 1566 816 1621 Israel
855 1568 1068 1635 (Matth.
1118 1585 1211 1635 xv,
1266 1568 1385 1639 24).
1437 1569 1585 1639 Ergo
1634 1584 1749 1623 non
1808 1567 1867 1621 in

228 1654 497 1710 mandate
545 1654 720 1727 culpa
764 1658 873 1723 est,
927 1657 1028 1711 sed
1078 1656 1139 1711 in
1197 1657 1609 1728 praevaricaute
1667 1673 1868 1729 pecca-

224 1746 347 1799 tum
379 1746 490 1799 est.
520 1744 588 1798 Et
634 1745 789 1816 quod
841 1744 899 1800 in
950 1746 1064 1801 Deo
1111 1745 1240 1810 fuit,
1286 1747 1541 1802 ostendit
1594 1746 1872 1802 omnibus

1967 592 2169 642 turum
2200 585 2519 652 hominem,
2570 601 2913 643 communes
2963 589 3158 642 tamen
3207 584 3510 659 opiniones
3559 581 3612 639 ei

1969 675 2104 732 boui
2131 680 2186 732 et
2208 674 2345 730 mali
2371 675 2687 748 impressit;
2718 680 2779 731 ut
2802 680 3036 749 propter
3056 675 3469 731 admistionem
3493 689 3612 729 ma-

1972 764 2159 821 lorum
2191 766 2318 820 vitae
2354 764 2799 836 perpetuitatem
2833 782 3058 821 servare
3078 783 3194 822 non
3218 767 3434 837 posset,
3464 763 3619 819 sicut

1970 853 2030 909 in
2062 853 2159 909 illo
2192 871 2305 909 non
2340 871 2663 926 praesagum
2699 854 2899 921 futuri,
2933 855 3014 909 ita
3044 855 3100 909 in
3125 855 3235 909 hoc
3258 870 3372 909 non
3396 853 3617 909 bonum

1972 943 2155 998 Deum
2190 943 2519 1015 significare
2549 944 2818 998 videaris.
2847 946 3034 1016 Atque
3055 943 3191 998 hinc
3211 945 3624 1016 argumentan-

1972 1036 2069 1087 tur
2097 1035 2235 1103 quia
2266 1050 2379 1087 non
2430 1037 2518 1088 est
2566 1037 2831 1088 creatura
2876 1032 3133 1087 hominis
3182 1050 3217 1087 a
3275 1036 3386 1087 Deo
3443 1032 3616 1087 facta.

1972 1121 2115 1176 Nam
2151 1122 2303 1176 sicut
2333 1139 2513 1193 supra
2543 1122 2905 1177 ostendimus
2937 1138 3035 1177 eos
3065 1121 3256 1177 dicere
3301 1119 3455 1193 quod
3508 1135 3621 1173 non

1976 1214 2064 1265 est
2095 1212 2434 1266 mandatum
2470 1211 2592 1278 Dei,
2639 1212 2722 1267 sic
2778 1215 2835 1266 et
2882 1212 2975 1266 hic
3024 1211 3260 1265 dicunt:
3312 1210 3439 1265 Non
3484 1225 3619 1281 ergo

1976 1304 2242 1355 creatura
2271 1300 2529 1356 hominis
2569 1318 2602 1355 a
2649 1301 2787 1369 Deo,
2833 1300 2973 1372 quia
3032 1301 3185 1356 Deus
3235 1299 3456 1355 malum
3505 1316 3618 1355 non

1978 1388 2132 1443 fecit.
2168 1389 2351 1444 Homo
2383 1394 2577 1445 autem
2611 1390 2945 1461 Opinionem
2978 1389 3198 1461 accepit
3229 1388 3391 1456 mali,
3426 1388 3566 1444 dum
3591 1405 3624 1443 a

1980 1476 2151 1532 malis
2208 1478 2541 1549 prmcipitur
2596 1477 2908 1534 abstinere.
2966 1478 3084 1532 Hoc
3150 1481 3347 1533 autem
3416 1492 3624 1550 genere

1980 1565 2161 1621 alium
2201 1568 2421 1622 bonum
2467 1568 2672 1634 Deum,
2715 1566 2896 1622 alium
2951 1570 3314 1639 operatorem
3365 1566 3624 1623 hominis

1981 1660 2268 1711 conantur
2296 1656 2813 1721 asserere.Quibus
2845 1657 3320 1729 respondendum
3351 1661 3442 1711 est
3470 1655 3625 1712 illico

1983 1745 2308 1800 secundum
2369 1745 2702 1817 opinionem
2762 1763 2952 1802 suam.
3012 1745 3070 1799 Si
3127 1746 3283 1801 enim
3330 1746 3626 1801 hominem

221 1832 380 1904 quod
413 1846 621 1888 omnes
641 1831 826 1889 voluit
854 1832 1120 1891 liberare.
1152 1835 1267 1890 Nec
1309 1840 1505 1891 tamen
1556 1835 1685 1891 dico
1736 1836 1872 1907 quia
1905 1867 1953 1931 B
1984 1832 2192 1889 nolunt
2222 1852 2255 1889 a
2285 1834 2400 1890 Deo
2432 1834 2672 1903 factum,
2709 1835 2840 1906 quin
2877 1838 3144 1905 peccator
3190 1837 3280 1889 est
3328 1834 3528 1900 homo,
3575 1837 3632 1889 et

221 1921 762 1994 praevaricationem
831 1924 1130 1980 nesciebat
1202 1925 1483 1993 futuram,
1552 1924 1691 1998 imo.
1739 1924 1876 1996 quia

223 2009 453 2066 sciebat
479 2026 717 2067 assero:
753 2011 852 2067 sed
885 2029 1001 2067 non
1039 2013 1168 2069 ideo
1217 2014 1514 2084 pereuntis
1563 2014 1876 2085 proditoris

222 2098 510 2155 invidiam
563 2098 624 2157 in
675 2117 737 2156 se
782 2101 985 2157 debuit
1032 2103 1316 2171 derivare,
1375 2107 1442 2159 ut
1487 2103 1878 2159 ascriberetur

226 2186 368 2253 Dea,
401 2189 557 2260 quod
589 2192 835 2262 uterque
870 2190 946 2246 sit
983 2190 1205 2263 lapsus.
1252 2193 1417 2248 Nunc
1470 2196 1665 2248 autem
1716 2197 1873 2247 uter-

225 2293 347 2349 que
373 2278 766 2350 redarguitur,
801 2284 973 2352 atque
999 2281 1464 2347 reconvincitur;
1499 2281 1638 2353 quia
1683 2286 1740 2337 et
1778 2280 1875 2337 ille

226 2367 577 2423 mandatum
609 2384 682 2424 ne
714 2367 1009 2425 laberetur
1056 2371 1297 2443 accepit,
1346 2376 1403 2426 et
1446 2370 1541 2426 hic
1586 2371 1761 2426 etiam
1815 2370 1874 2425 in

228 2456 599 2528 apostolatus
645 2474 864 2514 munus
914 2460 1176 2515 adscitus
1222 2465 1328 2526 est,
1387 2466 1448 2514 ut
1479 2459 1562 2515 vel
1597 2458 1875 2515 beneﬁcio

218 2544 331 2601 Dei
381 2550 750 2601 revocaretur
795 2563 829 2601 a
883 2548 1233 2619 proditionis
1283 2549 1531 2605 affectu:
1587 2546 1763 2604 simul
1811 2552 1877 2603 ut

212 2633 367 2689 dum
427 2633 523 2689 alii
585 2635 981 2702 revincuntur,
1037 2637 1340 2708 prodesset
1394 2637 1689 2693 omnibus.
1749 2637 1872 2691 Non

216 2722 383 2779 enim
440 2724 788 2780 consisteret
845 2730 1170 2796 peccatum,
1245 2726 1294 2781 si
1362 2726 1690 2781 interdictio
1757 2743 1871 2781 non

215 2811 454 2868 fuisset.
486 2812 610 2868 Non
645 2813 1001 2870 consistente
1057 2819 1252 2871 autem
1304 2819 1558 2887 peccato,
1609 2832 1724 2870 non
1779 2833 1873 2869 su-

212 2900 351 2955 lum
382 2900 627 2963 malitia,
661 2903 761 2957 sed
796 2903 969 2958 etiam
1003 2903 1189 2959 virtus
1229 2904 1475 2960 fortasse
1523 2921 1639 2959 non
1682 2908 1870 2959 esset:

218 3006 358 3063 qua
385 2988 496 3044 nisi
528 2989 729 3063 aliqua
760 2990 990 3046 malitiae
1022 2991 1274 3048 fuissent
1304 2993 1549 3056 semina,
1598 2991 1685 3047 vel
1735 2992 1873 3047 sub-

218 3077 443 3133 sistere
495 3076 583 3133 vel
641 3079 895 3134 eminere
943 3097 1059 3134 non
1112 3084 1328 3152 posset.
1379 3080 1525 3144 Quid
1587 3084 1676 3136 est
1715 3079 1871 3135 enim

217 3169 557 3239 peccatum,
591 3166 704 3221 nisi
738 3168 1130 3237 praevaricatio
1173 3167 1317 3241 legis
1375 3168 1601 3237 divinae,
1661 3174 1718 3224 et
1766 3185 1873 3223 coa-

1987 1921 2095 1977 hoc
2127 1924 2447 1996 refugiunt,
2480 1941 2551 1979 ne
2583 1925 2772 1980 bonus
2807 1925 2959 1980 Deus
3013 1928 3374 1997 peccatorem
3422 1922 3630 1979 fecisse

1985 2011 2270 2077 videatur,
2301 2012 2440 2084 quia
2471 2030 2585 2068 non
2619 2018 2826 2085 putant
2850 2014 3068 2069 bonum
3111 2012 3211 2084 qui
3255 2011 3455 2067 fecerit
3498 2027 3633 2083 pec-

1988 2105 2282 2169 catorem;
2340 2102 2539 2158 dicant
2593 2107 2791 2157 utrum
2849 2107 3208 2175 operatorem
3278 2100 3537 2156 hominis
3598 2117 3633 2157 a

1988 2191 2104 2246 Deo
2135 2190 2352 2246 factum
2393 2195 2616 2263 putent.
2645 2192 2704 2246 Si
2734 2192 2890 2247 enim
2924 2209 2956 2247 a
2999 2192 3114 2247 Deo
3164 2191 3352 2246 factus
3381 2194 3471 2245 est
3511 2189 3628 2258 ille,

1987 2284 2053 2334 ut
2083 2279 2306 2346 dicunt,
2329 2285 2597 2352 operator
2624 2281 2901 2347 hominis,
2935 2281 3228 2353 quomodo
3259 2280 3448 2335 bonus
3478 2279 3631 2335 Deus

1985 2372 2346 2439 operatorem
2394 2369 2532 2423 mali
2581 2369 2764 2425 fecit?
2798 2370 3011 2449 Utique
3059 2386 3175 2424 non
3235 2369 3448 2435 bonus,
3494 2384 3631 2423 nam

1986 2457 2087 2528 qui
2169 2462 2531 2528 peccatorem
2603 2458 2742 2513 facit
2808 2476 2923 2513 non
2999 2458 3229 2526 bonus;
3302 2457 3630 2513 cavendum

1987 2561 2059 2600 ne
2127 2545 2362 2615 gravius
2437 2545 2513 2600 sit
2582 2549 2941 2617 operatorem
3009 2546 3328 2617 peccatoris
3402 2546 3629 2601 fecisse.

1988 2633 2197 2689 Debuit
2247 2633 2403 2689 enim
2451 2635 2640 2689 bonus
2697 2635 2852 2689 Deus
2903 2634 3211 2706 prohibere
3264 2634 3630 2689 nativitatem

1986 2724 2135 2793 ejus,
2185 2724 2285 2793 qui
2334 2724 2553 2794 peccati
2587 2724 2976 2779 substantiam
3032 2724 3286 2779 habebat
3332 2723 3628 2778 inducere.

1984 2812 2145 2877 Quod
2178 2813 2227 2866 si
2256 2813 2460 2867 dicunt
2490 2830 2605 2867 non
2632 2829 2759 2868 esse
2785 2814 3049 2885 genitum
3082 2818 3446 2884 operatorem
3491 2810 3629 2867 mali

1983 2900 2400 2972 requirendum
2434 2905 2632 2956 utrum
2666 2902 2855 2956 bonus
2886 2902 3039 2957 Deus
3072 2900 3325 2972 potuerit
3367 2900 3631 2956 inhibere

1984 3006 2219 3061 quoquo
2250 2990 2423 3045 modo
2450 2990 2822 3062 incipientem
2856 2989 3165 3057 malitiam,
3191 3007 3264 3044 an
3290 3005 3402 3044 non
3427 2992 3630 3061 potue-

1983 3077 2079 3132 rit.
2115 3078 2175 3132 Si
2208 3078 2364 3133 enim
2399 3095 2511 3133 non
2543 3079 2750 3150 potuit,
2785 3079 3095 3134 inﬁrmus:
3131 3078 3179 3134 si
3214 3077 3404 3150 potuit
3430 3083 3628 3134 etnon

1987 3166 2140 3234 fecit,
2177 3184 2289 3222 non
2314 3167 2523 3222 bonus.
2557 3168 2705 3239 Ergo
2737 3166 2783 3223 si
2814 3167 2927 3223 sibi
2958 3168 3072 3223 ista
3108 3185 3222 3223 non
3274 3170 3625 3240 congruunt,

213 3238 463 3310 Iastium
493 3255 890 3311 inobedientia
919 3238 1336 3328 praeceptorum
1360 3258 1387 3312 ?
1408 3258 1532 3313 Non
1564 3258 1719 3313 enim
1767 3274 1869 3312 au—
1900 3238 1942 3306 α
1982 3271 2089 3310 nec
2119 3273 2237 3311 sum
2281 3255 2393 3311 sibi
2444 3238 2846 3312 haereticorum
2897 3257 3251 3313 conveniunt
3297 3238 3624 3329 opiniones,

217 3343 396 3399 ribus
427 3343 683 3415 corporis
714 3344 785 3400 de
816 3344 1109 3400 mandatis
1140 3344 1473 3402 cmlestibus
1490 3346 1826 3417 judicamus
1852 3362 1865 3400 :

218 3432 330 3488 sed
353 3448 485 3487 cum
508 3436 664 3488 esset
684 3433 785 3488 Dei
803 3433 1067 3503 verbum,
1092 3434 1398 3505 opiniones
1418 3436 1686 3507 quadam
1701 3434 1870 3491 nobis

218 3520 365 3576 boui
395 3524 454 3575 et
482 3518 620 3575 mali
652 3520 1017 3593 pullularunt
1040 3540 1054 3589 ;
1086 3522 1228 3577 dum
1251 3523 1307 3577 id
1332 3523 1488 3594 quod
1513 3522 1735 3578 malum
1758 3527 1868 3588 est,

219 3608 572 3667 naturaliter
598 3608 985 3683 intelligimus
1014 3627 1142 3666 esse
1170 3612 1498 3682 vitandum,
1522 3615 1579 3668 et
1598 3612 1751 3683 quod
1775 3612 1870 3666 bo-

222 3715 371 3756 num
402 3704 491 3754 est
520 3697 865 3755 naturaliter
889 3699 1058 3756 nobis
1087 3699 1471 3773 intelligimus
1502 3716 1628 3757 esse
1659 3717 1867 3773 praece-

221 3792 419 3861 ptum.
454 3788 517 3843 In
548 3803 614 3843 eo
644 3786 823 3860 igitur
850 3803 1048 3843 vocem
1080 3789 1308 3844 Domini
1340 3790 1610 3845 videmur
1646 3789 1866 3853 audire,

224 3876 382 3948 quod
418 3875 535 3931 alia
562 3875 1027 3945 interdicat,!alia
1055 3877 1368 3949 praecipiat.
1402 3882 1470 3933 Et
1498 3878 1626 3934 ideo
1657 3878 1704 3932 si
1739 3877 1872 3949 quis

224 3982 342 4021 non
375 3964 659 4021 obedierit
687 3964 804 4021 illis
829 3982 955 4037 quae
987 3965 1166 4022 semel
1189 3984 1223 4021 a
1251 3968 1362 4022 Deo
1386 3970 1672 4040 pracepta
1692 3967 1874 4022 credi-

226 4070 388 4124 mus,
421 4069 603 4125 pcenze
634 4054 922 4109 obnoxius
952 4054 1295 4127 aestimatur.
1332 4056 1426 4110 Dei
1449 4059 1643 4111 autem
1664 4071 1873 4127 praece-

228 4146 397 4214 ptum
412 4158 526 4198 non
538 4142 707 4214 quasi
723 4142 782 4197 in
796 4142 1013 4198 tabulis
1027 4142 1611 4215 lapideisatramento
1624 4143 1876 4217 legimus

230 4230 606 4303 inscriptum,
631 4231 731 4286 sed
763 4231 1036 4287 cordibus
1067 4232 1283 4288 nostris
1312 4236 1582 4288 tenemus
1626 4233 1875 4305 impres—

233 4335 371 4374 sum
404 4318 615 4391 spiritu
647 4318 748 4375 Dei
776 4320 909 4375 vivi.
944 4321 1091 4392 Ergo
1113 4321 1309 4393 opinio
1338 4328 1538 4378 nostra
1586 4322 1715 4394 ipsa
1762 4321 1876 4376 sibi

233 4406 424 4479 legem
455 4407 611 4465 facit.
643 4407 701 4462 Si
724 4407 876 4463 enim
910 4414 1113 4479 gentes
1134 4427 1262 4481 quae
1294 4411 1477 4483 legem
1501 4428 1617 4466 non
1639 4410 1873 4475 habent,

234 4495 581 4552 naturaliter
604 4512 672 4552 ea
714 4514 841 4569 quas
880 4496 1028 4570 legis
1071 4503 1231 4566 sunt,
1278 4500 1534 4567 faciunt;
1586 4499 1878 4570 ejusmodi

1978 3345 2350 3416 requiramus
2407 3361 2478 3400 ne
2531 3346 2674 3400 forte
2723 3346 2968 3402 rationis
3017 3345 3211 3414 fuerit,
3271 3362 3388 3417 qua
3447 3361 3627 3401 causa

1978 3434 2133 3489 Deus
2160 3434 2279 3489 sive
2336 3434 2517 3506 geniti
2551 3434 2670 3489 sive
2712 3451 2827 3490 non
2873 3434 3053 3507 geniti
3099 3434 3258 3491 illius
3304 3432 3624 3507 operatoris

1979 3521 2177 3577 siverit
2206 3522 2491 3577 malitiam
2538 3522 2779 3578 introire
2808 3524 2868 3578 in
2922 3524 3079 3579 hunc
3126 3524 3436 3589 mundum,
3487 3537 3620 3577 cum

1981 3610 2164 3682 possit
2194 3610 2478 3666 inhibere.

2051 3701 2139 3754 41.
2175 3700 2374 3771 Itaque
2422 3704 2721 3755 servantes
2774 3716 2956 3755 unum
3006 3705 3063 3756 et
3110 3702 3383 3757 eumdem
3408 3701 3624 3773 gDeum

1980 3789 2198 3845 bonum
2229 3793 2405 3860 atque
2435 3793 2819 3860 operatorem,
2852 3788 2909 3843 id
2945 3789 2991 3845 si
3029 3806 3368 3861 possumus,
3395 3793 3624 3844 astrua-

1982 3894 2139 3941 mus.
2172 3878 2325 3947 quod
2358 3878 2555 3949 gratia:
2588 3877 2822 3947 utrique
2852 3876 3157 3932 conveniat
3177 3879 3309 3949 (44),
3333 3892 3439 3932 nec
3459 3893 3626 3932 accu-

1984 3966 2229 4022 sationis
2251 3983 2453 4022 eorum
2476 3966 2838 4022 declinemus
2859 3966 3163 4032 invidiam,
3186 3965 3287 4039 qui
3305 3965 3385 4021 ita
3401 3964 3621 4021 dicunt:

1984 4056 2282 4123 Quomodo
2318 4056 2507 4112 bonus
2538 4056 2691 4112 Deus
2721 4055 2820 4127 qui
2868 4073 2981 4111 non
3032 4054 3222 4111 solum
3274 4071 3485 4127 passus
3537 4057 3627 4109 est

1984 4144 2221 4200 introire
2270 4144 2331 4198 in
2380 4145 2537 4199 hunc
2583 4145 2872 4199 mundum
2921 4144 3247 4200 malitiam:
3299 4144 3400 4199 sed
3448 4142 3624 4198 etiam

1983 4233 2043 4287 in
2089 4236 2313 4288 tantam
2364 4234 2766 4288 confusionem
2815 4232 3010 4288 venire
3063 4232 3349 4304 permisit.
3410 4231 3624 4306 Verum

1984 4322 2107 4377 haec
2138 4322 2430 4378 accusatio
2460 4325 2599 4376 tunc
2637 4321 2828 4376 locum
2880 4308 3139 4387 haberet,
3191 4322 3239 4376 si
3287 4321 3369 4376 ita
3417 4319 3629 4376 animae

1986 4410 2104 4464 vim
2134 4414 2191 4465 et
2238 4410 2449 4465 intima
2496 4400 2718 4465 secreta
2765 4410 2980 4466 mentis
3017 4409 3313 4477 inliceret;
3355 4413 3422 4464 ut
3467 4407 3629 4464 nullo

1988 4504 2154 4570 pacto
2188 4503 2385 4570 posset
2416 4498 2652 4565 aboleri,
2686 4503 2742 4554 et
2773 4498 3297 4555 immedicabilium
3318 4497 3628 4555 vulnerum

234 4583 421 4656 legem
452 4601 568 4640 non
602 4585 886 4642 habentes
916 4586 1029 4659 ipsi
1061 4587 1173 4643 sibi
1205 4593 1343 4643 sunt
1374 4586 1482 4655 lex,
1529 4588 1627 4659 qui
1679 4592 1877 4643 osten-
1910 4608 1955 4671 Ι)
1988 4586 2171 4641 menti
2202 4591 2375 4658 atque
2406 4588 2614 4642 animae
2646 4592 2856 4642 nostrae
2903 4588 3063 4644 virus
3112 4588 3425 4644 insideret:
3477 4591 3632 4644 esset

237 4673 388 4729 dunt
415 4690 562 4746 opus
589 4673 738 4746 legis
768 4674 1054 4746 scriptum
1080 4674 1142 4730 in
1171 4675 1445 4731 cordibus
1475 4675 1620 4732 suis.
1671 4675 1878 4748 Opinio

240 4761 421 4834 igitur
441 4762 705 4818 humana
737 4763 849 4818 sibi
880 4768 1163 4835 tanquam
1206 4764 1304 4819 Dei
1355 4763 1446 4820 lex
1484 4768 1589 4820 est.

308 4851 397 4904 ΔΟ.
434 4851 650 4907 lterum
677 4851 816 4907 hinc
865 4851 1039 4907 aliam
1088 4851 1311 4908 faciunt
1361 4854 1766 4925 quaestionem,
1815 4857 1881 4908 ut

240 4939 311 4994 ad
335 4938 581 4995 invicem
615 4940 876 4996 mandati
906 4941 1034 5011 ejus
1065 4942 1218 5013 quod
1251 4941 1507 4998 diximus
1531 4942 1590 4998 in
1626 4943 1880 4999 hominis

241 5028 512 5099 opinione
542 5028 882 5097 consistere,
914 5022 1067 5084 hanc
1106 5029 1295 5102 ipsam
1346 5031 1677 5103 opinionem
1728 5032 1880 5088 162

242 5116 590 5189 impressam
651 5134 685 5173 a
741 5118 858 5174 Deo
919 5118 1088 5174 nobis
1137 5122 1419 5190 tanquam
1478 5121 1880 5193 praescriptum

242 5205 444 5261 divina
501 5205 647 5279 legis
707 5211 1003 5263 accusent.
1035 5206 1298 5275 Noverat,
1361 5208 1650 5280 inquiunt,
1702 5210 1886 5265 homi-

244 5311 371 5350 nem
405 5299 787 5366 peecaturum
820 5295 919 5369 qui
950 5296 1164 5351 creavit
1192 5313 1351 5363 eum,
1374 5301 1431 5351 et
1451 5297 1558 5352 has
1578 5298 1884 5369 opiniones

244 5383 374 5439 boni
405 5389 459 5439 et
493 5383 632 5438 mali
682 5383 1003 5456 impressit,
1067 5401 1138 5439 an
1194 5401 1308 5440 non
1369 5386 1652 5441 noverat?
1712 5386 1783 5441 Ut
1838 5386 1888 5441 si

244 5470 456 5529 dixeris
487 5473 630 5545 quia
658 5488 777 5529 non
807 5476 1064 5541 noverat,
1091 5473 1348 5529 alienum
1381 5491 1414 5529 a
1452 5475 1758 5546 majestate
1788 5476 1888 5531 Dei

1987 4676 2144 4731 enim
2178 4675 2366 4748 aptior
2395 4676 2574 4747 hujus
2605 4677 2853 4750 querelae
2882 4677 3067 4745 locus,
3115 4677 3269 4749 quod
3319 4693 3454 4733 cum
3505 4692 3628 4731 om-

1988 4764 2085 4819 nia
2140 4765 2327 4835 possit
2354 4764 2528 4831 Deus,
2553 4764 2850 4821 hominem
2874 4770 3067 4822 tamen
3090 4767 3277 4838 perire
3298 4765 3376 4820 sit
3396 4778 3627 4834 passus.

1988 4852 2205 4908 Verum
2219 4869 2352 4908 cum
2370 4853 2524 4908 Deus
2543 4853 2723 4909 nostri
2739 4855 3069 4910 misericors
3088 4851 3396 4924 respuendi
3417 4847 3631 4905 erroris

1990 4941 2249 4997 remedia
2280 4943 2676 5012 reservaverit,
2708 4942 3097 5013 aboleudique
3137 4940 3329 4996 omnis
3375 4936 3628 5009 contagii

1993 5047 2107 5086 non
2138 5029 2453 5085 aboleverit
2486 5031 2819 5086 facultatem
2847 5048 2859 5085 :
2894 5030 3183 5102 quomodo
3238 5025 3633 5087 irrationabile

1993 5119 2082 5176 vel
2114 5119 2403 5190 injustum
2443 5125 2552 5186 est,
2606 5120 2652 5176 si
2704 5118 2970 5191 permisit
3017 5121 3283 5172 nostrum
3335 5115 3634 5171 materiale

1992 5208 2201 5264 tentari
2235 5209 2489 5279 quadam
2519 5208 2903 5279 trepidatione
2947 5202 3274 5276 fragilitatis
3322 5203 3630 5260 humanae:

1996 5302 2054 5354 et
2082 5297 2413 5353 fmneratior
2444 5301 2643 5369 postea
2673 5296 2860 5367 gratia
2888 5311 2989 5365 per
3034 5292 3436 5366 pmnitentiam
3492 5292 3635 5349 deli-

1998 5392 2223 5441 ctorum
2254 5386 2312 5439 in
2346 5384 2601 5440 hominis
2633 5383 2845 5438 rediret
2875 5383 3170 5448 affectum,
3200 5387 3256 5438 et
3306 5381 3638 5456 fragilitatis

2000 5494 2116 5532 suae
2148 5474 2413 5531 conscius
2445 5472 2600 5545 quod
2632 5476 2753 5526 tam
2787 5470 2952 5527 facile
2984 5489 3018 5527 a
3049 5471 3378 5528 divinorum
3401 5473 3640 5528 manda-

306 5598 419 5679 (44)
462 5597 634 5679 110m:
704 5596 864 5679 edit_.,
924 5597 1065 5679 quod
1114 5599 1317 5679 gratiae
1370 5600 1555 5671 utique
1604 5602 1907 5656 conveniat.
1967 5598 2175 5657 Melius
2232 5598 2356 5654 alim
2405 5614 2538 5653 cum
2590 5613 2780 5654 mss...
2830 5598 3048 5669 utrique
3092 5600 3395 5668 conveniat,
3446 5598 3503 5655 id
3554 5603 3643 5655 est

249 5667 443 5738 gratis:
476 5667 583 5725 Dei
613 5668 751 5726 boni
781 5672 837 5726 et
876 5667 1213 5742 operatoris.
