4084 6188
263 388 381 455 313

263 619 347 681 ut,
370 617 529 672 verbi
565 616 772 690 gratia,
797 620 845 674 si
877 619 1010 691 quis
1041 619 1168 675 ideo
1200 620 1438 675 honeste
1471 625 1634 692 putet
1666 638 1793 676 esse
1826 620 1912 675 vi-

260 704 553 772 vendum,
607 710 672 761 ut
717 705 768 761 is
817 705 1242 779 longievitatem
1292 708 1419 763 vitae
1475 709 1642 764 bonis
1693 708 1919 764 actibus

264 799 681 864 consequatur,
708 794 911 866 quales
943 795 1203 867 plerique
1237 796 1589 853 inﬁrmiores
1615 801 1755 854 sunt
1776 814 1921 869 quos

262 879 384 937 hac
414 881 535 935 vita
570 882 844 938 delectat.

339 971 424 1025 45.
448 970 613 1026 Sicut
661 988 795 1044 ergo
838 971 964 1027 vitae
1010 973 1199 1029 vivere
1248 973 1387 1045 quid
1438 974 1515 1029 sit
1564 974 1919 1046 accepimus,

265 1058 407 1131 quid
447 1059 527 1114 sit
572 1060 742 1115 morti
800 1060 947 1115 mori
996 1060 1374 1132 accipiamus,
1407 1062 1494 1118 vel
1548 1062 1718 1117 morti
1772 1062 1921 1117 vive-

264 1146 753 1217 re(i9).Possunt
801 1148 957 1203 enim
990 1166 1119 1204 esse
1152 1149 1249 1220 qui
1284 1149 1612 1205 moriantur
1644 1151 1838 1219 morti,
1869 1154 1925 1205 et

265 1235 370 1308 qui
404 1237 597 1291 vivant
642 1237 787 1292 vitae.
824 1237 970 1292 Nam
1019 1238 1118 1309 qui
1169 1255 1283 1293 non
1316 1238 1395 1293 ita
1424 1239 1581 1308 vivit,
1607 1245 1669 1294 ut
1717 1258 1923 1295 secun-

267 1324 414 1379 dum
456 1330 708 1380 mortem
760 1326 966 1380 animae
999 1343 1117 1382 sua;
1150 1325 1320 1394 vivat,
1356 1329 1405 1383 is
1437 1328 1607 1384 morti
1656 1329 1923 1394 moritur,

272 1413 425 1469 165
461 1413 604 1485 quia
629 1431 741 1469 non
776 1418 865 1469 est
890 1415 1176 1471 obnoxius
1198 1417 1368 1471 morti
1392 1417 1525 1489 (50),
1550 1417 1605 1471 id
1628 1421 1716 1473 est
1744 1434 1926 1472 nexus

262 1518 403 1558 eum
445 1520 790 1559 {arumnosas
840 1503 1045 1558 mortis
1093 1504 1315 1573 amisit,
1351 1523 1464 1561 non
1508 1506 1928 1578 constringitur

262 1589 521 1646 vinculis
544 1592 749 1646 mortis
780 1596 1027 1646 aeterne.
1055 1593 1322 1649 Mortuus
1344 1600 1432 1650 est
1457 1596 1651 1661 morti,
1675 1596 1781 1651 hoc
1812 1600 1923 1661 est,

265 1684 543 1734 mortuus
574 1684 664 1735 est
692 1686 947 1753 peccato,
981 1688 1251 1737 mortuus
1281 1689 1369 1738 est
1400 1701 1578 1756 paruae
1616 1701 1628 1741 :
1661 1685 1753 1740 cui
1784 1701 1925 1740 con-

265 1767 523 1824 trarium
544 1773 634 1824 est
654 1787 833 1841 poena:
855 1770 1063 1837 vivere,
1093 1770 1200 1826 hoc
1226 1777 1334 1837 est,
1359 1774 1591 1844 quando
1624 1774 1757 1845 quis
1787 1774 1928 1829 vivit

263 1859 341 1914 ad
375 1875 631 1931 pcenam,
657 1859 728 1914 ad
763 1858 899 1914 vivit
922 1864 1189 1915 mortem.
1214 1860 1320 1924 Qui
1344 1866 1539 1917 autem
1575 1863 1824 1917 moritur
1852 1864 1925 1917 ad

263 1963 525 2020 pinnam,
560 1946 810 2002 moritur
838 1948 911 2003 ad
943 1952 1209 2003 mortem.
1248 1949 1347 2005 Est
1383 1950 1558 2006 etiam
1590 1952 1689 2024 qui
1720 1952 1776 2006 in
1814 1952 1920 2007 hac

263 2037 391 2091 vita
420 2035 646 2108 positus
696 2036 983 2092 moriatur
1031 2037 1102 2093 ad
1132 2036 1329 2108 vitam,
1355 2039 1506 2094 sicut
1537 2039 1630 2096 ille
1660 2040 1759 2112 qui
1792 2041 1872 2096 ait
1907 2058 1919 2096 :

272 2126 402 2182 Vivo
434 2129 619 2180 autem
648 2127 759 2194 iam
792 2143 901 2181 non
950 2142 1063 2197 ego,
1096 2128 1229 2183 vivit
1256 2131 1439 2183 autem
1470 2131 1526 2183 in
1562 2146 1646 2185 me
1677 2130 1925 2185 Christus

267 2212 475 2286 (Galat.
500 2231 564 2281 ιι,
589 2214 699 2285 20).
725 2214 964 2269 Pcccato
994 2215 1151 2270 enim
1183 2220 1453 2272 mortuus
1481 2222 1590 2286 est,
1622 2218 1737 2274 Deo
1767 2219 1923 2283 vivit,

269 2301 383 2358 hoc
415 2307 525 2370 est,
560 2318 721 2359 mors
750 2302 806 2356 in
838 2318 904 2358 eo
951 2308 1183 2359 mortua
1224 2308 1334 2377 est,
1358 2307 1457 2361 sed
1491 2308 1607 2361 vita
1635 2307 1793 2373 vivit,
1825 2307 1927 2379 qui

273 2395 368 2445 est
398 2389 685 2445 Dominus
716 2390 909 2447 Jesus.
944 2392 1089 2463 Ergo
1121 2393 1273 2448 bona
1304 2393 1418 2449 vita
1448 2410 1649 2449 eorum
1682 2395 1779 2467 qui
1812 2396 1928 2452 Deo

274 2478 503 2546 vivunt,
537 2477 695 2533 mala
740 2478 859 2534 vita
902 2496 1101 2534 eorum
1136 2480 1237 2551 qui
1287 2485 1520 2552 peccato
1568 2483 1787 2539 vivunt.
1830 2484 1931 2538 Est

268 2568 454 2623 etiam
488 2568 682 2623 media
701 2568 837 2635 vita,
872 2574 937 2623 ut
965 2569 1352 2625 animantium
1385 2578 1747 2638 caeterorum,
1780 2574 1932 2629 sicut

269 2656 461 2712 habes
492 2657 778 2729 scriptum
814 2673 826 2711 :
862 2658 1136 2712 Producut
1175 2661 1323 2713 terra
1371 2661 1617 2715 animam
1664 2663 1932 2718 viventem

270 2745 574 2801 secundum
619 2761 787 2816 genus
838 2744 990 2815 (Gen.
1025 2764 1059 2813 ι,
1093 2749 1204 2817 24).
1230 2748 1331 2802 Est
1382 2748 1558 2803 etiam
1613 2749 1728 2805 vita
1775 2768 1929 2807 mor-

276 2836 544 2901 tuorum,
579 2838 644 2889 ut
673 2833 829 2889 Deus
858 2834 1177 2903 Abraham,
1211 2840 1267 2891 et
1296 2836 1451 2893 Deus
1480 2838 1659 2906 Isaac,
1692 2844 1748 2894 et
1777 2840 1932 2897 Deus

280 2922 500 2990 Jacob;
552 2922 693 2994 quia
713 2922 867 2978 Deus
918 2928 1285 2979 mortuorum
1334 2943 1450 2981 non
1482 2931 1591 2992 est,
1625 2928 1725 2983 sed
1776 2930 1931 2985 vivo-

283 3029 440 3067 rum.
474 3012 628 3068 Sunt
658 3012 836 3068 etiam
869 3013 1084 3084 quibus
1127 3014 1519 3071 communitas
1549 3021 1638 3071 est
1667 3018 1932 3089 quaedam

274 3101 486 3156 mortis
524 3106 581 3155 et
624 3099 775 3167 vitae,
809 3101 878 3156 de
927 3099 1144 3172 quibus
1191 3102 1271 3157 ait
1319 3104 1637 3175 Apostolus
1686 3106 1931 3163 dicens:

276 3189 340 3244 Si
377 3192 707 3245 commortui
735 3192 879 3256 estis,
907 3193 958 3244 et
987 3193 1302 3247 convivetis.
1353 3193 1415 3248 Si
1459 3195 1608 3249 enim
1654 3196 1930 3267 complan-

1545 396 1777 459 LIBEB
1821 394 1923 459 DE
1966 391 2063 459 PA
2075 394 2390 460 RADISO.

260 530 534 585 sanctum
563 525 738 585 istius
767 526 895 585 vita:
932 528 1147 587 habere
1188 527 1542 587 desiderium
1572 531 1918 616 corporalis,
1950 530 2005 597 Α

3553 405 3669 468 314

2685 533 2913 593 CAPUT
2949 534 3020 611 Χ,

2031 638 2142 693 Cur
2171 638 2445 723 hominem
2638 660 2759 723 nari
2790 649 3109 723 approbarit
3152 650 3268 723 nisi
3308 654 3427 723 post
3467 652 3673 723 factam

2101 711 2408 794 mulierem,
2442 718 2490 794 et
2522 711 3020 794 idmaxime'quod
3047 737 3144 794 per
3187 711 3670 794 hancilte'decep-

2101 784 2187 862 ius
2213 788 2539 862 peccaverit,-
2572 789 2801 862 itemque
2830 784 2930 845 cur
2958 784 3145 846 eadem
3180 808 3290 848 non
3319 793 3383 849 de
3411 796 3578 862 terra,
3610 784 3674 850 ut

2103 853 2293 919 Adam,
2322 855 2412 910 sed
2440 859 2508 911 de
2535 861 2677 913 COsfa
2706 853 2823 930 ejus
2847 866 3027 917 creata
3058 864 3170 918 sit?

2105 959 2191 1014 46.
2227 960 2367 1016 Item
2400 962 2514 1017 alia
2544 964 2807 1035 quaestio,
2833 968 2971 1038 quia
3002 968 3144 1023 dixit
3192 969 3477 1027 Dominus
3513 989 3525 1027 :
3558 974 3675 1028 Non

2033 1054 2111 1102 est
2142 1049 2339 1104 bonum
2378 1052 2551 1106 solum
2597 1069 2707 1107 esse
2755 1054 3025 1110 hominem
3057 1056 3206 1128 (Gen.
3242 1075 3303 1123 ll,
3338 1059 3445 1130 18).
3484 1060 3674 1116 Primo

2034 1137 2299 1191 omnium
2333 1155 2615 1212 cognosce
2645 1142 2782 1213 quia
2816 1142 2871 1197 in
2901 1145 3319 1216 superioribus,
3356 1147 3453 1202 ubi
3486 1147 3675 1203 homi-

2035 1242 2167 1279 nem
2204 1227 2367 1281 tinxit
2406 1230 2553 1284 Deus
2604 1230 2673 1285 de
2722 1231 2860 1286 limo
2908 1236 3095 1302 terrae,
3146 1251 3259 1291 non
3310 1235 3579 1293 addidit:
3614 1238 3675 1291 Et

2033 1314 2170 1369 vidit
2200 1317 2337 1371 Deus
2385 1321 2514 1390 quia
2557 1320 2754 1375 bonum
2781 1325 2861 1376 est
2893 1322 3046 1394 (Gen.
3080 1341 3117 1387 ι,
3153 1324 3265 1395 10,)
3296 1325 3677 1396 quemadmo-

2034 1403 2174 1457 dum
2211 1404 2265 1458 in
2300 1407 2549 1479 singulis
2576 1410 2850 1481 operibus
2882 1410 3024 1466 suis.
3049 1412 3191 1467 Nam
3220 1414 3267 1466 si
3290 1412 3533 1468 dixisset
3561 1412 3678 1469 illic

2035 1490 2253 1546 bonum
2286 1509 2434 1560 esse,
2461 1495 2601 1568 quia
2630 1497 2803 1554 homo
2840 1498 3025 1555 factus
3056 1506 3161 1566 est,
3190 1500 3542 1555 inveniretur
3568 1499 3679 1555 hoc

2034 1596 2162 1635 esse
2194 1584 2571 1652 contrarium,
2608 1591 2671 1641 ut
2714 1586 2807 1641 hic
2840 1604 2955 1642 non
3005 1605 3133 1644 esse
3177 1589 3397 1646 bonum
3443 1589 3675 1658 diceret,

2036 1685 2169 1723 cum
2203 1670 2260 1725 in
2294 1674 2694 1743 superioribus
2727 1676 2946 1731 bonum
2980 1694 3109 1732 esse
3138 1677 3397 1734 dixisset.
3427 1678 3536 1734 Sed
3570 1678 3679 1733 hoc

2035 1756 2114 1812 ibi
2145 1775 2447 1830 cognosce,
2484 1762 2580 1817 ubi
2613 1763 2803 1818 solum
2848 1764 3029 1821 Adam
3081 1765 3231 1821 fecit.
3265 1769 3546 1823 Caeterum
3581 1766 3679 1821 ubi

2036 1849 2424 1905 communiter
2472 1852 2913 1924 comprehendit
2942 1858 2998 1909 et
3036 1854 3220 1910 virum
3271 1860 3327 1911 et
3374 1855 3677 1910 mulierem

2475 1899 2912 1924 ,νηπηνηνηνη
2944 1899 2998 1909 ν-
3272 1899 3327 1911 νυ
3374 1899 3676 1910 ...υηωωκ

1954 1899 2001 1964 Β
2036 1935 2236 2008 factos,
2289 1938 2421 1995 licet
2480 1958 2550 1996 ne
2601 1942 2679 1996 ibi
2738 1943 2976 2013 quidem
3036 1944 3245 1999 dixerit
3301 1943 3676 2017 specialiter:

2031 2030 2227 2083 tamen
2271 2028 2408 2100 quia
2458 2035 2658 2101 postea
2688 2030 2914 2086 habes:
2956 2033 3097 2087 Vidit
3144 2034 3283 2089 Deus
3327 2036 3512 2089 omnia
3562 2049 3681 2105 qua:

2032 2118 2181 2186 fecit,
2229 2125 2279 2173 et
2329 2134 2451 2173 ecce
2478 2127 2633 2174 erant
2677 2120 2815 2175 bona
2864 2121 3016 2177 valde
3042 2121 3197 2193 (Gen.
3231 2140 3270 2185 ι.
3300 2123 3412 2192 3i),
3444 2122 3674 2179 eviden-

2030 2210 2121 2263 ter
2149 2206 2475 2263 declaratur
2522 2208 2741 2263 bonum
2788 2226 2915 2265 esse
2947 2211 3101 2283 quod
3134 2216 3190 2266 et
3222 2211 3306 2267 vir
3351 2211 3427 2267 sit
3475 2213 3677 2284 l‘actus,

2035 2299 2092 2349 et
2123 2295 2353 2350 mulier.

2110 2385 2195 2437 47.
2230 2384 2334 2439 Sed
2354 2401 2421 2439 ex
2438 2384 2546 2439 hac
2565 2386 2884 2457 quaestione
2902 2387 3015 2443 alia
3037 2391 3276 2460 quaestio
3299 2408 3505 2448 rursus
3528 2391 3680 2448 168

2037 2472 2300 2544 emergit.
2378 2474 2678 2539 Quomodo
2745 2475 2901 2530 enim
2968 2478 3201 2548 quando
3266 2479 3428 2535 solus
3496 2481 3680 2537 factus

2039 2567 2127 2616 est
2180 2562 2385 2628 Adam,
2419 2580 2532 2617 non
2590 2563 2811 2620 dictum
2859 2570 2948 2620 est
3000 2567 3219 2622 bonum
3274 2585 3402 2625 esse
3459 2570 3678 2627 factum

2038 2651 2225 2705 Adam
2261 2668 2273 2706 :
2310 2653 2544 2723 quando
2582 2656 2775 2708 autem
2804 2658 2861 2709 et
2889 2653 3101 2709 mulier
3140 2672 3207 2710 ex
3253 2674 3319 2712 eo
3368 2657 3521 2713 facta
3568 2663 3675 2726 est,

2038 2743 2179 2795 tunc
2204 2757 2338 2795 esse
2367 2741 2519 2795 bona
2561 2741 2758 2797 omnia
2809 2743 3295 2815 comprehensum
3344 2745 3475 2800 est?
3524 2745 3681 2801 Licet

2040 2828 2158 2885 illic
2188 2845 2421 2884 onmem
2454 2828 2774 2886 laudaverit
2820 2836 3167 2893 creaturam.
3200 2837 3257 2889 et
3287 2834 3681 2891 universitatis

2042 2918 2255 2974 creatio
2300 2918 2376 2973 sit
2423 2919 2685 2991 probata,
2720 2920 2997 2991 quoniam
3054 2921 3113 2976 in
3166 2922 3404 2979 homine
3460 2928 3679 2979 naturae

2043 3009 2318 3081 praedicta
2338 3009 2447 3081 (54)
2471 3010 2863 3066 communitas
2900 3015 2988 3067 est
3020 3029 3033 3067 :
3071 3016 3264 3068 tamen
3313 3030 3427 3067 non
3456 3014 3683 3069 videtur

2044 3098 2458 3170 otiosum,qua
2498 3097 2720 3154 ratione
2767 3099 2865 3154 ubi
2896 3099 3052 3156 solus
3103 3101 3291 3157 factus
3337 3107 3424 3158 est
3472 3103 3680 3170 Adam,

2045 3204 2161 3244 non
2194 3186 2384 3242 solum
2409 3204 2778 3260 nequaquam
2811 3189 3141 3261 prmdicatio
3173 3190 3307 3247 boni
3338 3191 3682 3265 complacito

276 3281 401 3345 tati,
435 3277 648 3350 inquit,
680 3295 870 3333 sumus
897 3279 1264 3336 similitudini
1296 3283 1486 3337 mortis
1518 3283 1653 3353 ejus,
1684 3264 1853 3340 simul
1882 3289 1931 3341 et
1962 3264 2004 3331 (ἶ
2042 3276 2202 3347 Operi
2234 3276 2456 3346 adlecta
2491 3277 2601 3345 Sit;
2643 3277 2743 3334 30d
2774 3277 2947 3333 etiam
3000 3279 3219 3334 dictum
3268 3281 3343 3335 Sit
3390 3297 3506 3335 n00
3554 3297 3682 3337 8588

275 3369 690 3423 resurrectionis
740 3369 947 3422 erimus
1004 3387 1022 3421 :
1079 3371 1303 3424 scientes
1372 3372 1504 3442 quia
1564 3377 1714 3427 vetus
1772 3373 1927 3429 homo

274 3464 455 3512 noster
481 3456 652 3511 simul
698 3455 944 3525 conﬁxus
995 3460 1076 3510 est
1122 3458 1275 3512 cruci
1302 3476 1321 3511 :
1352 3462 1414 3512 ut
1451 3458 1765 3516 destruatur
1809 3478 1926 3517 cor-

271 3562 376 3618 pus
421 3546 647 3615 peccati,
696 3553 756 3599 ut
812 3546 961 3599 ultra
1009 3561 1119 3600 non
1171 3548 1480 3601 serviamus
1534 3559 1769 3620 peccato.
1825 3551 1932 3618 Qui

271 3637 421 3691 enim
480 3636 731 3687 mortuus
787 3643 885 3699 est,
924 3634 1259 3705 justi/matus
1311 3639 1387 3690 est
1443 3654 1478 3690 a
1532 3647 1749 3709 peccato
1793 3640 1926 3711 (51).

274 3724 453 3793 (Rom.
486 3740 563 3788 v1,
593 3723 737 3793 5-8).
785 3721 951 3777 Sicut
1006 3727 1202 3778 autem
1261 3724 1478 3795 ﬁguras
1538 3725 1753 3782 multas
1802 3728 1928 3782 vitae

273 3812 565 3877 diximus,
622 3810 702 3865 ita
759 3811 935 3865 etiam
994 3810 1200 3867 mortis
1259 3813 1645 3869 inveniemus.
1707 3815 1932 3871 Dicitur

273 3901 436 3955 enim
467 3916 628 3955 mors
658 3898 815 3953 mala
842 3900 1167 3955 secundum
1202 3898 1347 3956 illud
1384 3918 1397 3956 :
1430 3902 1628 3958 Anima
1656 3920 1782 3975 qum
1806 3922 1929 3977 pec-

274 3998 384 4054 cat,
440 3991 563 4060 ipsa
618 3990 886 4043 morietur
942 3988 1153 4059 (Ezech.
1216 4006 1375 4055 xvm,
1428 3992 1539 4062 20).
1592 3992 1817 4048 Dicitur
1874 3998 1931 4049 et

274 4094 438 4135 mors
467 4076 878 4141 communiter,
911 4075 1064 4131 sicut
1102 4077 1281 4133 habes
1330 4079 1489 4133 verbi
1518 4080 1708 4152 gratia
1737 4098 1750 4135 :
1786 4082 1932 4146 Quia

273 4167 460 4222 Adam
492 4164 636 4220 vixit
684 4168 771 4220 tot
817 4181 1000 4220 annos
1030 4166 1163 4237 (52),
1189 4170 1245 4221 et
1286 4170 1555 4223 mortuus
1601 4174 1707 4236 est,
1741 4174 1798 4225 et
1827 4188 1927 4243 ap-

276 4256 506 4327 positus
536 4258 625 4311 est
654 4254 726 4309 ad
758 4257 952 4325 patres
983 4271 1142 4309 suos.
1175 4252 1396 4311 Dicitur
1429 4256 1605 4311 etiam
1639 4274 1797 4313 mors
1827 4275 1929 4331 per

275 4342 650 4416 baptismatis
684 4346 1139 4409 sacramentum,
1174 4343 1327 4398 sicut
1356 4343 1536 4400 babes
1570 4363 1582 4400 :
1618 4345 1930 4418 Conseputti

273 4448 457 4487 sumus
486 4448 612 4487 cum
640 4432 737 4486 itto
760 4447 862 4503 per
892 4431 1221 4501 baptismum
1251 4433 1310 4487 in
1333 4442 1507 4489 morte
1536 4435 1710 4506 (Rom.
1736 4452 1814 4501 v1,
1848 4437 1923 4508 4),

275 4519 341 4574 Et
372 4518 510 4575 alibi
545 4537 559 4575 :
595 4518 656 4574 Si
683 4527 866 4574 autem
909 4522 1117 4574 mortui
1159 4536 1346 4575 sumus
1390 4537 1512 4576 cum
1544 4521 1774 4590 Christo,
1809 4541 1921 4579 ere-

2038 3364 2257 3419 bonum
2288 3364 2475 3421 solum
2508 3365 2805 3421 hominem
2834 3383 2846 3420 :
2881 3384 3013 3422 cum
3045 3368 3302 3425 sciamus
3333 3370 3486 3441 quod
3519 3375 3681 3426 ante-

2039 3470 2215 3524 quam
2258 3454 2418 3508 ﬁeret
2467 3454 2697 3520 mulier,
2749 3472 2861 3510 non
2914 3457 3190 3513 erraverit
3235 3457 3445 3525 Adam;
3480 3463 3684 3531 postea

2039 3559 2169 3597 vero
2201 3559 2377 3613 quam
2410 3541 2621 3597 mulier
2648 3548 2735 3598 est
2783 3543 2953 3612 facta,
2985 3546 3144 3617 prior
3173 3546 3432 3602 divinum
3464 3564 3681 3621 praeva-

2040 3631 2220 3685 ricata
2268 3631 2632 3697 mandatum,
2664 3632 2840 3687 etiam
2891 3633 3080 3689 virum
3134 3652 3307 3690 suum
3340 3636 3579 3692 traxerit
3621 3637 3679 3692 in

2038 3736 2314 3785 errorem,
2364 3723 2422 3774 et
2477 3719 2831 3775 incentivum
2872 3722 3001 3791 ejus
3057 3724 3361 3780 exstiterit.
3395 3725 3453 3780 Si
3503 3724 3682 3799 igitur

2037 3825 2169 3864 vero
2200 3806 2382 3878 culpm
2414 3811 2614 3863 auctor
2651 3812 2740 3863 est
2783 3807 3014 3876 mulier,
3045 3812 3543 3881 quemadmodum
3577 3831 3679 3885 pro

2040 3897 2190 3954 bono
2242 3896 2474 3951 videtur
2502 3896 2767 3967 adjecta?
2795 3896 3011 3952 Verum
3060 3897 3110 3953 si
3161 3900 3492 3956 consideres
3540 3902 3681 3972 quia

2039 3985 2155 4041 Deo
2200 3984 2590 4041 universitatis
2639 3989 2730 4041 est
2777 4002 2933 4054 cura,
2967 3985 3226 4042 invenies
3273 3986 3405 4060 plus
3451 3987 3679 4060 placere

2038 4073 2283 4130 Domino
2315 4074 2587 4130 debuisse
2630 4073 2686 4129 id
2719 4074 2777 4129 in
2810 4091 2924 4146 quo
2969 4079 3123 4131 esset
3170 4093 3348 4131 causa
3392 4075 3676 4135 universi-

2037 4163 2199 4230 tatis,
2250 4180 2424 4235 quam
2474 4164 2982 4219 condemnandum
3029 4164 3209 4221 fuisse
3259 4164 3401 4221 illud
3452 4166 3512 4220 in
3561 4184 3677 4240 quo

2036 4257 2190 4308 esset
2220 4269 2398 4307 causa
2442 4251 2677 4335 peccati.
2706 4253 2774 4307 Et
2820 4252 2949 4308 ideo
2979 4253 3117 4325 quia
3146 4271 3214 4309 ex
3238 4254 3359 4310 viro
3390 4254 3512 4311 solo
3561 4272 3679 4311 non

2037 4344 2263 4412 poterat
2291 4326 2537 4396 humani
2564 4326 2710 4396 'esse
2740 4341 2967 4413 generis
3017 4343 3378 4414 propagatio,
3418 4359 3681 4415 pronun-

2034 4428 2199 4485 tiavit
2221 4429 2505 4485 Dominus
2538 4446 2651 4485 non
2682 4445 2810 4485 esse
2856 4430 3074 4486 bonum
3106 4430 3296 4487 solum
3329 4448 3454 4488 esse
3485 4431 3682 4488 homi-

2036 4535 2189 4574 nem.
2223 4518 2428 4574 Maluit
2458 4517 2613 4573 enim
2670 4517 2822 4573 Deus
2871 4516 3069 4590 plures
3117 4536 3246 4576 esse
3293 4537 3440 4593 quos
3488 4520 3680 4577 salvos

275 4606 452 4664 dimus
478 4610 650 4665 etiam
678 4608 815 4680 quod
843 4608 1015 4663 simul
1061 4610 1304 4664 vivemus
1351 4626 1475 4665 cum
1526 4611 1622 4666 illo
1650 4611 1811 4683 (Ibid.
1838 4614 1916 4685 8).
1952 4624 1998 4688 ο
2037 4608 2223 4663 facere
2254 4610 2470 4679 posset,
2511 4610 2569 4662 et
2596 4605 2811 4679 quibus
2858 4606 3102 4664 donaret
3151 4614 3475 4681 peceatum,
3501 4627 3679 4682 quam

275 4694 444 4752 Vides
476 4695 619 4768 quia
646 4712 805 4751 mors
838 4696 1078 4768 quidem
1119 4696 1509 4769 appellatione
1539 4698 1787 4768 dicatur,
1821 4703 1921 4757 sed

278 4782 392 4840 haec
422 4784 535 4856 (53)
560 4784 681 4840 vita
709 4784 787 4840 sit
817 4789 1038 4840 nostra.

338 4987 451 5070 (49)
482 4986 626 5043 Mss.
657 4991 715 5043 et
742 4991 852 5043 vet.
883 4985 1022 5043 edit.
1057 5003 1269 5060 magno
1300 5005 1611 5058 consensu,
1635 4993 1722 5048 vet
1749 4999 1923 5051 morte

270 5074 407 5114 mori
415 5100 428 5113 .

333 5129 448 5199 (50)
479 5128 724 5203 Μεθηε.
762 5127 924 5184 Rem.
958 5132 1016 5183 et
1043 5128 1103 5184 S.
1137 5128 1270 5200 Th.,
1304 5130 1442 5185 Nam
1489 5136 1587 5203 qui
1630 5149 1740 5191 non
1787 5137 1919 5194 vitae

267 5201 416 5266 vivit,
446 5199 747 5255 secundum
781 5207 1010 5255 mortem
1057 5199 1263 5257 animae
1308 5216 1429 5259 suae
1475 5199 1627 5259 vivit.
1661 5208 1710 5260 Is
1754 5211 1920 5263 morti

266 5274 504 5327 moritur
531 5272 629 5342 qui
655 5286 765 5326 non
795 5279 871 5326 est
904 5271 1187 5337 obnoxius,
1221 5275 1330 5328 etc.

332 5342 765 5419 (51)_QuiAenim
794 5351 1040 5419 mortuus
1080 5351 1185 5419 est,_
1209 5343 1545 5419 jus_tiﬁcatus
1586 5354 1664 5401 est
1713 5364 1745 5400 a
1787 5365 1912 5419 pec-

261 5417 397 5469 cato.
430 5411 565 5485 Hinc
597 5411 655 5467 in
689 5430 831 5467 mss.
866 5413 1124 5485 quinque
1154 5411 1578 5469 desiderantur.

326 5485 443 5555 (52)
474 5484 563 5539 Ita
593 5500 735 5555 mss.
784 5487 840 5538 et
884 5484 994 5539 vet.
1030 5484 1168 5540 edit.
1214 5485 1404 5552 Rom.,
1442 5486 1719 5541 Abraham
1774 5490 1913 5545 vivit

257 5554 499 5639 annos...
534 5554 891 5639 adp-optimm
933 5572 1116 5639 suum:
1151 5555 1317 5639 Haud
1367 5555 1515 5639 male
1556 5557 1802 5639 forsitan
1829 5560 1909 5615 le-

256 5630 512 5706 geretur.
552 5625 709 5709 Quia
760 5625 1001 5699 quidam,
1038 5630 1195 5708 _etc.,
1252 5631 1317 5681 ut
1368 5631 1523 5708 esset
1577 5629 1910 5711 exemplum

256 5698 802 5754 indeterminatum.
844 5698 954 5753 Sed
1003 5714 1128 5755 sine
1179 5701 1525 5754 auctoritate
1573 5717 1634 5756 in
1684 5704 1909 5759 textum

2035 4713 2220 4751 unum
2251 4695 2442 4752 solum
2474 4696 2681 4763 Adam,
2713 4695 2813 4768 qui
2844 4694 2991 4751 liber
3036 4705 3191 4753 esset
3224 4715 3258 4753 a
3283 4699 3473 4771 culpa.
3507 4698 3677 4753 Deni-

2036 4801 2148 4856 que
2178 4784 2316 4856 quia
2344 4783 2500 4839 idem
2545 4783 2852 4856 utriusque
2891 4788 3092 4841 auctor
3122 4789 3213 4842 est
3260 4784 3471 4857 operis,
3521 4781 3680 4837 venit

2032 4987 2177 5044 nihil
2209 4986 2592 5043 intrudimus.

2102 5060 2332 5141 Ita
2380 5075 2524 5141 mss.
2561 5061 2715 5141 Vatz,
2748 5057 2878 5126 Th.,
2912 5057 3060 5141 Diva
3118 5057 3342 5141 S.nTh.,
3392 5056 3678 5141 haud.“

2029 5126 2166 5211 edit.
2201 5126 2330 5211 Am.
2364 5133 2421 5186 et
2463 5131 2592 5185 Era.
2642 5126 2782 5211 Mss.
2829 5129 3140 5211 veronBigq
3173 5127 3437 5211 Gem‘net-
3474 5126 3673 5211 Μίθὶι.ξ

2026 5202 2176 5258 vides
2206 5203 2340 5274 quia
2386 5218 2547 5274 morsi
2576 5202 2794 5274 quidem
2823 5198 3186 5274 appellatione
3223 5198 3531 5274 judicatur,
3580 5200 3675 5274 sed

2027 5218 2176 5258 viues
2206 5218 2340 5274 quia
2386 5218 2530 5257 mors
2611 5218 2794 5256 autem
2823 5218 3186 5270 apparatione
3223 5218 3531 5269 juawarur,
3580 5218 3672 5255 sea

2027 5274 2164 5344 haec,
2198 5279 2303 5329 etc.
2342 5274 2491 5328 Edit.
2686 5271 2832 5352 vides
2856 5312 2868 5324 .
2908 5311 2920 5323 .
2959 5310 2971 5323 .
3004 5270 3361 5352 dicaturtse-d
3389 5270 3507 5328 haec
3536 5273 3672 5339 vita,

2026 5340 2240 5400 vita'sit
2268 5353 2477 5399 nostra.
2510 5340 2673 5397 Rom.
2697 5341 2967 5411 denique,
2991 5340 3137 5395 vides
3161 5343 3292 5412 quia
3311 5344 3431 5399 haec
3457 5358 3671 5410 mors..,

2022 5416 2258 5481 dicatur,
2289 5415 2380 5470 sed
2411 5416 2522 5468 vita
2548 5415 2619 5468 sit
2649 5414 2853 5466 nostra.

2095 5489 2206 5559 (54)
2239 5486 2325 5541 Ita
2356 5501 2452 5540 sex
2486 5500 2626 5536 mss.
2653 5481 2876 5559 e_t_ed_it.
2905 5486 3016 5559 vet.
3041 5482 3232 5559 Codex
3261 5484 3388 5540 Div.
3412 5488 3469 5540 et
3500 5483 3667 5559 Rom.

2022 5553 2197 5624 edit,
2231 5559 2498 5612 creaturae
2545 5553 2868 5625 praedicata,
2918 5557 3028 5625 etc.
3076 5559 3154 5610 At
3202 5557 3365 5615 Rem.
3418 5572 3485 5612 ac
3533 5556 3666 5625 Th.,

2020 5630 2283 5701 quoniam
2312 5629 2373 5681 in
2404 5624 2555 5681 bona
2574 5632 2792 5681 naturae
2819 5624 3139 5695 praedicata.
