4158 6168
431 284 548 348 315

1893 276 1958 341 S.
1993 275 2374 343 AMBROSII

3725 286 3843 351 316

426 424 487 488 in
536 429 693 485 hunc
749 417 1060 487 mundum,
1092 422 1158 477 ut
1207 411 1398 477 salvos
1454 414 1668 472 faceret
1722 418 2071 488 peccatores.
2103 413 2162 483 Α
2189 416 2399 486 Adam,
2432 423 2496 476 ut
2523 418 2581 476 in
2611 417 2889 478 omnibus
2911 418 3130 481 videret
3156 437 3226 481 ex
3255 424 3503 497 utroque
3532 437 3673 481 sexu
3706 421 3842 480 sub-

427 520 727 576 Postremo
786 530 892 570 nec
949 512 1106 569 Cain‘
1148 505 1446 583 parricidii
1505 522 1671 562 reum
1730 505 2076 578 priusquam

428 609 733 681 generaret
774 603 948 667 ﬁlios,
982 616 1191 673 passus
1221 600 1312 653 est
1356 595 1615 651 interire.
1649 596 1795 668 Ergo
1847 599 2082 667 propter

427 695 863 770 generationem
899 686 1287 747 successionis
1332 684 1604 740 humanae
1634 683 1838 739 debuit
1870 682 2081 739 mulier

428 786 603 856 adjici
651 785 773 839 viro
816 782 956 853 (l’id.
991 780 1043 833 S.
1077 778 1212 847 Aug.
1255 773 1296 829 l.
1330 791 1371 829 ιι
1412 782 1601 830 contra
1629 774 1740 830 Jul.
1775 774 1916 842 Pel.,
1947 790 1997 828 c.
2026 777 2078 840 7,

428 893 487 932 n.
520 876 633 941 20).
668 871 923 941 Denique
964 868 1074 923 hoc
1122 867 1252 938 ipsa
1281 866 1457 921 verba
1503 863 1801 919 declarant
1831 861 2082 917 dicentis

427 963 551 1029 Dei,
585 979 699 1016 non
748 961 969 1013 bonum
1017 954 1210 1011 solum
1244 970 1371 1009 esse
1420 952 1741 1007 hominem.
1778 952 1923 1007 Nam
1976 949 2083 1007 etsi

429 1052 639 1108 mulier
694 1048 852 1120 prior
910 1051 1218 1118 peccatura
1272 1046 1414 1109 crat,
1476 1046 1670 1096 tamen
1731 1039 2083 1111 redemptio-

425 1157 556 1196 nem
590 1137 702 1193 sibi
734 1135 995 1207 paritura
1026 1150 1140 1188 non
1169 1132 1371 1187 debuit
1402 1132 1473 1185 ab
1509 1148 1614 1185 usu
1648 1128 1854 1184 divinae
1886 1144 2084 1199 opera-

420 1227 597 1283 tionis
629 1224 877 1281 excludi.
915 1222 1191 1290 Quamvis
1223 1220 1380 1276 enim
1416 1219 1601 1273 Adam
1642 1233 1755 1272 non
1788 1220 1877 1271 est
1908 1215 2083 1269 sedu-

423 1322 575 1385 ctus,
610 1313 823 1369 mulier
870 1316 1067 1367 autem
1111 1310 1353 1364 seducta
1404 1317 1462 1362 et
1510 1307 1568 1361 in
1617 1303 2087 1377 praevaricatione

426 1404 616 1466 fuerit.
648 1402 807 1458 salva
852 1405 1071 1466 tamen,
1110 1398 1319 1470 inquit,
1355 1397 1463 1453 erit
1497 1412 1599 1469 per
1628 1395 1882 1449 ﬁliorum
1917 1405 2089 1466 gene‘

423 1493 707 1550 rationem
740 1493 789 1560 (I
819 1492 954 1545 Tim.
990 1506 1053 1557 ιι,
1089 1489 1151 1543 lli
1183 1492 1240 1542 et
1276 1488 1382 1557 15),
1416 1486 1569 1540 inter
1598 1501 1746 1555 quos
1790 1482 2091 1556 generavit

426 1589 483 1641 et
511 1583 744 1639 Cbristu
762 1598 839 1635 m.

332 1652 341 1675 ‘
494 1671 729 1727 1:8.Nec
784 1667 928 1723 illud
990 1665 1246 1721 otiosum
1305 1665 1421 1733 (33,
1468 1682 1524 1736 q.
1558 1666 1613 1729 5,
1646 1679 1695 1718 ο.
1741 1662 1847 1717 Nec
1898 1661 2087 1732 illud).

434 1761 589 1836 quod
621 1777 735 1815 non
770 1758 840 1813 de
888 1757 1099 1812 eadem
1134 1759 1288 1809 terra
1317 1755 1388 1809 de
1443 1770 1556 1825 qua
1613 1751 1940 1825 plasmatus
2001 1766 2093 1821 est

427 1852 638 1915 Adam,
673 1848 773 1904 sed
805 1846 874 1901 de
906 1844 1097 1917 ipsius
1129 1845 1263 1898 Adae
1298 1846 1461 1898 costa
1510 1843 1663 1896 facta
1712 1840 1788 1896 sit
1836 1838 2087 1907 mulier;

431 1945 497 1996 ut
527 1939 813 1994 sciremus
843 1951 1021 1990 unam
1055 1934 1113 1988 in
1146 1934 1267 1987 viro
1300 1937 1357 1987 et
1388 1931 1636 1987 muliere
1666 1929 1927 2002 corporis
1959 1945 2088 1983 esse

427 2035 723 2093 naturam,
759 2041 943 2080 unum
977 2023 1195 2078 fontem
1231 2022 1461 2094 generis
1494 2020 1761 2076 humani.
1795 2020 1926 2074 Ideo
1962 2034 2083 2073 non

431 2119 546 2176 duo
577 2134 610 2172 a
641 2114 926 2187 principio
955 2112 1087 2167 facti
1120 2111 1207 2165 vir
1237 2115 1293 2165 et
1324 2108 1556 2175 mulier,
1586 2125 1775 2180 neque
1806 2109 1920 2162 duo
1951 2105 2082 2185 viri,

423 2222 613 2278 neque
642 2206 768 2258 duae
803 2200 1099 2267 mulieres,
1128 2200 1225 2255 sed
1261 2200 1518 2272 primum
1548 2198 1655 2266 vir,
1680 2197 1890 2253 deinde
1919 2213 1987 2252 ex
2017 2211 2083 2251 eo

421 2294 654 2351 mulier.
680 2292 867 2347 Unam
901 2290 1057 2345 enim
1089 2294 1360 2344 naturam
1389 2287 1589 2344 volens
1621 2287 1928 2341 hominum
1951 2303 2081 2341 con-

427 2384 668 2440 stituere
724 2381 900 2445 Deus,
947 2380 1017 2434 ab
1072 2396 1189 2434 uno
1244 2377 1529 2449 principio
1572 2381 1851 2431 creatura:
1901 2376 2079 2447 hujus

427 2472 715 2544 incipiens
747 2469 1064 2525 multarum
1106 2473 1161 2524 ct
1202 2466 1524 2540 disparium
1578 2469 1925 2521 naturarum
1960 2465 2077 2520 eri-

428 2560 556 2633 puit
615 2559 969 2616 facultatem.
1018 2559 1324 2627 Faciamus,
1379 2555 1590 2628 inquit,
1629 2557 1682 2612 ei
1734 2555 2073 2627 adjutorium

421 2649 611 2708 simile
656 2650 766 2705 sibi
796 2648 949 2720 (Gen.
977 2666 1038 2718 ιι,
1065 2648 1173 2718 18).
1206 2646 1576 2717 Adjutorium
1628 2646 1699 2700 ad
1752 2644 2072 2717 generatio-

423 2757 557 2797 nem
589 2737 1023 2796 constitutionis
1069 2736 1337 2791 humana:
1387 2733 1793 2806 intelligimus.
1828 2734 1896 2787 Et
1944 2749 2074 2789 vere

422 2831 642 2886 bonum
685 2826 1067 2898 adjutorium.
1118 2826 1263 2880 Nam
1315 2822 1365 2878 si
1416 2839 1518 2894 pro
1569 2821 1805 2877 meliore
1858 2820 2072 2892 accipis

420 2915 799 2988 adjutorium,
832 2913 1019 2982 major
1049 2913 1318 2983 quaedam
1353 2911 1409 2966 in
1457 2926 1637 2965 causa
1678 2910 2070 2982 generationis

418 3002 679 3077 operatio
713 3000 978 3057 mulieris
1010 2999 1326 3072 reperitur;
1361 2998 1512 3055 sicut
1543 2998 1715 3053 istius
1746 3002 1909 3053 terrae
1942 3015 2069 3070 quae

418 3091 646 3150 semina
675 3090 863 3163 primo
891 3093 1128 3160 accepta
1152 3087 1473 3144 cohibendo
1500 3086 1781 3159 paulatim
1808 3087 1929 3143 fotu
1961 3104 2069 3144 suo

418 3180 749 3238 adolescere
788 3179 943 3246 facit,
975 3184 1031 3233 et
1074 3178 1342 3250 producit
1370 3176 1429 3232 in
1462 3181 1737 3248 segetem.
1770 3178 1830 3232 In
1865 3193 1930 3231 eo
1962 3175 2068 3248 igi-

417 3278 515 3327 tur
545 3268 899 3340 adjutorium
945 3268 1161 3323 bonum
1203 3265 1489 3333 mulieris,
1524 3281 1861 3337 quanquam
1892 3264 2067 3320 etiam

418 3358 659 3414 inferior
687 3357 917 3412 dicatur
962 3356 1222 3427 adjutor;
1257 3360 1319 3410 ut
1368 3360 1425 3410 et
1471 3354 1530 3409 in
1581 3370 1692 3410 usu
1743 3354 2068 3426 reperimus

414 3448 697 3510 humano,
721 3444 859 3517 quia
906 3445 1189 3517 dignitate
1231 3444 1486 3516 potiores
1519 3444 1665 3499 161
1721 3442 2069 3516 plerumque

419 3536 747 3606 adjutorem
782 3532 974 3588 meriti
1006 3532 1298 3588 inferioris
1328 3532 1681 3589 adsciscunt.

1060 3665 1293 3721 CAPUT
1331 3666 1423 3721 XI.

418 3767 687 3837 Quomodo
716 3766 991 3822 animalia
1038 3765 1199 3820 ducta
1226 3766 1439 3837 fuerint
1468 3765 1537 3819 ad
1587 3765 1792 3837 Adam,-
1822 3764 1953 3835 quid
1983 3782 2067 3821 so-

482 3856 585 3911 por
623 3839 864 3911 ejusdem
912 3846 961 3893 et
1003 3840 1162 3892 costa:
1210 3836 1508 3911 aediﬁcatio
1552 3852 1659 3911 nos
1698 3836 1908 3911 doceat,
1930 3837 2070 3911 (quid

483 3908 655 3967 etiam
686 3919 985 3965 memorata
1032 3909 1303 3963 animalia
1354 3909 1413 3961 in
1458 3908 1783 3978 paradisum
1834 3908 2070 3963 adducta

483 3983 810 4053 signiﬁcent,
858 3989 910 4036 et
954 3996 1058 4051 quo
1100 3983 1259 4050 pacto
1301 3977 1551 4049 jusliin
1597 3977 1923 4050 paradisum
1972 3996 2064 4034 ra-

482 4055 732 4126 piantur.
888 4112 895 4119 θ

488 4160 574 4215 49.
608 4158 994 4230 Spectanunc
1025 4172 1130 4209 cur
1154 4155 1307 4210 Deus
1331 4153 1523 4209 adhuc
1553 4153 1785 4210 ﬁnxerit
1815 4154 1884 4211 de
1915 4159 2071 4213 terra

415 4264 620 4305 omnes
650 4246 868 4302 bestias
898 4244 1044 4317 agri,
1076 4248 1134 4299 et
1162 4242 1359 4298 omnia
1397 4241 1655 4298 volatilia
1701 4243 1849 4312 caeli,
1882 4249 1938 4301 et
1966 4246 2069 4301 ad-

415 4335 646 4393 duxerit
674 4351 742 4389 ea
783 4334 851 4388 ad
898 4333 1104 4399 Adam,
1137 4338 1202 4387 ut
1251 4330 1469 4386 videret
1517 4330 1656 4402 quid
1706 4338 1933 4389 vocaret
1978 4351 2066 4390 ea.

415 4426 537 4490 Qua
596 4423 820 4478 ratione
878 4422 985 4476 hoc
1045 4421 1261 4476 factum
1319 4424 1428 4487 est,
1466 4436 1598 4476 cum
1657 4423 2067 4480 tantummodo

2189 509 2470 567 stantiam
2499 513 2766 569 constare
2798 516 3041 580 naturas,
3069 512 3125 569 id
3154 516 3266 581 est,
3290 531 3359 571 ex
3388 509 3652 571 masculo
3681 515 3741 570 et
3769 512 3846 570 {e-

2190 597 2372 666 mina,
2404 604 2461 656 et
2489 600 2614 672 ipse
2656 618 2768 657 usu
2818 602 3196 675 exemploque
3225 605 3601 677 cognosceret
3643 618 3843 659 neces-

2190 688 2411 743 sarium
2444 689 2556 745 sibi
2586 691 2946 747 consortium
2979 690 3241 748 mulieris
3273 692 3590 763 adjectum.

2260 777 2349 833 50.
2382 779 2449 834 Et
2495 779 2746 846 immisit,
2778 778 2989 852 inquit,
3042 781 3179 835 Deus
3226 796 3469 851 soporem
3526 781 3589 835 in
3646 778 3841 844 Adam,

2190 868 2241 921 et
2288 865 2615 923 obdormivit
2657 867 2818 939 (Ibid.
2851 868 2965 941 21).
3015 868 3155 935 Quis
3204 872 3294 925 est
3342 868 3450 925 iste
3501 885 3699 941 sopor,
3730 867 3844 925 nisi

2193 954 2333 1026 quia
2364 954 2662 1028 paulisper
2687 956 2759 1012 ad
2791 957 3130 1030 conjugium
3163 957 3558 1029 copulandum
3591 975 3726 1013 cum
3759 956 3845 1013 in~

2194 1043 2492 1100 tendimus
2540 1045 2827 1112 animum,
2860 1045 3036 1102 veluti
3069 1046 3325 1103 intentos
3373 1047 3576 1103 oculos
3622 1047 3696 1102 ad
3746 1045 3846 1103 Dei

2195 1149 2439 1206 regnum
2510 1133 2790 1191 inclinare
2855 1139 3031 1207 atque
3091 1134 3385 1193 inflectere
3441 1136 3715 1192 videmur
3773 1137 3844 1192 ad

2195 1223 2510 1293 quemdam
2541 1240 2816 1282 somnum
2847 1223 3019 1281 istius
3066 1225 3292 1291 mundi,
3326 1228 3383 1281 et
3412 1223 3713 1299 paulisper
3741 1225 3844 1282 ob-

2194 1309 2450 1367 dormire
2480 1311 2711 1383 divinis,
2738 1312 2880 1369 dum
2913 1312 2971 1368 in
3002 1312 3380 1370 secularibus
3411 1313 3847 1387 mundanisque

2197 1402 2661 1475 requiescimus?
2691 1402 2953 1476 Denique
2997 1406 3378 1476 posteaquam
3427 1419 3698 1474 soporem
3730 1402 3847 1459 im-

2197 1493 2360 1549 misit
2389 1491 2446 1547 in
2480 1492 2689 1559 Adam,
2711 1494 2767 1548 et
2787 1490 3078 1561 dormivit,
3103 1494 3242 1547 tunc
3270 1491 3562 1563 aediﬁcavit
3588 1492 3849 1549 Dominus

2198 1583 2335 1639 Deus
2362 1587 2567 1639 costam
2608 1597 2775 1654 quam
2818 1582 3051 1653 sumpsit
3098 1579 3166 1637 de
3218 1580 3391 1637 Adam
3444 1582 3507 1637 in
3562 1582 3852 1638 mulierem

2199 1671 2357 1744 (Ibid.
2390 1672 2503 1743 22).
2536 1671 2710 1739 Bene,
2749 1669 3066 1742 aediﬁcavit,
3098 1668 3265 1735 dixit,
3317 1669 3414 1725 ubi
3460 1669 3535 1727 de
3585 1669 3850 1728 mulieris

2120 1783 2169 1849 Β
2199 1760 2490 1817 creatione
2534 1759 2905 1833 loquebatur,
2937 1758 3075 1832 quia
3104 1756 3163 1814 in
3194 1758 3317 1816 viro
3363 1762 3421 1816 et
3470 1758 3716 1816 muliere
3747 1760 3851 1817 do-

2202 1867 2337 1907 mus
2386 1850 2619 1906 videtur
2673 1848 2940 1921 quaedam
3000 1845 3174 1921 plena
3227 1865 3356 1905 esse
3413 1847 3710 1922 perfectio.
3742 1849 3850 1914 Qui

2197 1939 2325 1997 sine
2354 1955 2531 1995 uxore
2574 1942 2685 2005 est,
2718 1936 2888 2010 quasi
2936 1934 3060 1994 sine
3101 1936 3274 1994 domo
3318 1937 3410 2006 sit,
3444 1937 3529 1994 sic
3578 1937 3847 1994 habetur.

2198 2028 2361 2086 Sicut
2389 2027 2545 2083 enim
2576 2026 2663 2082 vir
2710 2025 2962 2099 publicis
3002 2024 3232 2093 ofﬁciis,
3266 2024 3345 2081 ita
3374 2025 3589 2082 mulier
3618 2026 3850 2082 domes-

2196 2116 2327 2174 ticis
2394 2115 2740 2172 ministeriis
2804 2113 3055 2171 habilior
3119 2114 3471 2171 mstimatur.
3532 2115 3854 2172 Considera

2195 2206 2335 2278 quia
2364 2222 2433 2261 ex
2484 2220 2724 2276 corpore
2781 2208 3005 2259 costam
3059 2204 3335 2276 sumpsit,
3367 2221 3485 2261 non
3535 2220 3606 2260 ex
3652 2203 3854 2260 anima

2194 2295 2520 2368 portionem
2548 2312 2560 2350 :
2584 2293 2694 2349 hoc
2725 2297 2836 2361 est,
2859 2309 2974 2349 non
3006 2293 3204 2349 anima
3223 2309 3293 2349 ex
3321 2293 3540 2361 anima,
3561 2293 3659 2350 sed
3691 2310 3758 2349 os
3779 2293 3852 2349 de

2190 2384 2426 2440 ossibus
2458 2381 2602 2438 meis
2632 2386 2689 2437 et
2718 2396 2851 2438 caro
2899 2381 2970 2437 de
3012 2397 3183 2437 carne
3214 2398 3342 2437 mea
3385 2380 3510 2437 haec
3540 2381 3840 2438 vocabitur

2191 2470 2404 2527 mulier
2432 2471 2565 2543 (55).

2257 2561 2347 2617 51.
2380 2560 2530 2631 Ergo
2570 2574 2807 2615 causam
2852 2555 3124 2614 humanm
3171 2557 3566 2631 generationis
3595 2559 3836 2631 agnovi-

2188 2666 2341 2705 mus.
2376 2648 2487 2706 Sed
2548 2646 2687 2720 quia
2743 2646 3052 2720 plerosque
3111 2652 3303 2703 movet
3349 2647 3450 2720 qui
3500 2647 3838 2721 diligentius

2183 2737 2504 2803 intuentur,
2538 2736 2828 2808 quomodo
2859 2735 2909 2792 si
2940 2733 3028 2792 vel
3068 2734 3260 2808 primo
3290 2752 3574 2809 magnum
3620 2752 3839 2793 munus

2183 2827 2284 2884 Dei
2320 2826 2430 2881 fuit
2479 2825 2634 2882 circa
2679 2824 2970 2892 homines,
3021 2828 3089 2880 ut
3130 2823 3190 2880 in
3238 2824 3513 2898 paradiso
3570 2823 3840 2883 homines

2181 2915 2621 2982 collocarentur,
2656 2914 2743 2970 vel
2792 2916 2994 2986 postea
3040 2928 3393 2986 magnorum
3443 2915 3837 2971 remuneratio

2178 3005 2476 3061 videretur
2504 3019 2633 3059 esse
2663 3001 3029 3072 meritorum,
3062 3005 3127 3059 ut
3157 3001 3228 3059 ad
3268 3002 3612 3075 paradisum
3634 3003 3839 3075 justus

2181 3092 2590 3166 unusquisque
2646 3090 2926 3164 rapiatur,
2980 3089 3257 3147 dicuntur
3307 3091 3487 3147 etiam
3537 3092 3731 3150 bestia:
3776 3098 3839 3149 et

2182 3198 2390 3256 pecora
2431 3180 2578 3253 agri,
2609 3182 2668 3236 et
2715 3177 2977 3235 volatilia
3023 3177 3153 3236 cmli
3201 3179 3261 3235 in
3310 3180 3583 3252 paradiso
3630 3180 3834 3237 fuisse.

2179 3271 2341 3328 Unde
2371 3268 2633 3343 plerique
2659 3267 2998 3342 paradisum
3024 3268 3283 3324 animam
3306 3267 3568 3326 hominis
3585 3286 3714 3326 esse
3741 3286 3840 3327 vo-

2178 3359 2434 3428 luerunt,
2469 3358 2529 3414 in
2560 3373 2679 3430 qua
2719 3355 3005 3414 virtutum
3045 3356 3314 3429 quaedam
3346 3358 3611 3431 germina
3639 3357 3839 3431 pullu-

2177 3447 2451 3517 laverint;
2485 3445 2783 3503 hominem
2816 3447 3011 3503 autem
3052 3447 3110 3502 et
3158 3445 3230 3502 ad
3279 3448 3642 3519 operandam
3671 3451 3730 3504 et
3758 3449 3835 3505 ad

2178 3535 2629 3595 custodiendum
2678 3532 3020 3608 paradisum
3070 3535 3219 3591 esse‘
3248 3535 3534 3607 positum,
3566 3535 3673 3593 hoc
3720 3541 3835 3603 est,

2179 3630 2436 3683 mentem
2466 3623 2726 3680 hominis
2756 3623 2928 3695 cuius
2957 3620 3148 3680 virtus
3190 3623 3449 3681 animam
3478 3624 3709 3681 videtur
3737 3641 3836 3681 ex-

2178 3714 2386 3786 colere,
2419 3729 2525 3769 nec
2564 3710 2758 3769 solum
2808 3709 3090 3780 excolere,
3121 3712 3221 3768 sed
3255 3712 3452 3782 etiam,
3486 3729 3623 3769 cum
3665 3730 3836 3771 exco-

2178 3803 2384 3871 luerit,
2446 3800 2757 3858 custodire.
2816 3799 2971 3858 108
3032 3799 3234 3857 Bestiae
3308 3805 3505 3859 autem
3580 3802 3707 3876 agri
3779 3808 3839 3860 et

2177 3891 2435 3948 volatilia
2463 3888 2590 3945 οωΙί
2622 3904 2749 3962 quae
2780 3887 3155 3946 adducuntur
3187 3889 3258 3946 ad
3290 3889 3497 3959 Adam,
3532 3890 3721 3947 nostri
3748 3890 3838 3946 ir-

2180 3977 2555 4035 rationabiles
2592 3981 2791 4034 motus
2833 3979 2994 4045 sunt,
3028 3992 3093 4034 eo
3151 3978 3307 4050 quod
3361 3978 3558 4035 bestiae
3589 3977 3678 4036 vel
3734 3996 3836 4052 pe-

2179 4085 2334 4134 cora,
2357 4067 2624 4139 quaedam
2654 4065 2895 4123 diversis
2939 4065 3059 4123 sint
3099 4067 3357 4140 corporis
3388 4067 3713 4140 passiones,
3744 4068 3837 4125 vel

2178 4155 2665 4222 turbulentiores,
2712 4153 2802 4211 vel
2859 4154 3036 4212 etiam
3097 4153 3514 4228 languidiores.
3561 4155 3840 4213 Volatilia

2178 4249 2375 4302 autem
2400 4243 2529 4300 coeli
2560 4243 2702 4317 quid
2733 4241 2893 4299 aliud
2922 4243 3310 4310 aestimamus,
3342 4244 3459 4300 nisi
3497 4243 3705 4302 inanes
3735 4262 3836 4301 co-

2177 4334 2490 4408 gitationes
2521 4349 2649 4406 quea
2692 4331 2852 4389 velut
2877 4330 3205 4388 volatilium
3238 4349 3399 4388 more
3429 4336 3692 4389 nostram
3724 4334 3836 4388 cir-

2178 4422 2514 4480 cumvolant
2542 4421 2824 4489 animam,
2858 4423 2916 4476 et
2944 4420 3061 4477 huc
3101 4424 3279 4494 atque
3308 4419 3452 4477 illuc
3475 4422 3635 4477 vario
3666 4427 3836 4479 motu

416 4512 637 4569 bestias
665 4512 787 4583 agri
826 4515 884 4565 et
926 4509 1183 4565 volatilia
1228 4509 1356 4564 coeli
1406 4508 1480 4565 ad
1527 4510 1712 4566 Adam
1763 4510 2145 4578 adduxeritD
2176 4529 2329 4585 saepe
2379 4509 2737 4569 traducunt?
2793 4509 3105 4582 Propterea
3159 4508 3360 4566 nullus
3415 4509 3690 4567 inventus
3747 4515 3839 4568 est

417 4600 615 4659 Deus?
644 4601 823 4656 Erant
852 4599 1010 4654 enim
1042 4615 1250 4670 pecora
1291 4599 1616 4654 secundum
1648 4617 1833 4673 genus
1866 4618 2062 4657 suum.

418 4689 678 4761 Denique
721 4687 902 4744 habes
933 4687 1085 4743 infra
1119 4704 1131 4741 :
1164 4689 1309 4757 Quia
1338 4688 1597 4759 imposuit
1642 4689 1813 4746 Adam
1841 4692 2069 4746 nomina

417 4778 666 4837 omnibus
714 4777 996 4849 pecoribus
1026 4780 1078 4832 et
1105 4776 1356 4844 omnibus
1405 4776 1589 4831 bestiis
1632 4780 1775 4849 agri.
1808 4777 1936 4834 Ade
1965 4796 2064 4835 au-

416 4879 525 4925 tem
580 4883 690 4923 non
739 4874 816 4922 cst
873 4869 1123 4922 inventus
1178 4865 1415 4938 adjutor,
1466 4866 1667 4921 similis
1698 4868 1788 4922 illi
1817 4867 1967 4937 (Gen.
2004 4886 2064 4935 ιι,

415 4960 529 5027 29).
552 4956 685 5021 Quae
716 4956 895 5029 igitur
941 4954 1232 5011 absolutio
1280 4958 1388 5025 est,
1422 4953 1535 5008 nisi
1585 4955 1723 5026 quia
1770 4956 2067 5012 indomita:

418 5046 617 5103 bestia:
647 5051 705 5101 et
734 5044 989 5101 volatilia
1036 5043 1162 5099 ασεΙὶ
1192 5043 1386 5099 divina
1431 5046 1714 5115 potestate
1763 5045 1834 5100 ad
1879 5046 2066 5101 homi-

421 5151 555 5191 nem
586 5132 996 5190 deducuntur?
1026 5133 1107 5188 De
1129 5132 1434 5207 pecoribus
1458 5135 1652 5188 autem
1675 5133 1912 5189 domitis
1937 5151 2071 5190 con-

421 5223 735 5296 gregandis
765 5228 822 5277 et
850 5222 1025 5277 homo
1058 5220 1265 5277 habuit
1295 5224 1664 5293 potestatem.
1694 5223 1895 5293 Itaque
1924 5222 2067 5279 illud

422 5310 628 5368 divina:
659 5310 1014 5381 operationis
1066 5310 1257 5377 fuerit,
1290 5309 1398 5364 hoc
1428 5308 1699 5366 humanae
1732 5310 2065 5384 diligentiae.

420 5398 607 5455 Simul
656 5399 855 5471 accipe
904 5415 1021 5470 qua
1051 5416 1230 5455 causa
1268 5397 1469 5454 omnia
1515 5399 1765 5454 deducta
1822 5402 1940 5458 sint
1995 5404 2068 5459 ad

2177 4601 2359 4657 menti
2392 4603 2604 4656 nostra
2649 4597 2861 4655 similis
2894 4597 3147 4669 adjutor,
3180 4597 3293 4654 nisi
3340 4614 3572 4665 sensus,
3606 4597 3719 4655 hoc
3748 4604 3839 4655 est

2174 4699 2413 4758 αἴσθησις.
2445 4685 2711 4745 Similem
2755 4685 2866 4744 sibi
2911 4686 3097 4744 solam
3129 4697 3238 4756 νοῦς
3270 4691 3470 4744 noster
3514 4687 3709 4760 potuit
3740 4688 3837 4743 in-

2175 4794 2391 4836 venire.

2245 4870 2335 4923 52.
2370 4866 2482 4923 Sed
2515 4864 2660 4921 forte
2699 4880 2934 4938 arguas,
2954 4865 3095 4937 quia
3136 4864 3257 4921 haec
3286 4880 3520 4937 quoque
3566 4863 3726 4921 Deus
3772 4864 3835 4921 in

2174 4956 2279 5013 tali
2310 4953 2581 5028 paradiso
2619 4952 2849 5020 locavit,
2881 4952 2990 5009 hoc
3043 4958 3132 5009 est
3186 4954 3489 5027 passiones
3545 4954 3831 5026 corporis,

2177 5049 2234 5101 et
2261 5042 2578 5100 vanitatem
2616 5041 2935 5114 quamdam
2982 5041 3395 5098 ﬂuctuantium
3423 5041 3513 5098 vel
3561 5041 3833 5098 inanium

2178 5131 2620 5208 cogitationum,
2653 5130 2807 5203 quod
2846 5129 2972 5202 ipse
3002 5130 3189 5188 nostri
3238 5130 3411 5187 fuerit
3438 5134 3645 5187 auctor
3673 5148 3832 5188 erro-

2178 5224 2280 5279 ris.
2312 5219 2629 5278 Considera
2673 5218 2814 5291 quid
2861 5219 3017 5276 dicat
3052 5237 3065 5277 :
3099 5219 3315 5285 Habete,
3348 5220 3563 5290 inquit,
3593 5223 3833 5289 potesta-

2175 5319 2285 5370 tem
2328 5311 2570 5383 piscium
2623 5310 2817 5376 maris,
2850 5312 2903 5365 et
2943 5309 3252 5365 volatilium
3308 5309 3448 5376 caeli,
3476 5312 3526 5364 et
3583 5310 3834 5365 omnium

2177 5402 2489 5475 repentium
2543 5412 2666 5471 quae
2720 5405 2919 5471 repunt
2972 5415 3136 5472 super
3189 5401 3395 5454 terram
3441 5395 3595 5467 (Gen.
3629 5414 3671 5464 ι,
3714 5398 3831 5469 28).

490 5532 604 5603 (55)
635 5531 717 5587 lta
747 5548 895 5612 mss.
928 5549 1133 5612 omnes
1164 5550 1299 5589 cum
1319 5536 1448 5612 ant.
1484 5533 1633 5612 edi_t._
1655 5537 1730 5591 At
1781 5538 1946 5597 Rom.
1976 5541 2138 5612 edit,
2170 5504 2279 5597 hoc‘
2307 5544 2406 5604 est,
2438 5551 2549 5593 non
2596 5534 2845 5591 animam
2894 5550 2965 5591 ea:
3009 5534 3218 5602 anima,
3248 5531 3342 5588 sed
3396 5548 3454 5589 os
3480 5532 3543 5587 de
3595 5532 3830 5600 ossibus,

416 5611 467 5658 ct
492 5617 717 5660 carnem
740 5606 808 5664 de
840 5618 1026 5663 carne.
1059 5606 1187 5664 Haec
1213 5606 1417 5661 mulier
1448 5607 1744 5663 vocabitur.
