4158 6168
234 238 364 309 317

1540 248 1786 314 LIBER
1830 250 1937 317 DE
1981 255 2085 320 ΡΑ
2094 255 2415 326 RADISO.

3611 277 3738 349 318

237 378 426 436 Vides
460 378 621 452 quod
672 378 772 437 ille
823 380 931 439 tibi
978 382 1245 442 tribuerit
1292 386 1673 457 potestatem:
1724 390 1792 440 ut
1841 389 1912 443 de
1942 390 2000 457 Α
2032 395 2397 453 revertenti:
2464 392 2636 458 Hodie
2704 417 2924 462 mecum
2982 407 3095 467 eris
3149 411 3213 471 in
3266 406 3526 491 paradiso
3582 420 3734 494 (Luc.

237 468 527 494 -__:L.-_
569 468 834 494 _----,=--_-
999 473 1204 494 ιι---
1281 472 1635 494 -._-_-.-__-_-
1699 490 1833 494 _-,--

234 468 529 525 omnibus
569 468 838 540 judicare
884 475 945 527 tu
993 473 1225 542 debeas,
1277 472 1642 545 singulorum
1693 490 1915 545 genera

223 558 444 631 judicii
492 558 581 613 tui
634 558 836 615 sobria
883 561 1220 618 deﬁnitione
1268 563 1615 618 discernere.
1668 563 1912 618 Vocavit

234 648 307 703 ad
346 653 403 703 te
434 648 645 704 omnia
676 648 872 716 Deus;
908 655 969 704 ut
998 668 1179 724 supra
1209 652 1405 708 omnia
1452 655 1705 707 mentem
1741 656 1905 708 tuam

232 754 646 811 cognosceres.
679 739 800 795 Cur
825 755 951 811 quae
973 740 1080 796 tibi
1106 741 1322 797 similia
1348 740 1588 797 minime
1612 740 1903 813 reperisti,

231 827 562 883 adsciscere
613 827 725 882 tibi
789 832 847 883 et
913 830 1191 901 c0pulare
1252 830 1535 886 voluisti?
1585 830 1752 886 Dedit
1799 830 1904 885 tibi

226 919 378 972 certe
409 933 662 973 sensum
693 934 813 989 quo
849 916 1128 974 universa
1169 936 1567 993 cognosceres,
1619 924 1675 975 et
1704 921 1773 975 de
1804 935 1901 974 co-

228 1006 405 1079 gnitis
436 1006 757 1077 judicares
810 1007 943 1078 (56),
1000 1009 1335 1081 meritoque
1396 1010 1465 1063 de
1513 1008 1609 1065 illo
1659 1009 1903 1065 fecundo

228 1094 477 1168 paradisi
510 1113 663 1169 agro
710 1097 936 1167 ejectus
988 1111 1080 1164 es,
1137 1099 1279 1170 quia
1327 1115 1441 1153 non
1494 1098 1735 1171 potuisti
1785 1115 1902 1153 ser-

222 1201 344 1241 vare
376 1186 768 1241 mandatum.
796 1185 1035 1241 Sciebat
1069 1188 1230 1243 enim
1270 1188 1424 1243 Deus
1470 1205 1597 1244 esse
1628 1191 1683 1244 te
1732 1186 1905 1260 fragi-

216 1274 339 1342 lem,
369 1274 612 1331 sciebat
634 1275 912 1347 judicare
947 1291 1078 1330 non
1114 1293 1288 1348 posse
1317 1295 1329 1343 ;
1381 1276 1510 1332 ideo
1562 1277 1707 1332 dixit
1738 1276 1903 1349 quasi

209 1364 666 1438 fragilioribus:
724 1364 899 1420 Nolite
947 1364 1245 1433 judicare,
1310 1369 1369 1420 ut
1420 1381 1529 1421 non
1578 1366 1911 1438 judicemini

205 1454 407 1527 (Matth.
444 1472 554 1519 vn,
595 1453 678 1527 1).
715 1457 861 1526 Ergo
908 1451 1065 1524 quia
1117 1453 1289 1509 scivit
1336 1454 1637 1511 inﬁrmum
1688 1459 1743 1511 te
1775 1473 1905 1513 esse

208 1545 274 1600 ad
295 1543 750 1616 judicandum,
779 1541 964 1598 voluit
999 1543 1381 1598 obedientem
1413 1561 1541 1600 esse
1591 1547 1905 1614 mandato;

214 1635 334 1690 ideo
359 1637 753 1707 praeceptum
783 1631 999 1705 posuit.
1040 1631 1211 1695 Quod
1248 1632 1294 1687 si
1329 1649 1441 1688 non
1498 1636 1907 1706 przevaricatus

226 1739 395 1788 esses,
469 1720 827 1795 periculum
875 1719 1089 1774 incerti
1136 1720 1347 1791 judicii
1392 1722 1648 1778 indicere
1702 1726 1906 1797 ncqui-

228 1813 425 1868 visses.
459 1812 687 1883 Itaque
721 1808 1001 1882 quoniam
1031 1808 1300 1878 judicare
1332 1810 1584 1879 voluisti,
1644 1812 1772 1868 ideo
1804 1815 1907 1869 ad-

242 1900 409 1956 didit:
446 1902 585 1955 Ecce
629 1899 812 1953 Adam
858 1900 1037 1969 factus
1087 1905 1169 1953 est
1216 1905 1474 1969 tanquam
1521 1917 1666 1956 unus
1720 1918 1906 1959 επηο-

239 1988 330 2055 bis,
376 1996 435 2043 ut
478 1989 627 2043 sciat
682 1987 889 2041 bonum
934 1993 985 2041 et
1032 1986 1246 2041 malum
1295 1987 1407 2054 (57)
1456 1989 1608 2060 (Gen.
1664 2008 1741 2059 ιη,
1791 1993 1903 2063 22).

239 2076 485 2133 Voluisti
517 2074 633 2130 tibi
662 2090 938 2146 arrogare
960 2074 1279 2145 judicium,
1324 2076 1450 2131 ideo
1483 2095 1714 2149 poenam
1748 2081 1907 2151 pravi

230 2166 437 2237 judicii
471 2165 737 2220 refutare
770 2179 885 2217 non
918 2163 1116 2219 debes.
1151 2163 1354 2220 Posuit
1383 2169 1579 2222 tamen
1618 2171 1676 2222 te
1707 2174 1909 2226 contra

236 2254 607 2326 paradisum,
644 2268 721 2307 ne
754 2252 1100 2307 memoriam
1133 2253 1262 2323 ejus
1293 2254 1485 2324 possis
1514 2254 1761 2312 abolere.

312 2342 407 2396 53.
438 2342 705 2413 Denique
740 2340 884 2410 justi
928 2341 981 2394 in
1016 2342 1360 2413 paradisum
1394 2361 1547 2416 saepe
1579 2345 1904 2417 rapiuntur,

240 2429 399 2486 sicut
427 2434 482 2485 et
511 2428 737 2485 Paulus
769 2432 974 2500 raptus
1005 2434 1096 2486 est
1144 2430 1203 2484 in
1262 2432 1624 2503 paradisum,
1659 2437 1715 2488 et
1744 2436 1906 2491 audi-

240 2518 329 2573 vit
359 2518 535 2573 verba
568 2515 912 2573 ineffabilia.
952 2518 1024 2572 Et
1073 2521 1134 2573 tu
1197 2519 1247 2574 si
1305 2536 1338 2575 a
1391 2520 1581 2592 primo
1640 2522 1781 2578 cmlo
1836 2526 1905 2580 ad

244 2607 600 2673 secundum,
633 2622 668 2660 a
697 2606 956 2660 secundo
980 2606 1050 2661 ad
1080 2605 1318 2662 tertium
1340 2609 1552 2664 mentis
1576 2613 1688 2664 tua:
1712 2611 1908 2684 vigore

247 2694 521 2767 rapiaris,
556 2694 669 2749 hoc
709 2698 819 2759 est,
844 2695 996 2766 quod
1025 2695 1281 2767 primum
1301 2697 1713 2770 unusquisque
1734 2699 1906 2758 homo

245 2788 339 2840 est
370 2781 714 2854 corporalis,
749 2784 1004 2838 secundo
1041 2782 1336 2853 animalis,
1370 2786 1539 2842 tertio
1588 2787 1903 2858 spiritalis:

248 2873 299 2927 si
333 2871 417 2926 ita
448 2870 701 2943 rapiaris
731 2871 801 2926 ad
830 2871 1066 2927 tertium
1107 2873 1342 2941 cmlum,
1393 2878 1457 2929 ut
1486 2875 1682 2931 videas
1715 2877 1903 2951 fulgo-

247 2976 375 3015 rem
418 2959 622 3033 gratiaa
674 2959 959 3031 spiritalis
1004 2961 1298 3032 (animalis
1344 2964 1501 3019 enim
1550 2963 1726 3020 homo
1773 2984 1904 3039 qua:

248 3052 394 3104 sunt
419 3048 664 3119 spiritus
694 3047 795 3103 Dei
827 3048 1057 3121 nescit),
1089 3053 1146 3105 et
1173 3050 1301 3106 ideo
1336 3052 1486 3107 tertii
1539 3052 1666 3109 cceii
1698 3071 1901 3112 ascen—
2010 3049 2268 3107 hominis
2293 3055 2351 3109 in
2396 3061 2668 3128 paradiso

2025 497 2197 549 xxm,
2238 486 2356 556 43).

2697 608 2936 669 CAPUT
2977 571 3100 674 XIl.

2027 680 2336 784 Serpentis
2369 693 2555 784 qualis
2582 697 3075 784 Γαθνὶῑ..ξαρίεηρἰίιἰ
3092 727 3111 763 .-
3142 716 3406 784 quomodo
3449 718 3743 775 mulierem

2109 769 2601 861 ifnrfisflfmfffi
2640 769 2903 861 ξίέίίέἔίδιξε
2977 769 3166 861 Μαί
3216 769 3511 859 waste.
3574 808 3743 861 (Nam

2383 832 2392 841 ,
2560 824 2589 848 Ι,
2662 824 2679 839 ι
2796 824 2894 828 την
2977 824 3069 850 --ν-,ι
3083 824 3141 837 νυν
3217 824 3511 859 ιυσμυσιοιυ,
3574 824 3741 861 quum

2117 824 2301 919 longe.
2328 829 2604 919 digressae
2634 839 2698 893 de
2730 845 2966 911 quadam
2996 853 3148 909 circa
3200 873 3324 913 eam
3372 878 3492 916 rem
3523 861 3741 919 dubita-

2121 901 2290 951 tione
2315 910 2698 978 consequitur.

2118 1007 2223 1062 54.
2260 1010 2500 1085 Serpens
2530 1025 2715 1079 autem
2744 1038 2861 1086 erat
2898 1039 3198 1107 sapientior
3245 1047 3496 1100 omnium
3544 1048 3741 1105 bestia-

2038 1106 2177 1148 rum
2224 1114 2353 1203 quar
2386 1116 2545 1165 erant
2584 1128 2751 1184 super
2786 1106 2988 1178 terram
3036 1128 3168 1198 (6i),
3219 1149 3360 1203 quas
3401 1136 3531 1203 fecit
3560 1141 3740 1194 Domi-

2035 1187 2386 1298 ξξίδυξθατς,
2444 1202 2495 1252 et
2549 1200 2695 1298 dixit
2741 1220 2958 1279 serpens
3011 1218 3239 1274 mulieri
3279 1237 3292 1276 :
3334 1222 3483 1289 Quid
3541 1229 3731 1298 utique

2030 1270 2199 1386 dific
2237 1274 2398 1386 Delus,
2430 1303 2502 1340 ne
2528 1288 2699 1345 edulis
2737 1295 2804 1349 al)
2850 1304 3002 1357 omni
3041 1305 3192 1373 ligno
3237 1309 3389 1379 quod
3436 1317 3515 1364 est
3548 1314 3607 1369 in
3628 1270 3734 1386 ipa-

2027 1362 2239 1417 radiso
2268 1365 2423 1437 (Gen.
2478 1379 2704 1450 111,1)?
2753 1383 2893 1441 Cum
2942 1390 3081 1446 dicit
3130 1362 3557 1464 sapientiorem
3609 1362 3730 1458 sbr-

2024 1458 2302 1551 pentem,
2337 1460 2623 1535 intelligis
2657 1484 2829 1539 quem
2862 1474 3154 1548 loquatur,
3192 1458 3248 1537 id
3284 1488 3402 1551 est,
3430 1484 3599 1543 illum
3633 1494 3730 1548 ad-

2019 1543 2669 1650 Xersarium‘nostrum
2698 1559 2796 1629 qui
2822 1566 3050 1621 tantum
3078 1567 3254 1625 habet
3279 1570 3474 1642 hujus
3498 1578 3727 1650 sapien-

2017 1629 2166 1727 tiam
2206 1636 2424 1727 mundi
2460 1638 2600 1706 (Vid.
2637 1643 2694 1699 s.
2745 1649 2891 1719 Aug.
2936 1651 3036 1707 lib.
3091 1673 3128 1711 ιι
3187 1629 3397 1715 Contra
3445 1629 3719 1727 nisi.

2017 1735 2066 1774 c.
2098 1722 2155 1816 5,
2194 1738 2254 1776 η.
2486 1727 2598 1784 Sed
2653 1733 2921 1808 voluptas
2970 1746 3147 1814 atque
3203 1746 3525 1808 delectatio
3576 1722 3722 1816 bene

2020 1808 2271 1909 sapiens.
2293 1810 2544 1911 dicitur,
2578 1821 2716 1891 quia
2745 1829 2803 1880 et
2836 1827 3120 1899 sapientia
3152 1835 3355 1890 carnis
3379 1840 3719 1911 appellatur

2019 1896 2321 1968 sapientia
2354 1897 2496 1971 (62),
2542 1904 2694 1964 sicut
2739 1896 2951 1970 habes:
3005 1918 3149 1982 Quia
3213 1896 3504 1992 sapientia
3534 1935 3720 1990 carnis

2011 1985 2245 2040 inimica
2270 1989 2361 2040 est
2416 1993 2522 2046 Deo
2571 1996 2741 2068 (Rom.
2767 2018 2889 2069 VIII,
2940 2004 3013 2075 7).

2016 2073 2492 2177 delectationum
2523 2099 2735 2155 genera
2764 2092 2940 2146 astuti
2974 2073 3134 2163 sunt,
3186 2099 3332 2169 quia
3367 2073 3713 2177 appetentes

2019 2166 2159 2218 sunt
2186 2162 2597 2257 voluptatum.
2634 2176 2764 2232 Sive
2795 2195 2931 2252 ergo
2979 2162 3467 2248 delectationem?
3494 2162 3709 2257 intelli:

2018 2267 2143 2323 gas,
2173 2255 2461 2323 quaedam
2498 2268 2586 2318 est
2616 2266 2812 2322 divino
2843 2272 3083 2326 adversa
3135 2278 3446 2352 mandato,
3506 2293 3563 2343 et
3594 2289 3709 2347 ini-

2019 2341 2171 2395 mica
2201 2345 2492 2404 sensibus
2536 2356 2773 2411 nostris.
2830 2356 2993 2414 Unde
3038 2368 3281 2421 sanctus
3334 2341 3560 2434 Paulus
3589 2380 3703 2439 ait:

2026 2429 2190 2485 Video
2222 2432 2407 2490 aliam
2459 2439 2629 2510 legem
2679 2445 2739 2497 in
2794 2448 3062 2502 membris
3114 2454 3249 2507 meis
3298 2442 3702 2533 repugnantem

2017 2519 2127 2628 figi
2156 2524 2367 2578 mentis
2393 2542 2533 2628 meae
2572 2532 2621 2585 et
2677 2535 3045 2604 captivantem
3091 2554 3179 2595 me
3230 2545 3293 2598 in
3341 2519 3470 2622 lege

2016 2607 2188 2705 (Rom.
2221 2625 2325 2709 γυ,
2357 2614 2470 2685 23).
2512 2618 2568 2673 Si
2604 2624 2800 2676 autem
2835 2623 2907 2677 ad
2963 2623 3266 2686 diabolum
3318 2607 3692 2714 referamne:

2018 2712 2119 2750 rus
2153 2695 2432 2757 inimicus
2455 2709 2544 2760 est
2565 2710 2798 2779 generis
2833 2709 3101 2766 humani.
3126 2717 3264 2781 Quae
3287 2730 3491 2785 autem
3520 2695 3695 2793 causa

2015 2783 2463 2847 inimicitiarum
2522 2795 2637 2851 nisi
2698 2797 2970 2853 invidia?
3023 2803 3184 2860 Sicut
3241 2811 3521 2875 Salomon
3575 2824 3687 2881 ait:

2015 2872 2162 2936 Quia
2192 2876 2408 2934 invidia
2474 2883 2683 2940 diaboli
2738 2903 2889 2941 mors
2942 2888 3197 2948 introivit
3251 2901 3313 2955 in
3346 2908 3536 2965 orbem
3578 2916 3686 2969 ter-

2009 2964 2374 3059 rarum_(8ap.
2408 2986 2467 3037 ιι,
2501 2974 2613 3044 2.5).
2650 2974 2882 3030 Invidia:
2923 2982 3121 3035 autem
3166 3000 3350 3057 causa
3383 2964 3682 3059 beatitudo

2715 3063 2908 3160 positi,
2942 3069 3000 3118 et
3049 3067 3177 3125 ideo
3229 3083 3518 3142 quoniam
3550 3089 3676 3161 ipse

244 3136 336 3192 sio
366 3136 472 3191 tibi
504 3140 593 3192 est
625 3137 957 3193 necessaria
987 3138 1120 3209 (58),
1157 3143 1219 3194 ut
1262 3140 1506 3211 rapiaris
1555 3142 1614 3196 in
1666 3147 1896 3215 paradi-
1930 3132 1972 3198 C
2010 3137 2279 3241 diabolus
2312 3151 2610 3217 acceptam
2644 3149 2895 3221 gratiam
2929 3154 3125 3212 tenere
3176 3177 3289 3218 non
3346 3174 3557 3241 potuit,
3572 3132 3674 3233 in-

242 3241 382 3281 sum
403 3243 420 3278 :
448 3224 690 3297 rapieris
713 3226 840 3296 jam
869 3226 995 3282 sine
1026 3227 1302 3298 periculo,
1339 3234 1403 3284 ut
1454 3231 1649 3303 possis
1680 3232 1897 3305 dijudi-

239 3329 381 3368 care
409 3314 625 3381 omnia,
658 3315 798 3387 quia
836 3315 1120 3387 spiritalis
1167 3317 1455 3389 dijudicat
1502 3321 1720 3390 omnia,
1772 3324 1898 3396 ipse

238 3405 445 3456 autem
493 3418 525 3456 a
584 3402 819 3458 nemine
887 3403 1262 3475 dijudicatur.
1317 3411 1380 3461 Et
1432 3408 1678 3465 fortasse
1726 3414 1896 3483 quasi

236 3488 439 3544 adhuc
477 3489 719 3562 fragilis,
770 3492 974 3548 audies
1024 3494 1202 3549 verba
1254 3494 1573 3551 ineffabilia
1623 3516 1749 3570 quae
1779 3519 1893 3559 non

235 3577 418 3632 liceat
447 3576 666 3633 homini
702 3578 892 3652 loqui:
929 3586 985 3637 et
1014 3587 1154 3638 tunc
1186 3585 1340 3655 quod
1385 3587 1676 3657 acceperis
1708 3606 1891 3646 reser-

232 3670 395 3732 vato,
430 3670 486 3720 et
513 3668 663 3738 quod
697 3668 953 3725 audieris
987 3672 1299 3735 custodito,
1334 3672 1549 3731 Paulus
1591 3678 1891 3747 apostolus

235 3753 605 3811 custodiebat
650 3772 724 3812 ne
774 3756 1086 3828 laberetur,
1145 3760 1232 3815 vel
1284 3760 1429 3818 alios
1478 3768 1631 3820 certe
1680 3766 1892 3823 faceret

232 3856 453 3896 errare.
504 3845 616 3898 Aut
658 3845 904 3900 fortasse
951 3846 1081 3903 ideo
1139 3848 1279 3904 dicit
1329 3850 1565 3920 Paulus,
1615 3870 1740 3925 quae
1780 3873 1889 3912 non

231 3930 403 3985 liccat
432 3929 640 3987 homini
670 3933 824 4005 loqui
851 3934 925 4004 (11
947 3934 1066 3990 Cor.
1100 3952 1201 4003 xu,
1249 3939 1325 4006 4),
1359 3938 1496 4011 quia
1545 3946 1669 3997 erat
1698 3944 1888 4000 adhuc

229 4017 297 4073 in
360 4034 596 4091 corpore
650 4021 1026 4089 constitutus,
1083 4024 1194 4081 hoc
1255 4032 1364 4090 est,
1428 4027 1677 4113 videbat.
1713 4032 1885 4090 istius

230 4106 497 4178 corporis
570 4110 895 4180 passiones,
972 4112 1208 4169 videbat
1268 4113 1456 4186 legem
1514 4106 1708 4174 carnis
1766 4138 1882 4177 suae

2008 3225 2154 3281 vidit
2184 3227 2430 3319 homini,
2463 3250 2529 3290 eo
2562 3237 2715 3307 quod
2750 3237 3039 3308 ﬁguratus
3087 3259 3119 3300 e
3166 3225 3669 3319 timorm—incola

2006 3315 2261 3385 paradisi
2295 3325 2471 3388 esset,
2506 3321 2728 3377 electus
2758 3329 2866 3379 est.
2901 3315 3327 3394 Considerabat
3356 3315 3668 3407 enim‘dia:

2004 3401 2175 3457 bolus
2205 3406 2359 3475 quod
2393 3408 2519 3479 ipse
2549 3411 2649 3482 qui
2692 3411 2902 3469 fuisset
2954 3422 3277 3492 superioris
3324 3438 3571 3507 naturae,
3604 3441 3661 3495 in

2003 3489 2124 3545 haec
2155 3492 2458 3553 saecularia
2489 3503 2546 3553 et
2577 3500 2878 3558 mundana
2899 3489 3232 3568 deciderat:
3262 3514 3439 3577 homo
3465 3489 3659 3583 autem

2002 3579 2293 3636 inferioris
2342 3589 2562 3641 naturae
2612 3589 2886 3659 sperabat
2935 3602 3171 3654 aeterna.
3224 3603 3342 3661 Hoc
3396 3579 3660 3688 estergo

2707 3677 3014 3688 ...-_

2001 3669 2154 3739 quod
2187 3669 2407 3728 invidet
2436 3675 2637 3731 dicens
2658 3694 2670 3732 :
2693 3677 2819 3774 .Inste
2845 3680 3089 3740 inferior
3118 3689 3475 3762 adipiscitur
3502 3669 3667 3774 qugd

1999 3772 2103 3829 ego
2135 3774 2365 3818 servare
2400 3780 2514 3820 non
2544 3765 2751 3838 potui?
2778 3767 2890 3824 Iste
2934 3772 3007 3828 de
3054 3778 3227 3833 terris
3274 3765 3554 3854 migrabit
3584 3793 3654 3846 ad

1998 3846 2229 3919 coelum,
2263 3866 2395 3906 cum
2441 3870 2546 3926 ego
2605 3855 2677 3909 de
2734 3857 2876 3912 coelo
2935 3859 3138 3933 lapsus
3194 3865 3250 3921 in
3310 3846 3466 3928 terra
3498 3877 3656 3932 sim?

1996 3934 2207 4034 hiultas
2234 3939 2359 3996 vias
2391 3934 2575 3999 habeo
2607 3944 2824 4015 quibus
2868 3948 3169 4009 hominem
3221 3955 3486 4030 decipere
3517 3981 3651 4036 pos-

1994 4022 2126 4081 sim.
2159 4027 2239 4082 De
2278 4028 2417 4086 limo
2473 4032 2660 4088 factus
2711 4039 2984 4104 est,terra
3022 4042 3074 4097 ei
3135 4048 3319 4099 mater
3351 4022 3470 4118 .est,
3517 4022 3648 4109 cor-

1992 4113 2371 4185 ruptibilibus
2403 4119 2699 4177 involutus
2729 4130 2838 4180 est.
2875 4128 2941 4183 Et
2973 4129 3021 4184 si
3076 4133 3274 4189 anima
3326 4113 3646 4210 superioris

229 4200 658 4267 repugnantem
693 4197 804 4271 legi
837 4200 1050 4256 mentis
1091 4218 1210 4257 sum
1256 4204 1396 4274 (rid,
1448 4204 1505 4260 s,
1554 4211 1701 4281 Aug,
1755 4208 1792 4263 ι,
1843 4228 1882 4265 ῃ
1990 4206 2232 4300 naturae,
2264 4211 2461 4300 tamen
2493 4214 2550 4265 et
2578 4211 2707 4284 ipsa
2746 4212 2939 4287 lapsui
2992 4224 3185 4290 potest
3214 4239 3341 4279 esse
3371 4197 3641 4300 obnoxia;

227 4282 439 4339 Contra
463 4286 670 4340 Julian.
705 4287 846 4353 Pel.,
879 4304 927 4343 c.
970 4290 1023 4357 5,
1078 4307 1133 4344 n.
1191 4292 1300 4363 13).
1350 4292 1470 4348 Hoc
1520 4295 1675 4351 enim
1728 4298 1880 4354 malo

2020 4307 2050 4344 n
2081 4294 2339 4365 corporis
2365 4282 2981 4374 carcere‘constituta;
3015 4311 3247 4379 quando
3270 4328 3376 4385 ego
3407 4282 3642 4390 lapsum

224 4369 499 4443 intelligi,
535 4389 607 4427 ne
638 4374 942 4431 videamur
971 4378 1285 4449 quemdam
1314 4381 1463 4436 I69
1485 4382 1676 4438 adhuc
1697 4384 1879 4441 futuri
1986 4378 2167 4436 vitare
2198 4399 2312 4438 non
2345 4386 2526 4457 potui.
2563 4392 2663 4442 Est
2694 4389 2872 4462 igitur
2901 4369 2992 4450 νὶέι
3024 4369 3236 4468 prima,
3283 4369 3347 4457 “ut
3391 4369 3642 4480 dceipia-

224 4457 472 4480 _-_:--_u
525 4460 730 4480 :--.-,,-
792 4466 830 4480 .,
1125 4467 1229 4480 mm
1308 4468 1364 4480 η.
1492 4469 1504 4480 .
1692 4471 1706 4480 .
1990 4470 2001 4480 .
2178 4470 2194 4480 .
2486 4476 2524 4480 --
2565 4476 2574 4480 -

219 4457 474 4530 periculi
515 4460 742 4531 jactare
788 4466 1067 4521 terrorem
1120 4467 1254 4537 (59).
1308 4468 1367 4524 Si
1414 4469 1568 4526 enim
1620 4471 1708 4526 vel
1750 4491 1879 4545 pro-
1907 4503 1956 4566 Β
1986 4470 2103 4566 tur,
2162 4470 2312 4566 dura
2357 4457 2868 4536 conditione‘sua
2917 4457 3141 4556 majora
3192 4457 3642 4555 desiderat-filio

220 4550 359 4618 pter
385 4546 539 4602 hanc
579 4549 756 4605 vitam
816 4555 1120 4623 securitas,
1172 4559 1236 4610 ut
1293 4556 1485 4614 nullos
1534 4562 1874 4631 praevarica-

2022 4558 2142 4613 nim
2175 4560 2413 4629 quidam
2446 4568 2689 4621 conatus
2719 4573 2811 4623 est
2838 4569 3161 4631 industriae.
3190 4576 3409 4636 Deinde
3442 4589 3637 4643 carnis

218 4634 407 4690 tionis
439 4641 570 4708 post
595 4637 744 4695 hanc
776 4640 980 4697 futurae
1011 4642 1253 4716 laqueos
1283 4645 1705 4705 formidemus:
1740 4666 1875 4726 ergo
1985 4651 2092 4714 est,
2146 4650 2299 4719 quod
2349 4666 2465 4706 11011
2516 4651 2746 4728 habeat,
2819 4659 3168 4720 desiderare.
3224 4634 3631 4729 Postremo

218 4724 568 4797 quicunque
598 4727 772 4799 fuerit
820 4729 878 4784 in
937 4732 1206 4802 paradiso
1251 4735 1596 4794 ascensione
1640 4724 1874 4797 virtutis
1984 4749 2100 4805 quo
2131 4735 2328 4793 Videor
2357 4754 2462 4810 ego
2495 4743 2770 4800 omnibus
2811 4764 2940 4805 6388
2988 4752 3329 4824 sapientior.
3384 4758 3495 4813 nisi
3524 4760 3633 4814 Cir-

216 4811 428 4867 audiet
456 4814 733 4886 mysteria
760 4815 855 4872 Dei
885 4834 1096 4875 arcana
1123 4819 1223 4875 illa
1252 4827 1428 4893 atque
1478 4830 1736 4883 secreta:
1769 4845 1871 4883 au-
1982 4825 2371 4881 cumscribam
2402 4827 2723 4902 hominem,
2774 4841 2832 4892 et
2879 4842 3138 4897 versutia
3167 4847 3224 4897 et
3266 4844 3463 4899 frande
3492 4862 3628 4902 00n-

213 4899 342 5003 diet
372 4898 663 4959 dicentem
694 4903 1006 4962 Dominum
1028 4912 1311 4981 tanquam
1344 4910 1554 4967 latroni
1588 4914 1668 4969 illi
1699 4911 1957 5003 θείω-η’
1980 4914 2264 5003 tendam?
2312 4917 2514 4990 Itaque
2556 4898 2926 4983 machinatus
2982 4934 3096 4997 est,
3162 4935 3229 4985 ut
3277 4898 3410 4986 non,
3438 4898 3628 5003 prim—0

213 4911 342 4954 met
372 4911 663 4959 dicentem
695 4911 1006 4962 Dominum
1028 4912 1311 4981 tanquam
1344 4911 1554 4967 latroni
1588 4914 1668 4969 illi
1699 4934 1872 4975 asce-
1889 4911 2264 5079 [tendam‘l
2312 4917 2514 4990 Itaque
2556 4922 2926 4983 machinatus
2982 4934 3096 4997 est,
3162 4935 3229 4985 ut
3277 4948 3389 4986 non
3438 4934 3628 5003 primo

211 4985 336 5044 lere
368 4989 443 5044 ad
477 4990 926 5064 confessionem,
958 5000 1015 5052 et
1046 4997 1115 5052 ad
1148 4997 1323 5054 fidem
1355 5016 1389 5054 a
1418 4998 1722 5060 latrocinio
1753 5008 1865 5079 (60)
1978 5001 2162 5057 Adam
2198 5004 2541 5079 odoriretur,
2577 5012 2676 5066 sed
2704 5014 2891 5070 Adam
2923 5034 3026 5088 per
3055 5016 3357 5074 mulierem
3383 5020 3628 5081 circum-

2047 5163 2160 5251 (QO)
2194 5165 2334 5251 Mss:
2370 5166 2579 5251 decent
2601 5171 2832 5251 optimae
2886 5180 3073 5251 notae,
3107 5191 3181 5251 ac
3212 5182 3325 5234 vet.
3360 5180 3521 5251 edit.,
3554 5187 3625 5241 ad

1601 5234 1753 5290 'actus
1808 5254 1864 5292 es
2134 5237 2507 5320 latrocinium.
2541 5234 2801 5305 Quatuor
2829 5261 2963 5300 cum
2987 5234 3121 5302 edit.
3149 5247 3346 5318 Rom.,
3370 5234 3624 5325 ad,

1972 5307 2344 5365 alatrocinio.
3333 5307 3344 5318 -

1972 5378 2170 5473 L531)-
2211 5381 2448 5452 Amiqm
2508 5382 2725 5454 ³¹ί⁴ῐυοί
2783 5405 2951 5455 ωδε-ν
3025 5405 3143 5461 Qua:
3200 5403 3400 5464 repunt
3454 5415 3623 5473 super

1967 5450 2299 5607 ἰίῖῗέιέῖιΜε..
2332 5522 2480 5607 Div.,
2531 5528 2845 5596 appellatur
2898 5534 3192 5604 sapientia,
3252 5552 3377 5607 qua
3431 5548 3509 5598 est
3539 5542 3619 5597 di-

1966 5593 2091 5649 vino
2123 5593 2378 5651 mandato
2406 5593 2649 5652 adversa.

291 5147 388 5221 (56
439 5147 580 5204 Mss.
617 5150 778 5206 Rem.
813 5156 868 5207 et
914 5153 1060 5221 Div.,
1110 5155 1174 5210 de
1221 5158 1545 5226 cogitatibus
1612 5162 1861 5221 'udicare.

291 5148 410 5288 (57)
438 5219 579 5274 Mss.
638 5220 797 5277 Gem.
856 5228 910 5280 S.
971 5226 1078 5280 Th.
1135 5231 1193 5282 et
1224 5228 1281 5284 S.
1344 5229 1542 5288 Mich..
1577 5180 1753 5288 [hctus
1808 5254 1861 5288 es

288 5219 409 5288 (57)
438 5219 585 5296 Μειειἒ
614 5220 797 5296 βαιῇ.
856 5228 910 5280 S.
971 5219 1078 5280 Th.
1135 5231 1193 5282 et
1224 5219 1305 5284 8.-
1344 5229 1542 5296 Mich.,

203 5304 362 5360 unus
390 5306 463 5344 ea:
490 5291 667 5360 nobis,
702 5298 756 5348 ut
784 5296 922 5350 scias
953 5295 1153 5353 bonum
1182 5303 1233 5354 et
1271 5302 1503 5356 malum.

281 5359 403 5443 (58)
428 5360 574 5444 glas.
610 5362 796 5444 G_em.,
830 5366 1061 5444 Big._,_S.
1095 5369 1202 5426 Th.
1247 5375 1304 5426 et
1351 5372 1409 5428 S.
1445 5372 1642 5444 Mich.,
1676 5393 1859 5434 neces-

200 5434 676 5514 sariasdjapieris
699 5437 759 5490 in
782 5434 1123 5514 paradisum,
1174 5445 1431 5514 rapieris,
1473 5449 1581 5500 etc.

276 5502 399 5589 (59)
429 5507 520 5559 Ita
550 5521 692 5561 mss.
721 5502 866 5564 octo.
915 5509 1049 5580 Alii,
1101 5502 1158 5567 et
1214 5502 1333 5569 e'dit
1379 5502 1603 5587 omnes,
1647 5517 1858 5589 jactare

200 5586 457 5629 errorem
466 5615 480 5629 .
