4158 6168
505 248 627 319 319

1960 257 2026 323 S.
2073 246 2452 329 AMBROSiI

3796 246 3901 339 so

501 397 753 456 scribere
784 405 1110 456 conaretur.
1138 398 1265 455 Non
1289 395 1537 454 adorsus
1584 400 1674 455 est
1719 415 1855 457 eum
1904 398 2003 471 qui
2049 414 2142 453 co-
2176 398 2230 463 Α
2261 399 2410 471 ligno
2441 421 2548 460 non
2578 402 2746 462 edetis
2766 421 2785 460 :
2818 420 2965 463 cum
2997 404 3068 465 de
3100 421 3215 467 uno
3244 407 3477 465 tantum
3530 406 3694 483 ligno
3722 411 3897 467 scien-

500 507 625 546 ram
656 494 955 565 acceperat
998 490 1225 549 caeleste
1268 490 1645 547 mandatum:
1698 490 1798 547 sed
1830 507 1957 547 eam
1992 492 2146 547 I70
2255 493 2348 547 tiae
2380 494 2530 550 boni‘
2553 499 2610 552 et
2643 494 2782 552 mali
2822 495 3159 571 praeceperit
3179 501 3333 554 Deus
3354 513 3470 554 non
3504 513 3631 555 esse
3662 503 3898 574 gustan-

497 582 746 637 adorsus
775 586 1022 655 estquae
1054 600 1087 637 a
1116 582 1236 637 viro
1270 579 1571 647 didicerat,
1614 597 1727 635 non
1775 598 1810 635 a
1856 581 1971 636 Deo
2002 579 2142 651 quid
2254 583 2419 641 dum.
2454 586 2579 651 Qua
2626 586 2851 643 ratione
2900 591 3094 644 autem
3143 586 3434 653 fefellerit,
3484 587 3628 644 nihil
3661 588 3895 661 mirum,

495 670 845 737 observaret,
907 675 1223 742 acceperat.
1285 669 1484 741 Neque
1556 668 1711 725 enim
1770 668 1952 725 habes
2003 668 2141 740 quia
2252 673 2389 745 quia
2437 674 2507 730 iis
2556 674 2656 747 qui
2712 675 2967 748 aliquem
3029 676 3510 732 circumscribere
3588 683 3893 745 conantur,

496 759 729 816 mulieri
779 760 923 816 dixit
975 762 1140 824 Deus,
1193 759 1292 813 sed
1341 759 1480 830 quia
1524 760 1661 813 Adae
1708 757 1887 825 dixit;
1919 761 1975 813 et
2007 758 2135 813 ideo

495 865 598 919 per
630 850 815 904 Adam
844 849 1184 920 cognovisse
1216 847 1427 904 mulier
1458 849 1805 905 aestimanda
1836 851 1948 904 est.

563 939 647 991 55.
684 937 1048 1009 Cognoscens
1080 937 1259 1009 igitur
1289 937 1540 992 hocloco
1561 937 1900 992 tentamenti
1926 952 2136 1009 genus,

491 1023 746 1096 plurima
775 1025 948 1080 etiam
984 1024 1114 1081 aliis
1148 1025 1286 1082 locis
1318 1026 1663 1082 tentamenti
1711 1043 1925 1098 genera
1972 1041 2134 1098 repe-

491 1112 624 1168 ries.
661 1112 789 1169 Alia
817 1118 956 1170 sunt
978 1131 1078 1186 per
1100 1116 1419 1187 principem
1442 1115 1613 1170 istius
1638 1116 1837 1170 mundi
1860 1115 1959 1187 qui
1983 1131 2137 1185 quaa-

489 1202 624 1256 dam
654 1219 876 1259 venena
907 1203 1205 1276 sapientiae
1237 1204 1291 1258 in
1326 1204 1480 1258 hunc
1523 1206 1807 1258 mundum
1839 1202 2130 1269 evomuit;

488 1294 553 1345 ut
582 1308 714 1347 vera
774 1297 1044 1364 putarent
1099 1293 1367 1348 homines
1422 1310 1551 1349 esse
1608 1310 1736 1365 qua:
1793 1292 1939 1348 falsa
1970 1297 2130 1359 sunt,

487 1385 543 1437 et
560 1382 750 1453 specie
769 1383 1022 1455 quadam
1046 1383 1351 1438 hominum
1388 1386 1692 1455 caperetur
1722 1382 2130 1438 affectusNon

486 1472 642 1527 enim
675 1489 906 1544 semper
935 1471 1102 1544 quasi
1130 1476 1365 1543 apertus
1412 1472 1601 1526 hostis
1630 1471 1994 1544 ingreditur:
2028 1472 2130 1527 sed

485 1565 624 1618 sunt
666 1562 933 1633 quaedam
978 1565 1294 1633 potestates
1339 1577 1466 1632 quae
1516 1576 1774 1616 amorem
1825 1560 2127 1626 simulent,

483 1652 851 1727 gratiamque
895 1652 1285 1723 praetendant;
1335 1656 1402 1705 ut
1448 1650 1731 1722 paulatim
1763 1649 2127 1723 cogitationi-

2250 764 2611 819 consuetudo
2642 767 2732 821 est
2768 764 2986 821 fallere.
3017 765 3143 821 Non
3186 769 3277 821 est
3306 766 3486 839 igitur
3513 766 3893 839 interrogatio

2250 852 2437 909 otiosa
2466 854 2776 925 serpentis.
2825 854 2935 911 Sed
2967 859 3033 911 ut
3063 854 3215 911 scias
3246 854 3307 910 in
3353 856 3628 911 mandato
3670 856 3891 912 nullum

2245 940 2454 996 vitium
2487 958 2616 998 esse
2658 942 2938 1015 potuisse,
2971 943 3276 1016 respondit
3306 943 3538 1011 mulier,
3574 949 3638 999 ut
3671 944 3890 1001 habes:

2245 1031 2328 1086 Ex
2355 1034 2507 1087 omni
2556 1033 2706 1102 ligno
2748 1033 3004 1105 paradisi
3050 1033 3550 1089 manducabimus:
3596 1034 3665 1089 de
3714 1037 3893 1105 fructu

2243 1124 2428 1175 autem
2457 1122 2598 1191 ligni
2624 1123 2765 1194 quod
2803 1127 2884 1178 est
2913 1125 2974 1177 in
3001 1122 3179 1179 medio
3224 1122 3505 1194 paradiso,
3537 1122 3685 1178 dixit
3715 1125 3889 1179 Deus:

2243 1208 2361 1264 Non
2388 1211 2794 1267 mundus-abitis
2822 1228 2891 1268 ex
2917 1228 2998 1275 eo,
3031 1227 3200 1284 neque
3224 1212 3460 1282 tangetis
3510 1213 3554 1266 1
3572 1213 3661 1266 ’11
3715 1228 3787 1267 ex
3812 1228 3890 1283 eo,

2239 1315 2310 1354 ne
2336 1304 2508 1356 morte
2553 1302 2876 1357 moriamini
2922 1300 3078 1372 (Ibid.
3127 1301 3183 1367 2,
3216 1300 3292 1371 3).
3336 1301 3399 1355 In
3446 1300 3726 1356 mandato
3759 1299 3893 1372 qui-

2241 1393 2374 1447 dem
2424 1390 2655 1447 nullum
2686 1390 2893 1445 vitium
2923 1392 3032 1455 est,
3065 1388 3163 1445 sed
3197 1389 3256 1443 in
3291 1387 3567 1444 relatione
3599 1388 3887 1444 mandati.

2242 1480 2465 1537 Etenim
2499 1483 2789 1552 quantum
2839 1495 3094 1552 prtesens
3148 1476 3318 1534 lectio
3363 1478 3550 1542 docet,
3600 1476 3883 1533 discimus

2240 1570 2388 1626 nihil
2410 1568 2496 1625 vel
2520 1567 2807 1624 cautionis
2855 1568 3045 1641 gratia
3065 1568 3314 1641 jungere
3340 1582 3446 1622 nos
3476 1566 3684 1621 debere
3716 1582 3880 1621 man-

2239 1660 2394 1716 dato.
2427 1658 2487 1714 Si
2519 1657 2659 1730 quid
2690 1657 2847 1714 enim
2880 1656 2968 1712 vel
2998 1656 3181 1712 addas
3208 1654 3297 1711 vel
3339 1654 3633 1721 detrahas,
3668 1671 3883 1727 praeva-

482 1741 593 1796 bUS
652 1739 870 1795 nostris
924 1756 1208 1795 Venenum
1269 1757 1385 1795 sum
1434 1738 1763 1811 iniquitatis
1814 1739 2124 1805 “fundant.
2158 1769 2205 1834 B
2238 1747 2437 1804 ricatio
2482 1747 2751 1819 quaedam
2799 1746 3033 1801 videtur
3073 1761 3202 1801 esse
3234 1744 3517 1799 mandati.
3551 1744 3703 1800 Pura
3732 1745 3887 1801 enim

481 1847 516 1885 a
571 1830 786 1902 quibus
843 1829 1112 1884 oriuntur
1168 1828 1268 1884 illa
1310 1834 1548 1900 peccata
1598 1845 1727 1900 quae
1774 1828 1861 1883 vel
1911 1845 1979 1883 ex
2024 1828 2123 1883 de-

479 1918 809 1985 lectatione,
839 1917 928 1973 vel
984 1935 1052 1973 ex
1108 1917 1362 1989 quadam
1417 1918 1632 1973 mentis
1684 1916 1961 1971 facilitate
2018 1934 2126 1972 na-

479 2012 744 2064 scuntur.
807 2008 958 2063 Sunt
999 2007 1174 2063 etiam
1224 2006 1349 2061 alite
1398 2009 1711 2078 potestates
1770 2022 1896 2077 qua
1944 2005 2124 2061 veluti

477 2096 871 2154 colluctantur
916 2096 1244 2152 nobiscum.
1307 2095 1470 2150 Unde
1522 2098 1579 2151 et
1636 2094 1944 2167 Apostolus
1999 2094 2121 2150 ait:

479 2188 619 2256 Quia
665 2194 771 2241 non
821 2193 899 2241 est
943 2185 1097 2242 nobis
1146 2185 1453 2240 colluctatio
1498 2184 1755 2239 adversus
1806 2200 2026 2239 carnem
2072 2188 2123 2239 et

472 2278 820 2346 sanguinem,
872 2275 964 2331 sed
1019 2275 1274 2330 adversus
1342 2275 1715 2346 principatus,
1772 2276 1823 2328 et
1882 2281 2119 2343 potesta-

474 2368 571 2436 tes,
611 2369 661 2422 et
710 2373 942 2421 rectores
999 2364 1165 2434 hujus
1216 2363 1429 2431 mundi,
1487 2363 1841 2417 tenebrarum
1899 2362 2118 2427 harum,

474 2454 730 2511 adversus
779 2454 1086 2525 nequitiam
1146 2451 1488 2523 spiritalium
1544 2465 1670 2523 quae
1728 2458 1856 2506 sunt
1899 2454 1962 2505 in
2016 2467 2119 2506 caa-

475 2544 699 2598 lestibus
754 2542 967 2615 (Ephes,
1031 2559 1107 2597 VI.
1167 2540 1275 2610 42).
1332 2539 1550 2594 Volunt
1607 2539 1762 2594 enim
1840 2538 1948 2594 hac
2004 2557 2121 2611 qua

474 2632 609 2687 dam
658 2632 1029 2688 contentione
1086 2647 1192 2685 nos
1242 2629 1527 2701 frangere,
1577 2632 1636 2683 et
1690 2627 1870 2684 veluti
1928 2629 2118 2699 quod-

472 2719 608 2775 dam
641 2721 849 2775 animze
880 2723 1089 2774 nostra:
1122 2733 1334 2789 corpus
1365 2715 1598 2771 elidere.
1627 2715 1787 2770 Unde
1816 2719 1871 2771 et
1903 2715 2117 2770 Paulus

471 2808 637 2879 quasi
662 2808 850 2862 bonus
882 2804 1101 2861 athleta
1130 2822 1245 2859 non
1276 2802 1467 2874 solum
1499 2803 1651 2858 ictus
1682 2803 2117 2859 adversantium

472 2899 827 2967 potestatum
879 2894 1059 2948 vitare
1106 2896 1472 2965 cognoverat,
1522 2907 1725 2946 verum
1785 2892 1960 2947 etiam
2010 2892 2111 2947 ad-

469 2986 772 3038 versantes
806 2980 993 3036 ferire.
1025 2980 1187 3036 Unde
1216 2983 1271 3035 et
1298 2980 1413 3035 ait:
1450 2980 1702 3034 Percutio
1750 2982 1972 3051 pugnis,
2006 2997 2113 3036 non

474 3075 530 3126 ut
554 3087 682 3127 aera
712 3070 918 3125 credens
946 3071 993 3140 (I
1020 3068 1144 3124 Cor.
1178 3086 1253 3137 Ix,
1296 3068 1409 3139 26).
1460 3069 1528 3123 Et
1558 3067 1685 3123 ideo
1716 3069 1884 3140 quasi
1925 3069 2116 3125 bonus

2236 1839 2292 1910 (3
2322 1854 2409 1910 qu.
2444 1854 2521 1903 1x,
2557 1853 2612 1892 ο.
2646 1835 2818 1909 Pura)
2866 1839 2923 1891 et
2971 1833 3223 1907 simplex
3252 1833 3514 1889 mandati
3548 1832 3740 1889 forma
3769 1850 3887 1889 ser-

2231 1928 2441 1993 vanda,
2486 1923 2576 1981 vel
2621 1923 2941 1981 testimonii
2992 1923 3173 1980 series
3223 1921 3550 1978 intimanda
3598 1926 3707 1977 est.
3763 1921 3885 1977 Ple-

2232 2031 2484 2086 rumque
2516 2012 2683 2068 testis
2715 2013 2858 2068 dum
2890 2011 3116 2084 aliquid
3148 2011 3221 2066 ad
3253 2009 3462 2066 seriem
3491 2013 3789 2083 gestorum
3820 2026 3888 2065 ex

2232 2119 2339 2158 suo
2370 2100 2591 2173 adjicit,
2615 2103 2799 2155 totam
2820 2097 3145 2155 testimonii
3166 2097 3341 2154 fidem
3365 2097 3554 2169 partis
3584 2096 3885 2153 mendacio

2231 2190 2544 2247 decolorat.
2594 2187 2751 2245 Nihil
2801 2187 2983 2260 igitur
3025 2186 3115 2243 vel
3162 2186 3319 2259 quod
3368 2186 3588 2241 bonum
3632 2183 3884 2249 videtur,

2231 2279 2566 2335 addendum
2599 2282 2704 2333 est.
2740 2275 3007 2348 Namque
3034 2274 3131 2331 hic
3163 2274 3302 2348 quid
3333 2273 3674 2331 oti‘ensionis
3704 2272 3884 2328 habet

2230 2367 2421 2440 prima
2450 2366 2642 2438 specie
2672 2364 2827 2437 quod
2880 2364 3107 2420 addidit
3164 2362 3409 2419 mulier:
3460 2363 3641 2434 Neque
3688 2366 3879 2430 tange-

2229 2457 2301 2511 tis
2352 2472 2423 2511 ex
2478 2471 2536 2510 eo
2589 2454 2887 2527 quidquam
2922 2456 2949 2507 .9
3008 2453 3255 2524 Tangetis
3312 2452 3469 2507 enim
3534 2450 3687 2507 Deus
3759 2465 3878 2504 non

2231 2544 2473 2612 dixerat,
2513 2544 2615 2599 sed
2668 2558 2781 2598 non
2809 2542 2998 2597 edelis.
3049 2541 3161 2596 Sed
3192 2542 3387 2596 tamen
3443 2540 3644 2612 lapsus
3674 2534 3887 2609 incipit

2228 2650 2357 2689 esse
2415 2631 2787 2705 principium.
2850 2630 2995 2686 Nam
3038 2645 3168 2701 quae
3227 2628 3472 2695 addidit,
3515 2625 3884 2700 superﬂuum

2229 2720 2476 2787 addidit,
2505 2718 2592 2776 vel
2623 2718 2891 2776 addendo
2921 2719 2992 2773 de
3023 2717 3259 2790 proprio
3291 2716 3677 2788 semiplenum
3710 2713 3882 2769 intel-

2228 2808 2367 2865 lexit
2403 2809 2506 2865 Dei
2544 2825 2673 2865 esse
2713 2806 3081 2863 mandatum.
3135 2805 3314 2861 Docet
3352 2805 3534 2878 igitur
3589 2820 3694 2859 nos
3735 2819 3882 2875 pra:—

2227 2899 2411 2954 sentis
2474 2898 2657 2953 series
2708 2894 2976 2952 lectionis
3035 2910 3228 2966 neque
3284 2894 3588 2949 detrahere
3656 2890 3881 2963 aliquid

2226 2987 2440 3043 divinis
2479 2986 2689 3042 debere
2750 2983 3067 3051 mandatis,
3126 2998 3315 3055 neque
3364 2983 3598 3038 addere.
3642 2980 3787 3037 Nam
3830 2980 3881 3035 si

2225 3076 2481 3132 Joannes
2518 3075 2628 3130 hoc
2676 3073 2964 3145 judicavit
3019 3072 3090 3128 de
3144 3071 3270 3127 suis
3328 3071 3605 3143 scriptis:
3648 3070 3708 3125 Si
3756 3072 3882 3142 quis

471 3159 687 3216 athleta
716 3160 785 3215 ad
821 3136 1095 3215 coro-nam
1146 3136 1377 3213 meruit.
1405 3136 1913 3230 pervenire—Ergo
1961 3157 2115 3213 mul-
2147 3136 2190 3203 (ἶ
2227 3166 2556 3237 apposuerit,
2599 3136 2812 3235 inquit,
2861 3160 2933 3216 ad
2979 3159 3094 3226 hoc,
3151 3159 3377 3230 adjiciet
3421 3136 3480 3214 in
3530 3160 3694 3215 illum
3740 3136 3880 3214 Deus

468 3249 692 3322 tiplicia
724 3251 1084 3304 tentamenta
1114 3251 1253 3302 sunt
1282 3244 1519 3301 diaboli.
1563 3246 1630 3301 Et
1670 3246 1797 3302 ideo
1838 3246 2116 3320 bilinguis

469 3354 712 3410 serpens
750 3337 1000 3392 habetur
1045 3340 1218 3408 atque
1270 3333 1525 3403 lethalis,
1569 3351 1634 3390 eo
1703 3334 1856 3407 quod
1899 3334 2117 3391 diaboli

473 3426 743 3481 minister
772 3425 930 3480 aliud
966 3424 1167 3497 lingua
1196 3424 1489 3496 loquatur,
1524 3422 1682 3479 aliud
1733 3424 1903 3479 corde
1934 3423 2116 3479 medi-

472 3519 646 3571 tetur.
680 3516 829 3570 Sunt
865 3519 921 3569 et
951 3512 1044 3568 alii
1080 3512 1332 3569 ministri
1382 3512 1481 3585 qui
1530 3516 1589 3568 et
1633 3513 1824 3567 cordis
1878 3516 1935 3568 et
1963 3513 2118 3569 vocis

473 3620 593 3663 suae
624 3602 865 3659 infectas
907 3618 1128 3658 veneno
1170 3600 1349 3657 veluti
1402 3601 1708 3656 verborum
1759 3618 1998 3656 suorum
2025 3602 2118 3672 ja-

472 3695 632 3747 ctant
704 3692 967 3765 sagittas,
1036 3690 1252 3763 quibus
1323 3689 1606 3745 Dominus
1662 3689 1779 3744 ait:
1838 3689 2120 3745 Generatio

471 3783 803 3853 viperarum,
846 3773 1105 3852 quomodo
1155 3780 1376 3845 potestis
1426 3778 1565 3833 bona
1622 3778 1792 3848 loqui,
1847 3795 1971 3833 cum
1999 3780 2121 3835 sitis

470 3872 610 3927 mali
639 3870 855 3943 (Matth.
889 3888 987 3938 xu,
1011 3870 1147 3940 311)?

542 3962 631 4017 56.
664 3962 731 4016 Et
773 3961 923 4015 dixit
977 3973 1198 4029 serpens
1253 3955 1514 4010 mulieri:
1570 3954 1711 4022 Quid
1767 3956 1950 4026 utique
1977 3955 2123 4011 dixit

470 4052 632 4119 Deus,
662 4066 730 4105 ne
759 4049 935 4104 edatis
965 4063 1035 4102 ex
1058 4047 1210 4101 omni
1251 4045 1401 4115 ligno
1431 4042 1571 4115 quod
1601 4045 1678 4097 est
1726 4045 1784 4097 in
1819 4045 2078 4115 paradiso
2098 4048 2123 4098 .9

471 4142 533 4196 Et
564 4140 710 4194 dixit
738 4139 938 4193 mulier
993 4136 1273 4206 serpenti:
1328 4134 1412 4188 Ex
1462 4132 1614 4187 omni
1669 4132 1818 4203 ligno
1870 4133 2125 4204 paradisi

470 4227 963 4283 manducabimus:
1010 4224 1074 4279 de
1122 4225 1307 4293 fructu
1349 4225 1531 4277 autem
1575 4221 1717 4291 ligni
1771 4222 1917 4293 quod
1946 4225 2023 4278 est
2061 4223 2122 4277 in

470 4318 647 4371 medio
692 4315 961 4386 paradisi,
1015 4313 1158 4368 dixit
1215 4313 1390 4373 Deus;
1436 4312 1554 4365 Non
1602 4309 2002 4365 mandacabitis
2051 4327 2124 4365 ex

472 4421 552 4468 eo,
584 4420 756 4475 neque
802 4403 1034 4472 tangatis
1091 4418 1161 4457 ex
1216 4416 1296 4468 eo,
1342 4416 1411 4455 ne
1462 4399 1787 4454 moriamini
1814 4398 2056 4468 (Genui,
2087 4402 2123 4454 2

2223 3254 2433 3326 plagas,
2491 3267 2608 3324 qua:
2663 3250 2883 3321 scriptae
2935 3257 3067 3305 sunt
3122 3251 3185 3304 in
3238 3248 3377 3304 libro
3437 3250 3541 3304 isto
3579 3266 3599 3302 .·
3672 3253 3725 3304 et
3781 3250 3884 3320 qui

2225 3343 2515 3414 dempserit
2569 3340 2637 3396 de
2688 3339 2873 3394 verbis
2926 3337 3013 3393 his
3066 3337 3370 3409 prophetiae
3424 3337 3610 3408 hujus,
3669 3337 3883 3393 delebit

2226 3434 2372 3487 Deus
2404 3436 2621 3503 partem
2677 3427 2831 3482 illius
2886 3424 2952 3481 de
2990 3426 3131 3482 libro
3170 3427 3303 3483 vitae
3359 3425 3540 3497 (Apoc.
3601 3440 3741 3491 xxn,
3791 3426 3877 3495 l8,

2226 3518 2364 3589 19):
2426 3520 2643 3590 quanto
2705 3513 2850 3570 nihil
2908 3514 3122 3570 divinis
3184 3514 3480 3569 mandatis
3537 3517 3627 3569 est
3681 3514 3880 3569 detra-

2225 3605 2518 3663 hendum!
2558 3605 2701 3660 Hinc
2730 3619 2865 3677 ergo
2896 3601 3071 3675 ccepit
3097 3600 3496 3674 praevaricatio
3528 3601 3720 3674 prima
3748 3618 3883 3658 esse

2228 3694 2510 3751 mandati.
2545 3694 2615 3749 Et
2652 3691 2917 3767 plerique
2955 3694 3165 3764 putant
3202 3691 3311 3747 hoc
3348 3691 3556 3747 vitium
3592 3708 3708 3746 non
3747 3706 3885 3748 esse

2229 3783 2513 3850 mulieris,
2554 3782 2656 3838 sed
2694 3781 2827 3836 Adae
2866 3779 3048 3835 fuisse
3089 3796 3102 3835 :
3145 3779 3228 3834 ita
3263 3779 3446 3835 Adam
3487 3779 3706 3835 dixisse
3745 3795 3882 3834 mu-

2229 3872 2379 3941 lieri,
2422 3872 2563 3927 dum
2621 3886 2749 3927 eam
2805 3867 2980 3924 vellet
3035 3868 3221 3924 facere
3268 3865 3610 3935 cautiorem,
3654 3871 3720 3922 ut
3761 3868 3877 3923 ad-

2232 3962 2393 4017 deret
2433 3958 2744 4016 mandasse
2775 3961 2957 4013 Deum
2994 3974 3006 4012 :
3047 3957 3228 4028 Neque
3264 3958 3499 4025 tangetis
3537 3972 3607 4011 ex
3634 3970 3694 4012 eo
3724 3956 3889 4027 quid.

2230 4067 2414 4122 quam.
2454 4047 2751 4105 Habemus
2791 4044 2946 4102 enim
2987 4045 3125 4118 quia
3162 4045 3373 4111 Adam,
3414 4060 3531 4100 non
3572 4044 3687 4100 Eva
3717 4061 3887 4101 man-

2230 4140 2435 4194 datum
2500 4135 2787 4209 acceperit
2825 4151 2860 4189 a
2895 4134 3032 4190 Deo.
3098 4133 3372 4189 Nondum
3438 4134 3595 4189 enim
3664 4132 3890 4190 mulier

2229 4228 2479 4283 formata
2526 4225 2734 4280 fuerat.
2795 4223 2929 4295 Ipsa
2985 4222 3225 4295 quidem
3270 4222 3446 4278 verba
3483 4222 3621 4278 Adm
3660 4220 3888 4294 quibus

2230 4315 2462 4371 mulieri
2517 4313 2665 4369 dixit
2722 4313 2969 4369 formam
3029 4310 3359 4383 seriemque
3416 4309 3705 4379 mandati,
3761 4328 3887 4368 non

2230 4404 2425 4477 prodit
2461 4401 2631 4458 lectio
2660 4418 2673 4456 :
2709 4400 2810 4457 sed
2849 4398 3234 4472 intelligimus
3274 4416 3377 4471 per
3412 4400 3602 4454 virum
3634 4400 3708 4455 ad
3752 4417 3892 4456 mu-

472 4497 525 4550 et
550 4494 625 4564 3).
660 4493 805 4548 Cum
839 4490 1093 4547 audieris
1127 4488 1562 4562 sapientiorem,
1600 4487 1805 4543 bestiis
1844 4489 2118 4544 omnibus
2150 4509 2199 4575 D
2231 4490 2433 4549 lierem
2474 4490 2684 4547 seriem
2723 4487 3007 4545 transisse
3047 4488 3327 4543 mandati.
3378 4486 3641 4543 Viderint
3679 4492 3888 4545 tamen

472 4598 602 4637 esse
631 4585 982 4653 serpentem,
1015 4578 1110 4635 hic
1169 4579 1296 4651 ejus
1347 4578 1470 4649 jam
1529 4592 1723 4647 quare
1777 4577 2115 4632 versutiam.

472 4670 728 4728 Simulat
757 4686 818 4725 se
857 4669 1032 4724 verba
1076 4666 1177 4723 Dei
1233 4666 1445 4731 dicere,
1507 4667 1563 4719 et
1619 4664 1886 4736 proprios
1912 4664 2119 4720 intexit

473 4759 639 4817 dolos
696 4759 830 4833 (63).
897 4759 1042 4815 Cum
1099 4758 1255 4813 enim
1308 4754 1553 4811 dixisset
1609 4752 1795 4807 Deus:
1829 4754 1911 4808 Ex
1967 4755 2120 4808 omni

475 4852 625 4920 ligno
653 4849 795 4923 quod
832 4852 911 4904 est
942 4850 996 4902 in
1028 4846 1283 4918 paradiso
1324 4845 1490 4901 edetis
1518 4841 1591 4896 ad
1632 4856 1844 4898 escam:
1877 4841 1942 4898 de
1969 4843 2118 4912 ligno

472 4948 653 4995 autem
689 4939 828 5009 quod
855 4940 935 4994 est
959 4936 1234 4999 sciencziae
1265 4934 1393 4988 boni
1408 4941 1459 4988 et
1485 4934 1624 4988 mali
1650 4950 1758 4989 non
1792 4931 1979 4999 edetis,
2012 4948 2119 5001 qua

473 5027 563 5082 die
617 5029 801 5081 autem
857 5024 1260 5081 manducabitis
1317 5039 1386 5078 ex
1440 5037 1520 5088 eo,
1576 5030 1749 5078 morte
1804 5018 2122 5075 moriemini

476 5115 641 5186 (Ibid.
706 5132 763 5171 II.
818 5115 886 5170 46
940 5120 993 5169 et
1050 5112 1176 5184 t7),-
1234 5127 1473 5183 serpens
1529 5111 1697 5183 quasi
1752 5110 2119 5179 interrogans

476 5203 780 5258 mulierem
825 5220 960 5258 cum
1006 5202 1250 5258 dixisset
1292 5201 1480 5257 Deus:
1511 5201 1595 5255 Ex
1627 5201 1779 5256 omni
1807 5200 1956 5269 tigno
1979 5197 2121 5268 quod

475 5292 639 5345 estin
683 5289 942 5360 paradiso
997 5288 1201 5345 edetis:
1260 5289 1331 5344 de
1383 5287 1542 5360 ligno
1600 5292 1796 5342 autem
1856 5301 1971 5340 uno
2003 5301 2119 5340 non

475 5376 677 5444 edetis,
709 5379 956 5435 inseruit
1010 5378 1404 5444 mendacium,
1460 5381 1526 5432 ut
1583 5376 1829 5431 diceret:
1862 5374 1940 5430 Ab
1969 5377 2123 5429 omni

542 5589 651 5662 (63)
674 5591 869 5656 Rom.,
901 5597 953 5645 et
978 5593 1205 5663 prapius
1235 5590 1436 5646 intexit
1459 5588 1625 5645 dolos.

2227 4581 2326 4638 alii
2358 4579 2498 4653 quid
2539 4578 2834 4646 sentiant;
2870 4576 3014 4632 mihi
3052 4579 3251 4633 tamen
3289 4577 3521 4633 videtur
3558 4593 3593 4632 a
3631 4575 3891 4635 muliere

2226 4668 2471 4742 coepisse
2508 4667 2738 4735 vitium,
2781 4665 3087 4723 inchoasse
3133 4666 3528 4723 mendacium.
3579 4668 3729 4722 Nam
3770 4667 3891 4723 etsi

2227 4758 2299 4814 de
2328 4757 2560 4813 duobus
2589 4755 2858 4812 videatur
2888 4755 3198 4823 incertum,
3237 4758 3436 4810 tamen
3476 4769 3651 4810 sexus
3682 4755 3894 4827 prodit

2228 4846 2330 4919 qui
2362 4844 2526 4919 prius
2556 4844 2810 4917 potuerit
2829 4859 3041 4900 errare.
3062 4842 3224 4899 Adde
3248 4843 3387 4915 quia
3406 4843 3747 4915 prmjudicio
3778 4843 3893 4900 illa

2227 4932 2669 5007 constringitur,
2711 4934 2883 5004 cujus
2907 4935 2966 4988 et
2995 4935 3199 5005 postea
3226 4932 3386 5004 prior
3414 4947 3575 4988 error
3604 4931 3890 4989 inventus

2226 5026 2334 5078 est.
2374 5021 2511 5078 Viro
2565 5022 2724 5078 enim
2777 5018 3007 5088 mulier,
3063 5037 3180 5076 non
3249 5018 3482 5075 mulieri
3519 5020 3610 5075 vir
3672 5026 3892 5077 auctor

2226 5110 2441 5167 erroris
2478 5113 2587 5167 est.
2628 5109 2794 5166 Unde
2849 5111 2907 5164 et
2964 5108 3182 5165 Paulus
3220 5108 3303 5164 ait
3344 5124 3357 5163 :
3404 5108 3607 5180 Adam,
3661 5110 3888 5183 inquit,

2225 5215 2337 5255 non
2365 5207 2443 5255 est
2472 5198 2758 5271 deceptus:
2795 5197 2999 5254 mulier
3036 5202 3218 5254 autem
3251 5196 3470 5253 seducta
3505 5200 3565 5253 in
3602 5204 3890 5271 pmori-

2225 5289 2441 5344 catione
2468 5289 2579 5360 fuit
2608 5288 2658 5360 (ι
2684 5287 2819 5343 Tim.
2847 5301 2910 5355 ιι,
2943 5286 3057 5359 lt).

2296 5377 2387 5432 57.
2427 5377 2594 5433 Nunc
2630 5376 2935 5433 videamus
2973 5379 3176 5432 utrum
3232 5378 3445 5447 praeter
3481 5373 3886 5447 abjeotionem
