4084 6188
200 368 325 437 321

1498 370 1732 435 LIBER
1774 375 1878 438 DE
1918 370 2338 439 PAHADISO.

3497 380 3614 443 329

205 519 337 574 qua;
378 501 663 558 mandato
715 504 804 558 est
859 496 1167 574 applicata,
1228 502 1383 575 quod
1440 502 1707 559 additum
1765 510 1855 562 est
1884 508 1940 574 Α
1970 506 2304 578 Scripturas
2337 508 2607 581 accipiat,
2635 508 2807 582 legit:
2845 510 3071 567 Oculum
3113 528 3215 584 pro
3264 513 3435 578 oculo,
3484 513 3617 568 den-

205 590 470 647 obfuisse
514 589 801 646 videatur.
855 589 1004 645 Nam
1056 606 1117 645 re
1163 607 1299 646 vera
1345 589 1395 647 si
1455 592 1674 649 bonum
1735 600 1854 649 est:

205 681 390 752 Neque
425 680 662 748 inrigetis
693 696 762 733 ea:
784 695 866 744 eo,
899 683 957 734 et
1002 679 1073 734 ad
1124 679 1454 735 cautionem
1503 682 1859 753 proﬁciebat,

209 784 321 823 cur
349 768 504 823 Deus
532 766 642 823 hoc
675 767 922 822 minime
954 765 1337 833 interdixerit,
1367 767 1487 824 imo
1518 787 1631 824 non
1683 770 1860 827 inter-

213 856 462 912 dicendo
525 855 867 928 permisisse
925 855 1240 911 videatur?
1292 856 1495 929 Itaque
1547 862 1865 931 utrumque

209 944 615 1019 quaerendum,
652 962 767 1017 qua
799 945 1024 1000 ratione
1047 961 1151 1000 nec
1173 944 1525 1017 permiserit,
1557 964 1661 1003 nec
1689 947 1865 1003 inter-

209 1034 449 1090 dixerit.
474 1037 624 1087 Sunt
653 1032 809 1087 enim
857 1032 957 1104 qui
1002 1032 1221 1098 dicant,
1266 1032 1390 1097 Qua
1445 1034 1668 1091 ratione
1707 1036 1862 1108 quod

211 1122 352 1178 iecit
373 1120 554 1176 videri
586 1120 721 1192 (64),
755 1137 871 1177 non
898 1120 1082 1193 jussit
1109 1126 1167 1176 et
1208 1120 1367 1194 tangi
1389 1121 1417 1177 ?
1461 1122 1678 1179 Verum
1729 1142 1863 1180 cum

206 1210 271 1266 in
306 1227 372 1266 eo
404 1209 561 1282 ligno
593 1210 850 1265 audieris
902 1214 1171 1266 naturam
1202 1210 1383 1267 fuisse
1425 1210 1679 1267 scientiae
1725 1214 1863 1269 boni

210 1304 273 1355 et
302 1298 464 1368 mali,
494 1302 689 1370 potest
710 1298 987 1353 aestimari
1017 1298 1156 1370 quia
1184 1298 1372 1355 noluit
1403 1305 1459 1355 te
1485 1300 1709 1357 malum
1741 1307 1866 1357 tan-

207 1405 367 1461 gere.
404 1388 559 1443 Satis
599 1393 684 1443 est
731 1387 888 1443 enim
939 1388 1109 1443 nobis
1149 1387 1343 1444 videre
1387 1389 1662 1445 Satanam
1715 1390 1866 1447 sicut

210 1477 415 1549 fulgur
448 1476 518 1531 de
570 1474 716 1531 caelo
765 1476 1093 1542 cadentem,
1144 1478 1467 1533 secundum
1509 1495 1706 1534 vocem
1755 1479 1866 1536 Do-

211 1565 362 1623 mini
398 1565 552 1636 (Luc.
580 1582 636 1634 v,
672 1565 784 1637 48),
817 1568 873 1620 et
915 1565 1150 1621 dantem
1204 1582 1399 1621 escam
1456 1567 1566 1638 (65)
1618 1584 1734 1623 non
1782 1567 1867 1623 lu-

210 1650 421 1725 minis,
454 1653 554 1709 sed
587 1654 775 1708 noctis
809 1658 861 1709 et
896 1654 1270 1710 tenebrarum
1302 1653 1440 1711 filiis
1468 1673 1481 1722 ;
1536 1657 1678 1728 quia
1725 1657 1865 1711 scri-

214 1749 385 1817 ptum
419 1745 549 1799 est:
585 1742 742 1798 Dedit
780 1759 905 1798 eum
950 1744 1010 1797 in
1053 1760 1227 1798 escam
1278 1745 1495 1815 populis
1553 1745 1868 1817 AE‘thiopum

210 1831 387 1905 (Psal.
428 1849 624 1899 LXXIII,
666 1831 776 1899 Μ).
834 1830 951 1886 Hoc
1018 1830 1199 1904 igitur
1245 1832 1315 1887 de
1370 1849 1436 1887 eo
1482 1832 1703 1890 dictum
1751 1841 1861 1905 est,

213 1923 371 1996 quod
430 1938 547 1977 non
599 1920 964 1978 mandaverit
1011 1921 1167 1977 172
1226 1921 1406 1995 tangi.
1462 1922 1622 1987 Quod
1671 1929 1864 1980 autem

215 2029 333 2067 non
389 2009 795 2085 prohibuerit,
852 2009 993 2081 quid
1060 2008 1386 2084 intelligam
1442 2011 1657 2085 accipe.
1717 2014 1869 2070 Sunt

214 2098 405 2155 multa
439 2115 566 2172 qua:
606 2101 873 2166 noceant,
920 2098 969 2153 si
1017 2102 1152 2155 ante
1200 2098 1563 2156 voluerimus
1611 2101 1864 2171 haurire,

219 2204 399 2260 quam
431 2205 559 2260 quae
592 2187 713 2243 sint
743 2185 846 2243 illa
892 2203 1263 2260 cognoscere.
1308 2187 1455 2244 Nam
1504 2193 1561 2244 et
1605 2190 1675 2246 de
1722 2191 1869 2247 cibis

219 2282 274 2333 et
305 2280 447 2349 potu
477 2275 823 2347 plerumque
848 2293 960 2331 usu
991 2275 1168 2331 venit.
1218 2275 1439 2349 Quippe
1499 2277 1546 2332 si
1604 2278 1662 2333 id
1712 2280 1867 2351 quod

221 2381 490 2423 amarum
523 2368 636 2436 est,
677 2368 811 2419 ante
860 2380 1198 2436 cognoscas,
1241 2364 1438 2421 induis
1484 2367 1866 2438 patientiam;

227 2458 281 2510 et
310 2454 361 2509 si
390 2451 691 2525 intelligas
723 2451 823 2508 illa
850 2469 978 2524 quae
1011 2456 1152 2508 sunt
1198 2469 1398 2509 amara
1443 2456 1739 2526 prodesse,
1780 2456 1871 2511 in-

227 2543 361 2598 duis
394 2541 787 2609 tolerantiam,
819 2557 891 2596 ne
913 2541 1167 2597 oll‘eodat
1196 2542 1527 2598 amaritudo
1572 2547 1629 2599 te
1676 2562 1872 2617 repen-

221 2632 364 2697 tina,
398 2633 457 2687 et
504 2629 753 2703 incipias
800 2629 1039 2701 rejicere
1076 2630 1400 2702 profutura.
1461 2631 1703 2688 Prodest
1734 2650 1871 2707 ergo

222 2725 355 2775 ante
378 2734 767 2791 cognoscere;
818 2723 886 2773 ut
931 2734 998 2774 ex
1048 2734 1115 2773 eo
1160 2719 1315 2790 quod
1362 2721 1700 2793 cognoveris
1747 2739 1875 2794 pro-

221 2808 514 2874 futurum,
562 2823 669 2863 nec
710 2823 910 2863 amara
958 2806 1243 2863 fastidias.
1310 2807 1421 2863 Sed
1488 2808 1609 2864 hinc
1676 2811 1872 2867 minus

224 2913 435 2953 nocere
464 2899 752 2967 possunt:
789 2894 933 2951 illud
966 2896 1122 2968 quod
1162 2895 1378 2969 magis,
1408 2897 1521 2953 nisi
1571 2899 1871 2970 providea-

221 2991 333 3052 tur,
367 3002 580 3043 nocere
611 2986 819 3059 possit,
846 2986 1100 3043 adverte.
1782 2978 1787 2983 ’

287 3078 377 3131 58.
410 3074 657 3131 Gentilis
688 3074 930 3147 quidam
965 3078 1074 3140 est,
1114 3075 1186 3131 ad
1239 3075 1414 3131 fidem
1464 3077 1689 3133 tendit:
1722 3083 1874 3136 cate-

1970 597 2077 648 tem
2130 611 2232 665 pro
2274 596 2431 651 dente
2474 598 2664 667 (Levit.
2708 615 2861 663 xxw,
2913 602 3024 670 20).
3075 601 3239 671 Legit
3288 600 3500 656 etiam:
3558 601 3619 656 Si

1968 683 2423 739 seandalimverit
2481 694 2531 740 te
2602 685 2826 741 dextera
2912 690 3043 753 tua,
3131 688 3383 743 abscinde
3459 689 3618 744 illam

1973 771 2176 841 (Matth,
2200 790 2255 840 v,
2286 775 2372 845 30)
2401 792 2414 841 ;
2449 790 2562 829 non
2598 774 2870 847 intelligit
2900 793 3161 841 sensum,
3206 794 3320 832 non
3371 777 3615 833 advertit

1971 859 2152 914 divini
2179 878 2390 916 arcana
2422 863 2728 928 sermonis,
2761 865 2929 935 pejus
2957 864 3189 932 labitur,
3215 883 3389 935 quam
3425 865 3473 920 si
3500 882 3614 920 non

1970 946 2227 1019 legisset.
2263 950 2332 1004 Et
2378 950 2503 1004 ideo
2551 951 2750 1006 docuit
2799 953 3295 1023 quemadmodum
3348 954 3441 1008 Dei
3485 971 3617 1009 ver-

1971 1036 2112 1091 bum
2144 1035 2496 1111 investigare
2534 1040 2831 1107 deberent,
2886 1059 2996 1095 non
3048 1043 3463 1112 perfunctorie,
3502 1060 3617 1097 non

1972 1124 2314 1197 improvide,
2377 1128 2477 1182 sed
2535 1128 2844 1199 diligenter
2900 1137 3073 1200 atque
3126 1129 3413 1185 sollicite:
3469 1132 3618 1199 Quod

1972 1223 2107 1283 erat,
2140 1214 2352 1287 inquit,
2385 1217 2453 1271 ab
2486 1218 2664 1281 inilio,
2698 1217 2837 1289 quod
2866 1218 3195 1284 audivimus,
3245 1228 3299 1273 et
3347 1219 3487 1289 quod
3536 1221 3618 1274 vi-

1973 1302 2177 1368 dimus,
2206 1306 2374 1359 oculis
2404 1307 2604 1360 nostris
2625 1309 3028 1378 persperimus,
3078 1316 3127 1361 et
3165 1324 3362 1362 manus
3412 1312 3618 1365 nostra?

1969 1395 2321 1462 perscrutatze
2348 1398 2475 1448 sunt
2504 1394 2569 1448 de
2600 1396 2754 1450 verbo
2787 1398 2951 1452 vitae:
2981 1399 3030 1449 et
3074 1396 3307 1451 vidimus
3346 1405 3397 1451 et
3450 1400 3617 1452 testa-

1973 1496 2116 1543 mur,
2150 1484 2201 1534 ct
2231 1483 2626 1537 annuntiamus
2658 1484 2803 1537 vobis
2832 1485 2876 1552 {I
2904 1485 3060 1539 Joan.
3096 1500 3133 1547 I,
3169 1484 3189 1538 ~l
3230 1492 3281 1539 et
3315 1484 3390 1554 2).
3442 1485 3618 1542 Vides

1974 1568 2128 1638 quod
2162 1572 2296 1624 ante
2326 1568 2480 1624 velut
2511 1571 2784 1626 manibus
2816 1571 3173 1642 quibusdam
3216 1577 3619 1644 perscrutatus

1976 1656 2051 1710 sit
2081 1656 2179 1711 Dei
2214 1658 2476 1725 verbum,
2524 1663 2582 1713 et
2626 1664 2829 1731 postea
2874 1660 3336 1716 annuntiaverit:
3386 1666 3443 1717 et
3488 1660 3619 1718 ideo

1976 1743 2295 1799 nihilsAdaa
2344 1751 2400 1800 et
2448 1747 2572 1801 Eva:
2602 1747 2861 1803 fortasse
2909 1747 3203 1803 nocuisset
3248 1749 3515 1820 verbum,
3566 1749 3617 1806 si

1978 1833 2469 1903 pertractantibus
2500 1834 2812 1907 diligenter
2843 1836 3056 1892 mentis
3089 1836 3445 1908 quibusdam
3498 1855 3619 1893 ma-

1974 1920 2151 1976 nibus
2182 1926 2314 1978 ante
2348 1924 2694 1996 tetigissent.
2728 1925 2949 1980 Infirmi
2989 1925 3145 1981 enim
3189 1928 3622 1998 pertractando,

1975 2013 2031 2064 et
2056 2009 2398 2083 diligentius
2423 2013 2793 2084 requirendo,
2819 2015 3288 2087 uniuscujusque
3305 2031 3482 2086 quam
3504 2032 3621 2071 non

1977 2096 2329 2171 intelligunt,
2364 2107 2609 2172 possunt
2642 2102 2988 2175 investigare
3018 2107 3310 2159 naturam.
3347 2104 3508 2159 Certe
3539 2104 3624 2159 illi

1977 2185 2195 2242 infirmi
2220 2188 2273 2241 id
2306 2187 2533 2261 lignum
2566 2191 2624 2245 in
2660 2208 2773 2262 quo
2814 2191 3119 2247 scientiam
3162 2191 3299 2246 mali
3344 2209 3472 2248 esse
3527 2209 3623 2249 co-

1977 2281 2314 2347 gnoverant,
2338 2283 2471 2333 ante
2502 2281 2998 2351 quemadmodum
3029 2285 3354 2353 tangerent,
3408 2281 3622 2336 debue-

1980 2369 2111 2419 rant
2141 2367 2515 2437 perscrutari.
2550 2368 2695 2423 Nam
2728 2375 2784 2423 et
2826 2370 2963 2424 mali
3008 2387 3158 2441 smpe
3217 2370 3384 2425 nobis
3434 2373 3626 2442 potest

1978 2455 2251 2524 prodesse
2282 2455 2557 2528 cognitio.
2610 2458 2679 2511 Et
2712 2457 2839 2513 ideo
2890 2457 3104 2513 diaboli
3150 2457 3384 2513 fraudes
3426 2457 3514 2512 vel
3563 2458 3624 2513 in

1979 2542 2088 2596 hac
2162 2542 2414 2615 legimus
2496 2545 2763 2610 lectione,
2838 2545 2924 2600 vel
3012 2546 3317 2617 prophetia
3399 2547 3619 2618 (Ezech.

1978 2648 2175 2695 xxvm,
2246 2631 2332 2703 18)
2391 2636 2455 2686 ut
2521 2632 2819 2688 discamus
2896 2634 3392 2705 quemadmodum
3468 2639 3625 2690 artes

1980 2720 2109 2790 ejus
2140 2736 2338 2776 cavere
2392 2721 2710 2792 possimus.
2785 2722 3198 2794 Cognoscenda
3263 2727 3404 2777 sunt
3466 2722 3622 2777 enim

1982 2813 2342 2864 tentamenta
2362 2811 2510 2881 ejus,
2552 2828 2665 2866 non
2714 2816 2776 2865 ut
2820 2828 3157 2882 sequamur,
3208 2811 3308 2867 sed
3357 2814 3423 2865 ut
3468 2810 3621 2866 docti

1984 2896 2371 2969 instructique
2402 2914 2734 2954 caveamus.

2055 2988 2206 3041 I73
2253 2988 2343 3041 59.
2392 2986 2541 3042 Sunt
2587 2987 2695 3043 hoc
2743 2986 2866 3043 loco
2910 2989 3008 3060 qui
3059 2987 3482 3044 dubitationem
3523 2987 3627 3043 hac

1983 3075 2159 3131 beant
2190 3081 2385 3131 utrum
2418 3092 2487 3130 ex
2511 3076 2667 3131 omni
2712 3075 2867 3148 ligno
2918 3076 2997 3132 ita
3039 3076 3249 3132 dixerit
3296 3077 3450 3132 Deus
3496 3093 3624 3132 esse

223 3164 548 3221 chumenus
577 3168 690 3232 est,
723 3164 1005 3235 majorem
1030 3162 1157 3218 vult
1205 3164 1467 3237 accipere
1515 3165 1790 3224 doctrinae
1819 3173 1875 3224 et
1983 3165 2344 3237 gustandum
2394 3166 2528 3236 (67),
2579 3170 2644 3219 ut
2690 3182 2823 3220 cum
2871 3166 2940 3221 de
2988 3165 3147 3221 omni
3199 3165 3376 3237 ligno,
3427 3165 3509 3221 ita
3557 3165 3629 3221 de

224 3252 354 3310 ﬁdei
384 3251 851 3325 plenitudinem;
893 3257 1093 3308 caveat
1140 3269 1213 3309 ne
1259 3253 1400 3308 dum
1449 3253 1575 3309 vult
1621 3255 1863 3328 discere,
1900 3240 1941 3307 C
1979 3253 2231 3308 scientiae
2263 3254 2398 3310 boni
2444 3259 2499 3309 et
2540 3253 2677 3309 mali
2730 3252 2889 3326 ligno
2943 3259 3318 3326 gustaretur;
3369 3272 3442 3311 an
3496 3271 3628 3311 vero

226 3341 375 3397 male
405 3341 615 3408 discat,
647 3347 701 3396 et
731 3340 918 3397 discat
960 3357 991 3396 a
1038 3340 1306 3409 Photino,
1358 3342 1546 3398 discat
1594 3344 1665 3400 ab
1712 3346 1868 3415 Ario,

226 3431 411 3487 discat
439 3448 473 3487 a
501 3428 790 3487 Sabellio:
832 3430 1026 3485 tradat
1072 3446 1137 3487 se
1175 3430 1515 3503 hujusmodi
1569 3434 1871 3505 magistris

230 3536 475 3594 quorum
505 3519 776 3591 quaedam
810 3535 944 3574 eum
977 3523 1172 3575 teneat
1201 3519 1553 3576 auctoritas:
1591 3526 1648 3578 et
1694 3524 1871 3579 indu-

230 3612 354 3665 ctus
379 3608 637 3681 quadam
665 3608 1083 3681 magistrorum
1126 3609 1606 3681 praesumptione.
1655 3612 1871 3668 teneris

226 3697 493 3754 sensibus
525 3697 814 3770 impressa
845 3696 1168 3767 dijudicare
1230 3714 1343 3753 non
1393 3699 1645 3754 novorit.
1701 3700 1870 3759 Prius

224 3784 397 3858 igitur
426 3784 614 3840 oculis
648 3784 862 3840 mentis
884 3784 1201 3858 perspiciat
1230 3786 1372 3858 quid
1399 3792 1684 3859 sequatur
1714 3790 1829 3862 (66)
1853 3808 1866 3845 :

225 3873 410 3930 videat
439 3872 542 3929 ubi
567 3872 687 3929 vita
715 3873 815 3930 sit:
863 3878 1068 3947 tangat
1103 3874 1356 3947 denique
1402 3875 1734 3933 divinarum
1793 3878 1873 3934 vi-

226 3963 355 4018 talia
379 3962 725 4028 lectionum,
763 3966 826 4017 ut
870 3961 1030 4018 nullo
1080 3980 1257 4035 pravo
1304 3964 1640 4021 offendatur
1690 3967 1869 4024 inter-

227 4056 401 4122 prete.
435 4050 604 4123 Legit
631 4049 718 4106 illi
747 4049 1076 4108 Sabellius:
1123 4052 1233 4122 Ego
1288 4055 1350 4110 in
1378 4058 1561 4122 Patre,
1610 4064 1665 4111 et
1704 4057 1873 4114 Pater

228 4140 283 4192 in
310 4155 394 4195 me
426 4140 609 4212 (Joan.
659 4156 773 4207 xiv,
820 4140 929 4209 10),
980 4143 1039 4195 et
1088 4139 1227 4197 dicit
1271 4158 1451 4199 unam
1499 4158 1628 4201 esse
1670 4161 1871 4217 perso-

234 4245 381 4285 nam.
415 4228 583 4302 Legit
612 4229 945 4286 Photinus:
984 4230 1125 4299 Quia
1147 4229 1415 4289 mediator
1459 4234 1561 4290 Dei
1600 4242 1652 4290 et
1686 4234 1867 4292 homi-

228 4335 350 4373 num
380 4318 541 4375 homo
577 4318 823 4374 Christus
864 4320 1018 4375 Iesus
1067 4320 1116 4391 (Ι
1163 4321 1293 4376 Tim.
1343 4338 1401 4388 ιι,
1448 4322 1525 4394 5).
1571 4323 1641 4379 Et
1683 4323 1864 4382 alibi:

227 4406 361 4475 Quid
388 4423 478 4463 me
508 4407 678 4463 vultis
721 4407 961 4464 occidere
1013 4408 1290 4466 hominem
1334 4410 1510 4483 (Joan.
1562 4429 1684 4479 VIII,
1734 4414 1870 4485 40)?

229 4492 379 4567 legit
444 4495 626 4552 etiam
692 4496 861 4553 Arius
927 4496 1067 4569 quia
1128 4496 1309 4554 dixit:
1378 4499 1649 4567 Quoniam
1704 4504 1871 4559 Pater

227 4585 499 4676 majorme
528 4592 607 4641 est
632 4585 809 4676 (ioan.
844 4602 961 4676 xw,
1012 4586 1138 4676 28).,
1175 4586 1418 4676 Legitur
1455 4589 1695 4660 quidem
1744 4608 1868 4649 ma-
1897 4611 1944 4676 Β

229 4672 497 4729 nit‘estum
526 4691 539 4729 :
576 4675 678 4731 sed
708 4691 825 4746 qua
854 4674 1078 4731 ratione
1109 4675 1333 4732 dictum
1375 4675 1470 4745 sit,
1515 4678 1687 4734 debet
1732 4684 1868 4736 ante

225 4765 572 4831 pertractare
612 4779 837 4833 secum,
884 4768 949 4819 ut
996 4764 1283 4820 rationem
1344 4765 1633 4823 dictorum
1684 4768 1869 4839 possit

228 4849 539 4908 advertere.
572 4852 824 4909 Ducitur
853 4853 1108 4925 quadam
1157 4852 1570 4925 magistrorum
1622 4856 1865 4913 auctori-

222 4937 373 5008 tate;
404 4945 460 4995 et
490 4940 807 5013 profuisset
846 4941 897 4996 ei
943 4958 1057 4996 non
1108 4941 1407 5013 quaesisse,
1463 4959 1640 5014 quam
1688 4944 1863 5001 talem

227 5024 511 5088 invenisse
552 5031 872 5085 doctorem.
942 5030 1056 5085 Sed
1117 5029 1294 5085 etiam
1360 5031 1595 5103 gentilis
1632 5033 1682 5090 si
1729 5034 1863 5106 quis

295 5184 575 5275 gﬁgrljngss‘.
606 5189 759 5275 Big2
791 5189 851 5245 S.
880 5188 1013 5255 Th.,
1040 5189 1261 5275 Torum
1310 5188 1493 5275 Galba,
1546 5192 1863 5275 quod-fecit

225 5252 463 5332 adiacet,
508 5252 900 5332 etc.;vGem:
952 5252 1090 5332 quod
1137 5252 1265 5331 fecit
1311 5252 1611 5327 edendum;
1664 5252 1860 5329 Mich.,

227 5326 562 5404 φιρξί-Ῑεςίιζ
556 5331 713 5387 edere
738 5348 849 5388 non
866 5326 1052 5404 jussit,
1083 5326 1319 5404 et'tarigi
1343 5348 1456 5388 non
1481 5326 1780 5404 prohibuit.

295 5398 398 5520 ἕξ)
428 5401 486 5455 8.
520 5402 626 5456 Th.
659 5408 717 5458 et
745 5398 883 5459 edit'.
935 5402 1085 5470 Era.,
1132 5398 1325 5458 datum
1373 5405 1430 5458 in
1480 5398 1650 5460 escam
1679 5423 1699 5461 :
1748 5424 1863 5461 non

229 5480 387 5524 male.

291 5538 397 5677 Eg?)
429 5542 569 5598 Mss.
603 5544 704 5600 SS.
741 5543 849 5599 Th.
883 5549 940 5599 et
970 5543 1220 5617 Remig.,
1254 5561 1417 5625 quem
1444 5555 1719 5628 sequatur.

375 5612 505 5677 )Ita
535 5631 683 5673 mss.
736 5620 960 5677 septem
1008 5631 1146 5673 cum
1190 5614 1330 5672 edit.
1375 5619 1556 5677 antIq.
1610 5634 1671 5674 In
1698 5636 1719 5673 .1

307 5609 395 5690 67)
423 5612 512 5690 Ita
535 5631 693 5690 mss.
736 5620 960 5690 septem
1008 5609 1330 5690 cumiedit.
1375 5609 1556 5690 antiq.
1610 5618 1671 5674 in
1698 5635 1859 5676 .mss.

225 5690 347 5743 vero
372 5684 618 5747 totidem
663 5684 848 5762 deest,
890 5687 956 5748 de
992 5688 1106 5751 εοιο
1158 5685 1307 5773 ligno
1353 5684 1599 5750 scientiae
1643 5690 1774 5753 boni
1815 5694 1865 5750 et

1978 3342 2050 3396 de
2076 3342 2234 3396 omni
2268 3342 2423 3414 ligno
2454 3343 2840 3415 gustandum,
2872 3344 2942 3398 de
2991 3343 3115 3398 solo
3164 3342 3320 3416 ligno
3370 3342 3626 3398 scientia:

1977 3430 2115 3485 boni
2140 3434 2197 3485 et
2220 3430 2355 3485 mali
2388 3431 2599 3486 dixerit
2623 3449 2735 3487 non
2771 3448 2898 3487 esse
2946 3433 3303 3506 gustandum
3325 3431 3353 3486 ?
3403 3431 3510 3497 Qui
3559 3447 3631 3486 ne

1979 3518 2037 3573 id
2065 3519 2301 3589 quidem
2335 3524 2542 3591 putant
2566 3519 2793 3574 inutilis
2816 3537 2945 3576 esse
2972 3520 3231 3587 rationis,
3258 3521 3622 3592 quod,quam

1978 3607 2066 3662 vis
2100 3608 2269 3662 noxia
2300 3624 2433 3663 esca
2474 3608 2651 3678 hujus
2705 3607 2847 3680 ligni
2898 3610 3107 3678 fuerit;
3155 3615 3351 3665 tamen
3401 3608 3450 3665 si
3489 3624 3626 3663 cum

1992 3696 2213 3751 caeteris
2259 3696 2546 3767 ederetur,
2580 3695 2750 3751 noxia
2777 3714 2904 3751 esse
2948 3714 3063 3751 non
3109 3697 3329 3769 possit:
3363 3696 3628 3769 quando-

1979 3784 2214 3856 quidem
2267 3783 2440 3839 etiam
2507 3783 2834 3839 antidotum
2892 3784 3215 3840 theriacum
3267 3786 3338 3840 de
3384 3801 3624 3856 corpore

1978 3872 2267 3944 serpentis
2301 3872 2508 3928 conlici
2540 3871 2724 3928 solere
2754 3872 3004 3939 dicatur,
3038 3873 3194 3943 quod
3229 3874 3430 3943 utique
3459 3873 3621 3927 virus

1981 3977 2311 4033 corpusque
2333 3960 2642 4033 serpentis,
2676 3978 2809 4015 cum
2852 3960 3044 4015 solum
3092 3960 3368 4021 sumitur.
3422 3963 3623 4027 nocet;

1978 4067 2111 4106 cum
2136 4050 2495 4105 admiscetur
2515 4049 2666 4111 aliis,
2691 4049 2925 4104 sanitati
2953 4056 3041 4105 est
3072 4053 3129 4105 et
3160 4048 3355 4106 saluti.
3373 4047 3627 4103 Scientia

1977 4156 2211 4211 quoque
2243 4138 2375 4194 boni
2410 4144 2467 4193 et
2493 4137 2653 4205 muli,
2686 4138 2735 4193 si
2760 4138 2899 4210 quid
2953 4137 3252 4210 sapientiae
3301 4136 3535 4200 habeat,
3572 4135 3623 4191 si

1978 4227 2111 4300 quis
2144 4227 2273 4282 vita:
2303 4242 2535 4298 semper
2563 4225 2849 4294 intendat,
2874 4226 2923 4281 si
2945 4225 3078 4298 quis
3106 4230 3310 4281 caetera
3339 4224 3625 4297 virtutum

1978 4333 2189 4390 genera
2219 4320 3009 4386 consequatur,nequaq.uam
3031 4313 3256 4369 inutilis
3279 4312 3624 4368 azstimatur.

1976 4405 2094 4460 Hac
2127 4404 2304 4477 igitur
2335 4404 2558 4459 ratione
2590 4402 2853 4475 plerique
2881 4408 3236 4475 putaverunt
3259 4418 3429 4475 posse
3451 4401 3629 4457 etiam

1975 4493 2117 4548 illud
2150 4491 2435 4564 intelligi;
2469 4496 2534 4546 ut
2561 4492 2827 4546 videatur
2858 4491 3012 4547 Deus
3044 4492 3101 4546 id
3156 4490 3506 4558 inhibuisse,
3556 4505 3629 4545 ne

1976 4583 2203 4655 absque
2228 4582 2452 4638 caeteris
2476 4579 2665 4636 solum
2694 4580 2920 4652 lignum
2947 4581 3204 4636 scientiae
3238 4580 3371 4636 boni
3404 4584 3460 4635 et
3489 4577 3628 4635 mali

1975 4676 2328 4744 gustaretur,
2363 4687 2477 4725 non
2508 4669 2876 4741 prohibuisse
2928 4686 3061 4725 cum
3104 4669 3350 4725 caeteris.
3401 4669 3473 4723 Et
3518 4667 3667 4722 hoc’

1973 4760 2103 4815 ideo
2128 4762 2337 4831 putant
2364 4758 2608 4823 dictum,
2643 4758 2782 4829 quia
2814 4758 2893 4813 ait
2924 4758 3079 4813 Deus
3110 4759 3181 4813 ad
3217 4758 3438 4812 Adam:
3490 4754 3619 4820 Qui:

1976 4849 2078 4904 tibi
2104 4847 2372 4903 indicavit
2399 4848 2659 4917 quoniam
2693 4846 2871 4901 nudus
2906 4863 2983 4914 es,
3018 4848 3133 4901 nisi
3175 4846 3239 4899 de
3286 4844 3433 4913 ligno
3460 4858 3494 4894 a
3522 4855 3624 4910 quo

1971 4953 2339 5010 praeceperant
2370 4936 2493 5001 tibi,
2525 4937 2592 4990 ab
2624 4935 2721 4991 hoc
2771 4936 2883 4991 solo
2928 4951 2997 4990 ne
3039 4932 3416 4988 manducares.
3463 4944 3621 4982 man-

1971 5027 2187 5083 ducasti
2222 5012 2374 5095 (Gen.
2411 5041 2495 5091 III,
2536 5024 2673 5095 ll)?
2706 5024 2867 5089 Quod
2886 5022 3177 5079 videretur
3200 5020 3336 5074 dare
3367 5016 3620 5088 aliquem

1983 5188 2122 5242 mali
2142 5186 2346 5259 dixerit
2374 5200 2483 5259 rion
2505 5200 2616 5259 esse
2630 5183 2975 5259 gustandum.
2998 5183 3068 5236 At
3098 5180 3262 5235 Rom.
3287 5176 3618 5259 editttot‘um

1978 5259 2171 5315 locum
2204 5257 2280 5311 sit
2308 5249 2649 5311 exhibebat?
2683 5255 2943 5317 Habeant,
2995 5268 3119 5306 cum
3164 5266 3235 5304 ea:
3272 5250 3423 5302 omni
3470 5249 3620 5316 ligno

1972 5332 2179 5387 dixerit
2210 5329 2475 5402 Dominus
2502 5326 2676 5402 fidem
2730 5324 2980 5402 Comedes
3022 5339 3091 5402 ex
3134 5338 3229 5402 eo:
3268 5329 3621 5402 utrumocum

1973 5403 2123 5457 omni
2143 5403 2289 5470 ligno
2315 5399 2711 5470 eliamlignum
2742 5397 2988 5470 scientite
3019 5394 3151 5470 boni
3171 5392 3379 5470 etmali
3417 5390 3623 5470 dixerit

1972 5490 2085 5530 esse
2108 5461 2579 5526 mcinducandum:
2627 5482 2699 5520 an
2738 5481 2861 5521 vero
2905 5466 2970 5521 de
3002 5465 3151 5520 omni
3194 5465 3360 5535 tigno,
3398 5461 3463 5516 de
3507 5463 3619 5516 solo

1971 5549 2155 5601 autem
2200 5540 2447 5599 scientia
2490 5538 2615 5597 boni
2660 5539 2712 5596 et
2752 5538 2889 5596 mali
2922 5536 3127 5595 dixerit
3179 5552 3291 5593 non
3336 5549 3447 5593 esse
3492 5549 3617 5604 gus-

1970 5616 2217 5675 tandum.
