4084 6188
476 390 591 453 3Q3

1846 438 1851 443 ρ
1937 391 2001 452 S.
2046 384 2425 451 AMBROSII

3766 354 3877 445 δια

476 521 878 595 interpretanti
912 521 1129 589 locum,
1165 521 1276 577 nisi
1318 520 1531 577 mulier
1581 522 1641 577 in
1693 522 2116 594 superioribus,
2149 526 2204 591 Α
2234 520 2305 576 iis
2332 537 2457 592 quae
2491 517 2787 590 pollicitus
2819 522 2910 573 est
2943 514 3171 588 reliqua
3203 513 3351 571 falsa
3388 513 3736 587 composuit.
3787 515 3880 570 Sic

474 611 703 667 dicente
736 616 1045 684 serpente:
1080 611 1219 679 Quid
1252 613 1441 683 utique
1469 612 1614 665 dixit
1644 613 1800 677 Deus,
1834 627 1904 666 ne
1956 611 2128 666 edatis

474 700 543 755 ab
574 703 727 756 omni
755 702 902 772 ligno
933 700 1072 771 quod
1111 709 1189 755 est
1237 701 1293 754 in
1340 700 1637 771 paradiso:
1694 701 2125 771 respondisset:

477 790 626 858 Quod
658 798 735 846 est
764 791 823 845 in
857 789 1033 844 medio
1061 788 1338 859 paradiso,
1374 788 1522 844 dixit
1574 794 1719 844 Deus
1740 807 1759 844 :
1805 790 1919 844 Non
1970 806 2129 843 man-

474 879 745 934 ducabitis
774 895 843 934 ex
872 894 932 931 eo
966 877 1098 947 (68).
1132 878 1192 932 In
1226 894 1341 948 quo
1374 878 1641 949 quamvis
1676 877 1938 933 mulieris
1979 894 2128 949 prm-

474 968 810 1023 varicaturte
864 965 1006 1020 fides
1056 965 1323 1021 videatur
1368 965 1677 1034 infirmior,
1750 975 1943 1022 tamen
2012 982 2125 1021 non

475 1055 748 1111 omnibus
776 1055 962 1109 Adam
998 1052 1258 1126 spoliabo
1293 1054 1626 1121 virtutibus,
1665 1060 1728 1110 ut
1752 1055 2019 1110 videatur
2068 1055 2125 1109 in

477 1142 746 1215 paradiso
777 1140 1003 1196 nullam
1037 1145 1342 1195 assecutus
1365 1141 1545 1197 fuisse
1564 1142 1861 1210 virtutem,
1888 1140 2034 1195 nihil
2058 1141 2129 1196 de

474 1230 695 1287 caeteris
744 1230 1074 1302 gustavisse
1119 1228 1317 1301 lignis,
1364 1229 1646 1302 priusque
1699 1230 1933 1303 culpam
1981 1230 2128 1286 inci-

472 1319 631 1376 disse
661 1320 793 1392 (69),
821 1335 999 1390 quam
1033 1318 1258 1374 fructus
1306 1334 1435 1373 esse
1480 1317 1707 1390 aliquos
1752 1323 2125 1374 consecutus.

471 1408 596 1463 Non
627 1406 889 1480 spoliabo
912 1423 1047 1477 ergo
1070 1408 1275 1474 Adam,
1301 1424 1372 1461 ne
1392 1423 1578 1479 genus
1600 1407 1929 1463 humanum
1955 1425 2128 1464 omne

474 1496 808 1569 dispoliem,
844 1495 998 1567 quod
1056 1494 1337 1551 innocens
1387 1501 1474 1552 est
1528 1500 1843 1568 antequam
1885 1513 2126 1552 sensum

475 1585 722 1658 accipiat
753 1584 1004 1640 scientia:
1035 1584 1171 1639 boni
1205 1589 1259 1638 ct
1291 1583 1455 1639 mali.
1490 1585 1690 1655 Neque
1738 1584 1893 1639 enim
1943 1585 2127 1640 otiose

476 1674 699 1729 dictum
730 1677 856 1729 est:
891 1674 1013 1729 Nisi
1031 1675 1283 1727 conversi
1308 1675 1551 1744 fueritis,
1585 1677 1635 1729 et
1674 1674 2002 1745 efﬁciamini
2050 1676 2124 1729 si-

473 1768 565 1819 cut
585 1780 723 1834 puer
771 1764 891 1825 iste,
954 1778 1064 1817 non
1130 1762 1409 1817 intrabilis
1476 1764 1533 1817 in
1573 1778 1804 1831 regnum
1869 1763 2125 1817 coriorum

478 1852 687 1923 (Matth.
719 1866 879 1915 xvm,
913 1851 987 1921 3).
1022 1850 1172 1905 Puer
1200 1849 1353 1905 enim
1389 1866 1521 1905 cum
1557 1848 1952 1916 maledicitur,
2010 1868 2124 1905 non

479 1937 873 1994 remaledicit:
909 1954 1042 1992 cum
1076 1936 1418 2009 percutitur,
1456 1954 1571 1991 non
1603 1938 1949 2010 repercutit:
2002 1955 2125 1993 arn-

477 2027 765 2083 bitionum
800 2031 857 2082 et
882 2026 1221 2097 rapinarum
1252 2030 1613 2081 tentamenta
1643 2043 1755 2081 non
1790 2025 1966 2082 novit.

546 2116 635 2169 60.
668 2114 829 2170 Unde
851 2114 1043 2169 verius
1076 2117 1238 2186 puto,
1272 2114 1427 2185 quod
1463 2131 1533 2170 ne
1562 2130 1697 2170 cum
1734 2114 1863 2171 aliis
1886 2115 2122 2187 quidem

479 2203 769 2259 fructibus
802 2202 1026 2274 lignum
1059 2203 1352 2257 edendum
1398 2220 1527 2259 esse
1574 2203 1928 2275 praeceperit.
1978 2205 2124 2259 Nam

477 2291 585 2347 etsi
621 2293 773 2346 bona
806 2291 1050 2346 scientia
1098 2291 1739 2363 perfecto,imperf‘ecto
1792 2298 1986 2349 tamen
2037 2292 2126 2347 in-

479 2379 639 2436 utilis
671 2385 779 2436 est.
806 2379 1216 2452 Imperfectum
1247 2380 1435 2434 ausim
1461 2397 1693 2435 omnem
1724 2381 2020 2437 hominem
2045 2383 2127 2437 di-

478 2486 625 2537 cere,
661 2469 896 2540 quando
928 2468 1051 2540 ipse
1073 2467 1288 2523 Paulus
1314 2468 1479 2539 quasi
1516 2469 1891 2541 imperfectus
1940 2471 2123 2526 dicat:

477 2558 597 2612 Non
626 2559 886 2627 quoniam
917 2557 1236 2626 acceperim,
1268 2559 1366 2609 aut
1396 2572 1500 2627 quo
1511 2556 1635 2627 jam
1666 2558 1937 2629 perfectus
1980 2559 2122 2613 sim:

476 2661 675 2716 sequor
703 2652 881 2699 autem
911 2644 965 2699 si
990 2642 1436 2715 comprehendam
1481 2643 1747 2715 (Philipp.
1801 2662 1860 2710 ιι,
1913 2647 2018 2713 12).
2063 2645 2129 2699 Et

478 2734 605 2788 ideo
650 2733 1005 2806 imperfectis
1052 2732 1191 2787 dicit
1260 2732 1584 2789 Dominus:
1638 2733 1815 2788 Nolite
1849 2733 2124 2803 judicare,

475 2832 670 2877 utnon
691 2822 1025 2893 judicemini
1057 2820 1260 2890 (Matth.
1309 2836 1411 2887 vn,
1475 2825 1540 2887 l).
1595 2822 1740 2893 Ergo
1792 2822 2127 2893 imperfecto

479 2910 705 2965 inutilis
737 2910 1001 2964 scientia.
1038 2910 1317 2980 Denique,
1348 2913 1624 2980 peccatum
1657 2911 1983 2976 nesciebam,
2016 2912 2130 2965 nisi

481 3000 572 3053 lem
599 2998 836 3052 diceret:
868 2999 981 3052 Non
1004 3000 1344 3069 concupisces
1376 2999 1553 3070 (Rom.
1589 3015 1687 3065 vu,
1716 3000 1794 3066 7).
1832 2999 1901 3053 Et
1940 2999 2123 3053 infra:

481 3087 610 3142 Sine
660 3087 778 3155 lege
838 3087 987 3141 enim
1042 3090 1321 3157 peccatum
1380 3090 1657 3142 mortuum
1727 3093 1807 3141 est
1865 3087 2022 3159 (Ibid.
2072 3088 2127 3159 8)

481 3174 626 3240 Quid
669 3175 827 3230 enim
877 3174 1019 3231 mihi
1069 3176 1344 3247 proderat
1386 3176 1537 3231 scire
1580 3176 1735 3247 quod
1786 3176 1967 3231 vitare
2014 3194 2126 3232 non

480 3269 738 3337 poteram
762 3263 790 3318 ?
820 3263 968 3329 Quid
1003 3264 1144 3318 mihi
1179 3265 1419 3335 prodeat
1450 3264 1597 3321 scire
1629 3266 1784 3337 quod
1820 3265 1909 3321 lex
1935 3266 2129 3322 carnis
2159 3252 2201 3318 C

481 3368 622 3408 mese
654 3352 1073 3425 impugnaret?
1101 3353 1487 3426 Impugnatur
1514 3352 1755 3420 Paulus,
1787 3359 1843 3409 et
1870 3354 2025 3409 videt
2056 3355 2132 3410 le-

479 3458 600 3513 gem
647 3443 832 3497 carnis
867 3456 986 3498 suae
1032 3446 1431 3510 repugnantem
1488 3443 1596 3512 legi
1657 3445 1854 3498 mentis
1902 3458 2039 3509 suae,
2085 3450 2137 3498 et

481 3532 750 3603 captivari
774 3547 832 3586 se
872 3532 932 3585 in
963 3531 1077 3601 lege
1100 3532 1315 3603 peccati
1344 3531 1500 3602 (Ibid)
1537 3532 1645 3603 2.3),
1690 3548 1794 3587 nec
1845 3532 1914 3588 de
1966 3548 2135 3587 cons-

482 3619 693 3676 cientia
723 3635 829 3674 sua
861 3618 1164 3692 praesumit
1206 3619 1345 3692 (Vid.
1393 3620 1452 3675 S.
1492 3623 1639 3693 Aug.
1687 3619 1788 3676 lib.
1846 3637 1888 3677 ιι
1941 3621 2139 3676 Contra

480 3710 753 3774 Jul.Pel.,
800 3725 849 3763 ο.
900 3709 954 3775 5,
1000 3726 1056 3763 n.
1110 3709 1235 3777 13):
1289 3709 1388 3763 sed
1439 3725 1543 3781 per
1592 3709 1807 3765 Christi
1866 3710 2139 3782 gratiam,

484 3799 637 3852 174
688 3796 929 3852 confidit
987 3814 1049 3852 se
1112 3813 1145 3851 a
1186 3797 1392 3852 mortis
1432 3814 1675 3870 corpore
1723 3797 2135 3853 liberandum:

486 3890 543 3941 et
572 3890 633 3940 tu
667 3901 1023 3957 quemquam
1059 3884 1323 3956 opinaris
1357 3885 1636 3941 scientem
1672 3902 1784 3941 non
1820 3903 1989 3958 posse
2018 3902 2145 3958 pec-

484 3975 659 4031 care?
688 3972 904 4029 Paulus
936 3974 1116 4029 dicit:
1152 3975 1269 4029 Non
1311 3976 1458 4029 enim
1507 3974 1647 4046 quod
1691 3976 1809 4031 volo
1852 3977 1998 4047 facio
2049 3975 2144 4031 b0-

483 4079 650 4119 num:
680 4062 771 4118 sed
799 4062 938 4133 quod
958 4063 1082 4118 nolo
1120 4064 1350 4129 malum,
1392 4062 1492 4117 hoc
1537 4080 1637 4134 ago
1680 4063 1837 4135 (Ibid.
1896 4064 2030 4135 49):
2088 4068 2145 4120 et

489 4158 555 4207 tu
589 4150 897 4207 arbitraris
934 4149 1161 4205 homini
1188 4150 1465 4222 prodesSe
1496 4152 1824 4219 scientiam,
1873 4169 1999 4225 qua;
2048 4154 2145 4208 de-

482 4240 606 4297 licti
637 4242 847 4312 augeat
878 4237 1159 4293 invidiam
1181 4238 1209 4292 ‘I
1233 4238 1367 4295 Esto
1402 4244 1598 4295 tamen
1626 4244 1690 4294 ut
1712 4240 2003 4312 perfectus
2025 4258 2151 4314 pec-

486 4345 617 4384 care
647 4345 761 4383 non
804 4328 1009 4399 possit.
1063 4327 1126 4382 In
1175 4328 1362 4383 Adam
1416 4327 1573 4385 Deus
1620 4346 1825 4385 omnes
1878 4329 2148 4387 homines

500 4416 873 4488 praevidebat,
908 4421 964 4471 et
1004 4416 1130 4472 ideo
1173 4415 1504 4489 promiscue
1543 4416 1738 4489 generi
1785 4434 1899 4473 non
1948 4435 2153 4475 conve-

497 4504 697 4559 niebat
741 4503 1005 4559 humano
1052 4503 1089 4559 h
1122 4505 1293 4560 abere
1341 4505 1646 4561 scientiam
1723 4506 1859 4562 boni
1907 4511 1964 4562 et
2008 4507 2150 4563 mali

484 4608 662 4664 quam
694 4607 798 4664 per
826 4592 1018 4647 carnis
1046 4593 1208 4663 vitia,
1236 4597 1300 4648 ut
1345 4595 1669 4666 oportebat,
1709 4611 1971 4651 exercere
2024 4614 2140 4653 non
2170 4620 2218 4685 Ι)

485 4683 740 4754 poterat.

1115 4794 1345 4852 CAPUT
1377 4796 1522 4853 XllI.

494 4884 768 4956 Quomodo
799 4888 1136 4940 tenlamenta
1164 4884 1373 4941 diaboli
1400 4887 1561 4956 plena
1591 4889 1705 4943 sint
1734 4889 2012 4945 mendacii
2026 4907 2045 4950 ,ο
2095 4898 2146 4946 et

556 4959 621 5014 de
648 4957 963 5029 deceptione
987 4957 1263 5022 mulieris,
1294 4966 1345 5011 et
1395 4957 1553 5029 lapsu
1590 4959 1733 5015 Adae.
1785 4961 2140 5029 Quemadmo-

558 5030 689 5084 dum
718 5036 885 5084 etiam
912 5030 1266 5098 cognoverint
1296 5044 1354 5084 se
1385 5046 1499 5085 esse
1526 5029 1718 5093 nudos,
1741 5040 1791 5087 et
1812 5033 2145 5088 succintoria

557 5102 664 5155 sibi
692 5101 947 5171 fecerint,
984 5099 1179 5170 quidve
1196 5116 1298 5172 per
1326 5117 1387 5156 ea
1424 5102 1783 5171 signiﬁcetur.

559 5216 649 5269 6|.
702 5214 1011 5270 Discamus
1072 5215 1251 5288 igitur
1298 5219 1661 5273 testamenta
1707 5218 1923 5274 diaboli
1971 5218 2146 5291 plena

488 5319 615 5359 esse
647 5303 933 5358 mendacii
964 5304 1093 5371 ;vix
1126 5304 1283 5361 enim
1313 5322 1498 5361 unum
1549 5323 1752 5362 verum
1798 5307 2031 5363 videtur
2076 5324 2145 5364 ex

568 5416 679 5487 (68)
710 5417 878 5493 Rom.
904 5420 1064 5486 edit.,
1095 5438 1165 5476 ea:
1192 5423 1344 5493 omni
1375 5423 1523 5493 ligno
1552 5422 1806 5491 paradisi
1853 5422 2145 5479 manduca-

498 5488 699 5567 bimus,
729 5489 793 5567 de
821 5492 1005 5567 fructu
1034 5502 1221 5567 autem
1255 5488 1793 5567 lignifSedhaeoAin
1824 5511 1969 5567 mss.
1992 5495 2147 5567 sicut

498 5561 642 5614 etin
690 5564 807 5613 vet.
860 5561 998 5617 edit.
1035 5561 1463 5621 desiderantur.
1516 5565 1659 5621 Mss.
1712 5564 1767 5621 S.
1821 5563 2038 5621 Theod.
2089 5570 2147 5622 et

498 5629 804 5711 Laudphde
833 5630 981 5700 ligno
1011 5633 1153 5711 quod
1180 5638 1258 5711 est
1287 5637 1348 5689 in
1372 5636 1569 5711 medio,
1602 5642 1713 5711 etc:

566 5699 681 5775 (69)
702 5699 806 5775 Sic
836 5717 979 5759 mss.
1012 5699 1159 5775 Div.,
1193 5703 1367 5775 Clam,
1390 5699 1589 5773 Torni,
1610 5710 1666 5763 S.
1692 5706 1900 5765 Thom.
1925 5712 1982 5766 et
2001 5709 2139 5768 edit.

493 5770 626 5838 Era.
653 5770 765 5833 Alii
797 5788 943 5833 mss.
976 5770 1155 5849 atque
1175 5774 1317 5837 edit.
1347 5770 1492 5850 Am;
1532 5770 1643 5840 Gil.
1674 5782 1734 5841 et
1761 5779 1949 5857 Rom.,
1987 5782 2144 5861 prius

2158 1895 2205 1959 Β

2238 610 2394 665 enim
2437 608 2653 664 habes:
2705 611 2771 671 Et
2790 607 2935 662 dixit
2981 622 3196 677 serpens
3228 607 3493 661 mulieri:
3544 607 3665 659 Non
3714 611 3881 660 morte

2239 698 2557 754 moriemini
2588 696 2737 768 (Gen.
2774 714 2857 762 ιιι,
2891 696 2964 765 4).
3009 696 3153 750 Ecce
3204 710 3387 749 unum
3438 691 3694 760 falsum;
3745 708 3879 748 nam

2241 791 2427 842 morte
2460 790 2727 841 mortuus
2759 789 2848 841 est
2872 784 3069 851 homo,
3098 783 3194 855 qui
3220 786 3458 839 secutus
3479 785 3568 837 est
3596 780 3881 853 promissa

2240 875 2548 947 serpentis.
2583 874 2800 929 Deinde
2832 872 3087 928 addidit:
3130 873 3266 938 Scit,
3299 870 3510 943 inquit,
3566 875 3708 926 Deus
3755 871 3882 941 quia

2237 980 2557 1035 quacunque
2600 963 2687 1018 die
2733 962 3198 1018 manducaveritis
3246 976 3315 1015 ea:
3358 976 3439 1027 eo,
3494 958 3881 1030 adaperienlur

2237 1052 2382 1107 oculi
2410 1054 2573 1106 vestri
2594 1051 2776 1123 (Ibil.,
2807 1053 2882 1122 5).
2918 1050 3036 1105 Hoc
3069 1049 3257 1105 solum
3292 1065 3513 1116 verum,
3547 1048 3685 1120 quia
3732 1047 3877 1102 infra

2237 1139 2460 1195 habes:
2513 1142 2658 1210 Quia
2703 1140 3171 1195 manducavcrunt
3228 1138 3386 1192 ambo
3431 1139 3501 1204 et,
3551 1137 3731 1208 aperti
3758 1144 3883 1191 sunt

2238 1230 2385 1284 oculi
2404 1245 2594 1285 eorum
2626 1228 2814 1300 (Ibid,
2839 1229 2893 1295 6,
2921 1228 2998 1299 7).
3032 1227 3141 1282 Sed
3174 1225 3285 1281 hoc
3322 1241 3526 1280 verum
3576 1224 3729 1296 quod
3779 1240 3881 1279 no-

2240 1322 2409 1373 ceret.
2443 1317 2705 1388 Denique
2735 1333 2850 1372 non
2882 1316 3160 1371 omnibus
3202 1314 3425 1387 aperire
3473 1311 3673 1369 oculos
3716 1313 3876 1380 utile,

2241 1404 2379 1477 quia
2426 1405 2708 1477 scriptum
2763 1408 2886 1460 est:
2955 1403 3246 1459 Videbunt
3312 1406 3370 1458 et
3431 1419 3544 1458 non
3604 1400 3882 1457 videbunt

2238 1494 2364 1563 (lsa.
2397 1512 2474 1561 v1,
2506 1494 2583 1566 9).
2618 1494 2726 1549 Sed
2779 1492 2978 1548 statim
3023 1492 3455 1564 agglutinatum
3505 1491 3874 1547 mendacium

2239 1588 2347 1647 est,
2381 1581 2519 1654 quia
2568 1582 2878 1654 adjunxit:
2912 1583 2978 1636 Et
3003 1582 3160 1636 erilis
3206 1582 3348 1635 sicut
3403 1580 3487 1639 dii
3534 1579 3758 1635 scientes
3801 1578 3888 1635 bo-

2236 1688 2370 1726 num
2402 1676 2451 1726 ct
2484 1673 2690 1726 malum
2727 1670 2875 1743 (Gen.
2909 1687 2992 1735 IlI,
3028 1671 3104 1740 5).
3158 1668 3219 1723 In
3253 1685 3366 1741 quo
3414 1668 3550 1725 licet
3593 1668 3882 1724 advertere

2237 1756 2575 1815 idololatriae
2599 1764 2897 1815 auctorem
2915 1774 3043 1814 esse
3062 1763 3486 1830 serpentem,eo
3509 1757 3665 1828 quod
3691 1756 3885 1829 plures

2238 1849 2377 1904 deos
2404 1848 2707 1904 induxisse
2730 1850 2785 1903 in
2821 1848 3130 1903 hominum
3160 1847 3428 1901 videatur
3460 1860 3715 1902 errorem
3734 1862 3883 1917 quas-

2238 1939 2374 1993 dam
2406 1938 2693 2010 serpentis
2722 1936 2957 1992 astutia.
2988 1937 3057 1991 Et
3105 1936 3213 1991 hoc
3264 1934 3484 2001 fefellit,
3527 1934 3669 2007 quia
3712 1935 3882 1990 homo

2238 2028 2392 2082 sicut
2415 2025 2496 2081 dii
2536 2026 2671 2097 (70).
2722 2026 2845 2080 Non
2914 2023 3105 2080 solum
3173 2024 3330 2079 enim
3397 2023 3551 2079 sicut
3616 2024 3699 2079 dii
3757 2039 3883 2079 esse

2235 2116 2503 2172 homines
2535 2115 2853 2183 desierunt,
2888 2116 2987 2171 sed
3022 2114 3197 2171 etiam
3232 2114 3331 2187 qui
3377 2114 3547 2185 quasi
3578 2113 3659 2168 dii
3700 2119 3880 2185 erant,

2237 2206 2453 2278 quibus
2487 2205 2710 2260 dictum
2744 2208 2865 2259 est:
2901 2206 3006 2275 Ego
3037 2204 3185 2269 dixi,
3219 2204 3301 2259 dii
3321 2205 3446 2259 estis
3486 2203 3655 2274 (Psal.
3697 2219 3879 2274 LXXXI,

2234 2296 2310 2366 6),
2347 2295 2438 2349 sui
2471 2293 2721 2367 gratiam
2753 2293 3150 2366 perdiderunt.

2305 2411 2395 2465 62.
2414 2412 2478 2465 Et
2508 2410 2644 2466 vidit
2670 2410 2877 2465 mulier
2902 2411 3031 2481 quia
3054 2409 3252 2464 bonum
3280 2412 3357 2464 est
3386 2410 3601 2479 lignum
3624 2407 3696 2462 ad
3724 2424 3880 2462 man-

2234 2499 2568 2567 ducandum,
2601 2502 2650 2554 et
2690 2500 2824 2570 quia
2870 2507 3090 2569 gratum
3130 2498 3299 2553 oculis
3346 2498 3421 2554 ad
3470 2497 3780 2562 videndum,
3831 2501 3884 2552 et

2234 2589 2534 2660 speciosum
2560 2595 2636 2643 est
2676 2587 2747 2642 ad
2796 2587 3125 2643 intuendum
3178 2586 3329 2658 (Gen.
3388 2603 3472 2653 ιιι,
3521 2587 3601 2658 6).
3646 2586 3888 2642 lnfirma

2238 2681 2444 2733 auctor
2464 2676 2674 2748 judicii
2707 2693 2834 2748 qua:
2864 2678 2935 2732 de
2962 2693 3028 2733 eo
3056 2677 3211 2747 quod
3247 2692 3359 2731 non
3410 2679 3761 2749 gustaverat,
3785 2676 3887 2746 ju-

2235 2767 2488 2822 dicabat.
2518 2766 2587 2820 Et
2619 2765 2745 2821 ideo
2778 2781 2894 2820 non
2931 2764 3118 2831 facile,
3168 2764 3281 2820 nisi
3328 2764 3382 2819 id
3431 2764 3585 2835 quod
3637 2762 3884 2836 diligen-

2237 2856 2356 2910 tius
2390 2854 2955 2927 perlractaverimus,
2981 2854 3138 2927 quod
3161 2852 3432 2909 interiore
3450 2852 3889 2925 probaverimus

2238 2944 2468 3011 affectu,
2502 2943 2731 2999 videtur
2762 2943 2833 2997 ad
2863 2959 3011 3013 opus
3041 2941 3274 3013 aliquod
3323 2958 3451 2997 esse
3500 2941 3885 2999 sumendum.

2236 3034 2538 3104 Accipiens,
2573 3031 2785 3104 inquit,
2819 3031 2885 3086 de
2911 3034 3093 3103 [metu
3122 3031 3239 3101 ejus
3263 3030 3635 3097 manducavit,
3683 3034 3738 3085 et
3785 3029 3886 3085 de-

2238 3122 2321 3177 dit
2358 3123 2476 3177 viro
2522 3137 2619 3177 suo
2670 3122 2840 3176 simul
2887 3128 2938 3176 et
2968 3120 3451 3177 'manducaverunt
3497 3120 3658 3174 ambo
3705 3118 3886 3191 (Ibid).

2240 3212 2391 3266 Bene
2421 3210 2882 3282 praetermissum
2916 3214 3006 3266 est
3033 3210 3134 3265 ubi
3177 3208 3466 3282 decipitur
3491 3208 3675 3265 Adam
3702 3225 3715 3276 ;
3752 3208 3894 3280 quia

2244 3316 2358 3355 non
2392 3315 2501 3354 sua
2528 3297 2718 3370 culpa,
2755 3298 2855 3353 sed
2881 3297 3022 3353 vitio
3053 3297 3255 3370 lapsus
3286 3296 3485 3352 uxoris
3513 3300 3620 3352 est.

2314 3424 2404 3478 63.
2439 3423 2503 3479 Et
2531 3424 2709 3495 aperti
2736 3430 2884 3489 sunt,
2918 3421 3133 3494 inquit,
3166 3421 3316 3476 oculi
3362 3437 3568 3487 eorum,
3605 3429 3657 3477 et
3692 3437 3894 3492 cogno-

2245 3516 2439 3568 verunt
2466 3511 2608 3584 quod
2635 3511 2776 3567 nudi
2804 3520 2981 3567 essent
3011 3510 3168 3581 (Ibid.
3218 3512 3296 3581 7).
3348 3511 3421 3565 Et
3466 3514 3599 3565 ante
3647 3510 3893 3582 quidem

2248 3602 2389 3656 nudi
2426 3606 2612 3667 erant,
2656 3600 2756 3655 sed
2810 3616 2925 3655 non
2974 3599 3100 3655 sine
3147 3598 3430 3653 virtutum
3481 3598 3909 3671 integumentis

2249 3692 2357 3761 (De
2384 3691 2582 3745 Pcenit.
2616 3689 2735 3743 dist
2775 3691 2829 3755 2,
2860 3704 2910 3743 c.
2972 3690 3037 3745 Ut
3078 3688 3483 3759 cognoverunt).
3536 3688 3688 3744 Nudi
3734 3694 3913 3745 erant

2251 3783 2489 3852 propter
2520 3793 2750 3833 morum
2804 3775 3264 3848 simplicitatem,
3313 3780 3370 3832 et
3417 3778 3573 3849 quod
3620 3777 3912 3833 amictum

2250 3867 2474 3922 fraudis
2509 3870 2723 3921 natura
2754 3865 3024 3921 nesciret.
3052 3865 3217 3921 Nunc
3251 3869 3447 3921 autem
3476 3865 3680 3922 multis
3711 3866 3914 3922 simu~

2254 3957 2538 4012 lationum
2570 3954 2887 4011 involucris
2937 3970 3105 4010 mens
3154 3954 3415 4010 humana
3459 3954 3703 4011 velatur.
3754 3955 3914 4027 Ergo

2255 4048 2635 4118 posteaquam
2667 4042 2949 4116 spoliatos
2979 4060 3041 4099 se
3069 4041 3169 4099 illa
3200 4043 3532 4100 sinceritate
3563 4048 3619 4099 et
3670 4042 3912 4116 simpli-

2256 4135 2428 4190 citate
2475 4132 2749 4187 vidernnt
2811 4132 3049 4205 integrae
3117 4130 3582 4204 incorruptasque
3654 4138 3912 4203 naturas,

2256 4237 2514 4295 quirrere
2547 4221 2848 4277 mundana
2884 4225 2942 4277 et
2988 4220 3326 4276 manuf'acta
3385 4222 3529 4277 l15
3579 4226 3916 4295 coeperunt,

2258 4310 2473 4383 quibus
2503 4310 2661 4365 nuda
2691 4326 2809 4365 sua;
2851 4309 3066 4365 mentis
3109 4309 3437 4382 aperirent;
3489 4309 3917 4368 delectationes

2259 4398 2763 4463 delectationibus,
2796 4401 2853 4452 et
2879 4396 3083 4452 mundi
3124 4397 3302 4469 hujus
3352 4397 3697 4455 umbratiles
3742 4399 3919 4455 volu-

2260 4492 2448 4561 ptates
2478 4485 2635 4543 velut
2674 4485 2810 4541 folia
2860 4485 3015 4541 foliis
3063 4491 3392 4552 assuentes,
3439 4487 3653 4560 quibus
3697 4488 3923 4545 obum-

2259 4578 2497 4633 brareht
2522 4574 2773 4650 genitale
2794 4579 3106 4631 secretum.
3139 4575 3286 4631 Nam
3332 4578 3626 4649 quomodo
3670 4576 3923 4636 clausos

2249 4665 2448 4722 oculos
2479 4664 2739 4738 corporis
2769 4663 2977 4719 habuit
3007 4665 3215 4731 Adam,
3249 4665 3349 4737 qui
3382 4666 3582 4722 omnia
3633 4666 3926 4723 animan-

2251 4754 2333 4811 tia
2362 4754 2444 4810 ita
2469 4755 2635 4821 vidit,
2669 4757 2733 4809 ut
2797 4752 2892 4809 his
2956 4757 3014 4808 et
3079 4769 3291 4809 nomen
3344 4754 3720 4826 imponeret?
3755 4754 3927 4819 Quo-

2253 4843 2426 4899 modo
2493 4844 2909 4916 cognoverunt,
2973 4842 3032 4897 id
3098 4846 3206 4913 est,
3272 4842 3548 4899 interiore
3578 4847 3636 4899 et
3698 4842 3926 4900 altiore

2258 4932 2502 4988 scientia
2531 4948 2646 4988 non
2678 4930 2940 4987 tunicam
2972 4930 3106 4995 sibi,
3131 4931 3229 4987 sed
3262 4931 3544 4987 virtutum
3580 4932 3785 4989 deesse
3815 4949 3925 4989 ve-

2253 5019 2493 5075 lamina.

2321 5137 2411 5190 64.
2457 5137 2532 5190 Et
2563 5143 2872 5204 assuerant,
2910 5134 3123 5206 inquit,
3169 5137 3310 5207 folia
3358 5136 3516 5206 ﬁcus,
3563 5141 3615 5193 et
3655 5138 3931 5209 fecerunt

2250 5225 2362 5280 sibi
2393 5225 2732 5280 succintoria
2761 5223 2920 5292 (Ibid.
2945 5226 3020 5293 7).
3058 5225 3258 5281 Ficum
3309 5225 3418 5281 hoc
3466 5225 3591 5283 loco
3636 5243 3743 5300 pro
3793 5244 3933 5299 qua

2251 5311 2448 5386 specie
2482 5313 2804 5369 debeamus
2836 5312 3095 5385 accipere
3126 5313 3458 5370 divinarum
3484 5331 3590 5372 nos
3616 5316 3790 5373 docet
3821 5333 3930 5373 se-

2249 5444 2414 5500 guam
2443 5428 2665 5499 culpam
2695 5427 2995 5484 incidisset.

2323 5499 2437 5571 (70)
2472 5501 2559 5554 Ita
2588 5503 2717 5571 octo
2771 5516 2914 5571 mss.
2967 5499 3227 5556 melioris
3264 5504 3433 5570 notas,
3484 5518 3551 5558 ac
3600 5503 3743 5559 edit.
3795 5507 3931 5559 vet.

2254 5569 2403 5642 Mss.
2421 5569 2619 5642 autem
2655 5570 2756 5627 SS.
2788 5569 2896 5626 Th.
2928 5576 2985 5626 et
3015 5571 3213 5639 Mich.,
3248 5574 3381 5642 quia
3419 5569 3531 5629 non
3561 5573 3721 5630 homo
3770 5576 3941 5631 sicut

2252 5642 2350 5715 dii.
2387 5641 2447 5698 S.
2477 5641 2725 5715 Remig.,
2766 5644 2900 5715 quia
2936 5641 3334 5715 hominesnon
3380 5646 3525 5702 sicut
3568 5646 3671 5702 dii.
3723 5649 3805 5702 At
3862 5646 3936 5702 in

2252 5712 2420 5844 23m.
2471 5713 2610 5771 edit.
2643 5712 2726 5774 éic
2768 5712 2951 5789 legas,
2996 5722 3047 5772 et
3083 5714 3286 5791 fe/ellit
3314 5715 3521 5789 dicens,
3556 5718 3719 5779 eritis
3763 5718 3940 5781 sicut

2297 5800 2363 5846 ιι.
