4158 6168
276 350 371 417 325
1490 322 1735 387 LIBER
1779 324 1886 384 DE
1928 315 2367 384 PARADISO.
3577 254 3698 379 326)

273 469 368 545 'ries
384 479 721 542 lectionum;
766 465 1235 545 quandoquidem
1290 462 1522 518 sanctos
1576 470 1708 511 esse
1768 453 1874 545 qui
1904 454 1963 519 Α
1998 456 2065 545 ut
2102 451 2404 545 coleretur
2434 451 2730 523 permisit.
2766 451 2840 507 Et
2868 450 3002 510 ideo
3027 457 3158 528 jam
3222 476 3338 514 non
3384 455 3565 526 foliis,
3599 459 3704 512 sed

275 575 363 633 sub
386 572 476 626 vite
507 571 566 624 et
596 565 711 620 ﬁcu
751 540 1121 631 requiescunt
1174 551 1473 623 Scriptura
1526 540 1880 599 memoravit
1996 540 2209 594 divino
2243 556 2521 595 sermone
2554 541 3000 613 suceingimur:
3064 548 3207 619 quia
3238 549 3365 622 ipse
3415 545 3705 602 Dominus

273 628 416 738 ξῄέσιι,
439 677 509 725 ιν,
556 655 634 726 4),
670 656 729 707 et
777 628 1050 705 salomon
1106 641 1315 738 dixerit
1336 656 1350 692 :
1538 633 1758 706 plantat
1807 630 1878 699 ﬁ-
2001 628 2088 738 ait
2121 645 2136 682 :
2192 629 2321 683 Sint
2351 630 2532 738 lu‘nibi
2560 632 2726 738 uestri
2749 634 3037 729 succincti,
3070 646 3120 691 et
3155 639 3213 693 lu
3227 652 3411 694 cernae
3440 635 3708 691 ardentes

274 714 546 820 Lumﬂtde
579 714 779 817 [Ii-uchi
807 737 919 808 ejus
950 752 1063 792 non
1090 730 1382 789 manducet
1432 724 1612 797 (Prov.
1700 734 1878 820 xxvu,
2005 714 2341 813 (l.uc..xn,
2390 718 2505 788 32$).
2560 718 2728 773 Unde
2775 720 2950 776 etiam
3008 728 3321 795 pecuniam
3401 726 3461 781 in
3548 723 3713 780 zonis

273 803 743 915 laxetDominus
787 803 859 882 ad
913 824 1097 915 ticum
1155 818 1406 915 venerit;
1457 813 1557 870 sed
1616 809 1765 915 id‘eol.
1796 806 1885 915 ait
2011 803 2256 915 Ini-cistris
2289 810 2526 915 portari:
2561 806 2834 915 prpbibet
2873 810 3086 915 (Matth.
3121 833 3176 881 x,
3210 817 3265 887 9)
3374 833 3490 870 non
3555 814 3715 871 enim

274 889 496 994 oti/emus,
532 920 679 994 quia
737 931 853 972 non
909 909 1204 968 invenerit
1259 907 1536 971 fructum,
1589 898 1689 955 sed
1739 892 1887 990 folia
2018 889 2373 961 saecularia,
2427 894 2530 949 sed
2594 897 2807 951 aeterna
2862 899 3032 957 debet
3096 921 3245 960 zona
3317 910 3517 959 nostra
3592 921 3714 960 ser-

273 980 686 1078 ta—iitum.lDbeet
717 1020 855 1078 ergo
886 1018 985 1058 me
1015 1001 1207 1056 Adam
1238 996 1378 1069 quid
1409 994 1527 1050 sint
1563 987 1718 1078 folia,
1778 980 1890 1078 qui
2020 994 2200 1033 vare.

273 1067 612 1185 gagatem
648 1067 929 1185 peccavit,
984 1092 1060 1185 de
1103 1067 1275 1185 foliis
1314 1084 1461 1183 ﬁcus
1517 1076 1716 1183 fecerit
1768 1067 1893 1185 sibi

266 1166 706 1258 succinctorium,
740 1180 841 1256 qui
873 1179 950 1235 de
986 1176 1278 1233 fructibus
1300 1171 1487 1245 magis
1504 1170 1629 1242 ejus
1655 1166 1899 1240 gustare

261 1284 502 1347 debuerit.
545 1279 765 1335 Justus
839 1268 1114 1324 fructum
1171 1263 1352 1335 eligit,
1410 1259 1548 1316 folia
1605 1258 1898 1347 peccator.

258 1343 372 1446 Quis
412 1376 496 1429 est
537 1358 822 1423 fruetus?
850 1358 1100 1413 Fructus
1156 1351 1367 1424 inquit,
1399 1351 1625 1422 spiritus
1664 1348 1739 1403 est
1766 1343 1902 1400 cha-

255 1435 387 1535 ;itas,
414 1456 862 1535 gaudiumque,
895 1444 1205 1535 patientia,
1240 1441 1568 1511 benignitas,
1615 1435 1901 1535 modestia,
2052 1522 2065 1525 Δ
2092 1446 2307 1511 genus,

252 1522 589 1615 roﬁquntia,
623 1522 839 1600 dilectio
871 1534 998 1607 (71)
1031 1531 1235 1607 (Galat.
1267 1546 1322 1597 v,
1355 1530 1466 1600 22).
1499 1529 1625 1584 Non
1654 1525 1907 1582 habebat
2052 1522 2065 1525 Δ
2094 1531 2191 1588 68.
2271 1533 2344 1586 Et
2400 1530 2715 1599 audierunt,
2780 1537 2990 1608 inquit,
3045 1556 3234 1595 vorem
3310 1541 3542 1597 Domini
3621 1549 3723 1605 Dei

265 1649 513 1707 fructum,
549 1633 662 1708 qui
695 1626 984 1705 gaudium
1017 1638 1139 1677 non
1171 1619 1439 1710 habebat.
1471 1617 1631 1710 Non_
1657 1615 1913 1710 habebat
2016 1620 2448 1710 άεαῃιὺηιαηιίδ
2480 1621 2539 1710 ίη,
2563 1624 2823 1692 ραναάίςο
2852 1625 2922 1679 ad
2954 1643 3235 1698 vesperam
3270 1627 3430 1700 (Gen.
3494 1649 3580 1701 ιη’
3639 1636 3696 1710 8)

267 1678 513 1707 “unum,
549 1678 662 1708 *ιι--
695 1678 907 1705 υ--“-ν
977 1678 981 1679 ν
2563 1678 2578 1692 .
2802 1678 2805 1679 ν
2956 1678 3031 1682 -ν-
3081 1678 3117 1682 --
3141 1678 3230 1683 ﬁ---
3302 1678 3430 1685 νγ.--
3494 1678 3557 1688 -..
3640 1678 3674 1690 ν

265 1736 433 1798 ﬁdem,
463 1726 575 1800 qui
608 1716 1039 1795 praevaricatus
1069 1712 1195 1765 erat
1223 1708 1564 1763 mandatum
1599 1705 1721 1800 Dei.
1781 1703 1907 1759 Non
2012 1715 2153 1778 Quae
2184 1713 2283 1765 cst
2326 1707 2727 1767 deambulatio
2758 1713 2852 1769 Dsi
2892 1718 2988 1786 q"i
3023 1678 3112 1770 urb'
3142 1733 3240 1789 [ue
3272 1678 3289 1700 Χ
3321 1678 3723 1791 semperest?

269 1792 501 1881 habebat.
521 1792 985 1871 continentiam,
1019 1797 1124 1871 qui
1157 1798 1227 1853 de
1277 1795 1584 1851 interdicto
1642 1792 1753 1849 sibi
1802 1808 1908 1864 gu-
1943 1822 1990 1887 Β
2020 1800 2131 1856 Sed
2166 1801 2322 1871 puto
2375 1796 2906 1859 deambulationem
2960 1806 3286 1875 quamdam
3317 1822 3454 1862 esse
3482 1808 3583 1865 Dei
3621 1830 3723 1885 per

279 1911 496 1969 staverat
524 1902 724 1974 ligno.
1735 1971 1747 1974 _
1802 1972 1807 1974 Α
2030 1888 2385 1944 divinarum
2440 1887 2647 1944 seriem
2701 1891 3158 1963 Scriptururam,
3219 1894 3284 1948 in
3350 1896 3573 1968 quibus
3619 1902 3722 1960 Dei

340 2001 413 2055 65,
469 1993 628 2064 Ergo
690 1982 1032 2057 quicunque
1102 1974 1510 2064 prevaricatur
1578 1971 1921 2064 mandatum
2032 1976 2318 2055 quaedam
2362 1981 2623 2033 versatur
2665 1981 3005 2051 praesentia;
3044 1999 3179 2037 cum
3230 1985 3524 2045 audimus
3583 1994 3723 2064 quia

281 2089 389 2155 Dei,
415 2060 713 2156 spoliatur
744 2074 917 2142 atque
946 2067 1229 2156 nudatur,
1262 2064 1419 2156 et‘ﬁt
1446 2062 1601 2156 ipse
1628 2060 1742 2156 cibi
1776 2063 1922 2156 Διιπ-
2034 2068 2158 2139 ipse
2181 2062 2421 2156 aspicit
2449 2067 2666 2134 omnia,
2699 2074 2756 2123 et
2811 2069 2963 2123 oculi
3030 2070 3265 2128 Domini
3300 2090 3488 2148 super
3525 2060 3723 2152 Ῑυὲιοε

287 2149 405 2252 pg:
432 2149 557 2228 pun
588 2181 654 2222 se
678 2158 906 2252 opm-ii”
927 2154 1286 2252 quigusdgm
1484 2149 1657 2218 foliis,
1681 2149 1926 2252 fortasse
2037 2155 2211 2224 (Psal.
2253 2169 2464 2223 xxxm,
2496 2156 2586 2229 46)
2614 2174 2626 2211 :
2661 2174 2793 2212 eum
2828 2156 3079 2230 legimus
3108 2160 3252 2231 quia
3282 2162 3464 2222 Jesus
3496 2149 3719 2229 sciebat

291 2237 625 2340 quibusdam
650 2247 951 2340 inanibus,
983 2243 1072 2340 vel
1083 2237 1925 2340 umbratilibus-sern‘lonibuf.
2039 2240 2439 2317 cogitationes
2469 2262 2670 2302 eorum
2731 2247 2882 2317 (Luc.
2941 2264 3016 2313 vn,
3045 2250 3147 2319 8):
3213 2267 3357 2308 cum
3419 2255 3719 2331 legimus;

294 2305 428 2426 quos
454 2337 804 2416 compositis
832 2331 1156 2426 mendaciis
1180 2345 1454 2426 assuetis.
1482 2333 1539 2426 ei
1567 2326 1807 2425 Vef‘bum
1862 2325 1933 2380 d6
2044 2331 2185 2402 Quid
2213 2334 2475 2402 cogitatis
2506 2335 2655 2391 mala
2710 2337 2771 2389 in
2823 2305 3095 2391 cordibus,
3136 2344 3338 2398 vestris

294 2394 311 2409 ι
340 2394 428 2408 μυ-
456 2394 617 2416 ---τ
637 2394 654 2397 -
678 2394 689 2395 κ
1440 2394 1451 2398 -
2048 2394 2080 2402 --
2283 2394 2307 2402 -
3289 2394 3330 2398 η
3420 2394 3612 2407 κη...
3647 2394 3704 2407 η.

294 2394 453 2497 verbo
479 2439 744 2496 struens,
791 2425 863 2480 ad
922 2417 1299 2494 operiendam
1341 2414 1761 2473 conscientiam
1819 2429 1935 2468 81163
2044 2423 2099 2494 4)
2121 2421 2149 2476 ?
2180 2422 2338 2493 Ergo
2370 2423 2512 2478 dum
2544 2424 2666 2478 haec
2697 2440 3091 2489 recensemus,
3126 2432 3299 2499 quasi
3336 2394 3724 2498 deambulan:

296 2528 512 2591 mentis,
546 2517 808 2588 factique
836 2510 1101 2568 velamen
1135 2509 1400 2598 peccator
1429 2503 1679 2598 intexit,‘
1710 2506 1781 2598 ut
1838 2519 1940 2598 put
2048 2518 2165 2567 tem
2194 2512 2612 2583 cognoscimus
2657 2513 2866 2567 Deum.
2930 2513 3181 2585 Fugerat
3236 2535 3382 2594 ergo
3433 2536 3703 2598 peccator

294 2617 471 2675 denda
490 2627 600 2669 sua
626 2605 921 2675 contegat.
953 2598 1105 2656 Jacit
1144 2595 1300 2651 enim
1333 2611 1513 2667 supra
1551 2610 1613 2649 se
1653 2591 1807 2661 folia,
1842 2591 1941 2664 qui
2053 2617 2168 2657 non
2200 2617 2317 2671 quo
2350 2600 2451 2656 Dei
2483 2605 2685 2674 posset
2713 2601 2896 2656 latere
2925 2574 3377 2673 convspectumo;
3410 2574 3726 2677 saga;

2658 1072 2891 1131 CAPUT
2922 1079 3062 1135 XIV.

2024 1156 2107 1211 De
2146 1170 2281 1243 voce
2312 1159 2533 1243 Domini
2560 1162 2964 1243 (leporibulantis
2989 1170 3059 1223 ad
3099 1187 3408 1243 vesperam,
3449 1176 3502 1225 et
3550 1173 3723 1230 incre-

2092 1228 2347 1311 patione
2377 1231 2566 1311 Adam,
2602 1231 2703 1286 Ubi
2737 1252 2796 1290 es
2821 1236 2847 1289 ?
2880 1239 2986 1292 Cur
3022 1228 3301 1311 [)rcTtt:T(Z(l
3355 1228 3574 1310 primus
3634 1228 3723 1299 iu-

2098 1304 2380 1384 c’repatur
2406 1302 2601 1383 etiam,
2635 1320 2756 1384 cuni
2777 1312 2939 1378 prior
2994 1302 3202 1366 iimlz'er
3261 1302 3610 1379 gustaverit:
3672 1321 3725 1372 et

2098 1367 2180 1424 de
2204 1367 2461 1452 mulieris
2493 1367 2857 1442 excusatiohe,
2887 1396 2951 1433 ac
2979 1367 3289 1452 mysterii;
3291 1397 3400 1451 per
3429 1384 3533 1437 illa
3584 1367 3722 1443 desii

296 2706 517 2778 culpam
548 2696 745 2754 velare
775 2689 1116 2747 desiderans
1146 2688 1248 2740 aut
1273 2682 1574 2739 diabolum
1604 2680 1798 2737 delicti
1831 2698 1946 2738 me-

297 2769 478 2853 morat
506 2791 828 2848 auctorem,
864 2782 967 2834 aut
1021 2773 1215 2832 carnis
1262 2772 1571 2845 praetendit
1619 2769 1943 2838 illecebras,

297 2888 399 2942 aut
426 2880 607 2936 alium
641 2868 980 2945 quempiam
1010 2877 1419 2937 persuasorem
1458 2859 1655 2933 prodit
1709 2859 1943 2915 erroris.

306 2976 375 3030 Et
403 2972 471 3026 de
493 2960 816 3036 Scripturis
848 2954 1061 3012 divinis
1107 2954 1442 3024 frequenter
1487 2949 1705 3022 promit
1752 2964 1946 3004 exem-

301 3061 418 3137 pla,
448 3055 664 3129 quibus
687 3051 888 3121 justos
919 3044 978 3099 in
1038 3041 1273 3137 culpam
1308 3039 1599 3137 perhibet
1648 3037 1946 3105 incidisse,

302 3125 504 3205 dicens
534 3143 585 3199 si
615 3141 763 3197 forte
800 3136 860 3190 in
895 3131 1117 3205 stupris
1175 3128 1351 3185 fuerit
1404 3125 1807 3200 deprehensus
1836 3143 1848 3183 :
1881 3126 1952 3181 Et

304 3235 601 3293 Abraham
633 3244 769 3284 cum
787 3220 997 3279 ancilla
1027 3217 1347 3275 concubuit
1384 3220 1543 3284 (Gen.
1599 3231 1715 3282 xvr,
1775 3216 1850 3287 4),
1903 3220 1958 3272 et

304 3323 489 3384 David
543 3319 793 3376 alienam
852 3308 1147 3368 adamavit
1175 3311 1232 3363 et
1282 3305 1395 3363 sibi
1425 3303 1671 3361 adscivit
1717 3321 1956 3361 uxorem

308 3416 387 3484 (Π
412 3414 537 3480 Reg.
572 3426 648 3475 XI,
685 3407 718 3461 4
767 3410 820 3459 et
863 3401 977 3472 27).
1042 3396 1243 3454 Assuit
1300 3395 1456 3484 enim
1517 3392 1630 3448 sibi
1689 3395 1955 3465 quaedam

303 3482 468 3567 t'olia,
502 3495 771 3570 quaedam
786 3487 1051 3562 exempla
1073 3487 1142 3541 de
1163 3482 1635 3559 propheticarum
1659 3482 1805 3538 serie
1823 3482 1961 3539 seri-

298 3595 637 3664 pturarum,
662 3583 916 3639 fructum
939 3592 1142 3634 earum
1175 3591 1289 3630 non
1322 3576 1490 3645 putat
1520 3572 1955 3643 requirendum.

374 3680 462 3734 66.
498 3675 656 3731 None
703 3668 810 3726 tibi
867 3667 1138 3722 videntur
1195 3663 1370 3719 etiam
1429 3660 1615 3717 Judaei
1674 3658 1809 3715 folia
1866 3676 1959 3714 as-

292 3782 499 3832 suere,
522 3764 660 3819 dum
692 3757 839 3831 legis
866 3753 1148 3828 spiritalis
1177 3751 1352 3808 verba
1380 3747 1757 3821 corporaliter
1788 3748 1961 3804 inter-

304 3857 621 3930 pretantur
640 3850 669 3905 ?
698 3848 957 3912 Quorum
991 3838 1392 3913 interpretatio
1421 3838 1675 3893 fructum
1727 3853 1958 3892 omnem

2052 2688 2473 2747 conscientiam
2494 2707 2662 2746 suam
2684 2688 2866 2745 latere
2884 2690 3175 2759 cupiebat,
3198 2712 3384 2768 Opera
3405 2720 3514 2761 sua
3529 2706 3722 2766 lucere

2053 2776 2308 2834 nolebat.
2359 2778 2511 2833 Justi
2563 2779 2719 2835 enim
2775 2781 2865 2833 est
2913 2779 3059 2832 facie
3102 2783 3175 2836 ad
3219 2785 3433 2847 faciem
3494 2796 3719 2854 videre:

2056 2867 2193 2939 quia
2214 2866 2366 2935 justi
2398 2883 2563 2923 mens
2597 2885 2710 2922 non
2741 2866 2930 2922 solum
2974 2866 3092 2923 Deo
3140 2888 3407 2942 praesens
3456 2843 3720 2953 estjvseci

2056 2956 2230 3013 etiam
2262 2971 2396 3010 cum
2429 2956 2543 3011 Deo
2576 2957 2859 3027 disputat,
2893 2955 3045 3010 sicut
3075 2963 3369 3032 scriptum
3402 2977 3529 3028 est:
3560 2976 3718 3031 ludi-

2057 3053 2173 3101 cate
2200 3046 2432 3134 pupillo,
2465 3050 2517 3100 et
2537 3043 3107 3134 justiﬁcateviduam,
3152 3058 3202 3105 et
3254 3060 3441 3113 venite
3487 3064 3722 3134 dispute-

2058 3151 2202 3201 mus,
2247 3133 2382 3189 dicit
2453 3134 2714 3189 Dominus
2762 3133 2896 3200 (Isa.
2926 3150 2946 3187 1
2998 3136 3061 3189 t7
3107 3143 3164 3192 et
3203 3141 3312 3212 l8).
3391 3147 3539 3219 Ergo
3569 3133 3719 3207 "cum

2063 3223 2204 3296 legit
2236 3227 2505 3294 peccator
2532 3222 2640 3277 has
2671 3220 3005 3292 Scripturas
3036 3224 3290 3295 divinas,
3323 3236 3491 3290 audit
3519 3254 3718 3294 vocem

2067 3312 2166 3370 Dei
2198 3313 2364 3383 quasi
2421 3310 2780 3367 ambulantis
2837 3311 2909 3365 ad
2952 3328 3277 3385 vesperam.
3313 3320 3464 3384 Quid
3509 3332 3599 3381 est
3648 3327 3720 3381 ad

2064 3416 2387 3471 vesperam,
2423 3400 2536 3455 nisi
2567 3398 2705 3470 quia
2760 3397 2996 3471 culpam
3034 3420 3204 3460 suam
3237 3424 3366 3463 sero
3399 3414 3722 3485 cognoscit,

2066 3495 2124 3545 et
2153 3504 2280 3544 sero
2312 3488 2471 3542 venit
2502 3487 2769 3559 quaedam
2794 3489 3009 3544 erroris
3042 3495 3318 3563 praeteriti
3350 3502 3725 3571 verecundia,

2066 3594 2192 3650 quae
2222 3592 2476 3631 errorem
2513 3572 2825 3647 praevenire
2847 3575 3178 3661 debuerat?
3206 3582 3350 3638 Nam
3374 3587 3519 3644 dum
3550 3588 3724 3661 culpa

2068 3667 2247 3722 fervet
2275 3664 2334 3718 in
2392 3680 2649 3737 corpore,
2709 3667 2768 3716 et
2822 3660 3022 3721 anima
3078 3669 3395 3741 exigitatur
3463 3660 3726 3749 corporis

2068 3752 2462 3828 passionibus,
2498 3770 2610 3807 non
2626 3750 2841 3823 cogitat
2867 3752 3052 3809 Deum
3085 3773 3298 3813 sensus
3317 3765 3590 3831 errantis,
3615 3764 3725 3819 hoc

2068 3849 2175 3912 est,
2212 3860 2325 3899 non
2344 3843 2512 3899 audit
2540 3843 2723 3898 Deum
2755 3842 3155 3899 ambulantem
3189 3845 3247 3901 in
3280 3847 3602 3919 Scripturis
3633 3852 3724 3906 di-

286 3925 624 4000 viriditatis
682 3935 919 4000 amittit,
971 3933 1249 3988 damnata
1306 3926 1615 3984 maledicto
1674 3925 1963 3983 ariditatis

292 4038 557 4089 aeterna}.
588 4030 747 4084 Bona
775 4024 958 4099 igitur
989 4017 1412 4093 interpretatio,
1436 4016 1544 4072 hoc
1566 4014 1963 4089 est,spiritalis

308 4124 473 4179 ficus
501 4124 589 4176 est
618 4118 936 4180 fructuosa,
988 4111 1099 4167 sub
1133 4125 1253 4181 qua
1301 4106 1451 4178 justi
1510 4105 1814 4178 sanctique
1873 4121 1963 4160 re-

290 4210 651 4284 quiescunt.
677 4206 861 4270 Quam
893 4199 993 4272 qui
1024 4195 1376 4272 plantaverit
1426 4193 1487 4248 in
1520 4193 1735 4250 animis
1767 4192 1967 4266 singu-

285 4282 526 4363 lorum,
582 4297 734 4352 sicut
764 4289 977 4348 Paulus
1008 4288 1126 4344 ait:
1174 4287 1283 4357 Ego
1328 4284 1599 4357 plantavi,
1645 4282 1836 4355 Apollo
1884 4283 1955 4337 ri-

2076 4291 2233 4346 mido
2264 4288 2493 4356 divinae,
2526 4293 2653 4342 tum
2679 4287 3104 4357 erubescimus,
3138 4295 3277 4346 tunc
3299 4308 3406 4347 nos
3436 4293 3727 4364 gestimus

284 4391 465 4460 gavit
494 4388 545 4459 (Ι
578 4385 700 4441 Cor.
734 4399 818 4450 III,
876 4381 952 4449 6),
1013 4374 1395 4433 manducabit
1451 4389 1521 4428 ex
1565 4388 1634 4429 ea
1688 4371 1955 4428 fructum.

2077 4381 2454 4446 abscondere,
2507 4383 2647 4433 tunc
2708 4382 3080 4447 peccatorum
3144 4384 3484 4437 nostrorum
3553 4384 3729 4456 positi

288 4477 474 4535 Mala
501 4465 1383 4541 auteminterpretatiofruetum
1410 4461 1577 4530 ferre,
1604 4461 1967 4519 veriditatem
2076 4468 2546 4544 cogitationibus,
2580 4466 2639 4521 in
2674 4465 2864 4521 medio
2899 4466 3046 4540 ligni
3072 4469 3328 4541 paradisi
3374 4471 3475 4526 ubi
3524 4488 3730 4544 pecca-

285 4579 545 4622 servare
577 4578 689 4618 11011
722 4557 953 4632 Ροίθΐίῖ·
1996 4562 2045 4627 D
2076 4562 2289 4631 vimus,
2324 4555 2838 4630 deprehendimur,
2872 4555 3051 4613 latere
3095 4559 3420 4631 cupientes,
3461 4566 3518 4616 et
3573 4560 3729 4616 arbi-

378 4654 486 4708 67.
546 4650 710 4717 Quod
744 4646 946 4721 'igitur
1003 4641 1241 4718 gravius
1297 4639 1547 4714 est(Vid.
1610 4640 1668 4697 S.
1727 4643 1879 4714 Aug.
1934 4658 1953 4697 ι

2084 4654 2287 4706 trattes
2316 4646 2473 4719 quod
2507 4644 2658 4701 Deus
2689 4661 2805 4700 non
2838 4646 3097 4718 requirat
3116 4647 3363 4704 occulta.
3420 4648 3532 4703 Sed
3566 4663 3729 4703 seru-

2084 4744 2238 4796 tator
2268 4736 2599 4793 animorum
2630 4738 2687 4789 et
2742 4735 3163 4806 cogitationum
3210 4752 3400 4807 usque
3453 4735 3526 4788 ad
3586 4733 3730 4788 divi-

2086 4828 2311 4886 sionem
2371 4823 2578 4881 animaa
2634 4827 2947 4895 penetrans
3008 4824 3182 4880 dicit:
3246 4824 3438 4886 Adam,
3504 4820 3599 4876 ubi
3667 4836 3732 4877 es

2088 4918 2241 4990 (Gen.
2274 4933 2356 4980 III,
2375 4914 2453 4984 9).

2161 5007 2248 5060 G9.
2295 5003 2592 5070 Quomodo
2642 5002 2899 5074 loquitur
2970 5001 3168 5058 Deus?
3233 4997 3532 5069 Numquid
3593 5012 3732 5055 voce

2089 5110 2368 5168 corporea
2395 5092 2422 5148 ‘2
2444 5092 2568 5147 Non
2601 5092 2822 5163 utique,
2858 5093 2958 5147 sed
2989 5092 3203 5146 virtute
3271 5088 3524 5158 quadam
3589 5104 3733 5159 prae-

2090 5186 2389 5251 stantiore,
2431 5198 2607 5254 quam
2634 5198 2742 5235 vox
2772 5180 3030 5251 corporis
3078 5179 3269 5249 potest
3325 5193 3476 5239 esse,
3538 5176 3734 5232 fundit

2091 5272 2343 5331 oracula.
2380 5272 2538 5327 Hanc
2594 5284 2791 5325 vocem
2852 5268 2980 5339 ejus
3031 5264 3322 5337 prophetae
3379 5265 3731 5334 audierunt;

2091 5363 2242 5419 hanc
2269 5376 2466 5417 vocem
2502 5357 2700 5412 ﬁdeles
2729 5356 2996 5423 audiunt,
3032 5354 3195 5426 impi:
3228 5370 3340 5409 non
3377 5353 3734 5426 intelligunt.

2091 5452 2350 5524 Denique
2378 5448 2435 5502 in
2489 5443 2798 5516 Evangelio
2841 5444 3044 5510 babes,
3096 5443 3235 5516 quia
3289 5443 3514 5498 audivit
3573 5459 3739 5498 evan-

2092 5540 2302 5616 gelista
2348 5537 2636 5595 dicentem
2669 5532 2930 5596 Patrem;
2991 5534 3055 5591 Et
3109 5533 3430 5608 clariﬁcavi,
3477 5541 3529 5594 et
3583 5531 3729 5590 111

2069 3933 2238 4001 vinis,
2271 3931 2670 3988 ambulantem
2710 3928 2767 3984 in
2802 3933 3101 3990 mentibus
3129 3934 3520 4006 singulorum.
3571 3938 3723 3994 Dicit

2070 4024 2225 4080 enim
2248 4022 2423 4089 Deus,
2455 4022 2720 4090 Quoniam
2752 4021 3068 4078 inhabitabo
3099 4025 3155 4079 in
3189 4025 3325 4090 illis,
3367 4034 3419 4081 et
3449 4029 3595 4082 inter
3639 4043 3727 4084 eos

2071 4113 2381 4181 ambulabo,
2413 4115 2462 4166 et
2502 4127 2592 4167 ero
2623 4110 2851 4164 illorum
2917 4116 3061 4167 Deus
3120 4113 3311 4185 (Leuit.
3370 4131 3525 4183 xxvr,
3620 4119 3725 4186 t2).

2074 4202 2220 4274 Ergo
2251 4218 2387 4257 eum
2429 4200 2490 4255 in
2521 4199 2729 4255 animae
2751 4214 2995 4255 sensum
3020 4201 3257 4258 redierit
3282 4205 3588 4274 potestatis
3613 4206 3728 4261 for-

290 4742 511 4798 Contr.
544 4740 654 4797 Jul.
686 4737 876 4806 Pelag.
911 4752 959 4791 e.
989 4735 1047 4803 6,
1080 4750 1138 4788 n.
1174 4732 1286 4804 16),
1317 4730 1427 4787 hac
1459 4747 1520 4787 se
1559 4730 1747 4787 Adam
1797 4731 1975 4787 inter-

279 4830 649 4906 pretatione
678 4825 964 4884 suecinxit
1022 4839 1087 4880 eo
1119 4822 1267 4889 loco,
1302 4820 1402 4876 ubi
1435 4821 1628 4875 fructu
1662 4818 1852 4893 magis
1882 4837 1975 4877 ca-

288 4919 549 4977 stitatis
581 4934 642 4974 se
672 4915 1015 4987 succingere
1039 4909 1360 4968 debuisset.
1392 4976 1395 4979 _
1424 4908 1487 4963 In
1544 4906 1765 4964 lumbis
1821 4908 1976 4964 enim

281 5011 543 5084 quibus
576 5005 1002 5081 praacingimur,
1034 4999 1301 5074 quaedam
1332 4997 1560 5053 semina
1588 4996 1979 5069 generationis

276 5115 447 5156 esse
485 5097 762 5153 dicuntur
784 5111 796 5163 ;
820 5098 878 5149 et
908 5092 1034 5148 ideo
1066 5087 1217 5145 male
1233 5086 1312 5143 ibi
1338 5085 1670 5143 succinctus
1691 5092 1779 5143 est
1792 5088 1978 5143 Adam

276 5187 485 5245 foliis
511 5184 841 5251 inutilibus,
873 5182 973 5238 ubi
1006 5181 1213 5236 futurae
1243 5174 1638 5250 generationis
1665 5177 1819 5232 I70
1864 5193 1980 5232 non

273 5279 589 5335 fructum
634 5276 917 5341 futurum,
953 5270 1053 5328 sed
1112 5267 1377 5340 quaedam
1433 5268 1669 5338 peccata
1697 5266 1977 5338 signaret,

276 5380 454 5440 qua:
491 5365 835 5421 manserunt
863 5375 1044 5431 usque
1073 5358 1133 5413 in
1166 5356 1476 5412 adventum
1508 5352 1739 5409 Domini
1781 5352 1980 5409 Salva-

272 5457 492 5513 toris.
524 5453 807 5510 Caeterum
824 5454 1205 5522 posteaquam
1225 5444 1505 5500 Dominus
1527 5441 1784 5510 advenit,
1806 5441 1979 5497 ﬁcum

276 5544 561 5602 invenit
580 5540 861 5597 incultam
895 5555 907 5593 :
941 5539 1179 5609 rogatus
1209 5550 1280 5590 ne
1305 5548 1435 5589 eam
1484 5532 1719 5604 juberet
1774 5530 1980 5600 excidi,

370 5669 518 5745 (71)
553 5668 720 5727 Rom.
753 5651 913 5735 edit,
944 5656 1554 5726 continentia,castitas.
