4158 6168
496 298 609 358 327

1937 295 2002 357 S.
2049 290 2427 358 AMBROSII

3750 308 3853 373 328

496 460 693 513 iterum
733 457 1041 526 ctariﬁcabo
1073 456 1247 529 (Joan.
1279 471 1378 521 xu,
1422 454 1552 522 28);
1614 454 1715 508 sed
1774 453 1959 509 Judaei
2019 470 2135 509 non
2165 453 2220 519 A
2249 454 2387 510 Cain
2421 455 2558 526 quia
2586 454 2767 510 voluit
2797 455 3018 511 crimen
3049 472 3259 531 negare
3289 456 3565 531 indignus
3583 460 3858 530 judicatus

491 544 821 600 audierunt.
858 545 1139 601 Dicebant
1170 543 1362 599 enim:
1433 544 1749 599 Tanitruum
1798 546 2005 614 factum
2060 554 2139 600 est

493 636 650 702 (Ibid.
680 635 792 707 29).
828 634 951 689 Illic
983 650 1138 706 ergo,
1174 632 1325 686 sicut
1354 648 1532 702 supra
1560 631 1761 697 habes,
1808 631 1946 702 quia
2004 650 2136 687 sen-

492 725 748 795 tiebatur
776 722 1159 781 deambulans
1190 720 1345 775 Deus
1386 721 1486 792 qui
1518 738 1633 775 non
1681 719 2131 777 deambulabat:

486 814 572 869 sic
605 813 952 869 audiebatur
993 810 1240 881 loquens
1305 809 1480 877 Deus,
1524 809 1624 882 qui
1686 826 1799 864 non
1857 808 2132 882 loqueba-

486 907 601 959 tur.

555 994 644 1048 70.
679 991 788 1046 Sed
822 988 960 1060 quid
1021 987 1319 1058 loquatur,
1383 987 1864 1043 consideremus:
1928 987 2128 1054 Adam,

484 1082 580 1136 ubi
606 1080 708 1135 es?
734 1078 937 1132 Adhuc
968 1077 1027 1132 in
1060 1076 1152 1131 his
1200 1076 1526 1132 remedium
1573 1076 1842 1131 sanitatis
1885 1081 1991 1146 est,
2027 1076 2129 1148 qui

484 1168 731 1225 audiunt
759 1166 857 1221 Dei
888 1167 1152 1221 verbum.
1186 1165 1448 1236 Denique
1476 1164 1663 1220 Judaai
1697 1165 1797 1237 qui
1829 1165 1939 1220 sibi
1971 1165 2130 1221 clau-

483 1260 687 1314 serunt
715 1272 886 1311 aures
918 1271 988 1309 ne
1021 1254 1309 1321 audirent,
1365 1253 1655 1325 hodieque
1685 1271 1799 1309 non
1832 1258 2131 1310 merentur

481 1346 703 1402 audire.
737 1342 955 1400 Deinde
986 1343 1202 1398 habent
1229 1341 1556 1397 remedium
1607 1342 1708 1413 qui
1764 1359 1826 1398 se
1885 1344 2128 1398 abscon-

481 1436 713 1490 derunt.
746 1433 892 1488 Nam
924 1432 1022 1503 qui
1057 1430 1460 1497 absconditur,
1495 1430 1824 1485 erubescit:
1859 1430 1959 1502 qui
1994 1447 2127 1486 eru-

480 1523 683 1590 bescit,
734 1520 1126 1586 convertitur;
1161 1518 1314 1574 sicut
1348 1517 1634 1590 scriptum
1693 1524 1820 1574 est:
1885 1518 2124 1591 Confun-

478 1612 702 1677 dantur,
732 1620 785 1666 et
830 1611 1215 1665 convertantur
1242 1622 1425 1661 omnes
1462 1605 1615 1661 valde
1670 1607 1922 1663 velociter
1950 1609 2123 1680 (Psal.

478 1719 554 1767 γι,
590 1702 698 1767 11).
730 1698 949 1755 Deinde
979 1697 1088 1751 hoc
1135 1695 1327 1767 ipsum
1381 1695 1532 1767 quod
1593 1700 1780 1761 vocat,
1839 1696 2122 1753 indicium

478 1789 741 1846 sanaturi
771 1792 879 1851 est,
914 1784 1048 1858 quia
1079 1783 1363 1839 Dominus
1390 1800 1537 1854 quos
1571 1783 1902 1847 miseratur,
1938 1791 1993 1841 et
2021 1803 2122 1841 vo—
2153 1819 2202 1885 B

478 1883 590 1935 cat.
624 1876 877 1933 Dicendo
909 1877 1128 1936 autem,
1162 1872 1259 1929 Ubi
1279 1888 1332 1928 es
1385 1872 1537 1944 (Gen.
1591 1889 1673 1937 ιιι,
1703 1872 1804 1943 9)?
1855 1889 1969 1928 non
2037 1873 2119 1929 lo-

477 1987 610 2026 cum
643 1966 849 2040 quaarit
881 1963 981 2035 qui
1013 1962 1170 2017 novit
1200 1977 1477 2016 arcanum
1506 1979 1519 2028 ;
1550 1976 1739 2033 neque
1768 1961 1924 2016 enim
1972 1966 2121 2018 Deus

475 2059 707 2115 clausos
737 2053 991 2110 habebat
1018 2050 1238 2116 oculos,
1271 2053 1336 2104 ut
1367 2066 1481 2104 non
1539 2049 1761 2105 videret
1818 2049 2116 2107 latentem.

473 2145 734 2217 Denique
763 2142 892 2197 ideo
924 2139 1105 2195 dixit:
1139 2140 1330 2193 Factus
1356 2146 1434 2193 est
1464 2138 1633 2192 Adam
1664 2142 1927 2209 tanquam
1976 2156 2120 2195 unus

471 2253 541 2291 ex
594 2234 749 2289 nobis
806 2230 988 2302 (lbid..
1038 2229 1169 2299 22);
1233 2226 1371 2299 quia
1428 2226 1656 2299 aperuit
1713 2226 1913 2283 oculos
1981 2229 2114 2300 (72).

470 2326 540 2380 Et
569 2323 664 2378 hic
697 2319 933 2393 quidem
996 2316 1223 2388 aperuit
1279 2314 1478 2371 oculos
1537 2319 1601 2369 ut
1659 2314 1890 2387 culpam
1946 2333 2116 2372 suam

470 2413 710 2480 videret,
780 2424 956 2480 quam
1035 2405 1215 2460 vitare
1272 2421 1389 2459 non
1449 2403 1655 2475 potuit.
1715 2404 1899 2476 Magis
1957 2405 2113 2460 enim

471 2505 782 2574 postquam
832 2495 1220 2569 peccavimus,
1282 2491 1477 2548 nescio
1546 2493 1836 2564 quomodo
1916 2498 2117 2549 nostra

471 2590 681 2646 delicta
728 2583 1137 2658 cognoscimus
1160 2600 1173 2638 :
1193 2586 1403 2637 ettunc
1432 2585 1736 2653 peccatum
1757 2598 1885 2637 esse
1907 2581 2115 2637 intelli-

468 2680 683 2751 gimus.
715 2674 869 2748 quod
903 2677 1220 2743 antequam
1254 2686 1645 2741 peccaremus,
1701 2686 1817 2724 non
1869 2671 2111 2741 putaba-

469 2784 601 2823 mus
630 2780 760 2821 esse
821 2765 1143 2834 peccatum.
1194 2758 1359 2813 Certe
1417 2775 1532 2813 non
1579 2756 1748 2829 quasi
1807 2763 2112 2828 peccatum

466 2856 820 2927 putabamus
852 2866 980 2905 esse
1007 2847 1453 2903 damnandum:
1513 2862 1650 2899 nam
1706 2844 1754 2899 si
1805 2846 2112 2900 damnare-

468 2959 623 3009 mus,
652 2956 769 2995 non
802 2935 1266 2993 admitteremus.
1302 2934 1454 2989 Deus
1487 2937 1682 2988 autem
1715 2933 1981 2988 omnium
2028 2934 2111 2988 vi-

466 3028 806 3100 detculpas,
838 3030 898 3080 et
946 3023 1211 3080 omnium
1270 3020 1482 3076 delicta
1540 3020 1872 3092 cognoscit:
1936 3039 2113 3093 super

465 3135 698 3177 omnem
731 3115 1010 3171 animam.
1046 3128 1222 3183 super
1243 3109 1506 3165 omnium
1539 3107 1765 3164 occulta
1785 3109 1983 3167 oculos
2013 3111 2110 3167 ha-

466 3169 880 3272 be—tTD—uidvest
910 3216 1084 3273 ergo:
1117 3169 1290 3253 Adam
1319 3197 1415 3251 ubi
1439 3213 1493 3252 es
1524 3196 1679 3267 (73)?
1727 3198 1785 3251 Id
1833 3202 1940 3267 est,
1994 3217 2108 3256 non
2139 3169 2182 3235 δ

464 3297 522 3352 in
551 3312 689 3368 quo,
721 3293 822 3349 sed
849 3292 908 3345 in
941 3288 1157 3361 quibus
1215 3302 1296 3341 es.
1359 3285 1482 3340 Non
1543 3300 1679 3357 ergo
1736 3286 2109 3360 interrogatio

463 3385 565 3440 sed
621 3378 959 3450 increpatio.
1050 3376 1124 3429 De
1179 3372 1414 3444 quibus,
1503 3371 1730 3444 inquit,
1785 3373 1975 3437 bonis.
2040 3377 2111 3432 de

465 3474 583 3528 bua
612 3467 994 3530 beatitudine,
1030 3463 1101 3517 de
1131 3478 1247 3534 qua
1276 3460 1462 3533 gratia
1490 3460 1548 3515 in
1601 3477 1777 3532 quam
1813 3462 2109 3520 miseriam

466 3556 766 3615 recidisti‘?
794 3550 1162 3623 Dereliquisti
1192 3549 1369 3604 vitam
1402 3552 1698 3615 aeternam,
1746 3553 1803 3605 et
1857 3555 2110 3607 attumn-

463 3648 621 3704 latus
650 3662 713 3701 es
744 3642 937 3707 morti,
970 3638 1347 3710 consepultus
1385 3638 1584 3692 errori.
1622 3637 1725 3693 Ubi
1757 3643 1845 3694 est
1882 3639 1980 3695 illa
2008 3645 2111 3697 tua

462 3738 610 3792 bene
664 3732 776 3789 sibi
829 3729 1063 3787 conscia
1111 3726 1465 3783 confidentia
1520 3726 1682 3797 (74)?
1745 3726 1944 3783 Timor
2001 3730 2111 3786 iste

462 3823 693 3895 culpam
733 3821 965 3885 fatetur,
994 3816 1216 3872 latebra
1246 3813 1799 3885 praevaricationem.
1836 3815 1941 3870 Ubi
1973 3833 2110 3890 ergo

458 3930 521 3970 es
548 3911 577 3966 ‘l
616 3911 733 3966 Hoc
757 3913 865 3975 est,
925 3923 1039 3962 non
1070 3904 1129 3959 in
1175 3920 1291 3976 quo
1322 3901 1449 3958 loco
1493 3918 1708 3973 quaero,
1767 3903 1866 3958 sed
1901 3904 1960 3959 in
1994 3922 2108 3976 quo

459 4004 635 4057 statu.
668 4001 790 4065 Quo
819 4000 875 4052 te
906 3995 1305 4068 perduxerunt
1335 3994 1570 4062 peccata
1599 3994 1721 4057 tua,
1795 3996 1859 4046 ut
1916 3992 2107 4066 fugias

459 4091 642 4145 Deum
664 4092 833 4143 tuum
856 4100 1030 4155 quem
1053 4086 1185 4136 ante
1205 4080 1504 4151 quaerebas
1525 4078 1553 4133 ?
1584 4078 1850 4136 Fortasse
1880 4087 2109 4139 moveat

460 4196 565 4235 cur
592 4181 728 4234 ante
758 4175 1091 4243 inerepatur
1120 4169 1325 4234 Adam,
1357 4183 1491 4222 cum
1543 4167 1755 4223 mulier
1809 4175 1941 4225 ante
1997 4187 2104 4244 gu-

460 4263 745 4322 staverit?
806 4260 919 4317 Sed
986 4275 1020 4314 a
1068 4255 1540 4329 praevaricatione
1586 4273 1760 4313 sexus
1819 4258 2107 4316 infirmior

460 4352 719 4425 coeperit,
759 4367 794 4406 a
833 4344 1186 4404 verecundia
1234 4350 1291 4400 et
1339 4344 1709 4401 excusatione
1759 4346 1987 4403 fortior:
2044 4354 2107 4404 ut

460 4442 683 4498 femina
710 4437 923 4495 erroris
953 4451 1130 4491 causa
1161 4434 1355 4503 fuerit,
1387 4433 1473 4488 vir
1502 4434 1762 4506 pudoris.

527 4530 618 4584 71.
652 4528 721 4583 Et
751 4526 896 4581 dixit
933 4523 1181 4579 mulier:
1217 4523 1445 4594 Serpens
1481 4523 1688 4595 decepit
1728 4541 1834 4591 me,
1866 4534 1918 4581 et
1942 4542 2105 4581 man-
2134 4532 2182 4598 Β

456 4618 655 4674 ιιιιεαυὶ
684 4616 836 4685 (Gen.
873 4631 957 4678 IIl,
991 4612 1091 4681 13;
1125 4613 1200 4667 De
1228 4613 1422 4666 Paruit.
1458 4611 1593 4668 dist.
1628 4627 1668 4680 ι,
1722 4630 1771 4669 c.
1830 4614 2103 4685 Serpens).

456 4704 776 4763 Veniabilis
807 4701 978 4775 culpa
1008 4717 1186 4773 quam
1227 4701 1495 4771 sequitur
1533 4702 1816 4772 professio
1864 4702 2104 4759 delicto-

455 4812 610 4853 rum.
644 4795 777 4851 Ideo
814 4809 929 4847 non
963 4790 1267 4862 desperata
1300 4788 1510 4845 mulier
1539 4806 1666 4861 quae
1717 4808 1831 4847 non
1875 4792 2107 4848 reticuit

456 4886 595 4952 Deo,
675 4884 779 4940 sed
840 4880 1029 4954 magis
1078 4878 1346 4935 confessa
1406 4883 1705 4950 peccatum
1759 4884 1865 4949 est,
1926 4897 2103 4952 quam

455 4972 825 5030 medicabilis
893 4975 1093 5025 secuta
1159 4968 1271 5038 (75)
1351 4968 1640 5023 sententia
1697 4973 1804 5024 est.
1879 4974 2104 5025 Bonum

453 5067 546 5118 est
633 5055 1009 5117 condemnari
1086 5055 1146 5108 in
1222 5057 1477 5126 peccato,
1551 5057 1608 5109 et
1690 5053 1969 5127 flagellari
2042 5056 2101 5110 in

453 5148 685 5219 delicto,
730 5150 797 5203 ut
827 5163 962 5202 cum
1024 5143 1364 5199 hominibus
1403 5142 1781 5215 ﬂagellemur.
1843 5144 2104 5217 Denique

527 5327 634 5397 ('72)
666 5325 729 5397 In
761 5341 905 5380 mss.
940 5322 1259 5397 nonnullis,
1293 5325 1351 5377 et
1380 5321 1547 5378 Rom.
1598 5322 1735 5378 edit.
1781 5322 1994 5378 desunt
2039 5323 2104 5379 Et

457 5399 545 5453 hic
570 5395 789 5469 quidem
818 5397 1030 5469 eperuit
1051 5395 1249 5469 oculos.

528 5464 641 5545 (7'5)
667 5467 808 5545 Mss.
841 5464 1027 5545 Clem,
1070 5465 1169 5521 SS.
1223 5464 1331 5545 Th.
1366 5468 1424 5520 et
1454 5464 1723 5545 Remig,
1757 5464 1898 5545 Quid
1935 5481 2101 5545 ergo;

451 5535 644 5606 Adam,
678 5538 775 5595 ubi
792 5540 887 5594 es?
915 5536 974 5593 Id
1003 5545 1098 5610 est,
1131 5538 1365 5610 nuncin
1395 5537 1589 5609 quibus
1625 5535 1897 5610 es?_Tb.,
1950 5535 2098 5610 Big.,

452 5605 650 5686 Michi,
672 5624 783 5672 non
820 5610 885 5671 in
913 5605 1109 5686 quibus
1136 5624 1209 5669 es.
1239 5605 1352 5668 Alii
1396 5605 1553 5682 vero,
1584 5611 1641 5669 et
1690 5605 1831 5670 edit.
1892 5605 2097 5669 omn'es

2140 2426 2211 2536 ί

2248 547 2337 599 est
2368 543 2464 615 qui
2498 544 2805 617 puniretur
2853 544 2912 599 in
2968 551 3241 616 peccato:
3300 546 3401 602 sed
3464 547 3731 606 remissus
3780 560 3861 611 est

2248 631 2374 687 sine
2406 633 2739 705 prazscripto
2790 650 2993 704 pmnaa,
3043 634 3290 690 fortasse
3341 651 3454 689 non
3505 641 3621 690 tam
3664 640 3853 711 majori

2247 722 2490 777 crimine
2521 722 2785 794 paricidii
2813 721 2979 793 (illud
3022 723 3180 778 enim
3212 723 3507 778 commisit
3532 724 3589 778 in
3625 724 3859 801 fratrem)

2245 826 2425 882 quam
2455 809 2761 882 sacrilegii,
2804 810 2961 882 quod
3020 815 3130 866 Deo
3184 810 3430 867 credidit
3486 812 3862 873 mentiendum

2244 897 2481 954 dicens:
2528 900 2753 954 Nescio:
2813 898 3081 969 numquid
3126 914 3222 968 ego
3284 902 3462 955 custos
3515 902 3700 970 fratris
3766 906 3863 960 mei

2240 1004 2363 1041 sum
2393 986 2545 1057 (Gen.
2587 1004 2663 1054 IV,
2694 986 2800 1057 9)?
2831 988 2899 1042 Et
2927 987 3056 1043 ideo
3089 987 3412 1042 accusatori
3470 988 3693 1045 diabolo
3748 992 3863 1062 ejus

2240 1075 2534 1131 accusatio
2566 1080 2853 1131 reservata
2882 1079 3007 1142 est;
3042 1079 3106 1131 ut
3133 1092 3270 1132 cum
3312 1077 3438 1147 ejus
3496 1076 3709 1151 angelis
3762 1078 3862 1136 fla-

2241 1164 2505 1235 gelletur,
2538 1166 2640 1236 qui
2672 1180 2805 1219 cum
2823 1163 3160 1220 hominibus
3178 1164 3368 1221 noluit
3401 1165 3697 1239 ﬂagellari.
3725 1170 3862 1226 178

2238 1253 2499 1324 Denique
2530 1254 2599 1307 de
2631 1251 2848 1308 talibus
2878 1251 3099 1307 dictum
3130 1256 3250 1308 est:
3285 1255 3402 1309 Non
3461 1257 3538 1309 est
3587 1254 3862 1313 declinatio

2237 1344 2427 1397 mortis
2446 1358 2725 1397 eorum...
2758 1345 2813 1396 et
2827 1358 2949 1396 cum
2982 1341 3295 1397 hominibus
3320 1359 3429 1398 non
3451 1344 3864 1415 ﬂagellabantur

2237 1431 2409 1501 (Psal.
2462 1447 2630 1494 Lxxu,
2692 1431 2723 1485 4
2781 1438 2831 1484 et
2876 1430 2953 1499 5).
3013 1429 3139 1485 Alia
3196 1447 3333 1503 ergo
3391 1430 3537 1487 ratio
3595 1433 3865 1502 mulieris,

2237 1537 2364 1592 quas
2422 1519 2558 1575 licet
2613 1519 2673 1573 in
2727 1517 2957 1589 culpam
3011 1519 3505 1590 praevaricationis
3578 1520 3867 1590 inciderat,

2236 1611 2436 1661 tamen
2469 1606 2539 1660 de
2576 1604 2835 1677 paradisi
2866 1603 3043 1678 lignis
3100 1605 3353 1662 habebat
3409 1607 3599 1663 adhuc
3652 1609 3867 1666 virtutis

2234 1711 2427 1750 escam
2456 1710 2469 1747 :
2504 1697 2560 1748 et
2588 1693 2716 1749 ideo
2748 1692 2890 1748 dixit
2921 1698 3218 1764 peccatum
3244 1713 3440 1764 suum,
3464 1701 3522 1752 et
3550 1703 3865 1770 reputatum

2236 1788 2327 1838 est
2355 1781 2405 1837 ei
2437 1782 2508 1837 ad
2539 1782 2788 1837 veniam.
2820 1781 3026 1837 Justus
3070 1784 3227 1838 enim
3286 1789 3595 1842 accusator
3651 1791 3737 1842 est
3782 1789 3866 1844 sui

2232 1870 2289 1925 in
2324 1870 2611 1943 principio
2641 1870 2949 1925 sermonis.
3010 1871 3207 1944 Neque
3264 1873 3419 1928 enim
3476 1879 3667 1948 potest
3712 1876 3865 1948 quis—

2231 1976 2408 2031 quam
2434 1958 2748 2030 justiﬁcari
2780 1976 2813 2014 a
2845 1963 3076 2030 peccato
3129 1962 3224 2026 (De
3262 1964 3463 2017 Pwnit.
3515 1962 3655 2019 dist.
3717 1967 3765 2029 1,
3819 1981 3864 2020 c.

2230 2048 2345 2103 Non
2374 2049 2589 2119 potest),
2624 2046 2736 2102 nisi
2768 2047 2942 2103 fuerit
2987 2053 3291 2119 peccatum
3351 2055 3489 2108 ante
3547 2053 3862 2109 confessus.

2232 2136 2394 2191 Unde
2426 2136 2710 2191 Dominus
2738 2136 2823 2191 ait
2853 2154 2865 2191 :
2915 2139 3016 2193 Dic
3048 2139 3365 2209 iniquitates
3406 2148 3553 2209 tuas,
3612 2144 3670 2197 ut
3706 2142 3869 2213 justi-

2228 2226 2407 2295 ficeris
2451 2227 2575 2296 (lsa.
2608 2242 2766 2291 XLIII,
2798 2225 2910 2296 26).

2294 2317 2384 2368 72.
2417 2315 2563 2386 Ergo
2582 2314 2719 2385 quia
2747 2314 2862 2369 Eva
2891 2313 3018 2385 ipsa
3038 2315 3304 2372 confessa
3324 2317 3606 2373 delictum
3629 2323 3736 2387 est,
3768 2320 3870 2375 mi-

2224 2404 2339 2458 tior
2367 2404 2634 2474 sequitur
2664 2406 2721 2458 et
2751 2403 3059 2476 profutura
3087 2406 3400 2474 sententia,
3434 2423 3567 2479 qua:
3607 2409 3870 2465 condem-

2228 2497 2391 2546 naret
2419 2507 2695 2557 errorem,
2729 2496 2788 2546 et
2815 2492 3044 2547 veniam
3079 2510 3194 2549 non
3227 2500 3487 2567 negaret,
3518 2500 3586 2551 ut
3606 2497 3679 2552 ad
3694 2497 3874 2554 virum

2225 2597 2399 2636 suum
2431 2596 2706 2635 conversa
2737 2580 2995 2637 serviret.
3028 2581 3288 2638 Primum
3323 2600 3394 2639 ne
3426 2601 3561 2642 eam
3594 2586 3760 2642 facile
3785 2588 3876 2642 de-

2224 2667 2459 2723 lectaret
2484 2683 2710 2723 errare:
2744 2667 2954 2724 deinde
2985 2674 3049 2724 ut
3078 2671 3189 2726 sub
3247 2671 3487 2728 fortiore
3530 2690 3668 2731 vase
3697 2673 3878 2732 locata

2223 2772 2337 2810 non
2372 2756 2696 2811 traduceret
2724 2756 2937 2825 virum,
2970 2759 3069 2813 sed
3132 2759 3320 2833 magis
3349 2760 3464 2815 viri
3520 2762 3767 2819 consilio
3825 2769 3878 2819 et

2222 2844 2352 2916 ipsa
2380 2849 2693 2916 regeretur.
2728 2845 2790 2900 In
2820 2862 2933 2917 quo
2964 2845 3202 2917 quidem
3262 2850 3621 2920 mysterium
3670 2850 3878 2908 Christi

2220 2937 2275 2987 et
2304 2932 2570 2988 Ecclesiae
2611 2932 2907 2989 evidenter
2963 2950 3239 3006 agnosco.
3299 2935 3672 3011 Designatur
3728 2941 3879 2997 enim

2220 3020 2484 3077 Ecclesia:
2513 3022 2583 3077 ad
2613 3022 2910 3077 Christum
2944 3022 3144 3080 futura
3172 3026 3502 3096 conversio,
3537 3032 3595 3084 et
3616 3029 3881 3103 religiosa

2222 3111 2473 3166 servitus
2502 3111 2737 3166 subdita
2766 3110 2865 3166 Dei
2896 3111 3108 3182 Verbo,
3140 3130 3267 3186 quae
3314 3116 3513 3173 multo
3546 3118 3629 3174 sit
3659 3118 3882 3188 melior,

2220 3217 2398 3271 quam
2483 3198 2678 3254 saeculi
2775 3197 2955 3271 hujus
3038 3200 3298 3258 libertas.
3389 3204 3667 3278 Denique
3745 3206 3880 3264 scri-

2220 3292 2385 3360 ptum
2416 3292 2542 3343 est:
2576 3289 2870 3344 Dominum
2915 3290 3081 3345 Deum
3118 3295 3276 3346 tuum
3330 3293 3626 3362 adorabis,
3675 3304 3734 3352 et
3782 3298 3886 3368 ipsi

2216 3378 2321 3432 soli
2374 3379 2573 3433 servies
2625 3377 2805 3449 (Deut.
2870 3396 2947 3444 v1,
3004 3379 3113 3451 13).
3173 3379 3304 3435 ΗᾶΡΟ
3388 3381 3583 3455 igitur
3639 3385 3886 3441 servitus

2219 3466 2319 3521 Dei
2380 3465 2600 3521 donum
2660 3470 2765 3521 est.
2842 3465 3101 3539 Denique
3198 3469 3348 3524 inter
3442 3472 3891 3531 benedictiones

2222 3559 2565 3609 numeratur
2593 3553 2771 3624 hujus
2827 3555 3125 3612 servitutis
3180 3556 3587 3630 obsequium:
3645 3579 3786 3619 nam
3836 3566 3891 3617 et

2220 3644 2378 3696 Isaac
2409 3641 2467 3695 in
2500 3641 2623 3697 loco
2666 3641 3085 3699 benedictionis
3145 3661 3273 3700 eam
3330 3646 3509 3705 dedit
3551 3649 3717 3706 Esau
3776 3649 3891 3706 ﬁlio

2219 3747 2347 3797 suo,
2383 3734 2446 3784 ut
2477 3730 2716 3785 serviret
2747 3730 2910 3785 fratri
2940 3748 3068 3786 suo.
3102 3734 3363 3806 Denique
3407 3737 3890 3795 benedictionem

2218 3817 2315 3873 ille
2346 3819 2622 3892 poscebat
2653 3836 2665 3873 :
2700 3819 2807 3875 etsi
2840 3836 3017 3875 unam
3052 3820 3163 3876 sibi
3196 3825 3586 3895 cognovisset
3606 3843 3743 3884 esse
3760 3845 3893 3901 pra:-

2218 3912 2678 3979 reptam,tamen
2710 3906 2884 3963 aliam
2917 3908 3253 3979 postulabat
3283 3912 3537 3971 discens
3564 3935 3577 3972 :
3613 3916 3895 3989 Numquid

2216 4012 2327 4051 una
2360 3995 2655 4051 benedictio
2684 3996 2788 4050 tibi
2832 4004 2930 4065 est,
2959 4006 3115 4069 pater
3142 3999 3297 4070 (Gen.
3347 4019 3544 4075 xxvu,
3601 4004 3747 4075 38)?
3797 4005 3901 4061 Per

2216 4083 2367 4139 hanc
2398 4083 2577 4156 igitur
2606 4084 2942 4140 servitutem
2976 4085 3074 4142 ille
3096 4087 3195 4158 qui
3228 4105 3329 4160 per
3354 4090 3579 4163 gulam
3605 4094 3903 4167 primitias

2214 4188 2353 4228 suas
2382 4177 2516 4227 ante
2544 4172 2901 4240 vendiderat,
2935 4178 2990 4229 et
3018 4174 3211 4231 studio
3242 4180 3596 4238 venationis
3649 4182 3902 4258 agrestis

2214 4261 2461 4333 gratiam
2491 4260 2914 4317 benedictionis
2966 4263 3261 4333 amiserat,
3316 4269 3593 4327 credidit
3653 4290 3719 4329 se
3779 4273 3905 4345 ipso

2215 4351 2471 4405 futuram
2520 4366 2648 4406 esse
2706 4349 3028 4417 meliorem,
3088 4351 3136 4407 si
3193 4357 3405 4425 typum
3470 4358 3708 4415 Christi
3735 4375 3906 4416 vene-

2213 4443 2441 4495 raretur
2470 4439 2529 4494 in
2562 4440 2758 4493 fratre.
2792 4439 2911 4494 Hac
2940 4441 3098 4495 enim
3116 4443 3402 4499 servitute
3426 4446 3628 4517 pollet
3648 4448 3909 4523 populus

2214 4526 2598 4593 Christianus,
2634 4526 2786 4582 sicut
2815 4530 2875 4582 et
2905 4527 3190 4585 Dominus
3222 4530 3293 4585 ad
3342 4531 3708 4609 discipulos
3770 4553 3908 4593 suos

2214 4615 2333 4671 ait:
2366 4618 2472 4684 Qui
2500 4617 2617 4671 υαιι
2646 4617 2793 4672 inter
2821 4632 2909 4672 vos
2936 4618 3152 4688 primus
3181 4633 3310 4686 esse,
3342 4624 3427 4677 sit
3461 4629 3741 4683 omnium
3797 4642 3911 4683 ser-

2214 4721 2311 4760 vus
2342 4704 2550 4775 (Matth.
2583 4722 2677 4772 xx,
2709 4706 2823 4776 27).
2858 4704 3119 4778 Denique
3148 4706 3299 4763 banc
3340 4714 3728 4771 servitutem
3776 4731 3912 4787 ope-

2214 4798 2380 4849 ratur
2408 4793 2683 4863 charitas,
2718 4810 2844 4865 quae
2876 4797 2934 4849 et
2963 4810 3065 4866 spe
3096 4796 3284 4866 major
3314 4802 3377 4852 et
3430 4801 3561 4858 ﬁde
3596 4810 3713 4861 est.
3752 4803 3915 4861 Unde

2215 4882 2501 4955 scriptum
2534 4886 2657 4939 est:
2692 4884 2799 4937 Per
2825 4883 3151 4938 charitatem
3193 4887 3403 4942 servite
3452 4891 3717 4949 invicem
3764 4893 3913 4949 vobis

2214 4970 2413 5041 (Galat.
2448 4987 2505 5035 v,
2546 4971 2649 5042 13).
2682 4970 2799 5026 Ηοο
2835 4975 2926 5025 est
2977 4986 3114 5043 ergo
3174 4976 3553 5045 mysterium
3610 4982 3777 5054 quod
3837 4979 3917 5038 ait

2212 5058 2527 5131 Apostolus
2558 5075 2686 5115 esse
2718 5058 2775 5113 in
2807 5059 3033 5115 Christo
3064 5066 3120 5115 et
3150 5061 3206 5115 in
3256 5062 3547 5125 Ecclesia
3580 5071 3824 5142 (Ep/tes.
3857 5086 3916 5136 v,

2211 5148 2325 5220 32).
2359 5148 2489 5203 Haec
2519 5148 2675 5204 enim
2706 5163 2837 5203 vere
2886 5148 2945 5202 in
3003 5150 3501 5221 praevaricatione
3570 5164 3723 5217 ante
3782 5159 3915 5226 fuit,

2213 5329 2579 5468 “difﬁsi:
2597 5396 2695 5452 SS.
2748 5395 2859 5468 ΤΒ.
2896 5399 2953 5451 et
2982 5396 3178 5465 Micb.,
3215 5396 3316 5455 Ubi
3349 5405 3603 5461 es?Illa
3645 5416 3747 5464 tua
3782 5407 3917 5462 bene

2211 5468 2321 5548 sibi
2341 5467 2558 5548 cOnscia
2582 5467 2910 5548 conﬁdentia
2938 5469 3152 5525 timoris
3181 5470 3240 5524 in
3272 5473 3346 5524 te.
3386 5472 3454 5528 S.
3492 5476 3713 5548 Mieh.,
3763 5486 3918 5535 tuam

2211 5540 2674 5612 culpamfatetur.

2281 5610 2394 5684 (75)
2426 5610 2641 5674 Eadem
2666 5610 2828 5683 edit,
2867 5610 3211 5672 medicinalis
3238 5619 3468 5689 secuta,
3531 5625 3657 5685 etc.
