4084 6188
212 370 319 468 329

1489 402 1723 466 LIBER
1767 404 1868 465 DE
1912 401 2327 466 PARADISO.

3487 403 3611 468 330

212 540 303 597 sed
329 538 485 595 salva
508 537 620 594 erit
653 553 760 610 per
786 536 1043 594 ﬁliorum
1073 537 1509 612 generationem
1542 538 1602 593 in
1648 538 1761 592 ﬁde
1800 541 1856 592 et
1880 538 1937 605 Α
1966 537 2123 594 enim
2156 541 2430 609 operatur
2454 538 2609 609 quod
2642 538 2860 593 bonum
2894 542 3001 603 est,
3028 553 3142 593 non
3174 537 3328 609 quod
3361 536 3606 598 malum.

211 628 493 697 charitate,
522 631 581 683 et
605 626 1084 696 sanctiﬁcatione,
1119 644 1253 683 cum
1284 626 1581 691 castitate!
1621 627 1839 681 Praeva-

210 718 373 774 ricata
400 716 605 789 utique
635 716 697 772 in
728 716 992 789 patribus
1022 717 1319 790 generatio
1370 716 1679 773 hominum
1725 714 1840 770 sal-

210 812 362 863 vatur
384 822 490 878 per
506 803 695 873 ﬁlios;
726 808 791 861 ut
821 806 981 877 quod
1011 804 1072 860 in
1116 805 1342 862 Judaeis
1392 805 1731 871 offenderat,
1782 802 1840 858 in

207 895 519 953 Christiana
546 894 887 966 posteritate
917 894 1253 967 corrigeret.

822 982 1056 1039 CAPUT
1095 982 1210 1039 XV.

207 1075 474 1130 P‘eemtum
498 1072 759 1126 mulieris
787 1087 958 1143 quare
986 1073 1148 1127 venia
1187 1072 1462 1140 dignum;
1500 1071 1702 1143 quidve
1745 1086 1843 1142 per

269 1146 583 1219 serpentem,
613 1142 990 1219 feminam,_ac
1017 1144 1198 1219 virum
1256 1143 1615 1219 signiﬁcetur.
1652 1142 1841 1219 Qualis

268 1214 523 1287 serpentis
578 1214 993 1287 condemnatio:
1054 1223 1115 1270 et
1172 1216 1231 1270 in
1295 1214 1494 1285 quibus
1533 1215 1601 1269 ab
1647 1214 1842 1269 .ldami

265 1285 703 1345 condemnatione
734 1285 1135 1355 distinguatur.

263 1376 348 1429 73.
378 1375 649 1447 Serpens,
686 1373 899 1445 inquit,
932 1389 1023 1429 me
1045 1372 1375 1446 persuasit:
1410 1377 1466 1429 et
1498 1375 1603 1428 hoc
1646 1371 1840 1428 venia-

200 1462 307 1521 bile
333 1463 449 1519 Deo
480 1462 593 1534 ('76)
613 1461 808 1518 visum
842 1466 960 1529 est;
1007 1478 1072 1518 eo
1131 1462 1287 1534 quod
1358 1465 1558 1517 nosset
1625 1460 1840 1517 multas

199 1553 262 1608 ad
295 1550 700 1624 decipiendum
731 1549 857 1607 vias
886 1567 1014 1608 esse
1044 1550 1334 1624 serpentis
1387 1549 1549 1622 (quia
1596 1551 1841 1606 transﬁ-

197 1644 434 1714 guratur
462 1640 522 1695 in
555 1638 827 1713 angelum
871 1639 1040 1707 lucis,
1092 1643 1148 1694 et
1203 1638 1456 1695 ministri
1503 1639 1632 1709 ejus
1690 1637 1843 1693 sicut

199 1729 709 1800 ministrijustitize
738 1729 894 1801 sunt)
931 1728 1077 1785 falsa
1118 1728 1474 1800 imponentis
1524 1729 1633 1799 (77)
1691 1729 1839 1783 I79

196 1821 361 1876 rebus
394 1817 647 1891 singulis
678 1817 936 1884 nomina,
972 1824 1034 1873 ut
1076 1817 1462 1872 temeritatem
1513 1816 1667 1872 dicat
1715 1833 1841 1872 esse

195 1910 482 1975 virtutem,
524 1911 581 1962 et
634 1906 888 1962 avaritia:
941 1923 1151 1962 nomen
1204 1906 1467 1978 imponat
1516 1904 1839 1961 industriis.
1871 1908 1921 1973 B

196 2000 438 2071 Serpens
468 1996 626 2053 enim
657 1996 965 2052 mulierem
997 1995 1243 2068 decepit,
1285 1996 1475 2051 virum
1510 1994 1721 2050 mulier
1768 1995 1839 2050 ad

195 2085 722 2159 praevaricationem
755 2085 826 2140 de
858 2084 1099 2141 veritate
1131 2084 1390 2139 deduxit.
1425 2083 1724 2156 Serpentis
1755 2086 1839 2156 ty-

196 2192 327 2248 pum
356 2174 583 2246 accepit
613 2173 915 2231 delectatio
949 2172 1267 2245 corporalis
1301 2191 1312 2228 :
1350 2172 1561 2227 mulier
1606 2173 1838 2245 symbo-

196 2265 309 2320 lum
340 2279 554 2320 sensus
584 2266 673 2318 est
711 2262 916 2329 nostri,
959 2261 1046 2316 vir
1098 2261 1331 2318 mentis.
1382 2261 1692 2317 Delectatio
1742 2262 1843 2317 ita-

196 2369 303 2425 que
324 2369 565 2409 sensum
592 2354 801 2420 movet,
826 2367 1036 2406 sensus
1060 2350 1235 2405 menti
1272 2351 1629 2406 transfundit
1662 2366 1839 2421 quam

196 2442 476 2516 acceperit
523 2440 881 2514 passionem.
930 2438 1242 2495 Delectatio
1292 2439 1473 2512 igitur
1520 2439 1709 2512 prima
1754 2442 1843 2494 est

195 2531 347 2606 origo
375 2531 618 2605 peccati,
652 2529 897 2601 ideoque
928 2546 1042 2584 non
1089 2528 1341 2595 mireris,
1386 2545 1490 2583 cur
1538 2532 1674 2583 ante
1725 2545 1840 2583 ser-

193 2638 332 2693 pens
360 2617 918 2690 damneturjudicio
946 2617 1071 2685 Dei,
1106 2618 1361 2673 secundo
1395 2616 1627 2680 mulier,
1670 2616 1839 2672 tertio

194 2710 293 2765 vir.
325 2709 659 2765 Secundum
692 2707 905 2763 erroris
935 2706 1221 2774 ordinem,
1257 2705 1655 2761 damnationis
1694 2722 1838 2777 quo-

193 2815 303 2871 que
332 2798 472 2854 ordo
501 2800 766 2853 servatus
787 2798 893 2851 est.
918 2793 1231 2850 Delectatio
1256 2795 1408 2850 enim
1439 2810 1680 2850 sensum
1703 2796 1836 2866 (78),

194 2902 401 2943 sensus
431 2890 626 2941 autem
659 2888 914 2939 mentem
951 2883 1241 2956 captivam
1285 2884 1471 2938 facere
1518 2882 1836 2938 consuevit.

197 2974 263 3031 Ut
291 2975 445 3031 scias
472 2977 670 3030 autem
703 2973 843 3046 quia
872 2989 1111 3044 serpens
1138 2975 1312 3045 typus
1370 2975 1459 3028 est
1506 2969 1837 3026 delectatio-

195 3064 302 3131 nis,
333 3062 772 3119 damnationem
803 3062 931 3132 ejus
960 3061 1213 3117 adverte.

257 3153 349 3207 74.
382 3152 562 3224 Supra
596 3158 806 3223 pectus,
859 3150 1073 3221 inquit,
1122 3154 1300 3214 tuum,
1350 3156 1401 3204 et
1445 3150 1503 3204 in
1552 3153 1703 3204 utero
1750 3155 1839 3203 tuo

192 3241 495 3296 mbutabis
523 3239 677 3309 (Gen.
708 3256 796 3307 ιιι,
832 3239 940 3309 14).
974 3238 1080 3305 Qui
1109 3242 1250 3309 sunt
1279 3237 1378 3309 qui
1412 3237 1471 3292 in
1515 3242 1674 3293 utero
1727 3253 1833 3292 suo

192 3328 594 3397 ambulabant,
620 3326 732 3383 nisi
764 3326 865 3399 qui
895 3327 1078 3384 ventri
1118 3331 1176 3382 et
1222 3326 1370 3400 gulae
1418 3326 1639 3393 vivunt,
1690 3343 1833 3398 quo-

195 3435 328 3474 rum
347 3419 493 3474 deus
514 3420 715 3473 venter
744 3420 850 3483 est,
885 3421 941 3472 et
970 3415 1156 3489 gloria
1199 3415 1258 3470 in
1290 3415 1581 3487 pudendis
1610 3432 1833 3484 eorum,

197 3508 294 3580 qui
325 3511 559 3563 terrena
596 3506 854 3579 sapiunt,
906 3509 966 3561 et
1022 3504 1152 3560 cibo
1208 3504 1428 3560 onerati
1487 3505 1558 3560 ad
1608 3508 1839 3560 terrena

189 3596 733 3652 curvantur?Bene
758 3611 893 3667 ergo
933 3593 1299 3650 delectationi
1354 3593 1455 3660 ait,
1517 3610 1643 3665 qua:
1692 3592 1838 3650 cibis

191 3687 415 3742 intenta
458 3689 672 3740 terram
720 3683 949 3738 videtur
997 3678 1387 3737 manducare:
1446 3682 1628 3752 Supra
1651 3686 1837 3753 pectus

192 3780 365 3842 tuum,
386 3782 443 3830 et
470 3774 533 3828 in
571 3776 726 3829 utero
755 3781 845 3828 tuo
885 3772 1212 3839 ambulabis,
1263 3776 1315 3826 et
1359 3774 1562 3826 teriam
1611 3772 1840 3827 mandu-

191 3865 337 3919 cabis
362 3864 619 3919 omnibus
646 3861 835 3918 diebus
862 3863 991 3918 vitae
1018 3870 1126 3916 tua:
1174 3860 1379 3931 (Ibid).
1430 3860 1711 3916 Tollenda
1751 3864 1841 3916 est

192 3950 379 4008 omnis
409 3949 707 4007 excusatio
738 3948 852 4021 (79)
873 3949 1093 4005 diaboli
1120 3966 1133 4004 :
1168 3965 1239 4004 ne
1265 3949 1411 4004 forte
1434 3948 1670 4005 malitias
1719 3966 1837 4004 suae

192 4038 410 4113 aliquid
441 4038 631 4112 possit
650 4038 984 4105 obtendere,
1012 4042 1078 4093 ut
1101 4038 1258 4093 dicat
1275 4036 1645 4109 iniquitatem
1668 4052 1838 4093 suam

191 4145 255 4183 ex
284 4127 772 4185 condemnatioue
801 4126 1062 4195 venisse;
1115 4131 1173 4182 et
1212 4126 1341 4183 ideo
1385 4127 1457 4182 ad
1509 4127 1838 4183 nocendum

191 4214 533 4273 hominibus
561 4215 940 4288 pertinaciter
968 4215 1175 4282 obniti,
1199 4214 1339 4287 quia
1364 4214 1494 4270 ideo
1525 4216 1839 4271 damnatus

192 4310 276 4359 est
303 4310 368 4359 ut
393 4309 668 4361 noceret:
701 4304 856 4376 quod
886 4304 1115 4359 videtur
1163 4319 1290 4359 esse
1333 4303 1666 4375 proximum
1715 4304 1838 4376 opi-

195 4391 371 4459 nioni,
406 4393 460 4450 si
502 4398 792 4464 tanquam
841 4390 1239 4447 damnationis
1289 4391 1614 4464 accipimus
1661 4392 1840 4448 istam

191 4484 563 4538 sententiam.
614 4481 741 4537 Non
800 4480 956 4537 enim
1014 4480 1168 4537 Deus
1224 4481 1292 4536 ad
1349 4480 1460 4537 hoc
1509 4484 1840 4553 serpentem

193 4569 509 4639 damnavit,
580 4574 646 4626 ut
710 4574 952 4626 noceat:
1016 4570 1118 4625 sed
1176 4569 1318 4641 quid
1376 4570 1610 4627 futurus
1664 4573 1835 4639 esset,

1954 628 2101 700 Ergo
2133 628 2377 683 doceant
2406 632 2462 683 te
2508 627 2680 682 verba
2727 626 2944 695 divina,
2998 628 3136 699 quia
3181 630 3458 699 operatur
3485 626 3607 700 glo-

1953 715 2121 784 riam,
2156 733 2386 788 pcenam
2420 716 2719 788 relinquit.
2766 717 3189 788 Ilouori/icantes
3236 732 3341 784 me,
3390 715 3603 789 inquit,

1952 805 2335 876 honori/icabo,
2389 805 2670 861 honorem
2743 807 3032 861 bonorum
3079 805 3436 878 operationis
3484 823 3604 862 suis

1952 910 2080 951 esse
2108 893 2429 952 declarans.
2465 895 2534 950 Et
2562 899 3008 967 contemptores,
3042 895 3257 967 inquit,
3299 896 3437 963 mei,
3488 912 3604 952 non

1951 982 2095 1039 dixit
2145 983 2365 1040 honore
2427 983 2685 1056 privabo,
2745 984 2844 1039 sed
2906 984 3125 1040 honore
3180 982 3599 1055 privabuntur;

1952 1090 2067 1128 non
2107 1090 2223 1128 sua:
2256 1072 2577 1146 operationi
2607 1074 2900 1145 deputans
2933 1090 3134 1129 eorum
3174 1072 3475 1144 iujuriam,
3499 1074 3601 1129 sed

1951 1160 2090 1233 quid
2121 1164 2381 1219 futurum
2412 1166 2585 1227 esset,
2619 1162 2951 1217 ostendens.
2974 1164 3119 1235 Ergo
3151 1161 3244 1217 hic
3276 1179 3391 1218 non
3422 1162 3594 1219 dixit:

1952 1250 2121 1307 Facio
2150 1256 2205 1308 te
2233 1269 2413 1324 supra
2445 1256 2647 1324 pectus
2688 1255 2961 1323 tuum,et
3013 1251 3070 1306 in
3122 1255 3281 1307 utero
3330 1255 3429 1307 tuo
3473 1268 3598 1308 am-

1951 1339 2171 1407 bulare,
2205 1344 2261 1396 et
2292 1344 2508 1396 terram
2532 1342 2887 1397 manducare
2918 1357 3121 1397 omnes
3152 1340 3276 1397 dies
3305 1340 3432 1396 vitae
3463 1345 3595 1411 tuae;

1951 1430 2051 1484 sed
2078 1447 2090 1484 :
2121 1430 2461 1499 Ambulabis,
2496 1430 2703 1502 inquit,
2737 1435 2786 1485 et
2834 1430 3227 1491 mamlucabis;
3276 1434 3341 1486 ut
3389 1431 3596 1503 praedi-

1949 1519 2104 1574 xisse
2131 1519 2318 1590 magis
2339 1520 2410 1575 de
2442 1523 2708 1591 serpente
2729 1536 2854 1592 quae
2886 1519 3083 1575 futura
3103 1524 3261 1588 sunt,
3283 1519 3597 1590 videretur,

1951 1625 2129 1679 quam
2161 1608 2590 1681 prmscripsisse
2621 1609 2760 1681 quid
2787 1610 3019 1665 faceret.
3065 1609 3242 1664 Terra
3281 1608 3460 1675 enim,
3504 1609 3597 1665 in-

1951 1697 2098 1767 quit,
2134 1698 2239 1752 tibi
2273 1697 2439 1753 cibus
2469 1696 2598 1764 erit,
2629 1714 2742 1753 non
2775 1697 3008 1753 anima:
3044 1714 3181 1754 nam
3212 1701 3270 1753 et
3307 1697 3415 1753 hoc
3465 1714 3597 1770 pec-

1950 1785 2243 1841 catoribus
2261 1785 2686 1858 prodest.Undc
2702 1785 3076 1859 etApostolus
3109 1786 3351 1841 tradidit
3388 1785 3598 1857 hujus.

1952 1874 2111 1928 modi
2145 1874 2199 1928 in
2232 1875 2533 1930 interitum
2567 1875 2779 1943 carnis,
2837 1878 2901 1930 ut
2966 1874 3210 1947 spiritus
3279 1874 3474 1931 salvus
3522 1873 3600 1931 sit

1953 1961 2011 2016 in
2037 1962 2131 2018 die
2164 1962 2393 2018 Domini
2427 1964 2609 2019 nostri
2650 1964 2790 2019 Jesu
2836 1962 3070 2019 Christi.
3114 1954 3351 2019 Pectore
3401 1966 3598 2019 autem

1952 2054 2008 2106 et
2046 2056 2242 2107 ventre
2295 2052 2378 2107 ait
2429 2057 2654 2124 reptare
2716 2055 3069 2124 serpentem,
3132 2069 3247 2108 non
3293 2055 3414 2108 tam
3464 2069 3598 2125 pro-

1952 2144 2079 2211 pter
2109 2141 2367 2213 corporis
2400 2142 2669 2214 ﬁguram,
2716 2158 2894 2213 quam
2948 2140 3102 2213 quod
3147 2144 3381 2214 propter
3426 2144 3596 2197 terre-

1954 2246 2061 2284 nas
2113 2228 2493 2301 cogitationes
2538 2231 2609 2286 de
2648 2229 2749 2285 illa
2808 2229 3029 2285 ccelesti
3075 2228 3435 2286 beatitudine
3483 2230 3597 2302 (80)

1952 2318 2029 2372 sit
2058 2317 2280 2389 lapsus.
2315 2319 2521 2375 Pectus
2569 2318 2726 2373 enim
2772 2319 3105 2391 frequenter
3147 2335 3412 2376 recessus
3465 2318 3596 2391 qui-

1951 2408 2087 2462 dam
2128 2407 2410 2480 accipitur
2439 2408 2757 2480 sapientiae.
2799 2410 2869 2463 Et
2908 2408 3036 2464 ideo
3085 2407 3382 2480 apostolus
3417 2425 3598 2481 supra

1951 2499 2152 2566 pectus
2168 2494 2381 2551 Christi
2405 2494 2646 2551 reclinat
2675 2500 2866 2567 caput,
2894 2512 3007 2551 non
3053 2495 3111 2550 in
3142 2500 3359 2552 terram
3397 2496 3598 2568 dejicit

1950 2584 2098 2653 Ergo
2127 2583 2175 2638 si
2205 2583 2496 2655 sapientia
2526 2583 2739 2639 diaboli
2773 2583 2910 2639 feris
2943 2583 3390 2639 immanissimis
3440 2584 3596 2641 180

1950 2676 2345 2742 comparatur,
2369 2672 2586 2743 quibus
2605 2672 2756 2727 intra
2785 2672 2961 2744 pedes
2983 2675 3186 2744 pectus
3209 2672 3312 2728 sit:
3332 2676 3391 2728 et
3419 2672 3594 2729 etiam

1950 2759 2218 2815 homines
2249 2760 2347 2832 qui
2382 2765 2611 2816 terrena
2640 2760 2898 2832 sapiunt,
2932 2776 3034 2816 nec
3074 2759 3345 2816 interiore
3387 2761 3594 2816 affectu

1949 2849 2256 2921 eriguntur
2297 2850 2369 2904 ad
2417 2849 2647 2917 coelum,
2701 2854 2862 2905 utero
2921 2849 3190 2905 videntur
3231 2852 3457 2920 reptare
3496 2866 3598 2922 per

1949 2941 2203 3006 terram;
2252 2938 2452 3010 utique
2492 2942 2752 2994 ventrem
2801 2939 3009 2993 animm
3055 2941 3263 2994 nostra:
3314 2955 3428 2994 non
3478 2955 3599 2995 cor-

1950 3027 2328 3099 ruptibilibus
2359 3027 2553 3083 saeculi
2584 3027 2763 3099 hujus
2810 3027 3074 3100 implere,
3116 3028 3216 3084 sed
3263 3028 3452 3100 magis
3494 3028 3598 3084 Dei

1949 3117 2125 3172 verbo
2157 3116 2369 3172 satiare
2405 3117 2706 3172 debemus.
2757 3117 2906 3171 Bene
2961 3116 3137 3188 igitur
3173 3116 3355 3172 David
3398 3134 3599 3189 perso-

1952 3222 2088 3261 nam
2122 3206 2448 3277 suscipiens
2479 3206 2614 3261 Adae
2646 3205 2821 3261 dicit:
2858 3207 3159 3261 llmnitiata
3189 3213 3266 3261 est
3288 3207 3347 3261 in
3373 3206 3598 3277 pulvere

1862 3279 1907 3345 C
1945 3297 2137 3349 anima
2187 3311 2328 3361 mea,
2388 3295 2621 3353 adhaesit
2678 3297 2736 3349 in
2795 3299 2943 3349 terra
3000 3300 3186 3349 ventm'
3241 3310 3392 3349 meus
3422 3294 3593 3367 (Psal.

1947 3399 2105 3450 xuii,
2136 3384 2248 3453 25).
2281 3382 2537 3439 Adhaesit
2554 3383 2711 3438 enim
2734 3383 2874 3438 dum
2898 3383 3296 3455 contiguratur
3313 3382 3591 3455 serpenti,

1947 3470 2047 3543 qui
2102 3471 2363 3544 pascitur
2406 3470 2467 3526 iu
2528 3470 2833 3543 iniquitate
2895 3476 3139 3527 terrena.
3192 3471 3441 3543 Ideoque
3488 3488 3594 3527 uos

1944 3559 2256 3633 Apostolus
2289 3559 2639 3631 contigurari
2670 3559 2810 3614 dicit
2839 3565 3104 3631 oportere
3143 3559 3372 3615 Christo
3415 3563 3591 3629 (Rom.

1946 3667 2019 3716 vx,
2050 3649 2126 3717 5),
2162 3653 2227 3703 ut
2266 3648 2452 3703 virtus
2497 3646 2707 3703 Christi
2755 3648 3076 3719 praetendat
3115 3648 3174 3702 in
3224 3649 3412 3705 nobis.
3456 3649 3592 3713 Quae

1947 3737 2236 3793 sententia
2269 3754 2384 3791 non
2425 3739 2667 3807 putatur
2712 3735 2773 3790 in
2820 3741 3152 3808 serpentem
3196 3738 3411 3810 gravis,
3457 3754 3592 3794 cum

1946 3826 2121 3883 etiam
2151 3828 2358 3894 Adam,
2393 3826 2494 3898 qui
2521 3825 2703 3881 levius
2736 3826 3011 3897 peccavit,
3043 3826 3146 3882 tali
3171 3827 3598 3884 condemnatur

1946 3914 2257 3973 sententia.

2014 4042 2105 4095 75.
2139 4040 2439 4112 Scriptum
2466 4044 2558 4097 est
2587 4040 2775 4095 enim:
2810 4039 3093 4097 Maledicta
3126 4047 3274 4096 terra
3315 4041 3377 4095 in
3414 4040 3599 4112 operi-

1948 4130 2045 4185 bus
2093 4131 2241 4184 tuis:
2289 4131 2350 4184 in
2392 4131 2622 4185 tristitia
2662 4130 3019 4186 mamlucabis
3071 4145 3194 4185 eam
3264 4144 3447 4185 omnes
3484 4129 3599 4186 dies

1946 4220 2078 4275 vita
2104 4223 2218 4275 tuae
2274 4219 2428 4290 (Gen.
2488 4236 2570 4286 Ili,
2634 4220 2723 4290 17)
2783 4218 3028 4274 Videtur
3081 4222 3236 4275 certe
3273 4218 3598 4275 similitudo

1947 4306 2214 4379 quaedam
2246 4323 2374 4363 esse
2402 4307 2736 4363 sententiae:
2772 4307 2873 4363 sed
2902 4312 3099 4363 tamen
3132 4308 3189 4363 in
3232 4307 3362 4380 ipsa
3390 4306 3599 4363 simili-

1948 4395 2148 4451 tudine
2165 4412 2378 4468 magna
2407 4395 2700 4451 discretio.
2737 4396 2984 4452 Interest
3012 4396 3173 4452 enim
3198 4401 3395 4452 utrum
3426 4413 3604 4453 man-

1948 4486 2125 4540 ducet
2167 4483 2382 4556 aliquis
2434 4489 2669 4552 tcrram,
2713 4484 2865 4541 sicut
2921 4485 3177 4558 serpenti
3215 4485 3440 4541 dictum
3487 4489 3599 4555 est,

1949 4572 2088 4646 quia
2130 4577 2345 4629 terram
2386 4572 2806 4629 manducabit:
2856 4591 2930 4629 an
2998 4591 3132 4630 vero
3181 4574 3334 4631 sicut
3375 4574 3602 4631 homini

192 4660 470 4715 ostendit.
500 4661 579 4717 Et
601 4658 842 4731 quidem
865 4658 1113 4716 teutatio
1143 4657 1243 4713 illa
1273 4659 1428 4729 quod
1462 4657 1715 4731 amplius
1745 4659 1843 4714 ho-
1870 4647 1920 4711 D
1953 4663 2198 4730 dictum,
2222 4667 2329 4727 est,
2362 4664 2423 4717 in
2460 4663 2693 4717 tristitia
2726 4662 3101 4718 manducabis.
3145 4664 3405 4736 Adjectio
3443 4664 3599 4719 enim

194 4746 451 4805 minibus
497 4749 706 4823 prosit,
753 4747 1029 4821 superius
1088 4748 1623 4804 demonstravimus
1670 4749 1743 4820 (c.
1786 4751 1841 4817 2,

193 4853 246 4891 u.
288 4838 389 4909 9):
429 4839 534 4894 sed
574 4842 771 4893 tamen
814 4854 952 4893 cum
996 4836 1310 4909 legerimus
1357 4837 1511 4909 quod
1564 4837 1844 4909 scriptum

191 4930 298 4991 est,
349 4926 584 4983 dicente
630 4926 787 4983 Deo:
857 4925 1284 4982 Honoriﬁcuntes
1328 4941 1417 4981 me
1458 4924 1842 4997 honoriﬁcabo,

188 5024 237 5067 et
265 5023 609 5087 contemptor
634 5017 747 5071 mei
790 5015 992 5071 honore
1042 5015 1360 5085 privabitur
1402 5015 1451 5086 (Ι
1478 5016 1603 5085 Reg.
1638 5032 1698 5084 ιι,
1731 5015 1842 5086 30),

186 5099 325 5159 licet
354 5104 528 5161 nobis
564 5120 636 5159 ex
683 5102 777 5159 his
822 5102 1018 5159 verbis
1066 5102 1287 5174 aliquid
1326 5104 1637 5160 aestimare.
1690 5104 1845 5160 Deus

251 5227 373 5301 (76)
406 5229 579 5284 Rom.
612 5227 750 5284 edit.
780 5225 905 5284 sola
922 5228 1066 5284 mihi
1083 5230 1255 5284 suasit
1288 5246 1301 5285 :
1352 5237 1403 5284 et
1449 5228 1547 5284 hoc
1592 5230 1847 5285 mulieris

178 5309 471 5367 peccatum
500 5300 714 5356 veniale
743 5301 864 5367 Deo,
899 5302 1010 5356 etc.

248 5373 374 5443 (77)
406 5371 557 5428 Mss.

180 5442 566 5514 dri
596 5442 735 5498 Sunt
755 5444 901 5514 falsa
948 5444 1300 5514 imponentis,
1340 5447 1450 5498 etc.
1504 5442 1655 5498 Edit.
1710 5442 1844 5498 Gill.

180 5527 243 5566 ac
296 5514 479 5587 Rom.
540 5516 788 5587 ministri
827 5515 1241 5587 justitiwsunt,
1300 5514 1447 5587 falsa
1490 5514 1845 5580 imponentes,

179 5588 290 5639 etc.
332 5585 556 5642 Verum
590 5601 724 5640 cum
755 5583 999 5641 iu’mss.
1046 5583 1321 5640 Omnibus
1365 5583 1610 5657 legatur,
1670 5587 1847 5657 impo-

470 5657 725 5714 dicant...
756 5658 1060 5729 imponant,
1089 5671 1208 5729 non
1241 5656 1441 5729 autem
1467 5659 1531 5712 ut
1571 5656 1631 5713 in
1669 5656 1846 5729 pedit”

184 5725 446 5787 dicunt...
482 5731 749 5803 imponat,
785 5725 1220 5785 restituendum
1254 5725 1443 5785 locum
1488 5725 1844 5803 putavimus,

519 5857 780 5925 PAIBOI»
825 5854 985 5923 XIV.

628 5375 842 5427 uatuor
864 5376 923 5426 et
954 5370 1090 5427 edit.
1121 5372 1249 5426 Am.
1282 5374 1461 5442 atque
1501 5371 1654 5439 Era.,
1684 5372 1849 5425 mini-

1954 4752 2102 4807 ista:
2171 4753 2236 4807 In
2288 4752 2536 4818 tristitia,
2606 4751 3021 4808 discretionem
3088 4753 3247 4812 facit.
3323 4751 3602 4808 Discretio

1954 4856 2132 4912 quam
2162 4840 2280 4895 vim
2312 4840 2543 4911 habeat,
2591 4841 2912 4897 considera.
2955 4842 3181 4897 Bonum
3223 4846 3313 4897 est
3350 4839 3493 4895 mihi
3537 4838 3599 4892 in

1952 4927 2394 5000 tristitiamagis
2411 4932 2627 4984 terram
2662 4930 3037 5000 manducare,
3057 4946 3234 5001 quam
3256 4929 3315 4983 in
3350 4925 3599 4982 delecta-

1954 5018 2135 5084 tione,
2167 5016 2275 5072 hoc
2305 5020 2414 5084 est,
2447 5022 2513 5072 ut
2541 5017 2601 5073 in
2634 5024 2765 5074 actu
2797 5020 3049 5091 quodam
3080 5023 3138 5074 et
3175 5033 3350 5073 sensu
3398 5031 3601 5087 corpo-

1957 5106 2037 5161 ris
2069 5105 2403 5161 contristari
2433 5106 2651 5177 videar,
2691 5125 2870 5179 quam
2916 5106 3187 5163 delectari
3241 5105 3299 5160 in
3343 5108 3599 5176 peccato.

1956 5231 2109 5289 sicut
2140 5230 2197 5286 in
2230 5234 2387 5286 textu
2400 5275 2412 5287 .

2030 5303 2138 5373 (78)
2174 5302 2279 5375 Ita
2306 5320 2463 5375 mss.
2490 5303 2662 5370 Clar.,
2707 5303 2892 5375 Gem.,
2930 5300 3112 5370 Colb.,
3160 5301 3310 5375 Big.,
3363 5303 3458 5358 SS.
3506 5302 3607 5358 Re-

1958 5373 2329 5457 ιρις-ιιι..Τῇ-ἶ
2360 5374 2470 5428 Alii
2505 5380 2697 5429 tamen
2730 5378 2785 5457 et
2804 5374 2943 5428 edit.
2999 5373 3364 5441 omnesfvir
3410 5375 3606 5430 mentis

1955 5445 2254 5501 delectatio.
2288 5447 2473 5516 Itaque
2498 5461 2706 5512 sensus,
2736 5452 2842 5500 etc.

2029 5518 2141 5599 (79)
2172 5517 2312 5572 Mss.
2348 5517 2465 5571 iere
2495 5515 2567 5571 ad
2600 5532 2806 5583 unum,
2841 5515 3157 5587 Colligemla
3185 5518 3262 5572 est
3290 5519 3469 5573 omnis
3507 5533 3604 5573 ea:-

1957 5592 2332 5736 ὟῗὲξίλΜεε.
2396 5656 2633 5733 aliquod
2694 5657 2831 5717 boni
2914 5658 3042 5730 aevi,
3095 5659 3301 5718 caelesti
3356 5658 3608 5719 benedic-

1956 5730 2121 5790 tione.

3210 5858 3290 5944 tt
