4158 6168
462 209 576 270 331

1928 226 1991 285 S.
2041 223 2417 290 AMBROSII

3757 241 3864 303 332

468 341 639 441 Nlulti
672 344 829 401 enim
860 352 1097 421 propter
1126 350 1342 408 nimias
1398 350 1738 425 iniquitates
1771 372 1884 411 non
1930 357 2115 413 susci-
2146 359 2203 425 Α
2235 360 2460 418 malitia
2489 379 2617 421 esse
2646 364 2979 423 videamur:
3014 368 3247 439 quando
3278 368 3498 441 lenum,
3527 369 3591 427 in
3620 371 3865 443 quodam

462 430 634 509 piunt
662 435 883 505 peccati
942 440 1379 496 conscientiam.
1429 440 1503 497 At
1552 459 1685 499 vero
1718 443 1812 500 ille
1832 446 1933 517 qui
1987 446 2107 502 ait:

465 519 680 592 Castigo
703 539 897 597 corpus
925 543 1130 595 meum,
1159 534 1210 584 et
1236 530 1496 586 servituti
1544 531 1734 601 redigo
1765 534 1813 605 (Ι
1870 534 1990 589 Cor.
2032 552 2109 603 ιιι,

466 608 580 682 20),
607 613 991 673 contristatur
1020 619 1078 673 in
1111 622 1443 674 nostrorum
1478 621 1819 693 pcenitentia
1850 629 2111 695 peccato-

467 715 596 755 rum
622 717 635 757 :
657 703 798 774 quia
818 722 924 761 sua
954 710 1115 762 tanta
1135 706 1345 763 delicta
1370 726 1482 765 non
1512 710 1739 779 habuit,
1797 717 1859 767 ut
1924 713 1980 768 in
2020 712 2112 769 bis

464 790 800 848 contristari
831 795 1083 850 deberet.
1116 796 1376 869 Denique
1405 801 1641 856 etnobis
1672 803 1879 858 suadet
1908 801 2111 859 utilem

466 876 639 934 istam
662 898 790 937 esse
818 882 1141 950 tristitiam,
1174 900 1302 957 qua:
1353 890 1676 945 secundum
1729 891 1931 957 Deum,
1993 908 2108 947 non

466 967 789 1022 secundum
824 969 1107 1026 saeculum
1140 977 1248 1028 est.
1283 974 1540 1047 Oportet,
1577 979 1789 1049 inquit,
1832 996 1933 1034 vos
1973 998 2109 1035 con-

466 1054 684 1111 tristari
718 1056 776 1112 in
808 1058 1213 1130 paenitentiam
1274 1067 1600 1122 secundum
1652 1068 1833 1123 Deum
1873 1070 1945 1140 (II
1985 1070 2105 1124 Cor.

462 1160 558 1213 v11,
589 1144 645 1214 9,
680 1146 770 1218 10)
800 1165 813 1215 ;
848 1165 984 1204 nam
1015 1154 1341 1209 secundum
1377 1159 1554 1211 Deum
1588 1156 1831 1213 tristitia
1857 1158 2107 1214 salutem

461 1237 756 1305 operatur,
778 1238 975 1294 saeculi
1008 1244 1204 1297 autem
1260 1244 1498 1301 tristitia
1531 1250 1777 1302 mortem
1810 1251 2105 1319 operatur.

460 1322 569 1380 Sed
601 1328 658 1380 et
678 1326 748 1381 de
770 1326 963 1383 Veteri
981 1330 1355 1389 Testamento
1377 1335 1572 1407 accipe
1592 1334 1724 1391 illos
1746 1337 1819 1391 ad
1857 1336 2107 1409 gratiam

456 1414 808 1489 pervenisse,
842 1417 942 1488 qui
970 1420 1471 1479 contristabantur
1498 1422 1557 1478 in
1592 1425 1864 1496 operibus
1906 1443 2105 1497 corpo—

459 1499 680 1559 ralibus
707 1522 718 1572 ;
748 1503 876 1560 illos
906 1523 1040 1564 vero
1063 1508 1124 1563 in
1156 1510 1443 1583 supplicio
1474 1514 1848 1581 remansisse,
1885 1514 1985 1586 qui
2009 1516 2107 1571 de-

455 1587 821 1648 lectabantur
846 1593 1024 1666 hujus
1038 1599 1243 1654 mundi
1262 1601 1554 1671 operibus.
1580 1603 1840 1675 Denique
1884 1603 2107 1660 Hebraei

2221 468 2534 522 processu:
2570 456 2806 525 quando
2856 471 2991 512 vero
3023 473 3256 529 panem,
3292 475 3429 515 cum
3472 465 3871 519 consummata

2223 540 2396 595 fuerit
2416 541 2713 600 fortitudo.
2739 545 2888 618 Ergo
2919 550 2977 600 et
3004 562 3109 602 nos
3142 547 3476 605 habeamus
3505 565 3713 622 procas
3743 566 3868 607 sum

2222 629 2349 683 vitae
2378 630 2577 702 hujus,
2610 633 2763 688 sicut
2792 633 2999 690 habuit
3032 638 3089 691 et
3135 635 3356 693 Paulus
3387 637 3491 709 qui
3533 638 3713 694 dicit:
3749 640 3866 696 Viuo

2220 725 2399 773 autem
2409 721 2533 791 jam
2561 738 2674 777 non
2702 738 2801 792 ego
2823 723 3032 794 (Galat.
3068 740 3127 789 ιι,
3165 723 3280 795 20).
3313 725 3424 782 hoc
3469 731 3580 797 est,
3614 743 3731 782 non
3775 742 3873 799 ego

2221 807 2320 878 qui
2354 812 2567 864 terram
2587 814 2722 866 ante
2748 812 3214 868 manducabam:
3249 830 3367 869 non
3398 830 3503 887 ego
3525 815 3626 887 qui
3659 815 3873 884 fenum,

2219 897 2361 966 quia
2390 900 2583 952 omnis
2610 916 2744 955 caro
2775 901 3012 956 fenum:
3085 900 3187 956 Sed
3247 902 3384 957 vivit
3447 904 3509 958 in
3573 920 3660 960 me
3725 904 3868 961 181

2222 984 2468 1039 Christus
2499 987 2705 1059 (Ibid),
2740 988 2849 1043 hoc
2881 993 2989 1055 est,
3023 989 3162 1045 vivit
3203 989 3376 1062 panis
3420 991 3518 1047 ille
3564 992 3728 1048 vivus
3774 994 3872 1065 qui

2218 1073 2375 1127 venit
2404 1091 2433 1129 e
2463 1074 2626 1142 oculo,
2660 1076 2800 1131 vivit
2829 1077 3137 1149 sapientia,
3158 1078 3307 1133 vivit
3336 1080 3541 1151 gratia,
3574 1079 3716 1135 vivit
3745 1081 3872 1151 jus-

2217 1162 2368 1229 titia,
2390 1162 2528 1217 vivit
2557 1165 2929 1221 resurrectio.

2288 1252 2379 1306 77.
2426 1251 2642 1308 Deinde
2687 1253 2994 1310 considera
3050 1255 3189 1327 quia
3232 1272 3347 1311 non
3392 1259 3481 1312 est
3526 1255 3874 1313 maledictus

2218 1338 2413 1407 homo,
2449 1341 2549 1396 sed
2583 1341 2927 1398 maledictus
2958 1349 3047 1399 est
3078 1360 3365 1417 serpens:
3404 1362 3507 1401 nec
3539 1348 3696 1402 terra
3724 1346 3783 1401 in
3816 1362 3879 1403 se

2218 1428 2527 1485 maledicta
2552 1436 2677 1499 est;
2722 1433 2823 1486 sed
2874 1432 3209 1501 Maledicta,
3259 1434 3471 1506 inquit,
3517 1437 3579 1490 in
3626 1437 3879 1507 operibus

2216 1517 2326 1570 tuis
2357 1514 2508 1584 (Gen.
2546 1534 2627 1584 ιιι,
2664 1517 2774 1589 l7),
2809 1519 2966 1590 quod
2998 1520 3070 1575 ad
3100 1519 3288 1575 Adam
3330 1521 3552 1577 dictum
3603 1527 3693 1579 est
3736 1522 3877 1595 (82).

2216 1605 2381 1659 Tunc
2415 1609 2571 1661 terra
2601 1606 2912 1679 maledicta
2941 1612 3048 1675 est,
3081 1609 3132 1664 si
3158 1608 3376 1665 habeas
3407 1626 3583 1683 cpera
3622 1614 3875 1682 terrena,

457 1679 557 1795 gilii
592 1680 1057 1781 ingemiscebant
1104 1686 1164 1742 in
1221 1687 1523 1746 laboribus
1552 1692 1781 1765 Egypti
1808 1692 1998 1764 (Exod.
2041 1710 2105 1761 11,
2137 1730 2185 1795 B
2219 1693 2275 1746 id
2307 1697 2396 1748 est
2425 1710 2601 1766 opera
2632 1695 2954 1753 saecularia.
2997 1699 3067 1753 Et
3120 1679 3592 1755 maledictavnon
3633 1698 3695 1755 in
3744 1679 3877 1755 uni;

452 1768 887 1839 24),justorum
911 1773 1159 1845 gratiam
1194 1779 1494 1834 consecuti
1526 1785 1685 1836 sunt.
1720 1782 1788 1836 Et
1819 1782 1957 1853 quia
2005 1799 2107 1855 pa-

2228 1798 2490 1850 versum;
2534 1785 2635 1839 sed
2686 1790 2753 1840 ut
2794 1786 2996 1858 spinas
3043 1791 3101 1843 et
3150 1786 3398 1844 tribulos
3446 1792 3700 1861 generet,
3761 1789 3878 1846 nisi

454 1873 589 1912 nem
623 1857 682 1913 in
713 1859 953 1918 tristitia
982 1866 1507 1939 manducaverunt,
1541 1886 1677 1925 esca
1726 1870 1921 1927 donati
1981 1875 2120 1928 sunt
2228 1873 2380 1929 38%
2406 1873 2579 1928 fuerit
2600 1874 2868 1929 humana:
2891 1875 3087 1931 studio
3136 1857 3488 1949 operationis
3537 1877 3874 1934 exercitata.

453 1946 701 2038 spiritali
737 1948 755 2021 (
785 1951 956 2018 Exod,
981 1970 1095 2009 xv1.
1133 1956 1202 2010 15
1229 1960 1286 2011 et
1334 1958 1469 2029 esq.)
1506 1976 1519 2026 ;
1552 1959 1801 2032 zEgyptii
1841 1977 1973 2016 vero
2012 1969 2117 2032 qui
2224 1961 2386 2024 Quod
2416 1962 2466 2016 si
2496 1980 2623 2038 eam
2664 1963 3118 2034 exercuerimus,
3172 1946 3232 2020 in
3284 1964 3482 2022 labore
3530 1966 3766 2038 quidem
3822 1971 3880 2023 et

451 2034 592 2091 talia
619 2053 795 2110 Opera
825 2056 958 2095 cum
1004 2042 1357 2101 exultatione
1396 2046 1788 2117 celebrabant,
1849 2049 1971 2122 regi
2009 2050 2112 2106 de-

450 2124 707 2180 testabili
736 2128 1074 2198 servientes,
1108 2131 1333 2189 nullam
1365 2135 1592 2191 veniam
1636 2141 1774 2192 sunt
1806 2137 2018 2209 adepti.

516 2219 619 2274 .76.
655 2216 767 2272 Sed
799 2223 889 2273 est
918 2222 975 2275 et
1004 2219 1103 2276 illa
1131 2221 1451 2292 distinctio,
1486 2225 1642 2295 quod
1678 2225 1931 2298 serpenti
1970 2226 2110 2281 dici-

446 2314 545 2365 tur
575 2306 715 2380 quia
754 2310 971 2363 terram
1004 2311 1422 2380 manducabit;
1455 2313 1588 2368 Adae
1621 2318 1816 2370 autem
1855 2333 1868 2369 :
1913 2317 1974 2370 In
2004 2318 2105 2370 tri-

443 2400 623 2467 stitia,
655 2394 849 2467 inquit
892 2398 1264 2468 mamlucubis,
1312 2408 1517 2457 etcum
1567 2403 1762 2460 sudore
1805 2404 2104 2460 manduca-

445 2489 529 2544 bis
557 2488 690 2559 (8t),
753 2492 804 2541 et
867 2490 1224 2546 manducetis
1274 2494 1463 2562 fenum
1518 2495 1642 2564 agri
1671 2493 1819 2565 (Cen.
1867 2511 1953 2560 ιιι,
2012 2495 2099 2563 18,

446 2578 557 2650 19);
593 2582 659 2635 ut
689 2582 1007 2653 quemdam
1041 2581 1445 2654 intelligamus
1475 2582 1535 2638 in
1571 2582 1665 2639 his
1697 2600 1827 2639 esse
1874 2600 2103 2656 proces~

443 2683 578 2724 sum
609 2672 667 2725 et
695 2670 930 2742 quando
955 2675 1175 2727 terram
1227 2672 1677 2741 manducamus,
1736 2673 1794 2727 in
1841 2673 2095 2744 quodam

517 2837 808 2910 (8|)Big,
863 2839 1051 2907 Gem.,
1104 2841 1303 2907 Torn.,
1354 2839 1455 2895 SS.
1511 2839 1619 2894 Th.
1670 2844 1727 2894 et
1774 2839 1970 2896 Mich..
2030 2843 2094 2897 In

440 2909 693 3035 ἓνίδιίιὶιῖ,
716 2909 919 2982 inquit,
977 2911 1335 2966 manducabis
1378 2913 1569 2981 fenum
1615 2913 1760 2981 agri,
1807 2920 1875 2969 ut,
1904 2929 2089 2985 quem-

478 2996 590 3050 am,
617 2996 647 3036 e
676 2996 726 3035 c.

2223 2050 2455 2119 sudore,
2481 2050 2579 2105 sed
2605 2056 2798 2107 tamen
2832 2069 3041 2124 panem
3083 2054 3573 2110 manducabimus
3597 2054 3730 2126 (83).
3764 2054 3878 2111 Re-

2221 2145 2444 2211 pugnat
2472 2139 2629 2194 enim
2662 2138 2753 2195 lex
2777 2140 2970 2197 carnis
2996 2140 3109 2215 legi
3141 2143 3376 2199 mentis.
3404 2144 3471 2199 Et
3486 2142 3881 2200 laborandum

2220 2227 2389 2282 nobis
2419 2231 2509 2282 est
2536 2244 2601 2283 ac
2637 2229 3073 2298 desudandum,
3121 2237 3186 2287 ut
3232 2231 3589 2305 castigemus
3638 2249 3881 2305 corpus,

2215 2321 2272 2371 et
2302 2316 2563 2371 servituti
2592 2318 2952 2390 redigamus,
2984 2324 3041 2375 et
3088 2336 3217 2392 quas
3273 2326 3412 2377 sunt
3464 2321 3753 2394 spiritalia
3791 2339 3889 2379 se-

2216 2406 2529 2461 minemus.
2574 2406 2631 2459 Si
2690 2407 2847 2462 enim
2887 2406 3155 2464 carnalia
3192 2408 3697 2480 seminaverimus,
3752 2426 3888 2482 qua

2213 2494 2470 2549 carnalia
2504 2498 2642 2549 sunt
2672 2501 3000 2551 metemus:
3036 2496 3086 2551 si
3118 2513 3252 2552 vero
3283 2497 3577 2569 spiritalia
3614 2497 3885 2555 semina-

2210 2582 2488 2652 verimus,
2523 2587 2816 2639 metemus
2847 2600 2915 2640 ea
2945 2601 3073 2656 quas
3100 2590 3243 2642 sunt
3262 2584 3553 2659 spiritalia
3582 2586 3659 2660 (S.
3703 2588 3876 2660 Aug.,

2208 2673 2247 2726 Ι.
2284 2689 2323 2727 ιι
2358 2673 2510 2729 Cant.
2542 2673 2651 2728 Jul.
2683 2674 2921 2744 Pclag..,
2956 2690 3004 2728 c.
3036 2672 3114 2745 5).

2272 2841 2384 2983 (82;
2411 2840 2584 2911 Clar.,
2618 2841 2781 2897 Rem.
2810 2845 2866 2897 et
2895 2842 2952 2897 S.
2984 2842 3116 2912 Th.,
3149 2843 3219 2899 ad
3247 2845 3496 2900 animam
3525 2844 3733 2901 dictum
3749 2854 3860 2903 est.

2272 2911 2361 2983 (83
2436 2912 2587 2967 Edit.
2640 2912 2831 2981 Rom.,
2876 2913 3029 2982 Quod
3065 2931 3115 2970 si
3159 2916 3327 2971 etiam
3370 2918 3859 2975 exercuerimus...

2270 2911 2382 2983 (83)
2436 2912 2587 2967 Edit.
2640 2912 2831 2981 Rom.,
2876 2913 3029 2982 Quod
3065 2911 3115 2970 si
3159 2916 3327 2971 etiam
3370 2918 3859 2975 exercuerimus...

2197 2983 2393 3039 sudore
2420 2985 2629 3040 erimus
2644 3000 2665 3046 ,ο
2695 2984 2790 3040 sed
2814 2988 3019 3057 tamen,
3051 2990 3160 3042 etc.

440 3196 3861 3231 Μ

943 3373 1059 3460 ΙΝ
1117 3372 1524 3463 LIBROS
1579 3375 1725 3462 DE
1784 3374 2044 3462 CAIN
2100 3375 2245 3459 ET
2304 3375 2586 3461 ABEL
2643 3372 3321 3464 ADMONITIO.

497 3684 842 3740 Ambrosius
873 3685 930 3740 in
963 3686 1089 3757 ipso
1116 3687 1350 3742 exordio
1381 3685 1513 3740 libri
1546 3687 1617 3741 De
1662 3687 2047 3742 Incarnatz'one
2085 3686 2373 3742 Dominica
2420 3685 2667 3757 loquens
2718 3686 2789 3741 de
2838 3686 3071 3741 duobus
3123 3685 3385 3742 Gratiani
3433 3686 3859 3756 cubiculariis,

428 3773 654 3829 Arianae
682 3778 851 3830 secta:
882 3774 1243 3843 hominibus,
1279 3775 1375 3846 qui
1410 3776 1536 3845 ejus
1559 3775 1822 3830 concioni
1855 3775 1983 3831 ficte
2015 3774 2253 3846 polliciti
2286 3792 2413 3831 sese
2446 3775 2770 3843 adfuturos,
2793 3774 3109 3847 obligatam
3134 3774 3310 3830 fidem
3342 3790 3457 3830 non
3487 3773 3862 3847 liberabant,

424 3879 753 3919 sermonem
784 3865 855 3919 ad
886 3863 1220 3920 institutam
1250 3864 1410 3919 Caini
1444 3869 1500 3919 et
1528 3863 1723 3918 Abelis
1756 3864 2060 3919 historiam
2092 3880 2154 3920 se
2197 3868 2527 3920 convertere
2558 3864 2881 3935 proﬁtetur.
2904 3865 3093 3936 Itaque
3118 3862 3253 3918 dum
3292 3864 3403 3929 illi,
3454 3863 3672 3936 inquit,
3724 3867 3861 3937 for-

420 3953 566 4007 sitan
589 3957 835 4017 veniunt,
867 3952 939 4009 ad
973 3955 1103 4008 istos
1130 3954 1227 4024 qui
1247 3955 1514 4025 propositi
1542 3960 1687 4015 sunt,
1721 3951 2066 4022 deﬂectamus
2097 3954 2393 4021 agricolas,
2425 3968 2657 4024 quorum
2686 3953 2848 4017 alter,
2896 3951 2996 4006 hoc
3032 3959 3112 4008 est
3159 3952 3315 4022 Cain,
3363 3956 3471 4007 etc.
3501 3952 3580 4007 Ex
3620 3952 3862 4025 quibus

422 4058 560 4097 sane
589 4058 703 4096 non
734 4040 878 4097 levis
905 4041 1161 4112 suspicio
1193 4042 1353 4112 injici
1388 4046 1579 4113 potest
1608 4042 2166 4097 commentationem
2200 4041 2272 4095 de
2301 4041 2440 4096 Cain
2473 4045 2530 4096 et
2556 4040 2698 4096 Abel
2730 4039 2887 4095 haud
2913 4040 3078 4111 prius
3126 4040 3345 4096 editam
3393 4039 3598 4109 fuisse,
3655 4058 3860 4113 quam

419 4130 520 4188 illa
550 4129 1066 4203 pronuntiarentur
1094 4131 1165 4185 ab
1195 4131 1519 4185 Ambrosio.
1551 4130 1617 4184 Et
1646 4129 1783 4184 huic
1815 4130 2159 4200 conjecturae
2191 4129 2327 4184 inde
2358 4129 2625 4184 fortassis
2648 4128 2915 4184 nonnihil
2936 4129 3204 4185 videatur
3230 4128 3499 4185 accedam
3528 4130 3867 4188 conﬁrma-

416 4221 615 4288 tionis,
649 4220 803 4291 quod
832 4224 887 4275 et
916 4218 1120 4273 eadem
1153 4218 1317 4285 fides,
1352 4234 1526 4288 quam
1559 4217 1646 4271 vir
1677 4222 1918 4273 sanctus
1948 4217 2004 4271 in
2041 4217 2189 4272 libro
2214 4218 2290 4272 De
2320 4220 2705 4273 Incarnatione
2734 4218 2969 4275 Arianis
2998 4216 3303 4290 explicato,
3335 4217 3511 4274 etiam
3555 4218 3616 4273 in
3659 4234 3865 4291 opere

414 4311 484 4363 de
515 4324 631 4380 quo
652 4308 906 4378 agimus,
932 4305 1253 4377 plurimum
1276 4307 1738 4371 commendetur,
1762 4309 1819 4361 et
1839 4305 1897 4360 in
1921 4310 2171 4377 utroque
2198 4306 2400 4361 eadem
2432 4305 2722 4386 Geneseos
2751 4307 2926 4362 verba
2957 4322 3074 4361 non
3104 4304 3365 4362 absimili
3396 4304 3623 4361 ratione
3653 4322 3866 4380 expo-

414 4400 648 4452 nantur.
708 4398 853 4452 Cum
883 4398 1081 4450 autem
1107 4397 1429 4449 memorata
1461 4393 1777 4466 disputatio
1806 4395 1880 4449 De
1907 4394 2295 4449 Incarnatione
2318 4394 2604 4448 Dominica
2651 4395 2745 4448 vix
2794 4397 2929 4449 ante
2966 4410 3188 4449 annum
3233 4394 3360 4460 382,
3420 4397 3484 4448 ut
3540 4410 3648 4448 suo
3704 4394 3860 4455 loco

413 4484 660 4549 dicetur,
692 4482 892 4538 habita
923 4482 1115 4549 fuerit,
1138 4482 1275 4538 hinc
1308 4483 1503 4539 forsan
1534 4483 1721 4554 possit
1741 4482 1954 4554 aliquis
1976 4481 2248 4555 colligere
2268 4480 2455 4537 eidem
2483 4498 2715 4553 quoque
2736 4482 2985 4554 tempori
3013 4485 3326 4537 tractatum
3349 4481 3418 4536 de
3438 4481 3576 4537 Cain
3598 4485 3659 4537 et
3683 4484 3863 4541 Abel

410 4588 539 4628 esse
571 4572 971 4627 tribuendum.
1003 4571 1417 4628 Verumtamen
1449 4577 1513 4627 ut
1545 4572 1698 4627 hunc
1730 4571 2122 4643 antiquiorem
2152 4570 2576 4639 existimemus,
2610 4574 2676 4625 ut
2708 4573 2838 4641 pote
2867 4570 3024 4643 operi
3055 4571 3131 4626 De
3163 4570 3425 4642 paradiso
3474 4586 3857 4642 supparem,

409 4661 615 4733 primis
647 4662 909 4730 ejusdem
942 4660 1135 4715 verbis
1165 4661 1531 4715 adducimur.
1568 4661 1647 4715 lbi
1682 4660 1977 4732 siquidem
2008 4659 2091 4714 ita
2123 4659 2180 4714 S.
2214 4658 2447 4715 doctor:
2504 4659 2579 4714 De
2635 4658 2916 4730 paradiso,
2967 4659 3180 4730 inquit,
3241 4660 3300 4713 in
3368 4660 3851 4729 superioribus...

403 4750 792 4822 digessimus...
844 4752 1005 4804 Nunc
1050 4752 1357 4820 sequentem
1397 4750 1720 4805 adoriamur
1761 4750 2048 4803 historiam
2093 4750 2143 4802 et
2185 4763 2248 4802 ea
2292 4764 2411 4818 qum
2454 4747 2751 4802 secundum
2799 4746 3107 4817 Scripturas
3145 4746 3364 4802 adnare
3390 4755 3519 4802 sunt
3578 4746 3859 4817 divinas,

400 4843 586 4896 nostro
614 4854 774 4910 opere
798 4854 1214 4910 prosequamur.
1248 4837 1377 4892 Haec
1436 4840 1587 4891 certe
1618 4837 1887 4892 dubitare
1920 4836 2261 4907 neutiquam
2292 4835 2515 4904 sinunt,
2539 4834 2679 4906 quin
2702 4834 2992 4908 oppellam
3018 4835 3168 4890 hanc
3187 4850 3313 4907 quae
3334 4834 3392 4890 in
3425 4835 3862 4894 mss.duobus

404 4932 537 5000 post
566 4926 781 4983 librum
814 4929 889 4982 De
914 4926 1169 4998 paradiso
1201 4931 1452 4985 exarata.
1489 4926 1828 4980 inscribitur
1868 4927 1938 4980 De
1989 4925 2126 4980 Cain
2175 4933 2227 4978 et
2276 4924 2403 4977 Abel
2455 4924 2593 4978 liber
2642 4924 2926 4992 secundus,
2976 4924 3163 4980 eidem
3206 4923 3355 4979 libro
3404 4923 3857 4995 subjunxerit;

401 5031 578 5088 quam
612 5015 854 5089 proinde
884 5016 1115 5071 circiter
1144 5032 1237 5069 an.
1266 5017 1392 5079 37:3,
1426 5014 1705 5085 scriptam
1739 5014 1919 5071 fuisse
1950 5012 2390 5068 crediderimus.
2439 5011 2649 5067 Praeter
2695 5014 3059 5085 conjecturas
3113 5029 3148 5067 a
3204 5011 3373 5068 nobis
3414 5012 3476 5066 in
3525 5011 3867 5085 superiori

400 5105 802 5160 admonitione
834 5103 1185 5176 propositas,
1220 5102 1333 5157 huc
1365 5103 1537 5157 etiam
1573 5102 1712 5157 facit
1741 5102 2052 5172 utriusque
2082 5098 2272 5172 operis
2304 5098 2623 5166 character,
2658 5100 2757 5170 qui
2789 5100 2967 5155 dubio
2998 5098 3200 5173 procul
3232 5115 3346 5154 non
3376 5102 3867 5171 tantam,quan-

397 5209 520 5247 tam
552 5192 824 5257 aliorum,
862 5192 1257 5247 maturitatem
1290 5192 1541 5263 praefert,
1576 5191 1675 5246 sed
1709 5192 1966 5262 quodam
1996 5189 2191 5255 modo,
2227 5192 2291 5243 ut
2320 5203 2456 5243 voce
2508 5190 2744 5242 utamur
2788 5188 3102 5255 Ambrosii,
3138 5187 3557 5259 juvenculescit.
3611 5187 3867 5260 Itaque

399 5281 553 5352 quod
586 5280 683 5336 ille
710 5281 767 5335 in
800 5280 922 5335 loco
954 5298 983 5337 e
1014 5280 1506 5337 commentatione
1537 5282 1610 5335 De
1639 5280 2023 5335 lncarnatione
2052 5277 2345 5334 Dominica
2375 5274 2649 5348 superius
2678 5274 2914 5331 laudato
2946 5292 3009 5332 se
3040 5276 3111 5331 ad
3144 5274 3391 5330 Cainum
3440 5278 3619 5347 atque
3663 5275 3863 5334 Abe-

396 5368 511 5423 iem
544 5369 845 5426 deflectere
876 5370 1188 5443 significat,
1224 5374 1603 5426 autumamus
1639 5367 1769 5422 ideo
1801 5367 2045 5432 dictum,
2097 5364 2235 5436 quia
2283 5365 2429 5420 torte
2476 5364 2784 5420 amborum
2824 5364 3072 5420 fratrum
3109 5363 3371 5430 historia,
3419 5365 3592 5435 cujus
3642 5363 3869 5425 lectio

393 5459 712 5530 quotannis
742 5461 899 5516 certo
932 5462 1194 5532 tempore
1222 5458 1281 5514 in
1314 5457 1571 5516 Ecclesia
1600 5456 1955 5525 recurrebat,
1987 5459 2127 5512 tunc
2159 5454 2231 5510 ad
2261 5451 2544 5530 populum
2577 5453 2764 5511 fuerat
2795 5453 3053 5511 recitata.

460 5544 745 5621 Quidnam
781 5551 1066 5605 tractetur
1098 5548 1156 5605 in
1185 5548 1293 5604 hoc
1326 5564 1515 5622 opere,
1551 5551 1677 5604 tum
1709 5544 1838 5620 ipsa
1869 5547 1995 5621 ejus
2030 5542 2354 5619 inscriptio,
2388 5546 2512 5601 tum
2547 5560 2671 5618 qua:
2703 5561 2737 5602 a
2767 5543 2937 5603 nobis
2968 5559 3147 5621 supra
3178 5542 3332 5601 dicta
3353 5545 3513 5611 sunt,
3533 5543 3677 5601 satis
3703 5543 3863 5605 de-
