4084 6188
295 394 385 456 333
1084 395 1090 400 ’
1458 392 1560 452 DE
1604 382 1787 453 CAIN
1832 392 1908 453 E'l

2052 386 2178 454 3EL
2222 393 2369 454 LIB.
2417 390 2465 451 Ι.
3547 388 3665 457 334

292 525 499 582 clarant.
532 522 697 587 Quod
728 538 859 578 vero
889 522 961 578 ad
994 522 1281 579 tractandi
1332 522 1617 578 rationem
1664 522 1894 591 attinet,
1945 527 2359 596 argumentum
2408 541 2582 579 suum
2628 524 2846 598 ubique
2874 525 2992 583 fere
3024 525 3287 599 mysticis
3318 527 3665 597 interpreta-

292 614 517 671 tionibus
548 612 785 685 exponit
832 617 889 667 et
940 611 1218 669 illustrat.
1269 613 1625 669 Immoratur
1654 612 1974 683 praesertim
2003 614 2059 667 in
2094 612 2452 685 explicandis
2512 613 2675 669 Caini
2704 619 2761 670 et
2787 615 2979 671 Abelis
3012 615 3338 681 sacriﬁciis,
3371 631 3489 687 qua
3516 613 3575 668 in
3606 630 3669 669 re

290 703 445 758 multo
471 701 757 773 majorem
786 701 967 756 totius
1017 701 1527 757 commentationis
1583 704 1826 772 partem:
1860 700 2126 756 insumit.
2162 702 2437 766 Quamvis
2469 707 2665 758 autem
2695 703 2788 758 hic
2821 722 2936 760 non
2968 709 3089 760 tam
3121 704 3344 760 multus
3376 704 3453 758 sit
3484 702 3542 756 in
3572 718 3670 758 ex-

289 791 555 865 agitandis
586 791 1077 863 cenfutandisque
1125 790 1433 856 haereticis,
1485 806 1662 862 quam
1711 789 1768 844 in
1822 789 1971 846 libre
2002 791 2075 846 De
2098 792 2354 863 paradiso
2374 808 2395 850 ,·
2441 792 2541 847 sed
2592 791 2834 848 liberius
2866 795 3116 849 oratorie
3148 793 3296 865 style
3328 791 3667 863 indulgeat:

288 880 555 936 interdum
578 882 774 934 tamen
806 878 1090 935 nonnulla
1119 878 1413 935 catholicae
1446 878 1579 933 fidei
1603 878 1897 950 dogmata,
1929 895 2057 950 quae
2085 879 2418 935 imbuendis
2443 878 2701 935 ﬁdelium
2722 881 2934 938 animis
2966 883 3210 954 putabat
3241 881 3492 948 utiliora,
3528 878 3674 936 satis

288 968 552 1025 subtiliter
579 966 861 1023 insinuat.
896 968 977 1023 Ea
1007 984 1139 1024 vero
1170 985 1296 1039 quae
1327 968 1397 1022 ad
1430 967 1733 1039 ﬁngendos
1764 983 1957 1023 mores
1988 969 2345 1035 conducunt,
2380 967 2569 1024 fusius
2615 971 3059 1042 accuratiusque
3091 969 3488 1042 prosequitur.

347 1057 475 1113 Hinc
506 1056 743 1127 quidem
775 1073 890 1111 non
923 1061 1140 1112 temere
1173 1056 1379 1128 fecisse
1410 1057 1577 1111 nobis
1608 1056 1917 1123 videbitur,
1952 1057 2051 1129 qui
2086 1058 2246 1129 prius
2292 1074 2439 1128 opus
2470 1057 2579 1113 hoc
2606 1058 2836 1129 publice
2867 1064 3222 1130 peroratum,
3249 1075 3316 1113 ac
3346 1061 3581 1130 postera
3609 1056 3671 1112 in

286 1162 411 1211 eam,
440 1162 556 1218 qua
586 1161 742 1200 nunc
764 1144 1036 1213 habetur,
1070 1146 1319 1201 formam
1350 1145 1655 1201 redactum
1686 1161 1814 1200 esse
1869 1146 2246 1201 existimabit.
2281 1146 2539 1202 Tametsi
2572 1164 2688 1201 non
2721 1146 2797 1201 sit
2828 1146 3328 1203 dissimulandum
3359 1146 3417 1200 id
3450 1146 3509 1200 in
3541 1143 3672 1200 aliis

283 1233 665 1295 Ambrosianis
697 1233 991 1306 operibus,
1026 1234 1085 1289 in
1118 1234 1334 1307 quibus
1365 1232 1601 1289 oratorii
1637 1233 1869 1289 dicendi
1905 1233 2059 1289 modi
2092 1236 2415 1291 etiamnum
2446 1241 2698 1305 exstant,
2732 1234 2961 1291 facilius
2994 1234 3401 1291 animadverti.

341 1324 649 1380 Fatendum
677 1339 848 1396 porro
880 1327 1146 1379 sanetum
1179 1322 1335 1379 hunc
1366 1327 1632 1379 nostrum
1666 1321 1920 1395 plurima
1948 1340 1978 1379 e
2009 1321 2251 1379 Philone
2283 1325 2341 1378 in
2373 1323 2839 1380 lucubrationem
2882 1341 3052 1381 suam
3096 1323 3496 1379 transtulisse.
3531 1322 3672 1379 Con-

279 1415 369 1481 fer,
397 1414 443 1470 si
473 1416 659 1478 vacat,
693 1429 820 1485 qua:
851 1412 995 1468 dicit
1024 1413 1081 1467 in
1113 1412 1233 1468 hzec
1278 1411 1569 1468 Geneseos
1613 1412 1826 1468 verba:
1879 1413 2100 1469 Possedi
2137 1414 2416 1469 hominem
2450 1430 2550 1485 per
2592 1415 2781 1481 Deum,
2834 1431 2968 1469 cum
3008 1413 3193 1468 Judaei
3226 1412 3388 1468 illius
3417 1412 3566 1468 libre
3598 1413 3673 1468 De

278 1503 573 1570 Chorubim,
600 1505 657 1557 et
686 1501 822 1557 hinc
870 1517 936 1557 ea
985 1502 1297 1574 desumpta
1326 1516 1454 1557 esse
1484 1499 1644 1556 nullo
1677 1501 1911 1574 negotio
1960 1501 2378 1571 deprehendes.
2431 1502 2710 1557 Similiter
2753 1502 2926 1558 etiam
2969 1519 3003 1557 a
3042 1501 3232 1557 medie
3264 1500 3452 1573 primo
3483 1500 3672 1573 capite

276 1590 466 1665 prioris
494 1589 628 1645 libri
664 1591 732 1645 ad
783 1592 959 1661 caput
987 1593 1257 1646 octavum
1305 1588 1664 1662 posterioris,
1714 1606 1831 1645 non
1879 1590 2189 1645 minimam
2223 1595 2447 1662 partem
2479 1590 2626 1646 libre
2659 1591 2923 1660 ejusdem
2978 1589 3233 1646 auctoris
3282 1591 3357 1647 De
3382 1590 3673 1661 sacriﬁciis

274 1680 386 1735 Abel
411 1683 461 1735 et
492 1678 651 1747 Cain,
684 1677 881 1733 deberi
913 1678 1292 1734 manifestum
1324 1682 1431 1734 est.
1465 1681 1734 1733 Attamen
1784 1678 1845 1734 in
1894 1680 2085 1734 tribus
2137 1678 2363 1735 ultimis
2407 1679 2541 1734 libri
2573 1679 2815 1735 secundi
2848 1679 3159 1752 capitibus,
3193 1678 3293 1735 ubi
3324 1678 3675 1735 Ambrosius

272 1768 479 1840 reliqua
508 1767 577 1823 ad
613 1766 775 1822 illam
806 1766 995 1839 ipsam
1035 1766 1342 1824 historiam
1401 1766 1755 1839 pertinentia
1805 1766 2006 1839 paucis
2055 1767 2307 1840 expedit,
2337 1784 2369 1823 e
2424 1766 2595 1833 libre,
2650 1767 2743 1822 cui
2776 1766 3025 1823 titulus:
3058 1769 3132 1822 Dc
3178 1782 3238 1822 eo
3269 1766 3409 1837 quod
3432 1766 3677 1822 deterius

264 1858 453 1930 potiori
477 1854 739 1912 insidiari
765 1856 955 1922 soleat,
987 1854 1045 1911 in
1097 1872 1212 1929 quo
1260 1856 1461 1911 eadem
1495 1872 1528 1910 a
1575 1855 1821 1912 Philone
1876 1856 2069 1912 fusius
2116 1860 2566 1928 pertractantur,
2599 1860 2716 1911 tres
2767 1856 3006 1911 omnino
3059 1854 3217 1911 loces
3267 1854 3536 1909 imitatus
3565 1855 3673 1909 est.

266 1946 466 2003 Verum
500 1949 558 2000 et
585 1944 718 2000 istic
747 1948 804 2000 et
833 1944 1171 2017 ubicunque
1201 1943 1423 2016 aliquid
1458 1961 1525 2000 ex
1553 1945 1663 2000 hoc
1695 1948 1931 2001 auctore
1961 1950 2285 2013 mutuatur,
2319 1962 2557 2001 summa
2585 1962 2815 2018 semper
2873 1945 3058 2001 utitur
3112 1943 3417 2010 libertate;
3478 1942 3560 1998 ita
3584 1945 3672 2009 ut,

269 2052 389 2091 cum
418 2034 579 2103 libet,
629 2033 993 2115 Philonianis
1017 2034 1326 2090 sententiis
1381 2033 1598 2105 adjicit,
1632 2032 1901 2089 detrahat
1928 2039 1985 2089 et
2014 2033 2340 2089 contrarias
2371 2050 2603 2106 quoque
2651 2050 3076 2106 nonnunquam
3121 2035 3454 2104 anteponat.

331 2123 612 2179 Ceterum
645 2139 678 2177 a
706 2122 878 2179 nobis
906 2122 1218 2195 impetrare
1251 2139 1366 2178 non
1400 2126 1813 2193 possumus,ut
1840 2121 2020 2192 hujus
2043 2122 2236 2194 operis
2258 2122 2602 2178 divisionem
2634 2123 2707 2178 ab
2737 2124 3043 2179 Ambrosio
3073 2122 3393 2194 profectam
3424 2120 3671 2176 arbitre-

267 2229 409 2269 mur.
440 2210 738 2268 Malumus
769 2210 926 2267 illam
955 2211 1210 2267 tribuere
1243 2209 1420 2266 sciolo
1453 2210 1730 2283 cuipiam,
1760 2209 1861 2280 qui
1891 2227 2025 2265 cum
2060 2210 2333 2282 pleraque
2366 2211 2584 2277 omnia,
2618 2211 2689 2266 de
2731 2211 2947 2283 quibus
2989 2210 3143 2282 apud
3175 2209 3477 2266 Philonem
3505 2206 3674 2263 libris

267 2301 485 2358 duobus
515 2301 729 2374 agitur,
766 2300 825 2355 in
875 2299 985 2356 hoc
1028 2304 1275 2355 tractatu
1329 2299 1612 2355 contineri
1664 2299 2008 2365 adverteret,
2058 2316 2192 2354 eum
2226 2316 2461 2371 quoque
2492 2300 2761 2355 bifariam
2792 2299 3172 2355 dividendum
3205 2314 3333 2355 esse
3351 2295 3671 2370 judicavit:

267 2392 359 2446 sed
391 2390 532 2446 adeo
561 2392 910 2462 praepostere
938 2388 1083 2444 illud
1136 2388 1422 2461 prmstitit,
1456 2392 1522 2443 ut
1552 2388 1628 2442 ibi
1664 2388 1924 2460 posuerit
1956 2387 2197 2442 secundi
2229 2387 2361 2443 libri
2393 2388 2653 2454 initium,
2690 2388 2786 2443 ubi
2820 2405 2890 2444 ne
2921 2392 3099 2460 caput
3145 2388 3387 2459 quidem
3420 2385 3676 2457 incipere

266 2482 565 2551 eporteret.
599 2477 792 2550 Longe
822 2494 963 2533 sane
995 2476 1358 2532 commodius
1390 2476 1463 2532 ab
1493 2493 1562 2531 ee
1588 2474 1735 2541 loco,
1788 2476 1887 2530 ubi
1928 2476 2014 2530 vir
2064 2480 2303 2531 sanctus
2351 2478 2423 2532 ad
2473 2479 2765 2547 agendum
2797 2479 2868 2533 de
2922 2477 3178 2533 secundo
3210 2474 3482 2532 sacriﬁcii
3509 2473 3674 2529 Caini

266 2566 396 2622 vitio
427 2565 782 2640 aggreditur,
815 2564 1049 2621 initium
1095 2565 1333 2620 duceret
1376 2565 1669 2620 secundus
1718 2562 1882 2618 liber.
1917 2565 2061 2619 Cum
2102 2570 2297 2618 autem
2330 2564 2537 2620 divisio
2570 2565 2690 2633 illa,
2721 2566 2833 2621 etsi
2865 2566 3140 2632 absurda,
3169 2564 3242 2620 ab
3272 2560 3675 2634 antiquissimi

266 2656 361 2711 avi
391 2655 811 2728 manuscriptis
858 2655 928 2710 ad
981 2653 1298 2710 editionum
1344 2657 1608 2726 tempora
1660 2653 2005 2725 pervenerit,
2047 2669 2153 2708 nos
2200 2668 2432 2724 quoque
2477 2670 2627 2722 eam,
2660 2671 2731 2710 ne
2762 2671 2880 2727 qua
2907 2653 2967 2709 in
2998 2651 3375 2709 citationibus
3406 2648 3671 2707 confusio

150 2793 160 2805 .
266 2744 500 2815 oriatur,
533 2744 870 2802 censuimus
900 2759 1030 2800 esse
1060 2742 1449 2800 retinendam.

908 3165 1006 3326 S
1058 3166 1735 3323 A-NCTI
1926 3164 3017 3324 AMBROSII

1513 3432 2145 3497 MEDIOLAMNSIS
2187 3432 2546 3495 EPISCOPI

1236 3624 1442 3751 DE
1536 3622 1906 3752 CAIN
1998 3624 2202 3751 ET
2288 3622 2691 3751 ABEL

1585 3902 1597 3912 -
1707 3863 1963 3938 LIBRI
2004 3863 2077 3926 (ί)
2131 3862 2323 3937 DUO

1464 4085 1865 4236 LIBER
1948 4145 2478 4235 PRIMUS.

698 4470 849 4527 188
896 4469 1130 4527 CAPUT
1170 4468 1481 4526 PRIMUM.
1940 4469 1996 4534 Α
2096 4470 2150 4522 2.
2202 4466 2377 4522 Adam
2424 4470 2615 4522 autem
2656 4464 2901 4535 cognovit
2950 4466 3120 4519 Evam
3166 4463 3457 4518 mulierem
3499 4477 3680 4529 suam,

281 4576 399 4630 Post
446 4578 658 4634 brevem
686 4594 721 4632 α
771 4577 910 4633 libro
957 4578 1233 4648 superiori
1275 4575 1347 4631 ad
1394 4576 1598 4630 huncce
1628 4575 1894 4648 transitio

2073 4573 2144 4611 ne
2190 4556 2434 4627 concepit
2478 4563 2529 4609 et
2585 4554 2827 4625 porperit
2877 4554 3015 4608 Cain
3067 4559 3118 4607 et
3170 4552 3356 4607 dixit:
3409 4551 3686 4623 Acquisivi

350 4663 470 4702 nem
497 4650 692 4719 agitur
721 4648 787 4704 de
810 4652 934 4705 ortu
961 4639 1113 4719 ϐἁίηί
1133 4654 1185 4702 et
1232 4648 1363 4719 Abel
1384 4662 1405 4707 ;
1437 4663 1501 4701 ac
1526 4660 1625 4716 per
1652 4646 1747 4701 hos
1776 4647 1918 4719 sicut
2029 4645 2305 4700 hominem
2331 4659 2430 4715 per
2480 4644 2645 4697 Deum
2704 4641 2857 4712 (Gen.
2892 4658 2967 4697 ιν.
3002 4642 3077 4708 1).
3111 4640 3246 4703 Quae
3300 4639 3683 4712 acquirimus,

344 4727 392 4799 et
413 4736 513 4801 per
534 4716 719 4776 'Esau
747 4728 815 4804 εςΔ
845 4720 1026 4786 Iacob,
1072 4718 1245 4803 duas.
1267 4718 1552 4804 hominum
1596 4720 1766 4772 sectas
1812 4716 1920 4772 sibi

2072 4750 2097 4787 ς
2124 4749 2261 4804 quo,
2297 4736 2354 4787 et
2384 4748 2417 4787 a
2449 4747 2586 4802 quo,
2618 4736 2674 4785 et
2722 4746 2825 4800 per
2873 4728 3013 4801 quid
3049 4729 3446 4801 acquiramus,
3494 4722 3685 4779 censi-

349 4791 576 4848 invirem
604 4792 881 4864 opposilas
905 4790 1245 4863 pr-wsignari
1274 4788 1599 4845 Ostenditur:
2030 4788 2220 4877 derari
2242 4788 2389 4876 solet
2413 4838 2425 4875 :
2464 4788 2535 4876 ex
2561 4835 2697 4890 quo,
2721 4788 3002 4890 tanquam
3040 4834 3109 4872 ex
3137 4788 3402 4872 ‘materia
3434 4830 3447 4867 :
3483 4828 3518 4866 a
3545 4826 3685 4881 quo,

346 4916 395 4969 1.
425 4915 503 4971 De
532 4916 805 4987 paradiso
836 4916 896 4970 in
929 4913 1331 4987 superioribus
1364 4929 1468 4984 pro
1497 4915 1670 4984 captu
1704 4918 1920 4974 nostro,
2032 4910 2166 4982 quis
2184 4912 2414 4964 auctor:
2444 4924 2545 4981 per
2568 4906 2732 4979 quid,
2764 4912 3050 4979 tanquam
3074 4922 3178 4977 per
3202 4901 3437 4973 aliquod
3469 4900 3690 4954 instru-

276 5006 342 5055 ut
370 5005 691 5074 potuimus,
723 5004 877 5075 quod
926 5002 1211 5059 Dominus
1250 5000 1484 5069 infudit,
1519 5017 1731 5055 sensus
1762 4999 1923 5054 inve-
2035 5003 2322 5053 mentum.
2354 4996 2652 5068 Numquid
2678 4994 2772 5051 hic
2803 4995 2887 5050 sic
2906 4994 3047 5050 dicit
3076 5010 3089 5048 :
3124 4991 3401 5062 Arquisivi
3419 4988 3695 5043 hominem

275 5089 382 5157 nit,
416 5092 794 5166 digessimus,
829 5093 884 5147 in
930 5091 1146 5164 quibus
1169 5090 1352 5146 Adam
1380 5092 1555 5161 atque
1574 5089 1702 5143 Eva:
1727 5086 1927 5159 lapsus
2032 5103 2132 5160 per
2160 5088 2331 5142 Deum
2348 5103 2368 5147 ,·
2400 5089 2466 5141 ut
2497 5085 2679 5141 Deum
2712 5083 3007 5155 intelligas
3029 5080 3489 5136 instrumentum
3510 5075 3538 5130 ‘I
3567 5075 3695 5131 Non

275 5184 369 5233 est
395 5170 893 5255 comprehensus.
932 5181 1100 5236 Nunc
1149 5179 1429 5251 quoniam
1480 5176 1582 5232 illa
1612 5192 1792 5249 penes
1826 5193 1928 5232 au-
2043 5174 2246 5245 utique
2280 5190 2291 5229 :
2328 5175 2429 5229 sed
2464 5178 2529 5228 ut
2585 5171 2877 5244 intelligas
2910 5173 3205 5224 auctorem
3239 5170 3301 5255 et
3327 5168 3696 5255 operatorem

274 5270 468 5324 stores
497 5251 611 5326 non
645 5268 805 5325 stetit
833 5267 1046 5341 culpa:
1080 5267 1182 5323 sed
1224 5267 1378 5339 quod
1412 5266 1580 5338 pejus
1628 5269 1736 5328 est,
1771 5265 1933 5319 dete-
2041 5265 2246 5325 Deum.
2279 5261 2444 5317 Unde
2482 5260 2672 5332 magis
2712 5260 2827 5314 Deo
2862 5256 3089 5322 detulit,
3115 5255 3253 5326 quia
3274 5253 3420 5309 dixit
3448 5270 3461 5308 :
3510 5251 3702 5325 Aequi-

274 5353 496 5413 rierem
551 5357 775 5414 invenit
827 5356 1139 5419 hearedem,
1191 5359 1533 5427 sequentem
1599 5353 1937 5408 adoriamur
2044 5354 2149 5408 sivi
2192 5351 2469 5406 hominem
2512 5365 2610 5420 per
2640 5353 2832 5411 Deum,
2866 5350 2933 5400 ut
2964 5349 3017 5399 et
3049 5361 3156 5399 nos
3189 5359 3322 5398 cum
3357 5341 3581 5413 aliquid
3615 5355 3704 5396 ac-

274 5440 611 5514 historiam,
640 5450 698 5502 et
726 5462 795 5501 ea
824 5462 953 5517 quae
984 5444 1310 5501 secundum
1341 5442 1676 5514 Scripturas
1713 5456 1940 5498 annexa
2046 5441 2361 5515 quirimus,
2395 5437 2483 5494 vel
2535 5451 2740 5492 omnes
2770 5437 3015 5489 eventus
3048 5433 3338 5490 secundos
3368 5431 3485 5488 Dee
3516 5428 3705 5504 magis

280 5538 429 5589 sunt
476 5533 725 5600 divinas,
756 5538 955 5591 nostro
1005 5549 1176 5606 opere
1209 5545 1655 5603 prosequamur.
2058 5531 2305 5600 deferre,
2336 5542 2514 5601 quam
2545 5524 2715 5583 nobis
2742 5539 3014 5597 arrogare
3044 5521 3348 5581 debemus.

360 5676 442 5751 (1)
473 5677 686 5754 Scripti
719 5676 875 5739 circa
906 5694 1002 5737 an.
1031 5677 1158 5735 375.
