4158 6168
430 340 578 409 335.

1892 331 1961 393 S.
2002 328 2382 394 AMBROSII

3639 328 3642 332 “
3702 332 3819 397 336.

503 473 555 527 3.
589 475 656 527 Et
681 471 887 544 adjecit.
924 486 1124 543 parere
1154 470 1281 527 Abel
1313 466 1469 541 (Ibid.
1502 465 1577 538 2).
1613 465 1760 520 Cum
1802 463 2075 535 adjicitur
2104 465 2160 530 Α
2256 470 2492 544 ctoratus
2521 463 2873 544 exprimitur.
2922 462 3170 544 _Denique
3199 461 3513 544 earumdem
3561 462 3742 537 Moysi:
3764 474 3812 523 et

433 552 676 633 aliquid,
701 562 857 633 quod
888 562 1054 634 prius
1070 564 1194 617 erat
1212 558 1453 614 tollitur.
1474 556 1655 627 quue
1678 552 1970 626 colligitur
2011 569 2080 608 ex

434 647 814 705 arithmeticae
858 649 1227 723 portionibus
1251 647 1327 717 (2)
1360 643 1688 701 autanimm
1714 641 2079 714 cogitationi-

433 738 578 794 bus:
606 738 803 796 addito
826 740 980 795 enim
998 753 1257 803 numero,
1286 735 1351 790 ﬁt
1373 733 1526 790 alius
1558 748 1860 799 numerus,
1887 728 2082 785 abole-

433 831 532 881 tur
562 826 865 899 superior:
914 831 972 882 et
1012 822 1282 897 cogitatio
1324 823 1606 879 accedens
1647 838 1795 877 nova
1828 817 2086 875 excludit

436 916 816 987 superiorem.
851 920 993 987 Ergo
1027 930 1159 969 cum
1193 912 1469 984 adjicitur
1511 911 1675 978 Abel,
1706 910 1862 965 184
1892 908 2084 963 aufer-

434 1009 532 1058 tur
562 1004 719 1059 Cain.
755 1003 915 1069 Quod
965 1002 1275 1057 nominum
1327 1000 1804 1074 interpretatione
1854 997 2085 1070 plenius

435 1090 910 1161 deprehenditur.
967 1090 1109 1146 Cain
1160 1090 1377 1145 etenim
1406 1091 1600 1145 dictus
1633 1093 1723 1144 est
1753 1085 2082 1158 acquisitio,

436 1179 591 1251 quod
618 1177 815 1234 omnia
834 1179 944 1234 sibi
972 1180 1333 1252 acquireret:
1367 1178 1528 1245 Abel,
1566 1177 1665 1251 qui
1697 1177 1897 1233 omnia
1916 1176 2088 1231 refer-

436 1271 525 1323 ret
553 1268 625 1323 ad
660 1268 839 1323 Deum
870 1266 967 1339 pia
993 1267 1234 1324 devotus
1286 1266 1500 1322 mentis
1530 1265 1848 1323 attentione
1890 1263 1964 1335 (3)
1997 1262 2084 1318 ni-

435 1355 524 1412 hil
543 1354 653 1412 sibi
680 1373 979 1430 arrogans,
1020 1361 1084 1412 ut
1108 1357 1376 1429 superior
1401 1356 1595 1423 frater,
1630 1354 1730 1411 sed
1762 1356 1949 1408 totum
1981 1352 2086 1407 tri-

436 1446 624 1503 buens
655 1445 938 1502 conditori
974 1445 1130 1518 quod
1163 1446 1483 1517 accepisset
1513 1446 1585 1500 ab
1625 1460 1711 1500 eo.

510 1537 560 1590 4.
594 1534 730 1591 Duae
776 1535 973 1607 itaque
1025 1538 1190 1590 secta:
1241 1538 1383 1590 sunt
1414 1533 1524 1588 sub
1555 1533 1807 1587 duorum
1842 1530 2086 1585 fratrum

438 1625 673 1679 nomine
705 1627 1169 1698 compugnantes
1214 1623 1484 1690 invicem,
1530 1624 1587 1676 et
1617 1618 1921 1676 contraria
1951 1617 2083 1674 sibi.

437 1712 564 1769 Una
589 1730 719 1785 quas
758 1718 947 1768 totum
981 1711 1161 1767 menti
1200 1729 1318 1768 sua:
1350 1715 1634 1782 tanquam
1668 1706 2000 1781 principali,
2033 1709 2090 1761 et

438 1802 607 1873 quasi
630 1801 862 1858 cuidam
883 1800 1251 1874 cogitationis
1273 1805 1329 1856 et
1346 1803 1651 1867 sensus,et
1680 1801 1874 1853 motus
1892 1795 2087 1851 omnis
2120 1834 2168 1898 B

438 1891 698 1959 auctori;
732 1890 840 1947 hoc
884 1896 990 1959 est,
1025 1908 1152 1962 quae
1184 1906 1388 1946 omnes
1432 1888 1797 1945 inventiones
1829 1885 2088 1940 humano

438 1978 677 2034 ascribit
700 1978 954 2051 ingenio.
999 1980 1191 2034 Altera
1230 1996 1359 2051 quae
1396 1982 1681 2050 tanquam
1718 1974 2004 2048 operatori
2035 1978 2091 2028 et

438 2068 679 2123 creatori
694 2067 959 2123 omnium
974 2068 1088 2124 Deo
1106 2068 1371 2135 defert,et
1384 2068 1514 2138 ejus
1532 2071 1813 2137 tanquam
1829 2062 2090 2136 parentis

438 2160 612 2229 atque
624 2156 862 2213 rectoris
874 2157 1287 2213 subditomnia
1301 2154 1719 2229 gubernaculo.
1736 2152 1839 2208 Illa
1854 2150 2089 2224 prior(li)

439 2245 579 2302 Cain
616 2244 981 2318 significatur
1013 2264 1024 2301 :
1059 2246 1178 2302 haec
1205 2245 1509 2317 posterior,
1538 2242 1680 2298 Abel
1709 2243 1940 2297 dicitur.
1976 2241 2091 2295 Has

439 2334 587 2390 duas
609 2338 796 2391 sectas
810 2352 927 2391 una
940 2335 1136 2391 anima
1148 2334 1400 2407 parturit
1422 2351 1434 2402 ;
1469 2337 1526 2388 et
1544 2332 1670 2387 ideo
1684 2347 1974 2404 germana:
1988 2328 2091 2383 ha-

441 2423 677 2495 bentur,
711 2424 866 2496 quod
901 2441 1018 2479 uno
1051 2424 1370 2479 fundantur
1418 2427 1580 2477 utero
1609 2439 1620 2475 :
1657 2420 1759 2476 sed
1792 2416 2093 2475 contrariae

449 2516 622 2581 sunt;
644 2512 783 2584 quia
796 2516 1019 2585 oportet
1033 2530 1131 2568 eas
1148 2528 1283 2568 cum
1299 2511 1553 2584 quodam
1567 2509 1774 2565 animae
1788 2511 1959 2581 partu
1974 2506 2094 2562 edi-

444 2598 516 2656 tae
532 2600 764 2667 fuerint,
783 2600 961 2656 dividi
985 2618 1050 2657 ac
1065 2600 1343 2674 separari.
1368 2597 1915 2671 Compugnantibus
1938 2594 2096 2651 enim

442 2688 764 2761 hospitium
787 2706 969 2745 unum
997 2694 1274 2762 perpetuo
1295 2705 1423 2745 esse
1448 2705 1562 2743 non
1590 2691 1801 2759 potest.
1839 2684 2097 2755 Denique

443 2777 722 2847 Rebecca,
755 2794 889 2834 cum
926 2778 1074 2834 duas
1096 2781 1336 2833 naturas
1358 2775 1604 2831 humani
1641 2773 1860 2847 ingenii
1894 2776 2096 2844 partu-

444 2865 605 2931 riret,
654 2882 835 2920 unam
877 2864 1039 2933 mali,
1086 2865 1330 2921 alteram
1382 2864 1543 2931 boni,
1592 2878 1808 2933 easque
1866 2858 2098 2915 exsilire

446 2953 602 3007 intra
630 2956 862 3008 uterum
905 2952 1147 3008 sentiret
1185 2968 1360 3007 suum
1396 2951 1568 3024 (Esau
1590 2951 1747 3006 enim
1770 2954 1945 3021 typus
1975 2950 2099 3003 erat

448 3039 707 3107 malitiae,
744 3039 926 3095 Jacob
981 3040 1231 3112 figuram
1263 3038 1540 3096 bonitatis
1571 3038 1851 3111 gerebat),
1888 3037 2099 3091 mirata

448 3128 733 3200 quidnam
776 3128 923 3183 illud
981 3133 1133 3185 esset
1183 3129 1342 3200 quod
1382 3127 1734 3184 discordiam
1777 3125 2096 3198 quamdam

449 3197 713 3289 concepti
766 3220 1025 3273 cerneret
1073 3197 1243 3283 fetus,
1276 3215 1573 3272 consuluit
1608 3197 1814 3285 Deum,
1868 3219 1936 3270 ut
1963 3232 2097 3287 pas-
2129 3197 2171 3264 C

451 3306 679 3363 sionem
710 3306 1000 3378 proderet,
1034 3305 1320 3360 medelam
1375 3306 1559 3360 daret.
1612 3306 1810 3375 Itaque
1839 3304 2100 3376 precanti

452 3397 543 3451 est
581 3409 929 3465 responsum
990 3393 1288 3448 redditum
1341 3410 1353 3447 :
1404 3395 1535 3448 Duae
1584 3399 1772 3463 gentes
1822 3394 1899 3459 in,
1939 3395 2100 3446 utare

453 3490 543 3538 tuo
567 3489 718 3550 sunt,
751 3486 800 3537 et
845 3482 952 3536 duo
995 3483 1188 3553 populi
1235 3481 1301 3536 de
1347 3485 1533 3537 ventre
1562 3489 1652 3537 tuo
1682 3482 1915 3536 exibunt
1944 3479 2097 3552 (Gen.

453 3587 584 3640 xxv,
614 3570 727 3641 23).
760 3570 922 3633 Quod
955 3569 1004 3624 si
1039 3570 1111 3625 ad
1142 3570 1400 3625 animam
1433 3569 1669 3635 referas,
1698 3569 1969 3624 eamdem
1999 3584 2097 3642 ge-

452 3656 800 3714 neratricem
833 3659 908 3729 (5)
958 3658 1095 3714 boni
1126 3663 1181 3713 et
1212 3658 1349 3713 mali
1391 3656 1703 3730 intelliges,
1739 3656 1877 3729 quia
1905 3673 1973 3712 ex
2002 3674 2097 3713 eo-

449 3746 583 3802 dem
616 3746 772 3801 fonte
789 3746 997 3815 anima:
1016 3750 1333 3817 utrumque
1346 3745 1629 3811 dimanat,
1654 3746 1753 3800 sed
1779 3745 1886 3800 hoc
1916 3744 2097 3800 sobrii

444 3833 592 3889 solet
639 3850 768 3890 esse
796 3833 1028 3904 verique
1059 3833 1269 3904 judicii
1295 3851 1312 3902 ;
1356 3838 1420 3888 ut
1446 3833 1750 3905 repudiato
1778 3831 1929 3888 malo
1961 3850 2098 3888 enu-

436 3922 577 3978 triat
606 3922 761 3994 quod
796 3923 1016 3977 bonum
1049 3926 1136 3977 est
1192 3925 1368 3994 atque
1401 3922 1725 3977 conﬁrmet.
1758 3922 1927 3976 Prius
1958 3938 2093 3994 ergo

438 4026 616 4081 quam
672 4010 862 4082 pariat
920 4011 1140 4065 bonum
1189 4010 1289 4080 (6),
1337 4008 1448 4064 hoc
1493 4013 1579 4064 est
1631 4010 1947 4063 reventiam
1977 4009 2093 4065 Deo

437 4098 732 4167 debitam;
773 4098 918 4154 185
949 4102 1015 4152 ut
1042 4096 1156 4167 ipsi
1188 4101 1377 4152 totum
1410 4097 1652 4163 deferat,
1684 4114 1791 4152 sua
1822 4114 1937 4153 non
1956 4114 2095 4170 prae-

437 4186 585 4242 ferat
615 4187 726 4259 (7):
762 4202 897 4241 cum
930 4201 1063 4240 vero
1088 4186 1353 4256 genuerit
1381 4186 1805 4241 confessionem
1842 4203 1969 4258 quae
2000 4186 2095 4241 de-

437 4276 620 4331 fertur
647 4275 785 4342 Deo,
820 4272 1059 4346 deponit
1089 4273 1283 4328 cordis
1327 4273 1419 4329 sui
1448 4277 1762 4329 tumorem.
1794 4273 2091 4344 Adjiciens

439 4379 577 4435 ergo
608 4363 764 4418 Deus
795 4363 1017 4418 bonum
1050 4361 1258 4416 animae
1290 4362 1503 4434 dogma
1531 4361 1692 4429 Abel,
1720 4362 1963 4418 abstulit
1986 4363 2090 4417 im-

439 4450 690 4522 probum
725 4450 942 4523 dogma
964 4448 1125 4505 Cain.

1105 4572 1338 4629 CAPUT
1370 4575 1437 4630 II.

1084 4662 1322 4732 ﬁguram
1365 4681 1499 4731 esse,
1545 4664 1981 4719 Christianorum
2027 4666 2087 4720 in.

507 4735 656 4791 Abel.
681 4733 855 4807 Hujus
893 4733 1168 4789 amasio-ne
1182 4804 1194 4807 _
1207 4735 1467 4805 quaedam
1487 4739 1811 4791 attexuntur
1830 4735 1894 4790 de
1912 4738 2086 4807 patri-

507 4807 626 4878 bus,
659 4803 769 4860 sedi
802 4807 1115 4876 prmsertim
1161 4803 1228 4878 de
1270 4807 1551 4877 sepultura
1606 4808 1757 4862 Isaac
1802 4803 2087 4878 per'quem

506 4877 710 4933 Christi
731 4878 1063 4947 incarnatio,
1108 4884 1159 4932 et
1177 4876 1396 4949 Mog/sis,
1419 4894 1520 4949 per
1542 4894 1699 4949 quem
1721 4876 1962 4950 ejusdem
1991 4879 2085 4934 do-

437 4666 499 4720 In
532 4663 675 4719 Cain
722 4660 1037 4717 Judworum

502 4998 580 5142 (2)
611 4999 718 5055 Ms.
754 5016 908 5055 unus
938 5000 1068 5055 Vat.
1102 5004 1159 5054 et
1188 5005 1302 5055 vet.
1343 5000 1506 5063 edit.,
1548 5002 2011 5071 proportionibus.

525 5071 581 5140 3)
613 5070 698 5126 Ita
741 5074 859 5126 tres
904 5088 1048 5126 mss.
1093 5076 1147 5125 et
1190 5076 1312 5126 ant.
1344 5073 1482 5126 edit.
1517 5077 1591 5125 At
1621 5090 1731 5127 ms.
1768 5090 1921 5128 unus
1954 5077 2011 5127 V:

525 5071 581 5140 3)
613 5070 698 5126 Ita
741 5074 859 5126 tres
904 5088 1048 5126 mss.
1093 5076 1147 5125 et
1190 5076 1312 5126 ant.
1344 5073 1482 5126 edit.
1517 5077 1591 5125 At
1621 5070 1731 5127 ms.
1768 5090 1921 5128 unus
1954 5077 2081 5128 Vat.

430 5142 585 5213 sicut
606 5145 663 5213 et
684 5145 823 5198 nota
844 5143 1095 5213 margin.
1132 5142 1290 5211 Gill.,
1318 5145 1517 5197 mentis
1549 5146 1869 5198 intentione.

502 5212 579 5282 (4)
606 5211 692 5265 Ita
733 5215 853 5266 tres
877 5211 1021 5267 mss.
1051 5217 1107 5268 et
1155 5215 1292 5268 edit.
1341 5217 1451 5269 vet.
1492 5215 1555 5267 In
1600 5230 1717 5269 uno
1752 5219 1945 5268 autem
1969 5230 2080 5270 ms.

429 5282 562 5335 Vat.
598 5283 670 5362 ad
714 5298 901 5362 marg.
942 5285 1045 5362 illa
1067 5286 1316 5362 priore...
1340 5286 1776 5362 hacposteripre,
1809 5290 1915 5362 etc.
1940 5288 2081 5362 _Yat.

429 5368 565 5407 vero
586 5352 672 5427 _al.
697 5357 753 5406 et
782 5352 928 5427 edit.
952 5352 1143 5420 Rom.,
1174 5358 1275 5411 Illa
1307 5352 1470 5427 prior
1502 5372 1603 5426 per
1636 5352 1775 5411 Gaia
1797 5357 2081 5426 signiﬁca-

431 5427 551 5497 tur,
564 5422 703 5497 patec
723 5425 991 5493 posterior
1014 5443 1116 5497 per
1147 5422 1321 5483 Abel.’
1502 5422 1531 5497 ’,

502 5494 578 5569 (5)
601 5493 752 5549 Edit.
784 5493 1377 5569 omnes,'genitricem.
1413 5493 1531 5555 Ms.
1555 5514 1711 5555 unus
1738 5496 1896 5567 Vat.,
1929 5513 2086 5567 gene-

427 5566 701 5641 ratioan
716 5582 739 5629 ;
766 5570 885 5624 tres
919 5565 1029 5641 a_li_i_
1042 5565 1460 5641 generatrieem.

496 5634 571 5713 (6)
622 5633 715 5692 Sic
744 5654 893 5703 mss.
928 5633 1079 5699 Edit.
1113 5646 1329 5710 autem,
1354 5658 1518 5714 quam
1534 5643 1744 5715 pariat,
1780 5640 1981 5701 bonum
2010 5646 2085 5701 est

2263 534 2468 589 Christi
2495 533 2883 606 comparantur
2910 535 3056 590 inter
3084 550 3139 589 se
3168 533 3481 606 sepulturae.

2260 625 2311 677 5.
2342 624 2459 695 Ego
2481 626 2675 679 tamen
2702 622 2949 679 hocloco
2967 622 3292 678 secundum
3315 621 3665 695 Scripturam
3702 642 3809 699 my-

2193 711 2434 766 sterium
2467 713 2656 783 magis
2686 712 2937 767 duorum
2970 710 3322 783 populorum
3354 709 3630 783 intelligo,
3675 715 3811 785 quod

2192 800 2346 855 Deus
2369 801 2436 854 ad
2441 800 2695 871 jiciendo
2719 800 2983 856 Ecclesiae
3004 818 3123 855 suae
3145 800 3320 854 ﬁdem
3345 799 3453 872 piae
3474 798 3674 872 plebis,
3706 803 3821 859 abs-

2193 888 2328 943 tulit
2350 888 2652 960 perﬁdiam
2666 888 2867 961 populi
2894 888 3348 961 praevaricantis,
3368 889 3818 963 quandoquidem

2192 977 2367 1032 verba
2410 977 2539 1049 ipsa
2570 977 2677 1033 hoc
2723 977 3053 1050 significare
3081 977 3410 1046 videantur,
3441 978 3658 1034 dicente
3686 979 3819 1038 Deo:

2196 1067 2332 1123 Duae
2378 1070 2565 1137 gentes
2615 1069 2671 1121 in
2723 1070 2876 1122 utero
2897 1075 2986 1122 tuo
3006 1074 3152 1135 sunt,
3187 1069 3237 1121 et
3266 1065 3370 1121 duo
3397 1068 3585 1139 populi
3612 1068 3680 1123 de
3708 1085 3821 1125 ven-

2197 1164 2279 1210 tre
2304 1158 2393 1211 tuo
2423 1156 2652 1210 exibunt
2674 1156 2826 1226 (Gen.
2859 1172 2990 1220 xxv,
3014 1155 3129 1227 23).
3164 1154 3295 1210 Haec
3316 1154 3504 1226 ﬁgura
3529 1156 3827 1231 Synagogze

2196 1247 2253 1299 et
2281 1241 2550 1300 Ecclesia:
2597 1243 2657 1297 in
2688 1243 2781 1299 his
2812 1243 3043 1300 duobus
3073 1242 3354 1299 fratribus
3385 1248 3520 1299 ante
3551 1245 3829 1315 praecessit

2196 1332 2335 1388 Cain
2367 1336 2424 1387 et
2450 1331 2610 1387 Abel.
2662 1333 2768 1387 Per
2796 1332 2937 1388 Cain
2970 1330 3359 1404 parricidialis
3388 1331 3640 1404 populus
3669 1331 3825 1388 intel-

2197 1421 2400 1493 ligitur
2427 1421 2784 1488 Judaeorum,
2844 1421 2944 1493 qui
2996 1419 3228 1476 Domini
3272 1422 3329 1475 et
3375 1419 3629 1476 auctoris
3667 1421 3752 1476 sui
3781 1424 3834 1477 et

2199 1510 2524 1565 secundum
2577 1508 2771 1565 Marize
2819 1507 3064 1582 virginis
3104 1510 3338 1581 partum
3393 1507 3609 1574 fratris,
3659 1513 3721 1564 ut
3760 1509 3836 1566 ita

2199 1598 2414 1663 dicam,
2448 1596 2794 1668 sanguinem
2827 1599 3171 1666 persecutus
3203 1598 3312 1649 est.
3346 1593 3453 1649 Per
3483 1593 3626 1650 Abel
3652 1599 3832 1651 autem

2199 1684 2546 1757 intelligitur
2597 1684 2967 1741 Christianus
3029 1683 3334 1739 adhaerens
3391 1683 3530 1751 Deo,
3592 1685 3740 1740 sicut
3785 1689 3835 1741 et

2201 1773 2381 1829 David
2424 1773 2549 1828 ait:
2608 1774 2745 1829 Mihi
2791 1779 2979 1828 autem
3015 1771 3299 1829 adhaerere
3336 1773 3442 1828 Deo
3510 1773 3711 1828 bonum
3769 1781 3843 1830 est

2204 1863 2375 1933 (Psal.
2431 1879 2601 1929 uxn,
2660 1864 2801 1931 28);
2842 1867 2907 1917 ut
2961 1860 3291 1917 coelestibus
3354 1876 3416 1916 se
3456 1864 3747 1929 attexeret,
3786 1866 3838 1917 et

2202 1968 2237 2005 a
2273 1951 2523 2006 terrenis
2563 1954 2878 2022 separaret.
2910 1949 3060 2005 Alibi
3095 1967 3107 2005 :
3149 1951 3373 2021 Deiecit,
3416 1950 3632 2021 inquit,
3665 1952 3842 2006 anima

2200 2056 2323 2096 mea
2390 2042 2450 2095 in
2524 2040 2748 2094 verbum
2817 2043 2973 2094 tuum
3050 2040 3219 2110 (Psal.
3290 2039 3709 2111 exvm,18l):
3782 2056 3841 2096 eo

2205 2130 2359 2201 quod
2402 2129 2667 2184 ordinem
2700 2128 2921 2185 vivendi
2956 2133 3132 2201 atque
3164 2145 3339 2184 usum
3376 2145 3492 2183 non
3525 2128 3585 2183 in
3612 2128 3845 2185 terrenis

2203 2218 2620 2291 voluptatibus,
2663 2218 2765 2272 sed
2804 2216 2863 2272 in
2901 2216 3061 2273 verbi
3101 2218 3396 2291 agnitione
3430 2218 3740 2291 posuisset.
3772 2218 3847 2274 Ex

2205 2325 2320 2379 quo
2380 2306 2751 2380 cognoscitur
2806 2323 2911 2362 nec
2966 2305 3111 2362 illud
3169 2306 3354 2364 otiose
3404 2306 3692 2380 scriptum
3731 2324 3849 2365 esse

2207 2397 2307 2451 scd
2347 2412 2632 2468 perpense
2674 2400 2847 2467 atque
2906 2396 3253 2465 examinate,
3305 2396 3468 2469 quod
3506 2396 3756 2469 legimus
3794 2396 3849 2452 in

2208 2486 2541 2558 Regnorum
2608 2484 2836 2539 libris:
2896 2486 2961 2539 Et
3030 2487 3307 2557 appositus
3379 2489 3461 2541 est
3537 2486 3610 2541 ad
3679 2489 3849 2558 patres

2205 2591 2329 2630 suos
2368 2576 2501 2645 (III
2558 2575 2681 2641 Reg.
2726 2590 2787 2639 n,
2834 2574 2939 2646 10).
2985 2572 3239 2647 Intelligi
3289 2574 3453 2630 enim
3495 2575 3672 2631 datur
3708 2574 3850 2647 quod

2208 2667 2441 2736 patrum
2511 2661 2725 2717 similis
2785 2662 2958 2716 fuerit
3041 2662 3171 2719 fide.
3248 2662 3416 2719 Unde
3493 2663 3673 2720 claret
3744 2680 3853 2720 non

2208 2751 2687 2823 adfsepulturam
2746 2752 3024 2823 corporis,
3069 2753 3170 2808 sed
3210 2754 3282 2808 ad
3323 2754 3694 2810 consortium
3732 2754 3851 2809 vita

2210 2841 2484 2897 relatum.

2277 2930 2329 2984 6.
2374 2929 2635 3001 Denique
2675 2931 2745 2985 de
2784 2931 2944 2986 Isaac
2985 2947 3100 2987 non
3142 2929 3544 3002 perfunctorie
3585 2931 3858 3004 scriptum

2208 3018 2629 3090 putatur,quod
2644 3019 2951 3089 requirens
2968 3018 3227 3091 corporis
3251 3018 3432 3075 istius
3455 3018 3713 3092 speciem
3738 3036 3858 3092 quae

2208 3106 2415 3162 animae
2430 3123 2548 3162 sum
2562 3107 2947 3173 attexebatur,
2977 3108 3281 3181 appositus
3293 3107 3372 3163 sit
3398 3109 3473 3164 ad
3490 3125 3681 3181 genus
3698 3124 3861 3165 suum

2282 3195 2434 3267 (Gen.
2457 3213 2625 3262 xxxv,
2650 3196 2738 3266 29)
2765 3214 2779 3265 ;
2804 3212 2869 3252 eo
2898 3196 3053 3268 quod
3069 3197 3252 3269 patris
3266 3196 3353 3251 sui
3381 3197 3659 3254 moribus
3687 3197 3865 3254 adhae-

2211 3284 2370 3340 serit.
2397 3283 2645 3339 Pulchre
2675 3288 2870 3340 autem
2894 3285 2965 3340 ad
2978 3302 3166 3357 genus
3187 3285 3287 3353 ait,
3322 3302 3450 3342 non
3465 3287 3542 3342 ad
3567 3285 3868 3359 populum,

2209 3373 2362 3429 sicut
2389 3372 2703 3433 alibi.Nam
2727 3372 2977 3445 legimus
3008 3373 3140 3430 aliis
3171 3373 3313 3430 locis
3344 3376 3661 3448 appositos
3694 3376 3869 3431 fuisse

2209 3462 2282 3516 ad
2310 3460 2593 3533 populum
2640 3479 2837 3530 suum,
2888 3463 2995 3518 sed
3040 3462 3136 3518 isti
3170 3478 3284 3518 non
3315 3466 3449 3519 tam
3483 3468 3863 3537 praestantes:

2209 3550 2575 3621 praestantior
2607 3555 2804 3606 autem
2849 3551 2950 3622 qui
2985 3567 3307 3622 paucorum
3338 3552 3570 3608 similis
3605 3552 3798 3619 fuerit,
3819 3555 3873 3607 et

2209 3654 2323 3693 non
2356 3637 2745 3709 plurimorum
2772 3655 2784 3693 :
2812 3639 3008 3710 plures
3032 3637 3092 3693 in
3111 3637 3325 3711 populo
3349 3656 3468 3696 suo
3497 3658 3683 3714 quam
3706 3640 3767 3697 in
3787 3656 3873 3713 ge-

2208 3744 2342 3782 nere
2360 3744 2372 3794 ;
2389 3730 2445 3782 et
2458 3728 2831 3798 praestantius
2852 3727 3087 3782 ducitur
3098 3744 3428 3800 paucorum
3449 3730 3713 3787 similem
3729 3745 3873 3794 esse,

2207 3832 2383 3886 quam
2402 3815 2815 3887 plurimorum.
2841 3815 2946 3879 Qui
2971 3832 3108 3888 ergo
3131 3815 3234 3872 Dei
3255 3822 3387 3873 erat
3408 3822 3735 3891 generatus
3750 3834 3874 3891 pro-

2205 3903 2620 3975 missione,qui
2646 3903 2715 3959 ad
2751 3902 3107 3959 sacriﬁcium
3137 3904 3463 3977 probandae
3496 3907 3742 3979 pietatis
3773 3905 3877 3962 ele»

2204 3995 2355 4059 ctus,
2409 3992 2508 4062 qui
2550 3991 2728 4047 unius
2769 3991 2987 4060 uxoris,
3029 3992 3138 4048 hoc
3177 3997 3286 4059 est,
3329 3993 3531 4050 solius
3574 3993 3875 4068 sapientiae

2203 4080 2479 4135 societate
2518 4083 2825 4136 contentus
2856 4081 3096 4153 superni
3126 4079 3288 4136 illius
3319 4084 3572 4155 generis
3603 4085 3763 4155 quod
3795 4085 3881 4139 est

2201 4184 2387 4223 unum
2402 4168 2630 4240 sibique
2662 4185 2893 4241 semper
2913 4169 3285 4236 conveniens,
3314 4187 3438 4226 non
3477 4171 3733 4244 plebeiae
3760 4169 3879 4227 vili-

2199 4256 2337 4312 tatis
2354 4256 2614 4312 imitator
2633 4259 2906 4313 astruend
2916 4275 2986 4313 us
3004 4258 3116 4313 fuit
3137 4258 3463 4331 Scripturaa
3482 4262 3706 4317 divinae
3719 4260 3884 4317 testi-

2201 4344 2414 4400 monio.
2447 4344 2669 4401 Etenim
2719 4346 2820 4400 ubi
2871 4345 3057 4415 labor,
3091 4346 3381 4415 doctrina,
3419 4350 3742 4405 meditatio
3783 4349 3878 4421 (8),

2197 4432 2317 4488 illic
2348 4450 2479 4488 cum
2513 4433 2781 4505 pluribus
2796 4450 3110 4490 commune
3135 4434 3566 4508 collegium,et
3580 4438 3883 4512 quoddam
3974 4490 3977 4497 .

2118 4560 2166 4626 Β
2198 4521 2475 4594 populare
2527 4522 2889 4579 consortium
2947 4527 3056 4580 est.
3113 4524 3430 4582 Audiendo
3484 4528 3656 4584 enim
3708 4525 3883 4600 pleri-

2196 4627 2309 4682 que
2364 4610 2693 4684 prcficiunt,
2764 4627 2913 4683 quos
2979 4613 3301 4669 nominavit
3373 4616 3711 4689 populum.
3782 4614 3885 4673 Ubi

2195 4705 2390 4756 autem
2465 4716 2581 4755 non
2646 4700 2908 4756 humana
2964 4702 3300 4772 traditione,
3382 4706 3497 4761 sed
3573 4705 3884 4780 ingeniosa

2195 4788 2529 4844 collectione
2602 4789 2730 4844 sine
2802 4806 2913 4845 usu
2975 4788 3198 4846 laboris
3269 4791 3617 4867 disciplina
3700 4793 3885 4869 perci-

2195 4877 2374 4948 pitur,
2416 4875 2536 4932 illic
2576 4876 2852 4933 sublimis
2893 4877 3125 4951 generis
3163 4879 3537 4956 incorrupta
3567 4882 3885 4941 sinceritas

2194 5002 2449 5080 exhibere
2478 5004 2840 5080 reverentiam
2860 5003 2964 5080 Deo
2985 5003 3244 5073 debitam,
3275 5010 3343 5062 ut
3366 5010 3490 5080 ipsi
3519 5015 3705 5067 totum
3737 5009 3887 5080 defe-

2195 5078 2301 5136 rat,
2341 5090 2441 5127 sua
2468 5089 2578 5127 non
2603 5075 2889 5144 prae/erat.

2266 5144 2343 5216 (7)
2366 5144 2513 5203 Edit.
2538 5160 2765 5229 omnes,
2786 5161 2887 5229 sua
2906 5161 3015 5201 non
3032 5150 3320 5229 pra/erat,
3343 5149 3411 5205 id
3435 5156 3559 5221 est,
3585 5170 3714 5229 non
3737 5151 3891 5210 dicat

2194 5230 2322 5271 esse
2378 5216 2630 5286 propria.
2673 5216 2813 5272 Mss.
2870 5216 3067 5272 tamen
3108 5216 3502 5292 negationem
3545 5216 3885 5281 omittunt:

2195 5303 2299 5360 nec
2330 5286 2481 5341 male
2506 5286 2554 5360 si
2580 5303 2687 5341 vox
2716 5302 2816 5342 sua
2838 5288 3030 5360 posita
3061 5290 3139 5345 sit
3184 5306 3286 5360 pro
3321 5308 3477 5352 voce
3511 5299 3661 5360 ejus,
3707 5301 3777 5353 ut
3806 5310 3889 5350 re-

2195 5303 2299 5341 nec
2330 5302 2481 5341 male
2506 5303 2554 5341 sx
2580 5303 2687 5341 vox
2716 5302 2816 5342 sua
2838 5302 3030 5360 poena
3061 5302 3139 5345 sit
3184 5306 3286 5362 pro
3321 5308 3477 5352 voce
3511 5302 3661 5369 ejus,

2195 5358 2419 5413 feratur
2451 5358 2521 5412 ad
2553 5362 2753 5413 Deum.

2265 5428 2341 5503 (_8)
2373 5428 2521 5483 Edit.
2545 5445 2772 5503 _omnes
2800 5432 2870 5503 et
2911 5434 3172 5503 quatuor
3216 5447 3401 5501 mss.,
3439 5437 3551 5492 ubi
3582 5439 3767 5503 labor,
3793 5437 3885 5491 do-

2193 5501 2391 5579 ctrinae
2436 5499 2743 5579 meditatio.
2797 5499 3187 5579 Divionensis,
3246 5504 3357 5579 alii
3386 5499 3606 5579 Elabar,
3683 5499 3886 5567 doctri-

2191 5590 2287 5639 na,
2309 5575 2417 5628 etc.
2442 5571 2781 5630 Melius.Hic
2811 5572 2969 5633 enim
2982 5573 3245 5633 doctrina
3264 5573 3446 5637 idem
3470 5585 3573 5639 est
3592 5571 3677 5639 'ac
3707 5579 3885 5638 disci-

2193 5642 2355 5721 plina
2385 5646 2441 5699 et
2471 5642 2781 5701 institutio.
