4084 6188
268 328 378 400 es

1459 341 1559 404 DE
1603 338 1781 406 CAIN
1822 342 1925 406 ET
1971 338 2175 405 ABEL
2218 340 2367 405 LIB.
2417 338 2466 404 l.

3528 337 3667 404 “338

279 466 410 526 180
438 468 551 526 est.
579 465 650 525 Et
676 464 807 528 ideo
836 468 996 530 Isaac
1022 471 1309 548 tanquam
1340 470 1441 532 Dei
1471 487 1689 532 munus
1710 475 1783 532 ad
1808 491 1900 549 ge-
1929 475 1985 544 Α
2012 478 2294 548 tanquam
2330 472 2491 532 verbi
2520 471 2773 533 caelestis
2804 472 3139 549 operatione
3166 472 3421 534 donatus
3449 477 3508 533 et
3535 488 3667 533 mu-

274 574 368 615 nus
395 574 573 615 suum
605 560 815 634 magis,
847 578 1024 635 quam
1059 563 1129 619 ad
1178 564 1458 637 populum
1492 564 1797 637 appositus
1825 563 1906 621 le-

270 647 433 721 gitur,
470 651 535 703 ut
562 648 894 706 divinorum
925 652 1120 724 potius
1151 670 1328 725 quam
1359 654 1751 710 humanorum
1780 654 1908 709 imi-

276 739 503 793 tatorem
533 753 661 794 esse
691 738 963 795 sedulum
995 756 1396 814 recognoscas.

334 827 381 879 7.
413 826 589 881 Beata
631 831 690 881 et
748 826 849 883 illa
898 845 1065 885 mens
1113 847 1262 902 quae,
1295 831 1518 903 species
1587 835 1644 886 et
1708 831 1902 903 ipsum

274 929 442 987 genus
471 916 943 987 supergrediens,
966 923 1225 975 meretur
1262 921 1465 976 audire
1494 920 1648 991 quod
1680 921 1903 977 dictum

268 1007 351 1058 est
412 1003 481 1057 ad
551 1003 809 1076 Moysen,
844 1023 980 1062 cum
1049 1014 1419 1081 separaretur
1459 1027 1493 1065 a
1541 1010 1795 1083 populo:
1833 1012 1904 1066 Tu

270 1098 438 1147 autem
500 1096 587 1147 sta
648 1109 857 1150 meeum
901 1096 1077 1166 (Deut.
1126 1114 1180 1165 ν,
1235 1099 1360 1171 31)!
1431 1099 1577 1154 Nam
1625 1100 1779 1155 sicut
1840 1100 1901 1155 in

266 1179 415 1236 Isaac
459 1180 774 1238 Dominicis
806 1183 1226 1242 incarnationis
1275 1192 1448 1259 typus
1497 1187 1769 1243 humanze
1798 1203 1902 1261 ge-

264 1268 568 1324 nerationis
598 1286 1018 1344 supergressus
1049 1276 1557 1342 consuetudinem,
1586 1277 1724 1331 vicit
1752 1277 1902 1348 prio-

260 1372 377 1423 res;
404 1357 487 1411 ita
514 1360 581 1412 ut
607 1358 669 1413 in
699 1375 765 1416 eo
796 1375 911 1417 non
950 1361 1208 1435 vulgaris
1248 1364 1662 1436 popularisque
1691 1364 1897 1438 gratia,

260 1445 351 1499 sed
392 1445 668 1517 specialis
721 1450 1095 1521 praerogativa
1123 1451 1497 1522 praecelleret,
1529 1453 1682 1508 sicut
1731 1453 1899 1508 lectio

257 1532 417 1589 docet
447 1549 461 1587 :
494 1533 733 1592 Abrahae
762 1538 913 1592 enim
955 1538 1119 1596 dictae
1145 1544 1276 1595 sunt
1298 1542 1690 1611 promissiones
1722 1546 1777 1595 et
1812 1557 1896 1597 se-

256 1621 389 1675 mini
412 1622 532 1692 ejus
552 1640 572 1676 :
603 1637 716 1678 non
743 1624 879 1680 dicit
905 1630 958 1681 et
982 1629 1286 1684 seminibus
1312 1636 1573 1702 tanquam
1599 1632 1659 1684 in
1683 1631 1893 1699 multis,

255 1707 338 1764 sed
362 1711 505 1765 sicut
529 1713 652 1776 uni,
700 1712 797 1768 hoc
834 1717 933 1779 est,
963 1717 1163 1771 semini
1191 1724 1301 1786 tuo,
1334 1718 1474 1789 quod
1523 1726 1602 1773 est
1654 1718 1898 1773 Christus

482 1814 570 1866 In,
602 1800 701 1898 16).
725 1800 854 1907 :Iita
896 1802 1071 1907 etiam
1104 1804 1161 1859 in
1196 1804 1392 1877 Moyse
1428 1806 1656 1860 venturi
1685 1806 1892 1862 Docto-
1921 1842 1970 1907 Β

253 1884 330 1940 ris
360 1884 569 1956 ﬁgura,
603 1885 705 1957 qui
746 1886 934 1959 legem
982 1890 1233 1957 doceret,
1266 1893 1641 1965 Evangelium
1686 1895 1891 1966 prsidi-

253 1977 422 2039 caret,
456 1973 725 2046 impleret
766 1976 1206 2035 Testamentum
1238 1980 1441 2048 Vetus,
1484 1982 1708 2038 Novum
1761 2000 1896 2039 con-

254 2061 430 2128 deret,
454 2060 687 2118 sceleste
735 2063 967 2136 populis
997 2066 1343 2124 alimentum
1393 2070 1579 2137 daret,
1626 2070 1897 2126 humana:

254 2147 591 2220 dignitatem
636 2151 986 2208 conditionis
1030 2155 1278 2212 excessit
1326 2172 1392 2211 eo
1440 2173 1648 2229 usque,
1682 2162 1750 2213 ut
1795 2158 1896 2214 Dei

250 2236 562 2292 donaretur
604 2239 860 2308 nomine,
911 2241 1064 2297 sicut
1111 2243 1398 2300 habemus
1446 2246 1754 2318 scriptum,
1808 2246 1896 2301 di-

250 2328 409 2380 cente
438 2324 683 2381 Domino
718 2343 731 2381 :
764 2330 935 2383 Posui
975 2334 1027 2385 te
1073 2332 1134 2383 in
1185 2331 1347 2387 deum
1394 2334 1675 2389 Pharaoni
1698 2334 1892 2407 (Exod.

248 2427 350 2481 vn,
386 2412 459 2481 1).
488 2412 717 2468 Etenim
741 2413 920 2470 victor
950 2417 1291 2488 passionum
1318 2419 1605 2490 omnium,
1627 2437 1732 2476 nec
1758 2421 1896 2477 ullis

250 2502 455 2571 captus
484 2500 680 2556 szeculi
720 2501 1029 2572 illecebris,
1061 2506 1161 2577 qui
1193 2524 1427 2563 omnem
1477 2509 1651 2565 istam
1683 2527 1896 2569 secun-

250 2586 389 2642 dum
428 2604 640 2660 corpus
684 2589 1736 2669 habitationemfl‘cmlestisIpuritatel
1757 2615 1895 2654 con-

255 2676 593 2732 versationis
650 2678 1003 2745 obduxerat,
1063 2687 1319 2739 mentem
1373 2700 1600 2756 regens,
1659 2702 1894 2742 carnem

249 2763 592 2834 subjiciens,
624 2770 682 2821 et
726 2768 886 2839 regia
916 2770 1171 2840 quadam
1204 2773 1547 2828 auctoritate
1576 2774 1891 2847 castigans,

252 2851 489 2908 nomine
516 2853 617 2909 Dei
646 2858 885 2912 vocatus
910 2861 1019 2924 est,
1052 2858 1124 2913 ad
1151 2861 1321 2930 cujus
1353 2860 1801 2919 similitudinem
1834 2880 1896 2919 se

257 2939 520 3010 perfecte:
547 2940 779 2999 virtutis
808 2944 1071 3001 ubertate
1100 2947 1467 3005 formaverat.

319 3030 372 3081 8.
406 3028 475 3083 Et
501 3029 629 3085 ideo
674 3047 791 3085 non
830 3030 1081 3103 legimus
1112 3034 1183 3089 de
1211 3050 1279 3089 eo
1331 3035 1483 3091 sicut
1531 3038 1599 3093 de
1647 3038 1891 3105 caeteris,

252 3114 391 3184 quia
439 3115 709 3172 deﬁciens
762 3123 1030 3176 mortuus
1061 3125 1150 3176 est
1182 3139 1194 3176 :
1229 3123 1329 3177 sed
1384 3140 1484 3194 per
1532 3126 1756 3181 verbum
1802 3128 1897 3182 Dei

2017 582 2182 631 nere;
2216 570 2280 621 ut
2327 565 2581 637 quietem
2614 565 2803 639 magis
2835 582 2966 623 caro
3015 566 3167 638 ejus,
3200 581 3377 639 quam
3416 565 3666 623 bustum

2016 656 2323 727 acceperit.

2084 744 2137 799 9.
2171 745 2321 800 Bene
2352 746 2552 799 autem
2594 743 2748 799 inter
2794 744 3102 799 dominum
3135 748 3193 801 et
3220 760 3453 801 servum
3485 759 3671 800 serva-

2014 836 2112 888 tur
2140 833 2439 890 distantia.
2475 833 2547 887 Ut
2585 833 3027 905 przerogativam
3080 833 3303 888 domini
3352 831 3666 905 intelligas,

2014 921 2165 977 servi
2209 921 2481 994 gratiam,
2516 922 2587 975 de
2619 921 2814 991 Moyse
2868 921 3100 993 legitur,
3134 921 3275 993 quia
3303 920 3668 993 sepulturam

2013 1012 2141 1081 ejus
2170 1028 2339 1067 nemo
2373 1012 2484 1067 scit
2517 1028 2528 1066 :
2564 1012 2635 1066 de
2685 1010 2911 1066 Christo
2958 1015 3178 1079 autem,
3208 1011 3512 1083 sepultura
3540 1012 3667 1081 ejus

2014 1099 2084 1154 de
2114 1103 2270 1155 terra
2294 1099 2526 1155 sublata
2554 1102 2644 1155 est
2673 1100 2800 1169 (Isa.
2836 1115 2953 1165 Lm,
2986 1099 3040 1168 8)
3075 1115 3087 1152 :
3124 1099 3265 1170 quia
3312 1098 3411 1154 ille
3461 1114 3666 1155 secun-

2012 1188 2151 1242 dum
2185 1188 2531 1260 mysterium
2573 1187 2719 1260 legis
2766 1186 3138 1258 exspectabat
3179 1186 3662 1259 redemptionem,

2010 1278 2079 1331 ut
2127 1280 2493 1349 resurgeret:
2530 1275 2625 1331 hic
2674 1276 2997 1332 secundum
3031 1274 3327 1347 Evangelii
3360 1275 3507 1331 187
3561 1276 3662 1331 dc-

1992 1381 2152 1427 num
2185 1365 2643 1436 redemptionem
2679 1381 2795 1419 non
2827 1364 3226 1435 exspectabat,
3250 1365 3351 1419 sed
3386 1362 3662 1423 donabat.

2007 1453 2075 1507 Et
2104 1452 2232 1507 ideo
2264 1453 2568 1524 sepultura
2594 1454 2723 1524 ejus
2754 1453 3023 1523 ignorata
3053 1468 3169 1506 non
3199 1455 3307 1519 est,
3340 1452 3441 1507 sed
3473 1451 3662 1508 eleva-

2007 1542 2085 1606 ta,
2122 1555 2299 1610 quam
2330 1538 2553 1595 diutius
2583 1541 2850 1594 creatura
2880 1540 3076 1592 tenere
3108 1552 3224 1591 non
3268 1537 3489 1608 potuit;
3524 1538 3664 1610 quia

2005 1642 2111 1698 per
2137 1627 2335 1699 ipsum
2361 1628 2554 1682 omnis
2585 1630 2851 1683 creatura
2879 1624 3211 1697 properavit
3252 1642 3287 1680 a
3332 1626 3663 1698 corruptio-

2007 1714 2099 1769 nis
2148 1714 2399 1770 servitiis
2428 1714 2658 1770 elevari.
2693 1714 2872 1769 Nemo
2931 1729 3067 1785 ergo
3126 1712 3238 1768 scit
3296 1713 3663 1785 sepulturam

2008 1802 2213 1873 Moysi,
2246 1802 2386 1873 quia
2424 1801 2606 1856 vitam
2652 1802 2779 1872 ejus
2827 1816 3032 1857 omnes
3081 1803 3369 1874 noverunt
3399 1818 3413 1855 :
3446 1800 3663 1863 Christi

2006 1894 2204 1945 autem
2256 1889 2619 1962 sepulturam
2668 1890 2926 1945 vidimus
2970 1907 2983 1944 :
3026 1889 3127 1944 sed
3176 1904 3333 1944 nunc
3369 1889 3496 1959 jam
3543 1905 3662 1945 non

2007 1979 2300 2047 novimus,
2325 1979 2424 2051 qui
2470 1979 2957 2034 resurrectionem
2989 1978 3117 2047 ejus
3149 1976 3518 2049 agnovimus.
3552 1977 3662 2032 De-

2006 2067 2136 2122 buit
2166 2067 2322 2123 enim
2370 2067 2642 2139 cognosci
2694 2065 2961 2121 tumulus
3012 2066 3164 2135 ejus,
3198 2068 3266 2120 ut
3313 2063 3661 2121 resurrectio

2007 2155 2508 2222 manifestaretur;
2540 2159 2597 2210 et
2637 2155 2766 2209 ideo
2806 2154 2866 2209 in
2898 2153 3206 2226 Evangelio
3236 2153 3447 2225 (Matth.
3480 2168 3658 2221 xxvu,

2002 2244 2095 2311 60,
2122 2245 2211 2313 61)
2241 2243 2506 2299 tumulus
2555 2259 2792 2298 summa
2843 2242 3216 2313 expressione
3262 2241 3657 2297 describitur:

2003 2330 2064 2385 in
2095 2331 2220 2403 lege
2267 2347 2380 2386 non
2413 2331 2725 2403 quaeritur;
2778 2329 2939 2400 quia,
2988 2329 3123 2385 licet
3172 2330 3659 2385 resurrectionem

2004 2419 2136 2490 ejus
2183 2419 2273 2473 lex
2322 2417 2758 2474 annuntiaverit
2804 2417 2933 2486 (Isa.
2982 2434 3062 2483 x1,
3102 2417 3209 2487 10),
3244 2417 3417 2473 nobis
3458 2421 3659 2474 tamen

2004 2506 2514 2579 Evangeliiiseries
2545 2505 2888 2577 plenissime
2918 2504 3335 2577 comprobavit.

2648 2636 2881 2692 CAPUT
2922 2636 3017 2691 ΙΙΙ.

2003 2728 2261 2807 PeILAbel
2292 2730 2341 2782 et
2373 2726 2510 2807 Cain
2538 2726 2822 2807 sapientize
2853 2726 3114 2807 humanae
3135 2739 3445 2807 processus,
3473 2724 3570 2795 qui

2075 2799 2285 2853 Christo
2314 2800 2424 2853 solo
2456 2794 2705 2851 inventus
2741 2812 2852 2851 non
2901 2800 2999 2859 est,
3031 2794 3350 2862 designari;
3379 2794 3657 2866 per’ordi-

2076 2886 2198 2925 nem
2226 2884 2330 2939 quo
2358 2875 2581 2939 uterque
2622 2869 2862 2936 fratrum
2903 2868 3289 2939 nominantur,
3320 2880 3533 2939 necnon
3558 2881 3660 2937 per

2073 2937 2383 2996 eorumdem
2415 2937 2601 3009 ofﬁcia
2628 2939 2935 3009 signiﬁcari
2963 2937 3200 3005 Abelem,
3225 2938 3325 2991 etsi
3349 2938 3656 3008 juniorem,

2074 3014 2251 3081 fratre
2278 3015 2461 3065 tamen
2491 3026 2604 3066 esse
2627 3010 3089 3080 prmstantiorem.

2077 3127 2164 3180 10.
2198 3127 2366 3197 Ergo,
2410 3128 2475 3179 ut
2527 3125 2683 3194 quod
2740 3122 3155 3195 preposuimus
3204 3120 3654 3193 compleamus:

250 3206 494 3257 mrtuus
540 3209 617 3259 est
651 3205 726 3273 (9)
758 3207 933 3277 (Deut.
965 3224 1156 3277 mw,
1188 3211 1264 3279 5).
1298 3210 1655 3284 Deusj'enim
1709 3228 1895 3285 neque
1926 3196 1967 3262 Ο
2007 3214 2230 3286 Adjecit,
2272 3196 2485 3283 inquit,
2512 3228 2709 3283 parere
2740 3211 2891 3279 Abel,
2916 3210 3027 3265 hoc
3073 3213 3181 3278 est,
3214 3208 3515 3265 meliorem
3546 3208 3663 3264 Eva

251 3289 629 3346 defectionem
661 3302 762 3348 aut
798 3294 1248 3353 diminutionem
1300 3300 1537 3371 patitur,
1572 3316 1761 3373 neque
1791 3304 1891 3359 ad-

244 3378 553 3449 iectionem
590 3380 766 3452 capit.
802 3382 963 3440 Unde
1004 3388 1062 3439 et
1102 3386 1329 3442 addidit
1376 3388 1676 3460 Scriptura
1707 3407 1720 3444 :
1755 3392 1892 3459 Quia

251 3482 408 3523 nemo
434 3470 531 3524 scit
554 3471 898 3541 sepulturam
932 3476 1047 3546 ejus
1075 3491 1245 3546 usque
1290 3477 1351 3530 in
1398 3476 1724 3533 hodiernum
1752 3479 1895 3535 diem

256 3554 411 3624 (Ibid.
441 3558 516 3628 6),
549 3560 612 3613 ut
654 3559 1101 3617 translationem
1134 3564 1345 3636 magis,
1370 3581 1547 3635 quam
1593 3566 1894 3623 interitum

256 3644 383 3714 ejus
428 3644 735 3719 intelligas.
770 3649 924 3705 Mors
980 3651 1138 3706 enim
1201 3652 1450 3709 secessio
1483 3656 1749 3725 quaedam
1807 3661 1898 3713 est

258 3732 459 3789 animae
488 3738 543 3790 et
571 3736 849 3809 corporis.
885 3737 1149 3795 Mortuus
1191 3740 1371 3813 igitur
1400 3746 1490 3797 est
1519 3758 1624 3815 per
1652 3745 1895 3801 verbum

259 3819 377 3887 Dei,
406 3825 468 3877 ut
500 3822 581 3879 ait
622 3825 943 3897 Scriptura,
975 3844 1091 3883 non
1144 3831 1474 3886 secundum
1521 3832 1799 3901 verbum;
1834 3838 1900 3888 ut

259 3908 510 3967 advertas
541 3929 657 3968 non
702 3915 979 3971 nuntium
1020 3918 1247 3986 mortis,
1282 3919 1381 3974 sed
1431 3920 1631 3991 gratiae
1680 3939 1897 3978 munus

264 4012 611 4071 expressum,
645 4001 747 4074 qui
780 4004 1100 4061 translatus
1133 4006 1340 4078 magis,
1382 4024 1558 4080 quam
1590 4010 1901 4066 derelictus

266 4089 367 4153 est,
394 4088 562 4159 cujus
610 4106 783 4147 nemo
832 4093 991 4149 novit
1034 4094 1417 4166 sepulturam.
1452 4098 1592 4162 Quis
1636 4099 1791 4154 enim
1842 4101 1900 4154 in

267 4175 497 4232 terrenis
530 4178 809 4250 reliquias
837 4183 964 4252 ejus
1006 4184 1194 4255 potuit
1242 4184 1692 4255 deprehendere,
1727 4204 1901 4259 quem

268 4276 454 4320 secum
483 4283 613 4322 esse
643 4268 747 4323 Dei
784 4270 965 4326 Filius
1013 4272 1071 4326 in
1122 4273 1431 4345 Evangelio
1482 4275 1905 4332 demonstravit

266 4350 462 4419 (Metili.
490 4372 632 4422 xvu,
661 4356 759 4426 3)?
787 4358 1047 4431 Denique
1094 4365 1151 4416 et
1190 4360 1342 4416 Elias
1369 4362 1544 4417 simul
1585 4368 1674 4419 est
1722 4364 1901 4432 visus,

266 4439 361 4508 qui
408 4443 728 4499 translatus
765 4461 941 4502 curru
989 4451 1078 4503 est
1111 4450 1203 4519 (IV
1248 4450 1368 4519 Reg.
1408 4467 1467 4516 η,
1506 4452 1613 4521 11),
1648 4468 1762 4505 non
1816 4469 1904 4508 se-

2005 3319 2129 3374 quee
2162 3300 2415 3374 graviter
2453 3304 2587 3355 ante
2627 3303 2980 3372 peccaverat,
3004 3316 3072 3354 ex
3104 3314 3166 3353 se
3198 3297 3496 3371 generavit
3525 3313 3657 3353 sen-

2005 3390 2268 3457 tentiam,
2292 3393 2357 3444 ut
2398 3388 2715 3460 superioris
2760 3388 3059 3444 sententiae
3091 3386 3656 3454 aboleret'errorem,

2005 3479 2252 3535 Mentior
2302 3478 2416 3533 nisi
2472 3478 2582 3532 hoc
2639 3478 2697 3531 in
2752 3476 3038 3532 universis
3095 3476 3528 3549 comprobatur.
3572 3476 3658 3530 Ita

2005 3569 2160 3624 enim
2194 3567 2513 3633 nascimur,
2548 3570 2612 3619 ut
2654 3569 2786 3620 ante
2818 3564 3091 3620 infirmus
3141 3564 3398 3620 infantiae
3446 3578 3659 3620 sensus

2005 3657 2066 3712 in
2099 3655 2267 3711 nobis
2297 3656 2396 3722 sit,
2428 3656 2630 3726 postea
2662 3652 2924 3725 pueritiae
2957 3653 3217 3725 corporis
3246 3653 3659 3709 tantummodo

2007 3761 2209 3802 curam
2239 3743 2450 3809 sciens,
2485 3741 2716 3796 nullum
2757 3740 3004 3807 cultum,
3038 3740 3261 3796 nullam
3306 3741 3531 3797 habens
3558 3741 3662 3795 ob-

2007 3832 2361 3889 servantiam
2414 3831 2767 3886 divinorum.
2810 3828 2974 3884 Unde
3033 3832 3090 3884 et
3138 3829 3389 3884 evidenti
3444 3831 3662 3884 natura:

2008 3922 2260 3977 novitate
2292 3924 2485 3976 ortum
2515 3919 2717 3974 Jesum
2751 3917 3045 3972 Christum
3079 3933 3149 3972 ex
3173 3916 3411 3987 Virgine
3442 3919 3507 3970 ut
3537 3930 3666 3986 pro-

2009 4011 2173 4064 baret
2203 4007 2504 4080 propheta,
2556 4007 2684 4061 ait:
2719 4008 2848 4060 Ecce
2898 4005 3054 4075 Virgo
3100 4006 3163 4059 in
3216 4007 3367 4059 utero
3416 4004 3665 4074 accipiet,

2010 4108 2060 4155 et
2085 4100 2264 4169 pariet
2295 4098 2496 4166 ﬁlium,
2530 4100 2579 4152 et
2608 4096 2891 4150 vocabitur
2919 4111 3117 4149 nomen
3148 4094 3264 4166 ejus
3296 4093 3618 4149 Emmanuel
3652 4109 3665 4148 :

2013 4189 2271 4257 butyrum
2322 4188 2370 4239 et
2426 4186 2533 4238 mel
2590 4182 2947 4238 manducabit
3005 4184 3140 4255 (11),
3173 4184 3433 4254 quoniam
3484 4183 3669 4253 prius-

2012 4292 2177 4348 quam
2217 4275 2353 4327 sciat
2380 4273 2591 4327 malum
2634 4274 2731 4325 aut
2773 4271 2972 4324 bonum
3001 4288 3019 4324 :
3052 4286 3162 4326 non
3204 4270 3381 4325 credet
3412 4271 3669 4325 malitiae.

2014 4367 2073 4418 ut
2122 4363 2287 4432 eligat
2330 4361 2469 4432 quod
2522 4360 2721 4413 bonum
2768 4362 2845 4413 est
2898 4358 3023 4429 (Isa.
3056 4375 3159 4428 v11,
3202 4360 3289 4427 14,
3323 4358 3433 4429 15).
3467 4358 3536 4413 Et
3583 4356 3672 4412 in-

2017 4451 2149 4506 fra:
2198 4452 2531 4520 Priusquam
2577 4448 2715 4500 sciat
2751 4462 2894 4517 puer
2943 4462 3136 4503 vocare
3179 4455 3396 4519 patrem
3442 4463 3507 4502 ac
3552 4463 3674 4502 ma-

268 4526 601 4622 pultqs‘nec
632 4539 902 4590 mortuus
934 4535 1184 4608 legitur?
1220 4537 1372 4593 Vivit
1419 4538 1575 4594 enim
1624 4540 1905 4610 quicum
1940 4559 1984 4622 ι)
2017 4548 2176 4605 trem,
2200 4538 2429 4608 accipiet
2477 4537 2733 4589 virtutem
2777 4535 3029 4589 Damasci
3078 4539 3130 4590 et
3177 4537 3353 4608 spolia
3403 4536 3677 4592 Samaria:

265 4613 364 4671 Dei
386 4617 539 4688 Filio
568 4625 660 4676 est
682 4623 818 4694 (10).
852 4623 1079 4697 Moyses
1127 4630 1323 4681 autem
1375 4631 1639 4683 mortuus
1670 4628 1905 4700 quidem
1940 4613 1979 4622 ”
2014 4636 2201 4683 contra
2256 4642 2439 4694 regem
2487 4624 2837 4696 Assyriorum
2880 4623 3006 4694 (Isa.
3040 4642 3166 4696 V111,
3198 4627 3274 4694 4).
3307 4623 3481 4681 Solus
3519 4622 3675 4678 enim

264 4701 494 4776 legitur,
526 4709 627 4764 sed
683 4726 788 4781 per
825 4713 1066 4768 verbum
1118 4713 1219 4770 Dei
1273 4719 1560 4778 mortuus,
1596 4732 1696 4787 per
1752 4719 1905 4787 quod

264 4791 414 4849 facta
443 4801 583 4851 sunt
635 4798 851 4855 omnia.
886 4800 1101 4857 Verbo‘
1122 4805 1317 4857 autem
1367 4803 1467 4858 Dei
1518 4803 1643 4859 coeli
1695 4805 1911 4860 ﬁrmati

263 4885 422 4937 sunt.
452 4884 560 4940 Per
606 4886 848 4943 verbum
897 4888 1077 4962 igitur
1112 4890 1212 4945 Dei
1271 4905 1386 4945 non
1438 4891 1639 4963 lapsus
1696 4894 1910 4965 operis,

259 4970 363 5024 sed
392 4971 838 5031 ﬁrmamentum
862 4982 971 5033 est.
1014 4979 1137 5033 Non
1168 4980 1913 5054 ergoﬂtanquamfrelapsus

263 5057 321 5111 in
372 5063 591 5117 terram
645 5063 1097 5137 deprehenditur
1150 5067 1408 5140 corporis
1467 5068 1780 5137 solutione,
1812 5071 1912 5126 sed

290 5268 302 5278 ι
331 5199 410 5271 (9)
438 5201 520 5280 Ex
549 5202 646 5280 his
678 5203 949 5280 colligere
990 5207 1099 5280 sibi
1130 5208 1398 5264 videntur
1442 5209 1680 5280 quidam
1717 5227 1919 5265 recen-

260 5272 441 5327 tiores
461 5274 764 5353 Ambrosii
786 5272 967 5353 fuisse
990 5278 1349 5353 opinionem,
1364 5272 1660 5353 mortuum
1683 5282 1917 5353 Moysen

264 5355 383 5420 non
414 5359 573 5412 esse;
606 5349 831 5421 tamen,
862 5349 913 5403 si
942 5349 1117 5405 verba
1157 5352 1304 5421 ejus,
1339 5352 1474 5406 licet
1502 5352 1676 5421 paulo
1708 5349 1919 5407 obscu-

258 5418 449 5498 f‘iora‘,
472 5418 941 5498 perpendentun
961 5418 1261 5498 attentius,
1295 5418 1723 5498 animadvertes
1754 5422 1921 5477 illum

262 5479 358 5564 ibi.
383 5479 1043 5565 ?hilqnis_sententiam
1086 5479 1710 5565 exprimerevoluisse,
1745 5509 1923 5565 quem

259 5556 502 5641 (illidere
524 5558 599 5641 de
632 5558 852 5641 Moysis
874 5568 1070 5641 .morte
1086 5556 1276 5641 sensu
1285 5564 1537 5641 spiritali
1571 5556 1924 5621 disseruisse

264 5630 526 5697 constat,
563 5629 639 5685 de
669 5629 912 5688 lit'terali
940 5650 1056 5690 non
1085 5635 1168 5692 ita
1196 5629 1531 5693 sollicitum.

2017 4716 2128 4772 fuit
2157 4716 2257 4787 qui
2290 4731 2405 4769 non
2437 4716 2526 4768 est
2547 4717 2753 4784 captus
2778 4712 2973 4767 saeculi
3000 4713 3181 4784 hujus
3202 4714 3456 4769 vanitate
3477 4714 3535 4766 et
3555 4726 3678 4764 car-

2018 4805 2137 4861 nali
2171 4809 2430 4869 tumore;
2469 4807 2669 4873 utpote
2701 4802 2800 4873 qui
2849 4818 2911 4857 se
2955 4801 3287 4857 humiliavit
3319 4800 3507 4855 factus
3536 4797 3676 4851 obe-

2019 4894 2187 4950 diens
2216 4908 2403 4963 usque
2434 4891 2521 4960 ad.
2554 4895 2825 4958 mortem,
2851 4889 3021 4962 longe
3050 4887 3522 4956 uniuscujusque
3570 4898 3674 4938 no-

1980 5034 2002 5052 ,
2022 4987 2211 5038 strum
2243 4979 2574 5047 dissimilis,
2595 4978 2734 5050 quia
2756 4995 2863 5033 nos
2890 4978 3106 5031 (rustra
3125 4973 3458 5030 extollimur
3484 4974 3679 5026 mente

2023 5070 2215 5129 carnis
2246 5068 2452 5125 inflati.
2478 5068 2642 5123 Unde
2668 5069 2726 5122 et
2748 5082 2918 5120 nemo
2942 5065 3068 5120 sine
3094 5065 3353 5134 peccato,
3379 5072 3486 5115 nec
3506 5058 3684 5114 unius

2098 5214 2113 5285 (
2125 5214 2207 5283 10)
2242 5214 2347 5268 Ms.
2383 5208 2787 5275 Floriacensis,
2810 5208 2902 5262 sed
2920 5222 3021 5277 per
3046 5207 3269 5260 verbum
3295 5204 3412 5272 Dei,
3444 5219 3569 5258 eum
3588 5203 3687 5257 Dei

2028 5286 2369 5426 “adisset.
2405 5352 2543 5407 edit.
2568 5364 2704 5403 cum
2737 5363 2848 5400 ms.
2885 5345 3487 5412 Laud.,mandueabit,
3490 5345 3665 5468 1prius

2032 5442 2201 5468 mmm
2222 5427 2360 5468 ςηιήί
2387 5423 2599 5468 malum
2622 5425 2719 5468 aut
2753 5418 2971 5468 bonum.
2995 5432 3103 5468 non
3129 5417 3327 5468 credet.
3356 5420 3464 5468 etc.
3543 5430 3659 5468 orn.

2032 5417 2206 5497 quam
2221 5427 2360 5497 sciat
2387 5423 2599 5497 malum
2622 5425 2719 5473 aut
2752 5418 2971 5497 bonum,
2995 5432 3109 5497 non
3129 5417 3327 5497 credet,
3356 5420 3464 5470 etc.
3490 5417 3684 5497 Rom"

2030 5483 2399 5558 manducabit,
2419 5498 2484 5546 ‘et
2512 5490 2628 5544 ideo
2667 5483 2993 5559 priusquam
3029 5489 3165 5541 sciat
3207 5488 3418 5542 malum
3449 5493 3545 5559 aut
3574 5483 3686 5559 _bo-

2032 5585 2185 5633 nam,
2218 5582 2327 5620 non
2371 5555 2569 5627 credet,
2620 5555 2881 5633 etc._NOS
2928 5558 3119 5633 locum
3175 5575 3242 5613 ex
3274 5574 3416 5614 mss.
3450 5555 3685 5611 duobus

2036 5628 2182 5694 ναι(
2202 5641 2260 5692 et
2289 5634 2530 5691 totidem
2561 5628 2797 5686 Gallicis
2837 5629 3222 5686 restituimus.
