4166 6154
522 338 644 409 339

1978 333 2046 400 S.
2092 329 2477 401 AMBROSH

3784 339 3885 410 340

523 475 639 534 diei
671 476 903 532 infans:
928 471 1028 532 ille
1057 474 1250 532 autem
1280 470 1583 545 peccatum
1618 482 1731 526 non
1764 467 1915 526 fecit.
1943 467 2014 524 Et
2046 469 2172 524 ideo
2204 470 2259 538 Α
2289 470 2368 524 vit
2401 472 2626 528 mereri.
2662 470 2862 531 Nonne
2914 470 3023 530 tibi
3059 470 3292 531 videtur
3316 467 3472 531 Esau
3528 476 3790 549 tanquam
3838 477 3888 534 in

524 565 585 623 in
617 565 789 622 nobis
830 568 965 623 ante
1008 564 1271 622 nascitur
1315 562 1454 618 Cain
1504 560 1759 633 seipsum
1812 561 2122 631 praeferens
2158 576 2170 613 :

520 659 727 728 postea
755 655 893 711 Abel
944 657 1271 727 generatur,
1304 650 1362 705 in
1397 667 1510 722 quo
1559 650 1635 706 sit
1681 649 1999 705 reverentia
2029 647 2171 701 divi-

521 744 749 801 nitatis.
786 744 955 800 Prius
988 759 1122 814 ergo
1154 740 1355 811 irrepit
1385 740 1537 811 quod
1587 738 1805 794 malum
1839 746 1947 801 est,
1976 741 2176 809 postea

523 833 865 907 agnoscitur
893 832 1046 903 quod
1080 830 1297 884 bonum
1330 833 1438 884 est.
1464 828 1569 882 Ubi
1603 833 1794 882 autem
1828 827 2069 889 bonum,
2093 824 2171 879 ibi

514 922 777 994 justum;
811 919 910 974 ubi
950 917 1205 989 justitia,
1238 917 1317 973 ibi
1379 917 1679 982 sanctitas,
1714 916 1821 971 hoc
1875 920 1982 979 est,
2032 912 2174 969 Abel

523 1009 624 1080 qui
656 1008 909 1063 adbaret
938 1006 1074 1061 Deo.

597 1097 684 1151 11.
718 1097 781 1151 Et
807 1098 986 1167 factus
1016 1099 1114 1163 est,
1144 1094 1355 1165 inquit,
1390 1095 1520 1150 Abel
1564 1103 1752 1165 pastor
1801 1082 2005 1160 avium,
2040 1091 2176 1146 Cain

522 1192 707 1242 autem
734 1184 1063 1256 operabatur
1108 1193 1307 1239 terram
1344 1184 1496 1255 (Gen.
1521 1201 1596 1249 ιν,
1620 1184 1694 1253 2).
1720 1183 1845 1237 Non
1894 1186 1983 1236 est
2031 1180 2175 1235 otio-

523 1286 654 1333 sum
686 1274 841 1345 quod
884 1289 1018 1328 cum
1069 1277 1202 1328 ante
1250 1276 1563 1344 generatus
1594 1272 1673 1325 sit
1700 1271 1859 1337 Cain,
1893 1275 1959 1325 ut
2006 1269 2177 1324 lectio

511 1362 710 1426 .docet,
733 1360 1006 1432 pralatus
1029 1361 1106 1415 sit
1136 1360 1245 1416 hoc
1274 1360 1398 1415 loco
1428 1359 1600 1427 Abel;
1624 1377 1729 1414 nec
1752 1359 1907 1415 idem
1929 1359 2006 1413 sit
2035 1357 2176 1413 ordo

521 1450 855 1515 nominum,
879 1448 978 1519 qui
1009 1453 1097 1504 est
1126 1450 1267 1503 ordo
1300 1453 1539 1503 natura.
1568 1447 1714 1512 Quid
1747 1447 1856 1503 sibi
1890 1446 2014 1501 vult
2046 1463 2175 1500 mu-

523 1540 669 1596 tatio
698 1538 949 1606 ordinis;
983 1542 1051 1593 ut
1099 1538 1261 1609 prius
1284 1538 1540 1608 junioris
1570 1536 1923 1601 meminerit,
1946 1534 2046 1590 ubi
2077 1535 2176 1589 de-

521 1627 799 1684 scribitur
817 1627 945 1682 vita
967 1629 1159 1681 status
1180 1626 1489 1697 operisque
1512 1642 1657 1680 usus
1673 1626 1701 1679 ?
1727 1624 2064 1681 Ot'ﬁciorum
2093 1622 2178 1676 in-

519 1719 887 1788 terrogemus
917 1713 1278 1780 distantiam,
1303 1717 1369 1768 ut
1396 1712 2003 1784 colligamus‘causam
2036 1726 2177 1782 pra-

521 1802 777 1860 lationis.
798 1800 1037 1875 Operari
1087 1806 1301 1856 terram
1333 1818 1443 1856 usu
1476 1801 1641 1873 prius
1674 1804 1780 1865 est,
1807 1800 1994 1872 gratia
2025 1799 2174 1853 infe-

522 1891 669 1961 rius,
695 1908 871 1963 quam
895 1906 1029 1945 oves
1052 1905 1308 1961 pascere.
1333 1889 1450 1943 Hoc
1472 1889 1626 1943 enim
1663 1888 1848 1944 instar
1866 1891 1955 1942 est
1975 1887 2174 1957 cujus-

523 1976 660 2032 dam
690 1975 945 2032 doctoris
983 1980 1040 2031 et
1083 1975 1386 2046 principis,
1420 1975 1747 2046 meritoque
1795 1974 1989 2030 senior
2017 1990 2051 2028 a
2078 1989 2173 2028 ve-

520 2064 872 2120 tustioribus
920 2063 1470 2131 ineboavit,junior
1522 2063 1845 2118 recentiora
1900 2060 2173 2133 pratulit,

522 2168 649 2223 qua
679 2150 872 2206 nullas
904 2150 1301 2222 spinas,188
1345 2150 1539 2206 nullos
1590 2150 1839 2206 tribulos
1882 2149 2173 2222 germina-

519 2242 668 2307 rent,
688 2238 834 2295 nulli
858 2239 1157 2294 sententia
1176 2241 1374 2293 essent
1389 2238 1656 2293 obnoxia.
1674 2238 1935 2309 Denique
1956 2237 2176 2309 peccati

518 2342 655 2382 reus
696 2327 887 2382 Adam
936 2328 1008 2382 de
1056 2326 1328 2398 paradiso
1354 2325 1641 2382 dimissus
1696 2330 1787 2381 est
1841 2324 2175 2397 voluptatis,

518 2417 587 2469 ut
614 2419 952 2487 operaretur
980 2417 1219 2469 terram.
1255 2414 1427 2469 Recte
1456 2430 1593 2487 ergo
1626 2414 1725 2469 ubi
1765 2418 2091 2470 nascuntur
2117 2412 2177 2479 hi

520 2501 751 2572 fratres,
785 2506 1048 2557 servatur
1077 2501 1251 2557 etiam
1295 2502 1355 2556 in
1401 2502 1772 2573 pradicando
1820 2503 1960 2557 ordo
2009 2504 2179 2556 natu-

521 2605 597 2644 ra
627 2606 639 2644 :
674 2590 773 2645 ubi
802 2606 935 2644 vero
967 2589 1314 2661 exprimitur
1343 2589 1654 2662 disciplina
1682 2590 1927 2657 vivendi,
1964 2589 2181 2650 seniori

515 2676 720 2750 junior
771 2678 1127 2745 antefertur;
1160 2678 1301 2750 quia
1337 2678 1445 2733 etsi
1503 2683 1763 2750 tempore
1814 2678 2037 2748 junior,
2066 2677 2180 2731 vir-

522 2768 649 2822 tute
681 2766 1053 2837 prastantior
1083 2771 1191 2821 est.
1229 2767 1567 2822 Innocentis
1598 2766 1755 2821 enim
1785 2771 2047 2837 tempore
2076 2781 2182 2836 po-

524 2854 737 2910 sterior
765 2857 874 2920 est,
899 2870 1076 2924 quam
1109 2853 1353 2920 malitia,
1382 2858 1440 2908 et
1461 2854 1718 2925 quadam
1751 2870 1971 2925 suppar
1993 2858 2178 2918 atate,

524 2941 628 2997 sed
659 2941 1004 2996 meritorum
1036 2940 1339 2996 nobilitate
1385 2941 1700 3012 antiquior.
1735 2942 1989 2997 Senectus
2034 2944 2182 2997 enim

524 3029 861 3085 venerabilis
908 3037 1005 3095 est,
1035 3045 1147 3083 nan
1186 3031 1348 3084 annis
1397 3031 1620 3096 incana,
1666 3029 1758 3084 sed
1802 3030 2066 3085 maribus.
2118 3033 2182 3086 Et

523 3121 678 3183 aetas,
711 3116 926 3189 inquit,
960 3118 1254 3172 senectutis
1282 3118 1393 3171 vita
1424 3118 1778 3173 immaculata
1809 3119 1957 3190 (Sap.
1992 3136 2067 3183 ιν,
2099 3119 2175 3187 8).

522 3205 633 3262 Ubi
678 3221 815 3278 ergo
866 3206 1164 3278 generatio
1216 3205 1583 3276 exprimitur,
1636 3208 1946 3279 praveniat
1993 3207 2129 3262 Cain
2166 3225 2179 3263 :
2212 3193 2255 3260 C

522 3293 626 3350 ubi
657 3292 1107 3365 disciplinarum
1136 3293 1225 3373 .fit
1272 3293 1624 3364 praedicatio,
1659 3300 1974 3365 pracurrat
2014 3296 2174 3351 Abel.

524 3380 993 3437 Adolescentiam
1046 3381 1245 3453 igitur,
1278 3386 1336 3435 et
1366 3381 1555 3452 ipsam
1589 3383 1647 3436 in
1679 3384 1931 3439 exordiis
1968 3385 2177 3455 juven-

524 3472 713 3525 tutem
744 3468 1040 3524 variarum
1086 3468 1372 3525 illecebris
1403 3470 1745 3541 passionum
1800 3472 2016 3527 fervere
2046 3472 2179 3542 quis

524 3556 792 3613 abnuat:
829 3557 927 3612 sed
979 3556 1078 3611 ubi
1125 3556 1412 3612 maturior
1457 3562 1597 3613 atas
1647 3560 2014 3622 successerit.
2046 3565 2178 3616 tan-

524 3661 703 3718 quam
747 3645 1123 3716 pubescentis
1176 3645 1425 3701 lascivia
1481 3651 1830 3719 tempestate
1885 3648 2173 3715 discussa,

518 3732 1016 3805 tranquillitatem
1075 3734 1337 3800 refundi,
1397 3740 1454 3789 et
1507 3734 1567 3789 in
1626 3738 1911 3806 quosdam
1972 3742 2177 3808 portus

517 3821 749 3895 quietos
779 3821 947 3877 lassa
993 3822 1203 3877 anima
1246 3823 1545 3895 navigium
1578 3825 1941 3880 subducere?
1974 3826 2176 3897 Itaque

512 3926 719 3984 graves
750 3916 949 3966 motus
981 3915 1192 3966 nostra
1234 3912 1641 3967 adolescentia
1693 3913 1809 3968 tida
1857 3915 2174 3971 senectutis

513 3998 763 4055 statione
793 3998 1187 4070 placidantur.

1153 4086 1386 4141 CAPUT
1437 4087 1530 4141 IV.

513 4176 797 4234 Malitiam
843 4179 1099 4249 tempore;
1118 4177 1363 4245 priorem
1408 4191 1539 4249 esse,
1581 4178 1840 4233 virtutem
1881 4178 2163 4249 dignitate.

584 4250 694 4323 liae
726 4249 906 4323 ipsum
933 4262 1031 4317 per
1062 4247 1280 4323 Esauet
1311 4248 1477 4304 Jacab
1506 4247 1803 4323 designari,
1827 4247 1977 4323 sicut
1997 4261 2046 4306 et
2069 4268 2170 4323 per

585 4318 723 4372 duas
752 4318 1059 4389 Scriptura":
1095 4319 1356 4373 mulieres
1389 4336 1408 4373 :
1447 4335 1681 4389 quarum
1720 4321 1896 4375 altera
1926 4318 2165 4388 virtutis,

585 4335 723 4372 auus
752 4335 1059 4442 scriptura?
1095 4335 1356 4373 mulieres
1389 4336 1408 4373 :
1447 4335 1681 4389 quarum
1720 4335 1896 4375 altera
1926 4335 2165 4388 virtutis,

583 4389 761 4443 altera
784 4404 853 4462 _va
879 4391 1084 4462 aptatis
1130 4391 1309 4460 imago
1338 4398 1434 4445 cst.
1473 4393 1714 4461 Denique
1743 4390 1903 4462 hujus
1949 4393 2167 4450 ultimm

583 4465 728 4513 artes
760 4458 1160 4514 describuntur.

2286 577 2469 632 agone
2499 562 2709 629 victus,
2740 565 2798 619 et
2828 562 3073 637 propria
3116 563 3331 621 mentis
3372 563 3701 622 inﬁrmitate
3724 567 3896 639 impa-

2285 667 2408 705 rem
2441 668 2501 705 se
2531 651 2876 707 existimans
2920 652 3168 709 cessisse
3195 653 3400 709 victori
3436 669 3721 721 coronam.
3742 672 3892 728 quem

2283 739 2517 794 videbat
2538 740 2716 797 nullis
2740 742 3080 813 passionum
3110 741 3402 798 illecebris
3421 742 3652 809 inﬂecti,
3674 760 3898 815 quarum

2285 826 2412 899 ipse
2443 827 2739 899 pulverem
2777 830 3069 886 sustinere
3095 847 3211 886 non
3251 830 3515 902 poterat?
3547 832 3733 903 thuid
3756 834 3897 900 mihi,

2284 915 2495 988 inquit,
2528 919 2840 987 primatus?
2874 920 3040 991 Apud
3075 918 3317 991 ignavos
3374 919 3527 975 enim
3582 920 3736 975 nulla
3779 926 3902 976 sunt

2285 1004 2543 1077 insignia
2572 1007 2827 1074 virtutis,
2859 1008 3015 1079 apud
3055 1008 3351 1081 sapientes
3391 1008 3577 1081 prima
3603 1007 3897 1078 habentur;

2287 1094 2484 1149 studia
2534 1095 2691 1149 enim
2721 1096 2958 1152 virtutis
2997 1097 3265 1168 quadam
3322 1096 3708 1153 instrumenta
3757 1102 3897 1153 sunt.

2286 1182 2488 1253 Itaque
2517 1184 2671 1239 sicut
2720 1184 2966 1240 bellator
2993 1185 3123 1240 sine
3152 1184 3334 1241 armis
3380 1201 3506 1241 esse
3554 1201 3667 1241 non
3714 1190 3902 1257 potest,

2286 1270 2368 1326 ita
2397 1288 2501 1326 nec
2534 1272 2661 1327 sine
2691 1274 3100 1329 exercitatione
3129 1274 3336 1329 virtus.
3370 1273 3531 1329 Unde
3560 1278 3617 1330 et
3645 1273 3904 1329 Dominus

2286 1359 2347 1414 in
2377 1360 2689 1433 Evangelia
2720 1362 2836 1417 ait:
2869 1364 2908 1417 A
2940 1362 3131 1418 diebus
3158 1364 3384 1418 Joannis
3414 1364 3675 1433 Baptistae
3702 1378 3910 1433 regnum

2284 1449 2542 1504 calorum
2580 1451 2815 1518 cogitur,
2847 1454 2900 1505 et
2948 1458 3189 1521 cogentes
3234 1451 3508 1522 diripiunt
3553 1450 3692 1505 illud
3717 1450 3905 1520 (Matth.

2284 1553 2363 1606 x1,
2402 1538 2508 1605 12).
2543 1538 2611 1592 Et
2641 1537 2778 1593 alibi
2814 1556 2827 1593 :
2861 1540 3103 1607 Quaerite
3129 1555 3361 1610 regnum
3387 1540 3505 1606 Dei,
3529 1546 3582 1594 et
3605 1554 3720 1594 ecce
3746 1539 3913 1594 omnia
4009 1535 4019 1551 ‘

2281 1633 2479 1695 prasta
2507 1633 2634 1681 sunt
2664 1627 2813 1681 vobis
2843 1627 3054 1695 (Matth.
3084 1645 3162 1691 v1,
3195 1627 3306 1694 33).
3330 1627 3456 1682 Non
3484 1625 3910 1692 dormientibus,

2285 1729 2475 1784 neque
2506 1713 2848 1780 otiantibus,
2875 1716 2979 1771 sed
3007 1715 3390 1789 vigilantibus
3419 1718 3478 1771 et
3507 1714 3912 1781 laborantibus,

2286 1800 2642 1873 pollicentur
2689 1804 2929 1875 pramia
2963 1822 2975 1860 :
3009 1808 3066 1859 et
3093 1804 3277 1859 labori
3328 1820 3553 1860 merces
3597 1807 3792 1875 parata
3818 1806 3914 1871 est,

2286 1890 2411 1961 qui,
2444 1889 2582 1946 licet
2611 1908 2727 1947 non
2761 1892 2840 1947 sit
2883 1893 3079 1948 suavis
3127 1893 3197 1948 ad
3248 1891 3521 1965 gratiam,
3554 1896 3750 1948 tamen
3778 1890 3916 1947 truc-

2283 1983 2497 2034 tuosus
2529 1982 2596 2034 art
2632 1980 2938 2051 pramium
2971 1985 3081 2037 est.

2356 2067 2442 2121 13.
2478 2066 2654 2122 Docet
2681 2068 2792 2123 hoc
2841 2085 3032 2125 sermo
3065 2068 3233 2143 legis,
3266 2069 3420 2125 sicut
3468 2068 3753 2142 scriptum
3781 2068 3920 2123 inve-

2285 2154 2483 2209 nimus
2516 2172 2529 2210 :
2562 2155 2625 2211 Si
2656 2158 2886 2226 fuerint,
2917 2156 3129 2230 inquit,
3160 2175 3261 2214 uni
3297 2158 3513 2213 homini
3540 2158 3669 2215 duae
3723 2172 3919 2223 uxores,

2284 2259 2400 2297 una
2428 2260 2621 2299 earum
2660 2245 2878 2314 dilecta,
2899 2252 2953 2301 et
2982 2247 3157 2302 altera
3185 2247 3425 2314 adibitis,
3458 2254 3513 2302 et
3533 2246 3837 2319 pepererint
3879 2257 3923 2299 ei

2287 2334 2460 2387 amba
2513 2334 2655 2403 ﬁlias
2683 2334 2879 2389 dilecta
2926 2343 2980 2389 et
3023 2334 3268 2401 odibilis,
3298 2342 3350 2391 et
3397 2335 3722 2407 primitivus
3774 2334 3929 2404 fuerit

2288 2420 2438 2490 ﬁlius
2467 2423 2717 2478 mulieris
2764 2422 3020 2485 adibitis;
3068 2439 3175 2494 qua
3230 2423 3318 2478 die
3365 2422 3613 2478 haeredes
3664 2421 3929 2491 reliquerit

2288 2511 2432 2580 ﬁlias
2460 2512 2522 2565 in
2564 2511 2871 2567 substantia
2912 2527 3032 2579 sua,
3065 2528 3175 2567 nan
3218 2514 3421 2584 poterit
3464 2514 3774 2584 primatum
3817 2509 3933 2564 dare

2291 2598 2407 2666 ﬁlia
2436 2600 2686 2655 mulieris
2714 2600 2947 2667 dilecta,
2995 2602 3250 2656 amittens
3278 2601 3465 2672 ﬁlium
3494 2600 3719 2656 adibitis
3744 2617 3762 2653 :
3793 2597 3931 2653 ιω

2288 2687 2380 2743 sed
2430 2689 2777 2759 primitivum
2831 2690 3012 2758 ﬁlium
3063 2689 3284 2746 odibilis
3336 2697 3625 2759 cognoscet
3679 2688 3807 2744 dare
3855 2686 3936 2742 illi

2288 2776 2464 2832 dotem
2510 2778 2625 2848 (t2)
2680 2794 2750 2832 ea:
2804 2778 3055 2833 omnibus
3100 2793 3223 2849 quae
3277 2780 3649 2834 inveniuntur
3692 2779 3775 2843 ei;
3819 2776 3937 2847 quia

2289 2866 2404 2937 ipse
2432 2868 2659 2921 initium
2690 2867 2931 2934 ﬁliarum
2958 2868 3077 2937 ejus
3110 2875 3208 2934 est,
3239 2870 3293 2921 et
3321 2868 3434 2939 ipsi
3463 2867 3731 2923 debentur
3751 2865 3935 2937 primi-

2289 2955 2398 3009 lia.
2433 2954 2609 3025 (Deut.
2641 2972 2759 3021 xxx,
2796 2955 3010 3025 15-17).
3046 2956 3233 3021 Quam
3274 2955 3580 3028 profunda
3616 2954 3798 3011 latent
3825 2969 3936 3025 my-

2289 3042 2598 3098 steriorum
2647 3048 2871 3098 secreta
2914 3042 2975 3097 in
3020 3042 3261 3099 litteris!
3295 3043 3700 3117 Recognosce,
3734 3042 3937 3109 anima,

2289 3135 2494 3201 partus
2525 3136 2680 3197 tuos,
2706 3135 2762 3187 et
2791 3130 3026 3187 odibilis
3068 3131 3241 3188 istius
3279 3131 3559 3188 mulieris
3591 3148 3785 3205 quare
3828 3146 3940 3201 my-

2287 3219 2551 3277 sterium.
2578 3221 2735 3275 Intra
2781 3224 2838 3277 te
2885 3237 2954 3276 ea
2991 3219 3271 3287 invenies,
3304 3220 3351 3275 si
3411 3221 3711 3293 requiras.
3747 3220 3941 3291 Repete

2287 3308 2691 3381 cogitationes,
2745 3308 2933 3381 relege
2979 3324 3190 3364 sensus
3236 3312 3393 3375 tuos,
3427 3313 3490 3365 et
3538 3309 3636 3365 cui
3687 3305 3943 3380 primitia

2286 3398 2628 3463 debeantur,
2661 3413 2960 3471 agnosces.
2985 3396 3121 3451 Dua
3144 3397 3299 3452 enim
3324 3397 3618 3453 mulieres
3639 3394 3945 3467 unicuique

2286 3490 2555 3541 nostrum
2588 3485 2943 3549 cohabitant,
2978 3484 3305 3541 inimicitiis
3335 3502 3405 3541 ac
3437 3485 3762 3541 discordiis
3792 3483 3947 3539 dissi-

2285 3574 2684 3643 dentes,velut
2732 3573 3088 3646 quibusdam
3132 3573 3434 3646 zelotypia
3476 3571 3947 3630 contentionibus

2286 3668 2496 3720 nostra
2528 3662 2819 3735 replentes
2849 3662 3059 3718 anima
3094 3663 3358 3717 domum.
3387 3663 3521 3719 Una
3555 3680 3765 3719 earum
3794 3659 3950 3716 nobis

2285 3752 2556 3808 suavitati
2591 3756 2647 3806 et
2695 3752 2876 3807 amori
2910 3755 3019 3816 est,
3045 3751 3263 3807 blanda
3301 3752 3688 3807 conciliatrix
3737 3749 3945 3824 gratia,

2285 3859 2411 3914 qua
2434 3845 2671 3897 vocatur
2689 3838 2979 3911 voluptas.
3002 3839 3161 3895 Hanc
3184 3838 3355 3895 nobis
3385 3840 3725 3913 opinamur
3745 3837 3949 3895 sociam

2283 3947 2349 3985 ac
2380 3928 2759 3985 domesticam
2785 3947 2801 3983 :
2830 3926 2992 3983 illam
3026 3926 3266 3983 alteram
3299 3927 3636 3996 immitem,
3666 3940 3948 4000 asperam,

2280 4020 2460 4075 feram
2495 4018 2808 4085 credimus,
2841 4016 2933 4072 cui
2965 4032 3175 4073 nomen
3204 4016 3399 4072 virtus
3434 4021 3553 4074 est.

2350 4109 2435 4163 14.
2472 4105 2576 4162 Illa
2605 4106 2784 4178 igitur
2830 4106 3161 4162 meretricio
3208 4121 3429 4177 procax
3481 4112 3682 4171 motu,
3715 4106 3949 4162 infracta

2276 4214 2378 4268 per
2407 4195 2647 4251 delicias
2677 4195 2931 4259 incessu,
2966 4193 3310 4250 nutantibus
3358 4195 3588 4263 oculis,
3612 4200 3675 4253 et
3704 4191 3950 4251 ludenti-

2275 4286 2387 4341 bus
2411 4282 2683 4354 jaculans
2704 4281 3019 4354 palpebris,
3046 4281 3457 4354 retia,quibus
3482 4284 3789 4356 pretiosas
3800 4283 3953 4353 juve-

2276 4391 2414 4429 num
2452 4372 2680 4427 animas
2720 4371 2871 4443 capit
2903 4370 3130 4443 (oculus
3178 4371 3337 4425 enim
3391 4372 3747 4429 meretricis
3775 4372 3949 4444 (Prov.

2274 4480 2373 4527 v11,
2416 4462 2474 4515 Ὀ
2520 4465 2568 4516 et
2626 4458 3033 4531 seq.)laqueus
3093 4458 3471 4530 peccatoris),
3534 4473 3954 4533 quemcunque

582 4546 668 4600 12.
703 4545 785 4601 Ne
823 4560 959 4618 ergo
1006 4547 1237 4602 dubites
1284 4547 1501 4603 talibus
1553 4554 1771 4605 natura
1819 4551 2154 4608 admonitus
2186 4558 2232 4621 D
2263 4550 2473 4606 viderit
2504 4550 2618 4619 (t3)
2650 4547 2828 4603 dubio
2878 4564 3056 4603 sensu
3106 4551 3576 4618 pratereuntem
3631 4550 3693 4604 in
3748 4545 3952 4621 angulo

506 4632 812 4707 exemplis,
848 4634 1003 4705 quod
1035 4634 1260 4690 malitia
1305 4638 1591 4707 praeedat
1619 4642 1900 4711 tempore,
1933 4641 2031 4695 sed
2058 4642 2155 4713 ju-

503 4720 875 4780 venculescat
923 4722 1281 4780 infirmitate.
1327 4725 1511 4782 Habet
1558 4726 1660 4782 illa
1707 4728 1892 4784 atatis
1940 4730 2154 4802 stipen-

504 4812 720 4867 dium:
764 4811 952 4867 virtus
1011 4819 1206 4868 autem
1267 4816 1702 4887 prarogativam
1762 4816 1978 4889 gloria,
2040 4835 2154 4890 qua

502 4899 849 4973 plerumque
870 4902 1036 4972 justo
1068 4902 1222 4974 cedit
1251 4902 1509 4975 iniquus.
1543 4904 1722 4973 Cujus
1759 4905 1836 4959 rei
1869 4907 2037 4962 testis
2067 4914 2156 4963 est

504 4988 697 5045 fidelis
727 4988 924 5046 divina
973 4990 1291 5063 Scriptura,
1317 5008 1442 5063 quae
1472 4993 1640 5047 (locet
1670 4994 1819 5050 Esau
1853 4998 2151 5068 cognomi-

504 5092 579 5131 ne
609 5077 868 5133 stultitia
894 5078 1085 5134 virum
1114 5080 1358 5135 cessisse
1388 5081 1677 5152 patienter
1696 5082 1984 5154 primatus
2015 5102 2154 5141 suos

503 5163 667 5219 fratri
701 5182 808 5220 suo
838 5167 1040 5235 Jacob,
1076 5168 1153 5223 ita
1204 5172 1264 5223 ut
1307 5169 1569 5224 diceret:
1608 5171 1812 5241 Ulquid
1857 5173 1998 5227 milli
2036 5177 2152 5245 pri-

501 5260 681 5307 matus
733 5252 883 5322 (Gen.
918 5272 1052 5321 xxv,
1085 5256 1219 5327 32)?
1249 5256 1355 5312 Sed
1418 5273 1565 5328 quos
1624 5258 1731 5314 ista
1788 5259 2147 5329 posthabuit,

501 5337 610 5409 bos
633 5338 720 5393 vir
747 5347 1133 5413 cognomento
1175 5343 1602 5401 exercitationis
1635 5346 1911 5417 praditus
1942 5351 2150 5419 quasi-

566 5480 683 5549 (12)
712 5481 831 5537 Vet.
866 5481 1029 5559 edit,
1075 5487 1543 5559 cognoscensﬁdeli
1574 5489 1665 5542 illi
1709 5487 1901 5543 dotem.
1957 5490 2146 5559 Rom.,

493 5562 787 5629 cognoscet,
820 5556 883 5607 ut
930 5552 1016 5610 det
1060 5552 1154 5611 illi
1178 5558 1366 5629 dupla.
1397 5558 1685 5613 Nimirum
1732 5576 1801 5616 ex
1851 5560 2012 5628 LXX,
2048 5552 2147 5619 ubi

490 5619 655 5697 legas
686 5639 700 5677 :
730 5619 1035 5695 ὀπιγνώοετα
1068 5634 1231 5684 ιδοῦνα
1251 5619 1408 5699 ἰαύτῷ
1436 5636 1601 5689 διπλᾶ,
1632 5635 1742 5687 etc.

2267 4638 2554 4694 transitus
2587 4638 2799 4692 domus
2846 4653 2964 4691 sna
3015 4634 3393 4692 sermonibus
3429 4639 3721 4694 adoritur
3748 4635 3955 4710 gratio-

2267 4727 2371 4794 sis,
2407 4726 2627 4781 faciens
2664 4726 2949 4803 juvenum
2980 4723 3172 4780 volare
3202 4724 3405 4793 corda,
3444 4727 3620 4782 domi
3674 4725 3951 4799 inquieta,

2264 4816 2324 4871 in
2358 4813 2565 4889 plateis
2599 4830 2765 4886 vaga,
2802 4811 3019 4867 osculis
3048 4811 3313 4885 prodiga,
3352 4815 3606 4885 pudore
3634 4816 3793 4880 vilis,
3825 4811 3958 4869 ami-

2263 4912 2357 4960 ctu
2390 4904 2568 4967 dives,
2599 4918 2778 4975 genas
2810 4902 2981 4973 picta.
3007 4900 3233 4956 Etenim
3257 4900 3408 4972 quia
3429 4919 3657 4959 verum
3690 4904 3952 4959 decorem

2264 4998 2484 5050 natura
2516 4992 2729 5046 habere
2762 5007 2875 5045 non
2911 4993 3120 5061 potest,
3154 4988 3528 5049 adulterinis
3556 4994 3715 5050 l‘uris
3737 4994 3958 5049 aﬂ'ecta-

2265 5086 2332 5138 ta
2366 5078 2826 5154 pulchritudinis
2876 5077 3240 5133 lenocinatur
3279 5080 3589 5147 speciem.
3636 5098 3761 5137 non
3808 5078 3954 5135 veri-

2261 5175 2462 5226 tatem.
2486 5168 2776 5223 Vitiorum
2811 5166 3109 5222 succincta
3141 5165 3433 5223 comitatu
3472 5174 3538 5225 et
3567 5171 3837 5244 quodam
3869 5182 3957 5224 ne-

2263 5259 2583 5331 quitiarum
2610 5257 2786 5311 choro
2810 5255 3184 5322 circumfusa,
3204 5255 3320 5311 dux
3344 5255 3722 5328 criminum,
3742 5258 3956 5315 talibus

2260 5349 2569 5403 verborum
2605 5343 2896 5401 machinis
2927 5360 3165 5399 murum
3196 5343 3429 5401 mentis
3457 5347 3824 5421 aggreditur
3850 5344 3955 5401 bu-

2332 5490 2446 5560 (13)
2478 5493 2643 5544 Rom.
2677 5488 2838 5560 edit..
2869 5502 3032 5543 sensu
3079 5485 3421 5554 indignum;
3458 5488 3618 5546 LXX
3648 5490 3836 5548 etiam
3878 5484 3951 5542 ibi

2262 5561 2558 5631 sequitur;
2595 5560 2678 5616 illi
2709 5559 2861 5615 enim
2901 5577 2912 5614 :
2944 5566 3137 5616 νεανίαν
3167 5564 3310 5623 ἐνδεῆ
3344 5573 3578 5631 φρενῶν.
