4166 6154
309 369 427 438 341

1529 368 1632 433 DE
1677 367 1859 433 CAIN
1907 369 2004 435 ΕΤ
2052 371 2254 438 ABEL
2297 372 2445 438 LIB.
2491 371 2540 439 Ῑ.

3641 311 3763 443 an

308 523 508 567 mana:
542 523 556 565 :
590 503 934 580 Sacriﬁcium
959 500 1119 580 pacis
1167 501 1246 562 est
1293 500 1455 574 mihi,
1485 503 1648 564 hodie
1671 503 1832 564 reddo
1863 509 1983 564 vota
2013 514 2068 581 Α
2095 513 2153 567 et
2181 507 2582 584 indigentibus
2613 506 2910 586 sapientia
2938 504 3208 584 praecipio
3229 503 3436 570 dicens
3469 524 3484 568 :
3515 511 3766 575 Panibus

301 615 436 656 mea
466 615 486 656 :
517 597 620 654 hac
649 613 720 654 ea:
745 611 908 652 causa
935 610 1234 669 progressa
1261 610 1384 650 sum
1409 593 1624 651 obviam
1667 595 1788 660 tibi,
1823 595 1977 651 desi-

301 689 512 748 derans
541 688 742 758 faciem
785 689 942 740 tuam
991 685 1246 740 invenire
1276 684 1410 756 (14).
1446 683 1653 740 Institis
1703 686 1857 740 tacui
1897 685 1978 739 le—

299 787 456 836 ctum
485 793 692 844 meum,
723 781 774 830 et
825 775 1024 846 tapetis
1052 773 1124 828 ab
1153 773 1382 846 Egypto
1429 775 1622 828 stravi.
1657 775 1874 844 Aspersi
1903 774 1980 828 le-

302 877 463 924 ctum
491 881 679 922 meum
706 845 891 930 croco,
911 845 1156 918 domum.
1183 869 1365 917 autem
1409 877 1585 916 meum
1615 863 1978 918 cinnamomo.

312 958 471 1022 Veni,
503 956 765 1026 fruamur
808 953 1068 1008 amicitia
1125 966 1292 1022 usque
1346 953 1406 1006 in
1448 950 1756 1006 diluculum
1784 969 1806 1030 :_
1835 953 1976 1020 veni,

302 1055 364 1104 et
423 1045 784 1102 colluctemur
835 1039 1101 1112 cupidine
1153 1041 1340 1109 (Prov.
1397 1056 1496 1105 vn,
1556 1039 1764 1108 M-l8).
1819 1039 1979 1095 Hanc

304 1133 476 1193 enim
495 1149 600 1206 per
619 1147 684 1187 os
703 1128 1039 1186 Salomonis
1071 1127 1330 1200 speciem
1362 1127 1688 1184 fornicaria:
1710 1128 1978 1184 videmus

289 1237 646 1297 .expresam.
678 1219 824 1276 Nam
851 1217 995 1290 quid
1029 1220 1151 1272 tam
1186 1215 1602 1284 meretricium,
1639 1233 1816 1289 quam
1867 1235 1978 1272 sm-

305 1311 538 1372 cularis
567 1308 838 1380 voluptas
865 1323 993 1378 quae
1025 1323 1060 1362 a
1091 1305 1348 1361 fenestra
1377 1305 1588 1360 domus
1618 1321 1736 1360 suae
1778 1306 1976 1372 intrat,

307 1401 507 1460 oculis
557 1398 750 1472 prima
791 1396 1158 1450 tentamenta
1199 1391 1560 1466 praeludens;
1611 1398 1668 1448 et
1715 1398 1982 1466 penetrat

305 1492 430 1548 cito
464 1489 514 1545 si
546 1492 608 1542 tu
637 1485 698 1541 in
729 1484 980 1556 plateam
1013 1481 1464 1555 prospiciens,id
1497 1485 1584 1537 est
1623 1483 1681 1536 in
1717 1482 1980 1555 publicas

305 1575 761 1637 transeuntium
791 1573 937 1640 vias,
971 1588 1086 1628 non
1135 1571 1195 1626 in
1247 1570 1394 1644 legis
1439 1569 1674 1627 interna
1706 1571 1980 1645 mysteria

305 1669 592 1726 obtutum
623 1667 740 1718 tua;
773 1660 986 1717 mentis
1015 1660 1310 1716 intendas.
1339 1660 1419 1714 Ea
1450 1661 1707 1733 profecto
1737 1665 1827 1716 est
1852 1672 1980 1733 quis

302 1752 702 1814 validioribus
733 1748 980 1806 vinculis
1009 1747 1169 1806 velut
1201 1747 1393 1804 cubile
1422 1749 1720 1821 quoddam
1769 1765 1978 1805 conso-

306 1847 480 1904 ciata:
511 1842 686 1899 nobis
717 1837 1162 1896 communitatis
1194 1837 1422 1906 intexit,
1465 1842 1530 1893 ut
1579 1837 1679 1910 qui
1729 1837 1974 1893 reclina-
2014 1881 2060 1946 Β

418 1934 456 1946 -.
609 1929 650 1946 υ
739 1933 788 1946 .ν
905 1932 940 1946 κ.
1427 1927 1648 1946 ..μην-
1699 1925 1976 1946 “an.--

309 1934 465 1992 verit
494 1949 578 2000 se,
609 1929 860 2004 ligetur;
894 1932 950 1984 et
978 1927 1375 2000 opprobriosm
1425 1927 1650 1982 fraudis
1699 1925 1984 1984 velamine

310 2022 514 2098 operis
543 2019 810 2092 corporis
835 2017 928 2072 sui
959 2021 1234 2086 stratum,
1263 2015 1336 2070 ad
1371 2014 1780 2072 sollicitandos
1817 2016 1984 2088 juve-

309 2129 462 2171 num
493 2109 728 2166 animos
761 2105 1088 2162 absentiam
1109 2103 1358 2172 viri,hoc
1381 2109 1471 2160 est
1494 2103 1780 2160 incuriam
1815 2103 1982 2177 legis,

311 2195 738 2258 obtexens.Lex
769 2192 925 2250 enim
957 2194 1172 2249 absens
1202 2191 1580 2265 peccantibus
1611 2195 1730 2260 est;
1765 2209 1898 2247 nam
1935 2193 1986 2248 si

317 2289 697 2355 aiessetmon
721 2282 1194 2354 delinqueretur;
1229 2285 1288 2336 et
1316 2281 1448 2336 ideo
1481 2281 1561 2336 ait
1617 2297 1630 2336 :
1681 2283 1800 2337 Non
1837 2283 1987 2336 enim

233 2373 243 2382 ’
309 2377 478 2436 adest
506 2377 588 2432 vir
612 2390 771 2430 meus
801 2371 860 2427 in
886 2371 1042 2427 domo
1075 2389 1092 2425 :
1127 2370 1270 2426 abiit
1301 2378 1484 2426 autem
1535 2371 1681 2425 viam
1730 2371 1984 2440 longissi-

320 2483 478 2524 mam
505 2465 787 2520 involucra
812 2461 1069 2533 pecuniae
1097 2463 1314 2531 accepto
1345 2461 1404 2514 in
1432 2459 1982 2531 manu(lbid.19,20).

319 2555 474 2624 Quid
504 2554 615 2610 hoc
645 2568 776 2608 esse
808 2547 1152 2617 dicam,nisi
1186 2548 1333 2602 forte
1367 2548 1506 2620 quia
1535 2547 1744 2603 divites
1775 2550 1988 2619 putant

317 2643 472 2703 nihil
492 2659 622 2700 esse
641 2641 800 2714 quod
820 2655 932 2694 non
953 2637 1120 2693 cedat
1141 2654 1261 2693 suae
1285 2637 1630 2708 pecuniae,ct
1652 2635 1984 2710 infgratiam

314 2733 412 2792 sui
443 2732 634 2806 legem
665 2727 847 2785 velint
867 2743 994 2782 esse
1017 2724 1323 2782 venalem?
1351 2725 1586 2798 Spargit
1615 2725 1824 2781 odores
1846 2741 1985 2781 suos

312 2821 614 2894 voluptas,
638 2815 780 2890 quia
809 2814 1020 2871 Christi
1055 2815 1292 2870 odorem
1327 2830 1444 2869 non
1475 2813 1986 2882 habet,thesauros

307 2911 705 2976 demonstrat,
732 2922 914 2979 regna
973 2905 1126 2960 I90
1173 2902 1718 2976 promittit,amores
1741 2901 1989 2974 spondet

316 2999 654 3058 continuos,
689 2994 1085 3068 inexploratos
1117 2991 1470 3048 concubitus
1508 2991 1833 3064 pollicetur,
1857 2991 1987 3050 sine

314 3089 638 3164 paedagogo
666 3081 1032 3156 disciplinas,
1069 3082 1198 3138 sine
1229 3079 1518 3136 monitore
1547 3096 1866 3148 sermones,
1903 3083 1984 3136 vi-

321 3187 449 3237 tam
481 3179 609 3232 sine
640 3171 1064 3239 sollicitudine,
1087 3168 1330 3226 mollem
1351 3185 1649 3236 somnum,
1678 3168 1990 3242 inexplebi-

2089 599 2419 656 absconlilis
2449 603 2692 656 suaviter
2722 599 2972 665 utimini,
3005 601 3056 655 et
3085 615 3291 670 aquam
3317 601 3522 673 furtim
3551 603 3761 665 dulcio-

2089 705 2206 744 rem
2263 689 2449 746 bibite.
2509 689 2900 746 Manducemus
2955 696 3005 744 et
3066 689 3358 758 bibamus;
3427 709 3550 752 cras
3613 699 3764 754 enim

2088 781 2408 834 moriemur.
2482 781 2724 835 Transiet
2777 781 2894 833 vita
2957 786 3147 833 nostra
3206 787 3479 854 tanquam
3537 790 3765 860 vestigia

2091 868 2270 935 nubis,
2303 875 2354 922 et
2383 872 2653 938 tanquam
2707 867 2912 922 nebula
2959 865 3340 939 dissipabitur.
3379 875 3567 932 Venite
3613 893 3762 950 ergo,

2087 957 2349 1027 fruamur
2399 957 2552 1011 bonis
2599 973 2718 1028 quae
2762 963 2914 1023 sunt,
2959 960 3009 1011 et
3055 960 3283 1012 utamur
3331 967 3590 1021 creatura
3638 975 3764 1022 tan-

2089 1062 2252 1118 quam
2288 1047 2347 1100 in
2366 1046 2656 1117 juventute
2684 1045 2970 1101 celeriter.
2994 1047 3138 1100 Vino
3166 1051 3406 1118 pretioso
3439 1057 3490 1108 et
3521 1070 3764 1126 unguen-

2089 1135 2160 1188 tis
2191 1151 2290 1189 nos
2319 1135 2669 1206 impleamus,
2721 1143 2776 1190 et
2817 1149 2934 1189 non
2973 1139 3270 1204 praetereat
3298 1155 3398 1196 nos
3427 1143 3528 1212 ﬂos
3553 1152 3762 1215 tempo-

2089 1225 2188 1279 ris.
2225 1223 2549 1280 Coronemus
2579 1241 2675 1280 nos
2718 1225 2866 1280 rosis
2918 1231 3210 1296 antequam
3235 1237 3594 1288 marcescant.
3623 1231 3759 1287 Nul-

2089 1311 2206 1366 lum
2232 1319 2460 1383 pratum
2489 1314 2561 1368 sit
2591 1313 2731 1384 quod
2766 1328 2880 1366 non
2901 1315 3244 1383 pertranseat
3275 1317 3502 1376 luxuria
3533 1323 3713 1375 nostra
3739 1334 3760 1372 .·

2090 1401 2289 1472 ubique
2315 1400 2696 1472 relinquamus
2727 1402 2901 1472 signa
2932 1401 3152 1457 laetitia?
3181 1402 3332 1474 (Sap.
3367 1423 3426 1474 ιι,
3454 1409 3595 1479 3-8).
3629 1407 3762 1462 llaec
3850 1435 3858 1443 -

2091 1489 2290 1542 omnia
2336 1487 2773 1561 relinquuntur,
2812 1488 2964 1544 nihil
3017 1506 3215 1545 secum
3261 1494 3400 1565 quis
3450 1496 3610 1566 feret,
3643 1493 3760 1551 nisi

2091 1577 2246 1647 quod
2287 1577 2546 1649 corporis
2589 1577 2899 1650 voluptate
2947 1581 3284 1651 perceperit.
3345 1583 3606 1656 Denique
3651 1598 3761 1656 ego

2090 1664 2264 1720 istam
2297 1663 2526 1720 institui
2558 1665 3034 1739 philosoiihiam;
3069 1684 3171 1723 nec
3201 1673 3292 1725 est
3316 1671 3434 1728 alia
3461 1671 3764 1744 verior,ni-

2089 1751 2140 1808 si
2169 1769 2238 1808 ea
2267 1769 2393 1824 qua:
2423 1753 2643 1810 bonum
2674 1755 2898 1812 asserit
2928 1756 3083 1828 quod
3117 1773 3296 1814 suave
3327 1765 3505 1832 atque
3537 1761 3762 1831 jucun-

2089 1841 2230 1896 dum
2276 1841 2373 1897 sit.
2423 1843 2570 1915 Ergo
2601 1842 2686 1899 vel
2718 1843 3114 1917 phiIOSOphlae
3143 1845 3230 1902 vel
3268 1847 3575 1920 sapientiae
3603 1848 3763 1905 Salo-

2083 1926 2288 1986 ‘monis
2317 1931 2552 1986 credite.

2747 2021 2988 2078 CAPUT
3027 2023 3095 2078 V.

2095 2105 2465 2186 Sollicitatoa
2487 2109 2761 2186 voluptate
2809 2111 2992 2186 virtus
3037 2113 3260 2168 saniora
3310 2113 3546 2186 consulit
3583 2130 3602 2168 :
3629 2130 3760 2186 quo-

2165 2177 2320 2256 modo
2349 2177 3066 2256 diabolicistentationibus
3095 2183 3480 2249 resistendum,
3511 2191 3562 2240 et
3587 2177 3761 2256 a'quo

2163 2250 2332 2328 etiam
2358 2251 2687 2328 temporalia
2715 2255 3044 2328 expetenda,
3073 2271 3356 2328 quamque
3378 2256 3480 2310 illa
3501 2250 3762 2328 improbis

2164 2321 2346 2398 nescia
2365 2322 2497 2398 sint,
2525 2321 2676 2398 docet
2701 2341 2720 2398 ξ
2755 2321 2963 2380 invitat
3013 2321 3096 2380 ad'
3127 2321 3445 2382 convivium
3473 2321 3762 2398 sapientum

2165 2400 2216 2446 et
2247 2393 2386 2470 quid
2407 2394 2526 2464 ejus
2553 2395 2788 2470 ebrietas
2818 2412 2854 2450 a
2883 2398 3195 2470 vinolentia
3221 2398 3512 2470 discrepet,
3531 2393 3758 2470 aperit;

2165 2479 2228 2516 ac
2255 2462 2472 2518 tandem
2501 2465 2750 2520 avaritias
2780 2467 2936 2522 mala
2967 2468 3230 2524 declarat.

2169 2551 2256 2604 15.
2289 2549 2390 2606 His
2423 2552 2658 2620 auditis,
2702 2553 2863 2610 velut
2913 2571 3120 2613 cervus
3169 2556 3490 2631 sagittatus
3522 2557 3582 2614 in
3604 2559 3760 2630 jeco-
3825 2574 3834 2583 '

2094 2656 2156 2696 re
2186 2639 2365 2696 haeret
2394 2642 2652 2698 saucius.
2685 2643 2865 2706 Quem
2920 2645 3209 2702 miserans
3256 2645 3466 2714 virtus,
3499 2651 3555 2702 et
3583 2663 3756 2704 casu-

2097 2745 2226 2784 rum
2260 2728 2373 2784 cito
2404 2729 2632 2798 videns,
2665 2731 2990 2802 improviso
3016 2734 3290 2800 occurrit,
3319 2733 3431 2806 (16)
3461 2735 3642 2790 verita
3685 2751 3758 2792 ne

2094 2817 2249 2873 inter
2278 2833 2476 2874 moras
2517 2818 2808 2875 illecebris
2854 2822 3333 2880 demulcentibus
3364 2839 3530 2877 mens
3563 2822 3756 2894 capia-

2096 2909 2193 2962 tur
2221 2905 2498 2964 humana.
2535 2907 2757 2974 Palam,
2791 2907 3010 2982 inquit,
3045 2911 3288 2986 apparui
3321 2910 3426 2966 tibi
3463 2927 3576 2966 non
3611 2927 3760 2982 quae-

2095 2995 2244 3051 renti
2277 3013 2388 3052 me.
2422 2997 2503 3054 Nc
2536 2997 2700 3052 fallat
2745 2997 3204 3068 imprudentem,
3236 3005 3294 3056 et
3341 2998 3760 3056 circumveniat

2094 3091 2150 3140 te
2207 3083 2417 3140 mulier
2456 3089 2734 3143 effrenata
2781 3091 2840 3142 et
2889 3090 3040 3146 19]
3092 3089 3393 3146 luxuriosa
3454 3105 3582 3162 qua
3641 3107 3756 3147 non

2098 3172 2257 3228 novit
2283 3174 2564 3244 pudorem
2602 3191 2614 3230 :
2650 3175 2813 3230 sedet
2863 3175 2922 3230 in
2975 3178 3199 3235 foribus
3229 3179 3444 3234 domus
3498 3178 3552 3232 in
3589 3178 3752 3250 sella,

310 3269 439 3326 lem
469 3263 876 3338 cupiditatem.
909 3260 1198 3324 Seelucens,
1229 3257 1446 3329 inquit,
1477 3273 1601 3312 eum
1632 3258 1803 3314 multo
1835 3258 1984 3314 blan-
2015 3253 2058 3318 C
2098 3261 2292 3336 palam
2329 3261 2384 3317 in
2421 3263 2630 3336 plateis
2687 3263 2980 3322 advocans
3009 3270 3424 3340 praetereuntes
3455 3267 3637 3338 (Prov.
3674 3285 3751 3337 ix,

314 3359 568 3414 dimento
596 3367 912 3410 sermonum
941 3357 990 3406 et
1021 3349 1236 3420 laqueis
1278 3347 1552 3402 labiorum
1585 3363 1806 3402 suorum
1858 3348 1986 3402 alli-

315 3464 483 3522 gans,
515 3445 739 3500 domum
759 3439 1008 3512 adusque
1047 3437 1302 3494 attracit.
1354 3436 1420 3490 At
1465 3436 1561 3490 ille
1607 3440 1823 3492 semitas
1870 3453 1990 3492 eam

325 3533 763 3594 circumvenitur
798 3528 955 3601 (Ibid.
1007 3527 1122 3594 21).
1172 3525 1404 3581 Nitebat
1454 3524 1587 3581 aula
1639 3525 1798 3599 regio
1851 3525 1988 3582 luxu

327 3621 643 3698 splendida
689 3617 907 3674 caelatis
955 3614 1281 3689 parietibus
1330 3616 1388 3668 et
1434 3612 1680 3670 humida
1713 3615 1993 3670 natabant

326 3713 666 3788 pavimenta
695 3707 851 3763 vino.
887 3705 1199 3779 Flagrabat
1250 3707 1550 3775 unguento
1599 3703 1836 3772 humus,
1873 3705 1989 3776 spi-

327 3805 426 3862 nis
458 3801 731 3873 cooperta
760 3795 1034 3869 piscium,
1068 3799 1126 3850 et
1157 3790 1559 3848 marcentibus
1589 3793 1715 3864 jam
1750 3791 1992 3850 floribus

325 3891 579 3950 lubrica.
612 3887 736 3944 Illic
768 3883 1234 3941 comessantium
1283 3879 1600 3950 tumultus,
1647 3886 1991 3969 coqcertan-

327 3983 484 4038 tium
515 3977 756 4042 clamor,
786 3973 1148 4048 litigantium
1180 3971 1388 4040 caedes,
1415 3974 1735 4027 concentus
1767 3988 1993 4028 caenan-

327 4072 487 4127 tium
519 4067 630 4141 (15)
662 4048 1006 4123 saltantium
1047 4063 1354 4135 strepitus,
1389 4058 1705 4116 ridentium
1755 4061 1993 4117 cachin-

333 4177 477 4228 nus,
506 4154 936 4214 lascivientium
969 4153 1239 4228 plausus,
1289 4150 1538 4208 conlusa
1586 4152 1804 4222 omnia,
1847 4153 1995 4208 nihil

336 4255 563 4308 natura:
615 4245 835 4302 ordine.
886 4241 1223 4300 Saltatrices
1280 4245 1484 4310 tonsae,
1551 4245 1609 4296 et
1672 4243 1996 4314 crispantes

337 4337 509 4414 pueri
539 4333 1108 4408 coma,epulantium
1137 4329 1420 4398 cruditas,
1439 4329 1737 4386 edentium
1771 4336 1996 4399 ructus,

339 4427 638 4486 ebriorum
668 4425 817 4488 sitis,
848 4423 1128 4479 hesterna
1179 4417 1444 4492 crapula,
1479 4419 1762 4477 hodierna
1807 4424 1997 4476 temu-

336 4517 549 4584 lentia,
577 4512 798 4586 repleta
853 4511 1079 4568 vomitu
1134 4509 1470 4566 bibentium
1529 4508 1735 4582 pocula
1781 4511 2000 4582 majore

341 4607 520 4663 odore
547 4603 864 4670 ebrietatis,
891 4619 1072 4674 quam
1105 4601 1155 4656 si
1187 4598 1446 4656 recentia
1473 4601 1702 4654 tantum
1735 4598 1868 4655 vina
1902 4599 1998 4656 ﬂa-

341 4696 599 4769 grarent.
643 4691 774 4764 Ipsa
814 4691 872 4747 in
935 4690 1128 4747 medio
1173 4693 1386 4745 stans:
1423 4687 1630 4759 Bibite,
1676 4689 1890 4762 inquit,
1945 4695 2001 4745 et

339 4779 808 4850 inebriamini,ut
835 4780 1006 4836 cadat
1035 4777 1530 4851 unusquisque,et
1559 4793 1674 4834 non
1710 4782 1997 4852 resurgat.

341 4873 451 4931 Ille
481 4870 633 4944 apud
663 4885 755 4925 me
785 4868 1035 4942 primus,
1067 4867 1168 4940 qui
1221 4865 1490 4922 omnium
1534 4867 1996 4938 perditissimus.

343 4961 452 5020 Ille
480 4975 646 5016 meus
672 4963 778 5026 et,
812 4957 912 5030 qui
943 4973 1092 5014 suus
1123 4973 1239 5013 non
1269 4959 1378 5012 est.
1413 4953 1512 5010 Ille
1565 4955 1712 5012 mihi
1760 4957 1998 5031 gratior,

346 5048 452 5124 qui
484 5047 593 5104 sibi
625 5045 884 5118 nequior.
916 5044 1077 5101 Calix
1107 5061 1322 5101 aureus
1352 5043 1667 5114 Babylonis
1711 5045 1770 5100 in
1824 5063 2000 5101 manu

346 5155 483 5194 mea
507 5135 802 5192 inebrians
831 5150 1066 5191 omnem
1099 5139 1382 5202 terram,a
1401 5133 1536 5189 vino
1569 5150 1700 5190 meo
1725 5134 2004 5192 biberunt

342 5243 554 5286 omnes
580 5230 798 5298 gentes.
819 5223 929 5288 Qui
958 5240 1095 5298 ergo
1126 5223 1501 5296 insipientior
1522 5222 1772 5278 divertat
1791 5225 1862 5280 ad
1887 5241 2000 5293 me,

425 5429 536 5499 (lt)
567 5428 706 5484 Mss.
740 5428 856 5486 duo
886 5428 1018 5485 Vat.
1051 5432 1109 5484 et
1138 5429 1347 5498 Laud.,
1384 5430 1572 5484 inveni
1619 5436 1688 5484 te.
1721 5426 1865 5482 Cum
1909 5426 2002 5482 his

349 5500 576 5558 faciunt
604 5499 768 5566 LXX,
801 5500 910 5574 qu_i
937 5500 1022 5556 sic
1050 5500 1270 5556 habent
1303 5519 1316 5556 :
1348 5508 1565 5574 ςεςᾳθοῦσα
1605 5509 1660 5555 τὸ
1708 5508 1793 5554 σὸν
1838 5507 2002 5574 sapuis-

351 5595 483 5628 ωπον
527 5577 712 5642 εὓρηιιά
757 5570 836 5631 σιξ
871 5571 939 5628 Et
967 5576 1101 5644 post
1130 5589 1317 5645 pauca
1344 5571 1521 5628 iidem
1567 5587 1736 5638 mss.,
1767 5570 2000 5626 collacte-

350 5660 481 5699 mur
503 5641 778 5699 cupidine.

427 5713 538 5787 (l5)
567 5713 655 5772 Ita
680 5718 793 5774 vet.
825 5713 965 5774 edit.
997 5731 1134 5774 cum
1183 5730 1330 5773 mss.
1379 5717 1509 5770 Vat.
1560 5729 1700 5787 upo,
1749 5717 1806 5770 et
1854 5713 1999 5783 Div.;

2097 3359 2150 3407 et
2191 3351 2298 3422 15).
2347 3353 2503 3409 Nunc
2557 3355 2752 3423 igitur,
2801 3353 2908 3422 ﬁli,
2965 3355 3102 3412 audi
3147 3373 3258 3424 me,
3307 3342 3526 3412 intende
3578 3359 3756 3414 verbis

2099 3441 2209 3496 oris
2239 3441 2365 3494 mei.
2399 3443 2518 3498 Non
2549 3443 2778 3498 declinet
2807 3443 2866 3496 in
2893 3444 3008 3500 vias
3038 3447 3157 3518 ejus
3207 3463 3298 3503 cor
3345 3452 3520 3500 tuum.
3561 3447 3754 3504 Multos

2099 3531 2248 3586 enim
2271 3530 2608 3586 vulnerando
2639 3529 2851 3598 iniecit,
2885 3535 2937 3586 et
2965 3543 3096 3590 sunt
3146 3535 3574 3591 innumerabiles
3623 3551 3752 3607 quas

2100 3617 2412 3676 trucidavit.
2479 3622 2600 3677 Vise
2649 3621 2955 3690 inferorum
2999 3624 3188 3679 domus
3243 3625 3382 3696 ejus,
3439 3623 3756 3681 deducentes

2100 3711 2162 3764 in
2203 3723 2466 3764 secessum
2516 3710 2706 3764 mortis
2754 3707 2936 3778 (Prov.
2991 3727 3088 3778 vn,
3131 3713 3318 3784 24-27)
3367 3712 3538 3783 Aufer
3586 3715 3758 3782 igitur

2101 3799 2208 3854 tibi
2247 3814 2486 3869 pravum
2515 3815 2570 3855 os
2595 3802 2647 3852 et
2691 3797 2894 3868 injuste
2925 3799 3076 3854 labia
3125 3800 3280 3870 longe
3321 3817 3356 3853 a
3405 3806 3454 3855 te
3490 3801 3753 3872 propella.

2105 3887 2262 3944 Oculi
2289 3888 2375 3943 tui
2405 3895 2546 3944 recta
2577 3885 2792 3942 videant
2835 3886 3020 3954 (Prov.
3071 3905 3147 3952 1v,
3195 3887 3385 3959 25-25)
3439 3905 3452 3944 :
3495 3889 3614 3944 noli
3665 3891 3759 3945 in-

2103 3975 2320 4032 tendere
2347 3977 2544 4048 fallaci
2571 3975 2800 4031 mulieri
2829 3977 3012 4044 (Prov.
3047 3993 3098 4032 v.
3131 3977 3208 4048 2).
3244 3974 3412 4032 Mella
3447 3976 3603 4032 enim
3633 3977 3756 4035 dis-

2105 4063 2382 4119 tillabunt
2412 4066 2444 4120 ὰ
2474 4061 2644 4119 labiis
2678 4060 2944 4119 mulieris
2977 4063 3317 4135 fornicarize,
3353 4081 3479 4138 quas
3511 4065 3584 4122 ad
3615 4069 3759 4123 tem-

2106 4169 2218 4224 pus
2251 4151 2581 4226 impinguat
2613 4153 2808 4208 fauces
2839 4155 2994 4220 tuas,
3013 4157 3212 4226 postea
3241 4171 3377 4212 vero
3409 4155 3759 4214 amariorem

2107 4241 2237 4298 felle
2270 4241 2552 4298 invenies.
2583 4242 2716 4298 Dies
2763 4257 2856 4296 me
2903 4242 3076 4298 cilius
3107 4243 3383 4300 defecerit
3412 4261 3590 4316 quam
3619 4245 3762 4303 vitia

2106 4331 2236 4404 ejus
2266 4347 2706 4404 exponam,quze
2739 4333 2935 4386 tamen
2971 4332 3028 4386 in
3058 4332 3386 4390 Proverbiis
3407 4350 3506 4390 ore
3534 4335 3762 4408 sapien-

2106 4421 2200 4476 tiae
2231 4421 2523 4492 descripta
2553 4427 2726 4492 atque
2757 4436 3034 4491 expressa
3081 4424 3240 4477 sunt.
3273 4422 3460 4494 (Prov.
3492 4439 3572 4491 v1,
3601 4425 3672 4479 24
3709 4434 3762 4482 et

2105 4511 2262 4580 seq.).
2295 4508 2420 4564 Non
2455 4513 2505 4564 te
2534 4509 2727 4564 vincat
2757 4507 2954 4563 formas
2993 4509 3487 4584 concupiscentia.
3520 4512 3756 4569 Adulte-

2032 4629 2075 4692 Β
2108 4599 2237 4654 rina
2265 4602 2373 4666 est,
2409 4598 2556 4653 fucis
2607 4596 2774 4664 illita,
2814 4614 3190 4671 nequaquam
3242 4617 3378 4657 vero
3419 4618 3486 4657 ac
3533 4601 3759 4657 sincero

2109 4687 2340 4762 fulgens
2371 4688 2594 4743 decore.
2628 4687 2824 4759 Neque
2855 4687 3102 4760 capiaris
3135 4688 3356 4760 oculis;
3404 4688 3759 4746 circumfusa

2109 4777 2266 4832 enim
2300 4775 2444 4832 retia
2473 4775 2774 4831 sunt.Est0
2811 4776 2998 4849 magis
3031 4777 3241 4834 similis
3271 4777 3432 4832 illius
3463 4780 3519 4832 et
3547 4791 3756 4846 seque-

2110 4883 2171 4922 re
2199 4883 2334 4922 eum
2368 4865 2469 4938 qui
2500 4864 2658 4931 salit,
2695 4882 2872 4938 super
2901 4870 3131 4922 montes
3177 4871 3236 4924 et
3284 4863 3536 4922 transilit
3583 4880 3758 4936 super

2110 4955 2304 5025 colles,
2339 4955 2701 5028 prospiciens
2759 4972 2862 5028 per
2916 4955 3222 5024 fenestras,
3259 4953 3524 5009 eminens
3581 4969 3760 5026 super

2112 5043 2256 5100 retia
2311 5045 2488 5117 (Cant.
2555 5061 2616 5114 ιι,
2675 5044 2814 5117 8-9).
2873 5042 3025 5100 Mala
3071 5051 3209 5098 sunt
3263 5039 3577 5114 voluptatis
3632 5041 3755 5098 vin-

2110 5133 2261 5190 cula.
2291 5134 2501 5192 Oculos
2533 5134 2796 5202 delectat,
2821 5129 3112 5189 demulcet
3140 5147 3332 5200 aures,
3367 5131 3468 5186 sed
3502 5133 3758 5188 mentem

2109 5223 2418 5296 inquinat:
2449 5223 2634 5280 multa
2665 5219 3120 5286 mentitur,talsa
3150 5219 3438 5294 adjungit,
3461 5236 3598 5276 vera
3626 5221 3760 5278 sub-

2114 5429 2279 5485 Rom.
2309 5433 2500 5484 autem
2528 5441 2658 5478 cum
2691 5421 2844 5490 aliis,
2874 5427 3162 5480 concentus
3190 5429 3525 5482 canentium.

2181 5501 2296 5569 (l6)
2327 5499 2466 5554 Mss.
2501 5495 2625 5549 Vat.
2660 5495 3108 5569 _unus,ADiv._ct
3156 5496 3310 5569 ,Flor.
3359 5515 3582 5556 necnon
3615 5496 3756 5554 edit.

2111 5563 2250 5640 vet.,
2275 5563 2512 5628 occurrit
2550 5567 2796 5640 veritate.
2839 5563 2954 5624 Ms.
2983 5567 3221 5640 vLaud.,
3267 5573 3506 5627 occurrit
3537 5571 3756 5626 veritas.

2111 5635 2318 5701 Melius
2363 5641 2490 5696 Vat.
2525 5635 2690 5706 alter,
2721 5641 2778 5693 et
2805 5640 2942 5698 edit.
2979 5639 3172 5710 Rom.,
3203 5635 3650 5712 occurrit,verita
3669 5651 3758 5704 ne,

2112 5719 2223 5772 etc.
