4084 6188
392 300 515 395 3.4.3

1746 349 1751 354 .
1857 296 1922 373 S.
1967 290 2337 358 AMBROSII

3681 296 3802 394 Ψ

356 458 361 467 ι
398 435 580 509 ducit,
614 435 864 511 spondet
892 434 1220 511 pecuniam,
1245 453 1451 513 aurum
1487 435 1679 501 offert;
1713 432 1812 490 sed
1847 432 2036 487 aufert
2064 428 2120 494 Α
2146 427 2284 484 licet
2313 426 2505 486 brevis
2529 426 2658 486 vitm
2692 444 2808 501 non
2840 425 2917 493 sit
2935 426 3175 505 longum
3198 426 3475 488 viaticum
3497 429 3804 503 requiren-

396 526 767 600 disoiplinam
802 528 987 599 (Prov.
1020 546 1140 596 VIII,
1175 526 1281 597 10).
1312 525 1396 581 Tu
1422 530 1612 580 autem
1641 523 1833 595 accipe
1856 521 2047 595 potius

399 614 793 689 disciplinam,
828 635 1003 691 quam
1039 616 1365 690 pecuniam,
1418 620 1473 670 et
1518 614 1823 669 scientiam
1871 628 2049 682 super

400 723 611 763 aurum
638 709 968 780 probatum.
997 705 1198 761 Melior
1227 708 1315 759 est
1330 704 1483 759 enim
1508 702 1803 774 lapidibus
1836 700 2046 772 pretio-

404 796 489 853 sis
519 798 699 871 (Prov.
732 811 816 864 III,
856 798 918 850 tO
947 798 997 850 et
1024 799 1157 864 seq.)
1189 794 1313 849 Non
1359 798 1413 849 te
1464 791 1660 848 celabo
1710 808 1835 863 quis
1887 806 2046 845 sum-

404 901 506 943 ma
533 888 661 957 ejus
691 887 954 941 feruntur
981 900 1054 939 ne
1082 884 1284 939 videar
1313 882 1610 954 deoperire
1628 881 1738 953 (l7)
1766 896 1892 952 qua:
1925 878 2047 933 dis—

403 974 657 1048 pliceant
685 974 743 1028 in
776 973 1085 1045 voluptate,
1122 976 1179 1028 et
1208 973 1558 1028 obumbrare
1589 988 1715 1043 quae
1760 969 2044 1041 placeant.

403 1064 600 1120 Elevat
627 1062 780 1120 enim
833 1066 890 1118 et
935 1062 1160 1118 extollit
1207 1067 1458 1118 mentem
1515 1060 1798 1117 suasoriis
1834 1059 2047 1125 verbis,

406 1151 661 1208 ostendit
716 1152 913 1208 omnia
964 1168 1143 1224 regna
1171 1156 1357 1219 terrae,
1393 1151 1590 1207 dicens
1624 1166 1635 1204 :
1672 1150 1801 1204 Haec
1853 1147 2051 1203 omnia

405 1238 509 1296 tibi
544 1240 712 1307 dabo,
748 1241 795 1296 si
828 1238 1136 1312 prouidens
1168 1239 1499 1295 adoraveris
1532 1255 1644 1293 me.
1677 1236 1763 1293 Ibi
1812 1240 1874 1291 tu
1914 1252 2050 1291 cave

409 1345 481 1385 ne
505 1328 753 1402 rapiaris
787 1347 818 1384 a
846 1328 1387 1401 praeterlabentibus
1416 1331 1474 1384 et
1504 1344 1617 1383 non
1650 1325 2049 1395 manentibus,

409 1417 626 1491 quibus
658 1434 872 1489 magna
902 1419 1146 1473 tentatio
1178 1421 1284 1473 est.

480 1507 567 1563 46.
604 1507 806 1563 Docuit
834 1512 891 1562 te
921 1511 1075 1562 certe
1118 1506 1403 1562 Dominus
1450 1506 1622 1562 Jesus
1671 1504 2051 1577 quemadmo-

409 1598 551 1653 dum
585 1598 861 1653 adversus
892 1596 1232 1667 hujusmodi
1261 1595 1613 1651 tentationes
1651 1593 1912 1649 resistas.
1945 1592 2052 1647 'l‘e-

409 1685 676 1743 tenderet
705 1685 973 1741 diabolus
1004 1685 1261 1757 primum
1290 1685 1568 1755 laqueum
1609 1682 1757 1756 gula:
1807 1681 2006 1736 dicens
2039 1697 2050 1735 :

2157 517 2295 573 dum
2322 537 2334 585 ;
2366 522 2558 575 tamen
2593 520 2664 575 ab
2696 537 2762 576 eo
2795 536 2966 592 spera
2986 519 3088 592 qui
3108 520 3441 576 universam
3472 524 3802 594 creaturam

2159 608 2436 676 condidit,
2472 609 2570 680 qui
2598 610 2826 666 diabolo
2877 627 2945 666 ea
2991 611 3063 666 ad
3112 613 3345 684 tempus
3373 611 3633 678 tradidit,
3683 630 3803 669 non

2159 701 2224 753 ut
2256 698 2570 770 possideat,
2606 700 2706 755 sed
2740 704 2807 755 ut
2835 703 3035 757 tentet.
3088 700 3211 757 Non
3243 700 3399 757 enim
3443 706 3669 775 poterat
3705 720 3805 759 co-

2160 804 2301 843 rona
2348 805 2476 844 esse
2524 788 2649 844 sine
2697 789 3031 845 certamine.
3064 791 3354 846 Probandi
3402 797 3570 848 erant
3615 793 3806 863 dubii,

2160 880 2225 932 ut
2248 876 2397 946 justi
2430 881 2864 934 coronarentur.

2231 967 2320 1021 18.
2351 966 2516 1022 Dedit
2559 967 2758 1041 itaque
2806 967 3037 1025 diabolo
3086 986 3172 1038 ea,
3225 970 3365 1042 quia
3410 971 3468 1026 in
3519 971 3611 1028 bis
3660 973 3811 1046 ipsis

2159 1072 2329 1127 pmna
2355 1056 2693 1129 accipientis
2723 1062 2830 1127 est,
2865 1059 2912 1114 si
2948 1060 3032 1114 uti
3065 1059 3308 1116 neseiat.
3344 1060 3489 1127 Quid
3522 1064 3610 1117 est
3647 1062 3810 1117 enim

2158 1144 2474 1201 thesaurus
2505 1146 2826 1213 luxurioso,
2863 1147 2975 1203 nisi
3009 1152 3285 1221 sumptus
3331 1148 3613 1207 luxurias?
3641 1149 3811 1207 Unde

2157 1251 2272 1289 non
2303 1233 2664 1304 luxuriosus,
2696 1237 2796 1292 sed
2833 1237 2985 1310 frugi
3014 1237 3314 1312 probatur.
3346 1239 3421 1305 Et
3465 1238 3593 1296 ideo
3641 1243 3810 1297 utere

2159 1324 2329 1396 quasi
2363 1324 2513 1398 frugi
2548 1324 2620 1380 iis
2650 1342 2776 1396 qua:
2826 1324 2933 1380 tibi
2990 1330 3386 1398 apponuntur,
3422 1330 3487 1381 ut
3525 1344 3639 1383 non
3672 1344 3812 1394 cum

2161 1413 2484 1468 manducas
2532 1413 2808 1485 multum,
2859 1413 3095 1469 odibilis
3126 1414 3233 1470 ﬁas
3269 1431 3281 1470 :
3319 1416 3537 1487 Vigiliee
3564 1415 3721 1472 enim
3762 1426 3815 1472 et

2163 1509 2427 1558 tormenta
2451 1504 2570 1557 viro
2614 1502 2767 1558 edaci
2811 1503 2996 1574 (Eccli.
3031 1520 3186 1574 xxxx,
3236 1505 3352 1571 25).
3400 1504 3470 1560 Et
3518 1505 3718 1561 infra:
3753 1507 3820 1563 Si

2161 1599 2376 1646 coactus
2405 1592 2581 1663 [ueris
2628 1592 2689 1646 in
2735 1591 2937 1648 edendo
2983 1608 3147 1661 surge
3193 1597 3245 1649 et
3293 1609 3463 1660 vome,
3494 1600 3545 1649 et
3579 1596 3815 1667 refrige-

2162 1680 2309 1735 rabit
2358 1688 2426 1744 te,
2491 1688 2541 1735 et
2589 1695 2698 1735 non
2748 1680 2977 1736 adduces
3025 1683 3245 1754 corpori
3299 1689 3387 1738 tuo
3435 1682 3818 1753 inﬁmitatem

413 1775 476 1831 Si
504 1776 678 1830 Filius
708 1775 805 1829 Dei
831 1790 905 1841 es,
938 1773 1023 1828 die
1054 1773 1182 1828 huic
1211 1774 1468 1845 Iapidi,ut
1511 1773 1676 1843 panis
1704 1772 1802 1842 ﬁat
1831 1770 2051 1842 (Matth.
2092 1797 2139 1863 Β
2171 1768 2774 1863 ςιδίά.-ξῗ5).ΡῙξ1ῐ“ίῐΪ105
2804 1769 3004 1863 itaque
3033 1769 3172 1843 gula
3201 1787 3310 1826 sua
3338 1771 3815 1863 occidit_,_nullum

412 1880 492 1931 ιν,
523 1863 600 1934 3).
636 1862 956 1934 Respondit
983 1862 1268 1917 Dominus
1302 1878 1315 1916 ε
1349 1863 1460 1917 Non
1511 1862 1570 1916 in
1612 1877 1757 1932 pane
1786 1860 1899 1916 solo
1930 1861 2062 1915 vivit
2092 1857 2133 1863 ”
2170 1857 2477 1931 frugalitas
2512 1876 2525 1913 :
2558 1858 2886 1915 innumeris
2918 1858 3054 1914 vina
3084 1864 3427 1929 nocuerunt,
3460 1860 3603 1917 nulli
3624 1862 3819 1934 parci-

416 1953 592 2020 homo,
637 1951 730 2007 sed
774 1952 830 2005 in
883 1953 1034 2007 omni
1080 1950 1236 2007 verbo
1286 1953 1389 2007 Dei
1433 1950 1588 2022 (Ibid.
1640 1950 1715 2021 4).
1765 1949 2061 2021 Laqueum

416 2041 588 2099 solvit
616 2041 725 2098 hoc
759 2040 935 2096 dicto.
970 2041 1169 2096 Posuit
1196 2040 1407 2096 iterum
1441 2039 1707 2095 diabolus
1737 2039 2061 2094 secundum

409 2132 707 2205 jactantize
738 2130 1036 2203 laqueum,
1071 2130 1171 2203 qui
1202 2131 1378 2186 etiam
1404 2130 1620 2185 bonam
1652 2131 1905 2184 mentem
1937 2144 2064 2200 pro-

420 2221 607 2295 speris
665 2224 993 2276 currentem
1047 2218 1275 2275 semitis
1332 2218 1478 2274 solet
1532 2215 1899 2290 strangulare
1941 2233 1954 2272 :
2000 2218 2065 2271 Et

420 2309 580 2365 duxit
628 2309 809 2376 illum,
862 2307 1073 2380 inquit,
1124 2308 1185 2361 in
1230 2307 1553 2372 Jerusalem,
1586 2313 1637 2361 et
1663 2306 1857 2361 statuit
1904 2305 2065 2359 illum

420 2415 585 2471 super
622 2400 857 2470 pinnam
906 2397 1113 2467 templi,
1163 2403 1215 2451 et
1266 2396 1410 2450 dixit
1458 2396 1548 2451 illi
1585 2414 1603 2449 :
1635 2394 1697 2449 Si
1742 2394 1917 2449 Filius
1967 2394 2067 2448 Dei

422 2504 496 2555 es,
536 2488 696 2543 mitte
744 2490 794 2541 te
840 2486 986 2540 hinc.
1034 2485 1307 2557 Scriptum
1355 2489 1433 2539 est
1477 2486 1626 2540 enim
1676 2483 1817 2554 quod
1858 2483 2067 2553 angelis

423 2578 539 2633 suis
565 2575 848 2631 mandavit
875 2574 939 2630 de
968 2582 1036 2643 te,
1068 2579 1129 2629 ul
1158 2577 1471 2629 conservent
1514 2576 1584 2641 te,
1619 2575 1750 2645 quia
1788 2574 1849 2627 in
1885 2573 2058 2626 mani-

425 2666 523 2722 bus
553 2665 742 2722 tollent
782 2666 853 2731 te,
892 2680 961 2719 ne
1000 2665 1143 2735 forte
1189 2663 1428 2734 offendas
1473 2663 1543 2718 ad
1592 2662 1833 2734 lapidem
1876 2661 2068 2734 pedem

424 2762 579 2812 tuum
609 2754 766 2825 (Ibid.
797 2753 872 2826 5).
909 2754 1111 2823 Itaque
1160 2768 1291 2807 cum
1340 2755 1537 2823 posset
1584 2752 1708 2806 sine
1759 2750 1877 2805 ullo
1918 2749 2070 2820 peri-

425 2843 555 2899 culo
609 2843 840 2897 mittere
896 2857 957 2895 se
1014 2839 1296 2895 Dominus
1344 2840 1542 2907 Jesus,
1573 2839 1663 2894 cui
1698 2841 2075 2910 suppeterent

425 2929 720 3003 spiritales
747 2928 997 2994 volatus,
1028 2933 1223 2983 tamen
1256 2945 1327 2983 ne
1359 2928 1652 2998 jactantiae
1684 2944 1867 3000 genus
1898 2932 2072 2999 esset,

428 3018 727 3090 respondit
767 3016 997 3071 diabolo
1048 3035 1060 3072 :
1112 3019 1224 3073 Non
1283 3018 1512 3072 tentabis
1558 3019 1845 3072 Dominum
1896 3022 2074 3073 Deum

431 3115 584 3164 tuum
631 3105 796 3176 (Ibid.
827 3107 904 3176 7).
938 3104 1123 3161 Simul
1171 3105 1369 3161 docuit
1418 3122 1525 3161 nos
1568 3122 1766 3161 cavere
1798 3123 1868 3161 ne
1898 3105 2074 3161 facia-

430 3210 565 3252 mus
592 3194 950 3250 voluntatem
983 3193 1218 3249 diaboli.
1256 3194 1315 3249 Si
1347 3210 1481 3267 ergo
1511 3212 1639 3250 vere
1660 3195 1947 3265 jactantia
1977 3196 2074 3252 de-

432 3284 704 3340 clinanda
733 3287 839 3352 est,
874 3286 1092 3354 quanto
1142 3283 1331 3355 magis
1384 3300 1554 3338 nemo
1602 3283 1773 3339 debet
1816 3283 1963 3339 falsa
1984 3285 2075 3355 ja~

432 3377 592 3430 ctare
621 3389 724 3444 pro
759 3372 948 3429 veris?
975 3372 1204 3428 Tertius
1234 3375 1499 3443 superest
1546 3358 1794 3444 laqueus
1825 3373 2076 3429 avaritiae

2170 1946 2390 2002 monia.
2442 1946 2710 2019 Plerique
2757 1947 2909 2003 inter
2963 1948 3165 2022 epulas
3222 1949 3423 2005 fudere
3479 1950 3728 2019 animas,
3762 1954 3823 2007 et

2171 2053 2408 2092 mensas
2439 2036 2672 2109 proprio
2705 2036 2994 2109 replevere
3025 2038 3333 2111 sanguine.
3363 2038 3506 2094 Aliis
3557 2038 3823 2105 cruditas

2171 2142 2369 2181 vocem
2422 2125 2597 2180 simul
2646 2126 2841 2198 rapuit
2886 2131 2943 2182 et
2990 2143 3229 2182 sensum
3273 2143 3286 2183 :
3332 2131 3391 2183 et
3437 2128 3488 2184 si
3518 2126 3823 2201 aliquibus

2173 2212 2432 2268 cruditas
2462 2213 2634 2289 noxia
2665 2230 2782 2268 non
2817 2214 2944 2282 fuit,
2978 2213 3073 2270 his
3102 2215 3335 2271 ruinam
3384 2216 3522 2272 fecit
3545 2216 3820 2272 ebrietas.

2173 2301 2331 2357 Alios
2388 2301 2544 2356 enim
2587 2301 2647 2356 in
2697 2302 2921 2358 crimen
2950 2302 3068 2376 egit
3097 2302 3380 2371 ebrietas;
3413 2305 3521 2360 etsi
3557 2304 3687 2378 ipsa
3714 2305 3826 2360 ori-

2176 2407 2308 2446 men
2342 2389 2420 2446 sit
2451 2390 2584 2462 (19),
2618 2388 2762 2446 alios
2795 2392 2866 2447 ad
2897 2396 3214 2465 egestatem
3245 2393 3488 2468 redegit.
3520 2395 3825 2453 Postremo

2176 2478 2309 2534 audi
2364 2495 2511 2550 quos
2554 2477 2822 2536 Christus
2871 2480 3139 2536 excludat
3172 2498 3184 2536 :
3221 2482 3355 2538 Cum
3384 2484 3826 2551 intraverit,in-

2178 2569 2324 2641 quit,
2379 2569 2804 2640 paterfamilias,
2855 2573 2907 2625 et
2952 2571 3214 2627 clauserit
3269 2573 3487 2642 ostium,
3547 2574 3827 2646 incipietis

2176 2658 2311 2728 foris
2353 2665 2515 2724 stare,
2548 2664 2598 2712 et
2621 2659 2843 2729 pulsare
2888 2660 3084 2715 ostium
3128 2661 3403 2718 dicentes:
3434 2662 3599 2736 Aperi
3640 2664 3827 2720 nobis.

2182 2748 2242 2801 Et
2290 2745 2614 2817 respondens
2659 2746 2797 2802 dicet
2843 2765 2861 2801 :
2913 2749 3099 2804 Nescio
3145 2766 3234 2805 vos
3278 2752 3421 2807 unde
3476 2754 3624 2822 estis,
3677 2768 3830 2809 rece-

2180 2835 2290 2891 dite
2320 2853 2353 2891 a
2380 2852 2484 2902 me,
2521 2852 2707 2892 omnes
2737 2838 2980 2909 operarii
3025 2839 3353 2910 iniquitatis.
3408 2842 3548 2897 Tunc
3593 2843 3829 2918 incipie—

2182 2925 2251 2980 tis
2280 2925 2456 2982 dicere
2487 2945 2505 2980 :
2536 2925 2982 2983 Mandueavimus
3027 2943 3211 2983 coram
3257 2938 3329 2997 te,
3368 2937 3419 2985 et
3468 2930 3723 2999 bibimus,
3778 2937 3831 2988 et

2183 3016 2243 3069 in
2283 3016 2481 3087 plateis
2532 3017 2730 3072 nostris
2776 3015 3024 3071 docuisti.
3076 3018 3149 3071 Et
3197 3017 3337 3073 dicet
3384 3019 3532 3075 vobis
3578 3036 3591 3076 :
3641 3021 3831 3077 Nescio

2185 3104 2328 3160 unde
2392 3106 2515 3159 estis
2566 3106 2714 3173 (Luc.
2775 3122 2896 3172 xm,
2969 3106 3180 3175 25-27).
3248 3106 3479 3164 Audisti
3549 3108 3686 3181 quid
3753 3110 3830 3165 de

2188 3194 2685 3249 manducantibus
2717 3194 2945 3249 dixerit.
2982 3194 3123 3249 Audi
3172 3213 3329 3252 nunc
3378 3197 3518 3269 quid
3568 3198 3639 3255 de
3671 3198 3832 3270 jeju-

2186 3282 2463 3338 nantibus
2494 3282 2650 3338 dicat
2680 3298 2693 3336 :
2727 3284 2885 3338 Beati
2928 3287 3023 3355 qui
3064 3300 3212 3338 nunc
3258 3287 3508 3342 esuriant
3535 3292 3587 3342 et
3611 3288 3835 3359 sitiunt,

2185 3377 2315 3445 quia
2346 3371 2742 3427 saturabuntur
2771 3372 2918 3443 (Luc.
2953 3390 3028 3441 v1,
3069 3372 3180 3444 2i).
3215 3375 3284 3429 Et
3311 3373 3463 3431 infra
3496 3391 3509 3432 :
3544 3376 3633 3433 V32
3678 3378 3837 3433 vobis

435 3466 611 3534 atque
637 3459 994 3517 ambitionis.
1027 3461 1293 3516 Ostendit
1322 3460 1379 3515 in
1412 3466 1607 3517 monte
1646 3461 1835 3534 posito
1881 3462 2079 3518 omnia
2186 3462 2282 3533 qui
2309 3462 2545 3517 saturati
2571 3463 2721 3529 estis,
2746 3464 3006 3534 quoniam
3035 3464 3285 3520 esurietis
3309 3463 3469 3534 (Ibid.
3501 3465 3613 3536 25).

431 3566 613 3623 regna
640 3550 805 3606 urbis
838 3553 1001 3605 terrae
1051 3552 1109 3604 in
1160 3555 1455 3607 momento
1496 3551 1775 3624 temporis
1807 3552 1964 3623 (Ibid.
1998 3553 2072 3625 8).

429 3639 582 3695 Bene
610 3637 671 3693 in
712 3641 1027 3705 momento,
1079 3638 1218 3709 quia
1271 3639 1547 3695 diuturna
1593 3656 1722 3696 esse
1752 3645 2106 3713 nequeuntu

428 3724 739 3784 Paululum
770 3730 1059 3799 exspecta,
1086 3731 1145 3783 et
1174 3727 1286 3783 cito
1339 3733 1663 3785 transeunt.
1723 3733 1919 3802 itaque
1971 3732 2071 3803 qui

423 3822 753 3890 sequuntur
795 3832 881 3884 ea,
933 3816 992 3871 in
1037 3821 1232 3873 monte
1279 3817 1392 3873 sibi
1440 3834 1568 3874 esse
1609 3817 1878 3875 videntur
1921 3836 1933 3875 :
1970 3822 2070 3876 sed

422 3922 539 3962 non
588 3909 730 3963 sunt
778 3905 1063 3978 perpetui,
1119 3906 1271 3961 sicut
1316 3906 1499 3962 habes
1548 3908 1831 3980 scriptum
1885 3927 1897 3965 :
1952 3910 2072 3965 Vidi

420 3997 656 4068 impium
707 3996 1175 4067 superemltatum
1238 4004 1289 4051 et
1363 3998 1516 4053 192
1588 3999 1859 4054 elevatum
1905 4017 2071 4072 super

417 4084 603 4141 cedros
647 4085 867 4153 Libani,
916 4089 964 4139 et
1013 4085 1264 4152 transivi,
1310 4088 1359 4140 et
1406 4102 1521 4140 ecce
1568 4103 1678 4142 non
1723 4092 1840 4143 erat
1890 4090 2062 4161 (Psal.

417 4189 610 4243 xxxvr,
641 4173 755 4243 35).
787 4173 894 4228 Sed
929 4174 1029 4244 qui
1080 4189 1146 4227 ea
1178 4172 1413 4227 maximi
1448 4174 1602 4245 facit,
1637 4176 1879 4233 adorare
1908 4179 2065 4234 vide-

418 4265 518 4317 tur
547 4261 869 4329 diabolum,
904 4261 1074 4333 cujus
1104 4262 1248 4317 deus
1277 4267 1475 4319 venter
1502 4269 1610 4331 est,
1645 4269 1701 4321 et
1731 4266 1789 4321 in
1844 4268 2067 4339 puden-

424 4349 514 4404 dis
546 4350 745 4422 gloria.
781 4351 867 4406 Tu
901 4355 1093 4406 autem
1144 4351 1201 4405 in
1247 4351 1362 4408 Deo
1410 4352 1655 4425 gloriam
1706 4354 2066 4430 quaere-qui

423 4436 527 4490 tibi
562 4438 645 4492 ait
678 4455 689 4492 :
723 4440 1015 4495 Dominum
1044 4441 1214 4495 Deum
1260 4449 1413 4496 tuum
1458 4442 1732 4513 adorabis,
1764 4454 1817 4501 ct
1847 4446 1938 4501 illi
1964 4448 2070 4501 soli

2256 3550 2343 3607 19.
2383 3551 2493 3605 Sed
2551 3550 2638 3606 vis
2698 3551 3075 3620 manducare,
3123 3551 3212 3608 vis
3261 3552 3501 3609 bibere?
3550 3552 3695 3609 Veni
3757 3554 3836 3611 ad

2185 3639 2511 3695 convivium
2542 3639 2841 3712 sapientiae
2872 3657 3000 3712 quae
3035 3640 3242 3697 invitat
3272 3658 3477 3699 omnes
3520 3659 3655 3699 cum
3704 3659 3838 3699 ma-

2183 3745 2300 3802 gna
2346 3727 2756 3802 praedicatione
2816 3729 3016 3785 dicens
3068 3747 3081 3784 :
3144 3732 3327 3789 Venite
3381 3740 3437 3787 et
3487 3732 3628 3789 edite
3663 3749 3838 3805 panes

2180 3835 2346 3885 meos,
2401 3826 2455 3874 et
2514 3818 2677 3875 bibite
2731 3819 2925 3875 vinum
2987 3820 3126 3891 quod
3183 3823 3389 3878 miscui
3444 3822 3591 3878 vobis
3648 3821 3841 3894 (Prov.

2181 3925 2257 3975 1x,
2308 3908 2384 3979 5).
2414 3905 2712 3964 Delectant
2757 3908 2982 3964 cantica
3033 3926 3160 3981 quas
3221 3908 3555 3982 epulantem
3603 3909 3843 3967 demul-

2177 3995 2380 4051 ceant?
2408 3995 2557 4050 Audi
2588 3995 3081 4064 hortantem,audi
3115 4001 3445 4054 cantantem
3473 3998 3825 4067 Eeclesiam,

2177 4101 2291 4140 non
2323 4083 2603 4139 solumin
2636 4085 2900 4152 canticis,
2933 4086 3031 4142 sed
3062 4087 3238 4142 etiam
3288 4088 3348 4144 in
3393 4088 3648 4145 Canticis
3684 4105 3826 4145 can-

2176 4171 2424 4228 ticorum
2487 4189 2498 4227 :
2558 4174 2897 4242 Manducate,
2957 4178 3206 4247 proximi
3250 4179 3381 4243 mei,
3438 4181 3488 4233 et
3534 4177 3718 4247 bibite,
3772 4182 3829 4234 et

2177 4261 2556 4331 inebriamini,
2584 4270 2768 4334 patres
2814 4266 2925 4319 mei
2971 4265 3083 4336 (20)
3133 4264 3307 4338 (Cant.
3344 4283 3398 4334 v,
3432 4266 3508 4339 l).
3542 4266 3654 4324 Sed
3701 4266 3831 4326 haec

2177 4350 2429 4407 ebrietas
2469 4351 2696 4407 sobrios
2746 4352 2927 4408 facit:
2964 4353 3086 4409 haec
3136 4354 3387 4411 ebrietas
3434 4355 3654 4428 gratias,
3707 4373 3830 4413 non

2177 4439 2533 4495 temulentis“:
2562 4445 2667 4496 est.
2704 4440 2986 4497 Laetitiam
3017 4447 3398 4514 generat,non
3425 4444 3827 4503 titubantium.

424 4525 626 4582 servies
677 4525 862 4595 (Matth
890 4544 967 4595 1v,
1003 4529 1111 4599 10),
1145 4546 1179 4584 a
1229 4547 1342 4601 quo
1392 4534 1606 4587 aeterna
1657 4533 1907 4605 accipias
1956 4553 2068 4592 non
2100 4529 2291 4601 DNec
2332 4530 2583 4586 verearis
2644 4546 2713 4585 ne
2769 4530 2829 4585 in
2879 4530 3136 4587 convivio
3191 4531 3458 4589 Ecclesia:
3516 4522 3618 4589 aut
3673 4524 3829 4607 grati

423 4612 791 4686 temporalia.

496 4705 582 4783 1?.
617 4704 835 4783 Tamen
870 4703 922 4783 si
951 4720 1126 4783 quem
1157 4705 1331 4783 etiam
1382 4707 1498 4763 ista
1545 4709 1851 4783 delectent,
1884 4715 1956 4769 ab
2002 4733 2067 4770 eo

423 4775 785 4832 moderatius
834 4775 1109 4847 petantur
1154 4777 1255 4848 qui
1302 4795 1471 4834 verus
1503 4783 1765 4838 omnium
1800 4775 1928 4840 fons
1957 4792 2064 4843 est.

419 4865 565 4922 Nam
600 4868 657 4922 et
684 4863 816 4937 ipsa
846 4864 1161 4936 peculiaria
1186 4882 1335 4936 {quae
1368 4868 1480 4939 (48)
1513 4871 1811 4940 possidere
1841 4874 1951 4929 sibi
1986 4876 2065 4931 vi—

417 4954 590 5010 detur
620 4953 910 5021 diabolus,
944 4952 1133 5010 aliena
1162 4958 1319 5023 sunt,
1354 4955 1503 5011 sicut
1550 4959 1673 5031 ipse
1721 4962 1865 5019 dixit
1906 4983 1918 5020 :
1954 4966 2070 5021 Tibi

413 5040 551 5100 dabo
582 5048 894 5115 potestatem
932 5045 1078 5123 hunc
1114 5035 1429 5100 universam
1474 5054 1524 5102 et
1570 5050 1809 5117 gloriam
1854 5070 2063 5123 eorum,

415 5134 548 5201 quia
576 5134 718 5188 mihi
746 5134 948 5190 tradita.
977 5130 1105 5209 sunt
1134 5134 1290 5199 (Ibid.
1320 5136 1395 5206 9).
1436 5136 1519 5190 Ab
1569 5154 1634 5193 eo
1686 5156 1821 5211 ergo
1873 5160 2060 5215 spera,

490 5254 604 5334 (I‘I)
652 5257 796 5334 Edit.
849 5263 1157 5334 omneset
1203 5276 1344 5334 mss.
1378 5261 1513 5334 (duo
1562 5263 1711 5331 Vat.,
1762 5283 1833 5321 ne
1879 5271 2065 5327 videar

420 5329 654 5407 operire,
702 5332 811 5383 etc.
863 5329 1085 5386 Melius
1125 5348 1265 5387 mss.
1320 5333 1468 5401 Div.,
1527 5329 1783 5392 Flor.et
1833 5339 2058 5397 Laud...

463 5409 882 5552 ῗὸῐὲῗέἷὲέᾱίι.
916 5436 1134 5552 omnes.
1172 5475 1242 5531 At
1269 5493 1378 5532 ms.
1411 5475 1537 5552 Vat.
1574 5494 1727 5534 unus
1758 5483 1814 5552 et
1852 5480 2058 5552 Laud.,

421 5535 573 5613 Nam
598 5537 713 5608 ipsa
729 5546 994 5613 pecunia,
1024 5553 1077 5598 et
1123 5561 1263 5613 quae,
1297 5553 1405 5603 etc.
1440 5547 1565 5604 Vat.
1600 5566 1730 5607 vero
1761 5535 2055 5612 alter—Div:

421 5624 487 5667 ac
513 5605 689 5681 Flo'r.,
721 5605 858 5666 Nam
885 5616 934 5667 et
964 5605 1081 5684 ipsa
1104 5605 1446 5688 pecuniaria,
1479 5636 1616 5691 quae,
1649 5605 1759 5679 etc.

2178 4620 2387 4675 odores
2451 4618 2580 4687 tibi,
2652 4623 2753 4674 aut
2819 4618 3018 4676 dulces
3079 4620 3214 4692 cibi,
3282 4626 3385 4695 aut
3448 4620 3663 4679 diversi
3720 4638 3828 4694 po-

2176 4711 2294 4777 tus,
2364 4711 2464 4763 aut
2530 4706 2778 4763 convivae
2850 4707 3075 4765 nobiles
3149 4709 3366 4781 desint,
3450 4714 3551 4767 aut
3615 4710 3829 4767 decen-

2176 4800 2266 4853 tes
2313 4796 2589 4852 ministri.
2642 4795 2791 4862 Quid
2839 4796 3071 4853 Christo
3120 4796 3397 4868 nobilius,
3447 4798 3549 4872 qui
3593 4798 3655 4854 in
3685 4814 3829 4854 con-

2175 4885 2324 4941 vivio
2395 4884 2663 4942 Ecclesiae
2751 4889 2809 4940 et
2892 4885 3192 4942 ministrat
3252 4884 3321 4944 et
3403 4885 3834 4945 ministratur?

2177 4974 2355 5030 Istius
2403 4974 2654 5031 conviva:
2709 4974 3105 5032 recumbentis
3160 4982 3405 5034 annecte
3442 4978 3593 5037 198
3641 4980 3697 5033 te
3745 4975 3837 5033 la-

2176 5064 2304 5131 teri,
2339 5081 2403 5119 ac
2437 5072 2487 5118 le
2518 5063 2634 5119 Deo
2676 5063 2998 5136 conjunge;
3061 5081 3176 5122 non
3236 5060 3504 5123 fastidias
3555 5082 3835 5123 mensam

2176 5168 2353 5224 quam
2399 5151 2668 5207 Christus
2716 5150 2889 5225 elegit
2936 5152 3184 5212 dicens:
3232 5157 3460 5212 Introivi
3508 5157 3569 5212 in
3606 5156 3836 5219 hortum

2245 5276 2356 5347 (49)
2388 5276 2538 5331 Edit.
2592 5293 2817 5343 omnes,
2867 5277 3077 5334 crimen
3124 5296 3235 5336 non
3285 5282 3377 5347 sit,
3427 5284 3630 5337 contra
3675 5295 3827 5336 mss.

2173 5347 2370 5492 @6218).
2390 5418 2485 5492 Sic
2516 5419 2655 5474 edit.
2689 5418 2912 5492 antiqu.
2947 5436 3254 5492 eumrmss.
3278 5420 3410 5478 Vat.
3461 5439 3578 5479 uno
3607 5420 3731 5492 Div.
3768 5425 3832 5478 et

2172 5490 2579 5567 ἔλθῃς-βφπθ.
2615 5490 3368 5567 autem_‘cum_aliis,fratres
3399 5495 3529 5567 mei,
3563 5496 3628 5551 ut
3645 5491 3830 5560 etiam

2171 5560 2344 5629 LXX;
2377 5561 2546 5633 Vulg.
2579 5578 2733 5631 vero,
2768 5563 3099 5619 charissimi.
