4166 6154
329 292 461 356 345

1558 299 1661 363 DE
1704 298 1885 365 CAIN
1932 275 2033 366 s'r
2077 276 2282 373 AB‘EL
2330 306 2477 373 LIB.
2523 308 2571 373 I.

3666 328 3785 425 346

328 443 548 498 meum,
580 440 741 486 soror
774 443 895 488 mea
922 445 1148 504 sponsa,
1183 431 1521 491 vindemiavi
1544 436 1829 509 myrrham
1881 454 2004 494 eum
2031 439 2087 508 Α
2114 438 2239 499 loco
2268 443 2464 516 distet,
2494 449 2647 520 quod
2678 449 2781 509 illa
2810 449 3133 513 formarum
3189 456 3461 521 adultera
3510 468 3607 539 sit,
3667 472 3785 535 ista

327 519 685 575 aromatibus
712 521 894 587 meis;
918 521 1262 578 manducavi
1283 540 1484 595 panem
1517 543 1700 581 meum
1720 528 2013 583 cummelle
2122 533 2430 591 terrarum.
2464 519 2765 597 Elementa
2795 544 3074 614 concutit,
3107 562 3268 605 mare
3296 551 3509 625 sulcat,
3567 519 3783 623 terram?

328 624 481 677 meo,
511 611 565 664 et
595 609 713 665 bibi
740 610 932 664 vinum
963 627 1093 666 eum
1125 612 1265 668 lacte
1296 629 1412 669 meo
1442 615 1646 687 (Ibid.).
1694 616 1756 670 In
1815 616 2004 683 horto,

326 695 450 752 hoc
481 701 574 752 est
602 697 663 752 in
695 698 988 770 paradiso,
1018 704 1112 755 est
1169 701 1499 758 convivium
1556 705 1849 774 Ecclesiae,
1910 708 2009 763 ubi

327 788 464 843 erat
493 786 662 859 prius
692 788 898 855 Adam,
934 806 1119 862 quam
1153 796 1459 863 peccatum
1493 794 1898 851 committeret.
1926 796 2009 852 lbi

326 876 723 933 recumbebat
775 879 887 933 Eva
916 878 1272 953 priusquam
1303 881 1536 954 culpam
1569 889 1788 941 crearet
1817 889 1873 941 et
1901 903 2006 958 pa-

326 969 513 1023 reret.
547 965 632 1022 Ibi
661 966 1053 1024 vindemiabis
1101 970 1423 1043 myrrham,
1485 972 1596 1029 hoc
1651 979 1742 1030 est
1794 974 2009 1031 Christi

326 1057 710 1131 sepulturam
741 1078 756 1127 ;
780 1062 843 1114 ut
865 1058 1252 1132 consepultus
1265 1077 1397 1117 cum
1415 1061 1511 1118 illo
1525 1081 1628 1137 per
1644 1066 2004 1140 baptismum

324 1148 394 1204 in
413 1150 697 1214 mortem,
732 1149 1239 1221 quemadmodum
1276 1149 1372 1206 ille
1413 1154 1664 1210 surrexit
1717 1173 1786 1212 ex
1843 1176 2002 1215 mor-

326 1237 481 1302 tuis,
510 1240 571 1292 et
601 1240 665 1292 tu
712 1253 1010 1310 resurges.
1063 1237 1149 1293 Ibi
1199 1240 1586 1299 manducabis
1633 1262 1844 1316 panem
1901 1250 2001 1321 qui

326 1326 653 1384 conﬁrmat
668 1342 784 1403 ,σοι-
831 1325 1111 1383 hominis.
1148 1326 1261 1383 Mel
1292 1330 1579 1401 gustabis,
1609 1348 1724 1405 quo
1766 1337 2000 1393 tuorum

325 1416 642 1474 dulcescat
672 1418 906 1471 meatus
938 1415 1219 1471 faucium.
1250 1416 1465 1473 Vinum
1499 1420 1666 1476 bibes
1698 1438 1832 1479 cum
1854 1423 2001 1481 lacte

324 1506 444 1562 hoc
476 1508 570 1561 est
594 1521 732 1560 cum
793 1503 1101 1576 splendore
1154 1509 1212 1561 et
1243 1506 1615 1565 sinceritate:
1669 1511 1789 1567 sive
1844 1515 2001 1586 quod

325 1611 484 1664 pura
515 1592 866 1667 simplicitas
900 1594 977 1649 sit
1005 1620 1018 1662 ;
1051 1595 1171 1650 sive
1205 1597 1361 1668 quod
1384 1597 1761 1655 immaculata
1790 1603 1997 1673 gratia,

325 1700 463 1757 qua
496 1682 558 1739 in
616 1681 1031 1747 remissionem
1090 1684 1351 1740 sumitur
1407 1692 1818 1758 peccatorum;
1879 1690 2000 1747 sive

324 1774 491 1846 quod
523 1770 804 1845 parvulos
835 1772 1253 1829 consolationis
1284 1791 1404 1830 suae
1445 1774 1621 1832 Iactet
1668 1778 1949 1836 uberibus
1982 1799 1994 1849 ;

324 1866 417 1934 ut,
451 1861 730 1919 ablactati
764 1861 824 1916 in
873 1860 1119 1930 deliciis,
1148 1863 1209 1918 in
1241 1863 1671 1936 plenitudinem
1731 1867 1995 1939 perfectae

324 1950 522 2009 atatis
552 1949 914 2007 adolescant.
949 1951 1207 2008 Succede
1237 1969 1374 2026 ergo
1404 1953 1463 2008 in
1495 1954 1604 2010 hoc
1644 1955 1994 2015 convivium.

324 2047 421 2096 An
454 2040 674 2097 metuis
703 2056 777 2096 ne
811 2039 1114 2112 angustior
1143 2041 1360 2097 domus
1412 2046 1469 2097 et
1496 2043 1691 2100 brevis
1750 2045 1994 2101 convivii

324 2131 583 2188 locusta
640 2127 1115 2202 comprimatPO
1164 2129 1365 2197 Israel,
1414 2148 1592 2202 quam
1636 2149 1850 2205 magna
1908 2139 1997 2191 est

327 2221 546 2278 domus
575 2217 910 2284 domini,'et
939 2218 1144 2291 ingens
1173 2217 1341 2274 locus
1372 2221 1767 2291 possessionis
1823 2224 1951 2293 ejus
1977 2224 1989 2278 l

330 2310 602 2383 Magnus,
644 2311 704 2363 et
734 2324 852 2362 non
885 2306 1063 2362 habet
1091 2306 1296 2375 ﬁnem,
1341 2306 1492 2363 altus
1550 2312 1607 2364 et
1665 2309 1993 2368 immensus

330 2400 594 2472 (Bai-uela.
625 2415 712 2465 In,
734 2398 829 2464 24,
856 2396 969 2469 25).
1004 2396 1089 2452 Ibi
1121 2396 1363 2452 fuerunt
1416 2397 1686 2470 gigantes
1742 2397 1849 2467 illi,
1891 2400 1989 2472 qui

325 2489 403 2546 ab
436 2488 602 2544 initio
631 2488 873 2544 fuerunt
902 2488 1130 2542 statura
1158 2502 1378 2560 magna
1419 2486 1670 2543 scientes
1726 2486 1991 2559 prazlium

323 2579 453 2636 Non
487 2577 596 2634 hos
624 2575 803 2648 elegit
834 2574 1138 2645 Dominus,
1173 2578 1231 2629 et
1259 2574 1467 2630 merito
1497 2593 1613 2631 non
1645 2575 1837 2649 elegit,
1855 2577 1993 2649 quia

322 2666 617 2742 praelium,
651 2681 772 2720 non
803 2679 1005 2736 pacem
1039 2663 1323 2719 sciebant.
1357 2663 1426 2718 Et
1478 2663 1608 2720 ideo
1662 2668 1726 2718 tu
1786 2681 1988 2736 pacem

321 2759 509 2828 disce,
540 2762 607 2812 ut
635 2754 873 2828 eligeris
904 2770 938 2809 a
966 2752 1102 2809 Deo.
1136 2752 1249 2809 Sed
1308 2769 1382 2809 ne
1439 2752 1585 2808 forte
1625 2753 1986 2826 incomptam

326 2850 543 2906 domus
575 2842 1051 2919 magnitudinem
1082 2846 1277 2914 putes,
1305 2844 1361 2897 et
1399 2841 1718 2911 diversoria
1773 2847 1829 2898 te
1887 2861 1986 2901 co-

320 2939 595 2997 lumnata
634 2934 961 2992 delectent:
1022 2930 1317 3004 sapientia
1368 2931 1675 2987 aadificavit
1720 2931 1831 2987 sibi
1883 2933 1984 2989 do-

323 3047 512 3098 mum,
546 3031 604 3083 et
636 3023 803 3081 fulsit
833 3022 941 3095 (21)
969 3020 1277 3076 columnas
1331 3024 1574 3091 septem.
1622 3022 1749 3093 Ipse
1806 3022 1982 3079 etiam

2121 620 2338 690 eii'odit,
2372 625 2582 683 ccelum
2607 630 2761 686 votis
2802 630 3024 703 fatigat,
3058 650 3163 690 nec
3188 653 3396 697 sereno
3456 620 3621 719 grata

2119 710 2345 779 nubilo,
2378 716 2533 772 194
2562 719 2919 775 condemnat
2949 728 3265 793 proventus
3294 710 3549 807 annuos,
3600 742 3782 801 fetus-

2119 805 2533 869 queterrarum
2562 809 2778 881 arguit.
2812 810 2927 865 Sed
2960 809 3083 867 hinc
3112 816 3398 886 aegritudo
3430 805 3779 900 estianimae.

2119 906 2232 946 non
2264 892 2506 951 sanitas.
2559 897 2824 970 Denique
2856 898 3238 961 Ecclesiastes
3270 908 3453 972 dicit:
3515 921 3607 976 Est
3655 892 3778 980 tan;

2113 997 2251 1051 guor
2280 984 2461 1038 malus
2480 1000 2639 1056 quem
2670 988 2790 1043 vidi
2823 988 2927 1043 sub
2976 992 3105 1059 sole,
3155 992 3378 1055 divitias
3423 1013 3692 1067 custodiri
3720 1016 3781 1068 in

2113 1072 2321 1171 niuium
2348 1074 2673 1144 possidentis
2692 1093 2788 1133 eas
2821 1078 3020 1149 (Eccle.
3052 1098 3102 1149 v,
3139 1084 3248 1157 12).
3295 1088 3366 1145 Et
3412 1111 3622 1170 supra:
3672 1103 3779 1171 Qui

2114 1157 2301 1261 diligit
2360 1166 2667 1232 argentum,
2699 1182 2813 1221 non
2866 1168 3163 1226 satiabitur
3212 1186 3440 1245 argento
3488 1157 3648 1258 (Ibid.
3676 1157 3771 1261 πθ).

2205 1262 2218 1303 :
2249 1247 2484 1349 Necest‘
2504 1252 2630 1321 ﬁnis
2658 1257 3051 1328 acquisitionis
3069 1276 3256 1319 eorum
3286 1246 3637 1347 (Barucban,
3663 1246 3773 1349 18).

2113 1335 2173 1390 Si
2203 1337 2414 1407 quaeris
2443 1339 2771 1412 thesauros,
2812 1347 3013 1419 accipe
3043 1335 3367 1415 invisibiles
3418 1368 3475 1419 et
3517 1335 3773 1424 occultos

2112 1437 2259 1493 quos
2290 1423 2348 1478 in
2380 1425 2510 1481 caeli
2533 1428 2867 1495 altissimis,
2920 1450 3037 1490 non
3070 1454 3216 1510 quos
3248 1443 3307 1499 in
3340 1452 3626 1510 terrarum
3675 1423 3773 1512 ve-

2110 1509 2203 1566 nis
2234 1513 2518 1584 requiras.
2552 1517 2687 1573 Esto
2738 1536 2974 1593 pauper
3029 1509 3258 1598 spiritu,
3322 1539 3381 1590 et
3438 1541 3552 1596 eris
3609 1509 3773 1601 dives

2110 1598 2506 1673 qualicunque
2538 1620 2753 1675 censu;
2788 1609 2936 1681 quia
2966 1628 3081 1669 non
3110 1615 3169 1671 in
3203 1620 3566 1685 abundantia
3624 1632 3771 1688 divi-

2108 1685 2325 1742 tiarum
2365 1689 2482 1745 vita
2509 1696 2596 1747 est
2654 1694 2943 1765 hominis,
3000 1704 3099 1757 sed
3159 1704 3217 1760 in
3274 1710 3492 1771 virtute
3540 1734 3604 1773 ac
3635 1720 3767 1776 ﬁde.

2110 1773 2238 1830 Istae
2266 1779 2322 1831 te
2352 1777 2561 1834 divitiae
2611 1798 2816 1840 verum
2870 1785 3109 1846 divitem
3166 1794 3406 1870 facient,
3461 1803 3510 1858 si
3570 1805 3650 1861 sis
3687 1773 3770 1865 vin

2105 1861 2293 1919 Deum
2325 1865 2504 1923 dives.

2739 1988 2982 2048 CAPUT
3028 1994 3122 2052 VI.

2110 2069 2573 2174 “iiii-@3243?
2594 2077 2874 2174 £55390”
2887 2092 3234 2174 fo'Z'Pmri-
3269 2093 3391 2174 Ηοσ.
3414 2098 3622 2174 [αεοθί.
3671 2104 3771 2174 qui

2495 2146 2819 2234 fratrem
2838 2140 3234 2234 puemitia;
3567 2140 3764 2229 eieci):

2409 2211 2641 2306 mystica
2698 2219 2763 2274 de
2813 2211 3515 2306 AbréaaazjﬁboE/kéfa?

2175 2280 2382 2338 duobus
2408 2280 2679 2355 fratribus
2705 2280 3082 2363 exponuntur.

2297 2399 2528 2456 Audisti
2586 2404 2909 2478 voluptatis
2960 2418 3259 2488 mysteria,
3321 2422 3535 2481 audisti
3584 2429 3758 2489 etiam

2101 2483 2398 2592 popiarum
2431 2494 2760 2589 nostrarum
2794 2514 3068 2574 munera,
3101 2524 3247 2580 quas
3278 2525 3386 2581 ego
3418 2530 3532 2570 non
3564 2518 3759 2592 supel-

2100 2571 2279 2665 lectili
2312 2575 2685 2653 Operiendas,
2722 2586 2821 2641 sed
2882 2571 3193 2665 Scriptura
3253 2571 3431 2656 nudis
3472 2571 3754 2664 εει-ω(ζηί-

2097 2660 2751 2770 ὺιιειάθξηοηειιιεξηᾶθε,
2782 2679 2984 2748 putavi
3006 2660 3112 2750 {ut
3139 2687 3538 2761 suaipsaluce

2098 2754 2248 2844 rent,
2274 2758 2332 2809 et
2362 2772 2430 2812 ex
2462 2774 2523 2814 se
2551 2759 2692 2833 ipsae
2723 2780 2927 2823 vocem
2962 2773 3295 2833 emitterent
3338 2778 3431 2835 sui
3480 2754 3745 2844 invicem.

2096 2839 2296 2942 'Neq‘ue
2326 2845 2483 2942 enim
2516 2848 2602 2905 sol
2634 2855 2696 2942 et
2719 2851 2865 2942 luna
2915 2857 3231 2936 interprete
3292 2867 3573 2942 indigent.

2092 2929 2235 3031 bent
2260 2930 2637 3031 interpretem
2673 2939 2962 3031 fulgorem
2997 2929 3091 3007 sui
3120 2952 3387 3028 luminis,
3419 2929 3537 3031 quo
3590 2929 3748 3024 totus

2094 3018 2353 3114 repletus
2384 3026 2541 3083 orbis
2572 3031 2679 3084 est.
2717 3027 2837 3086 Illis
2875 3033 3229 3100 illuminatio
3288 3018 3385 3100 est
3434 3018 3578 3107 ades
3622 3018 3748 3114 si};

320 3119 614 3179 Dominus
644 3113 823 3170 Jesus
866 3108 1084 3166 multas
1150 3107 1490 3165 mansiones
1538 3110 1692 3182 apud
1750 3110 1979 3169 Patrem
2011 3175 2053 3214 ρ
2091 3107 2302 3214 indice,
2337 3116 2628 3186 quaedam,
2661 3121 2725 3173 ut
2755 3118 2834 3175 ita
2864 3121 3080 3198 dicam,
3120 3130 3395 3191 intestata
3422 3139 3588 3195 testis
3619 3158 3744 3214 quae

322 3175 354 3179 ἡ
385 3175 394 3177 ἡ
1574 3175 1593 3182 -
2290 3175 2297 3179 ’
2352 3175 2372 3183 ’
2616 3175 2627 3186 ’
2875 3175 3080 3198 ”“⁷”···’
3120 3175 3395 3191 ⁶¹⁴ννυν“ν“
3425 3175 3588 3195 “Nva
3663 3175 3744 3199 ua:

322 3225 500 3266 suum
563 3220 695 3261 esse
754 3201 1178 3257 commemorat
1233 3200 1412 3266 (Joan.
1462 3215 1577 3253 xxv.
1624 3196 1701 3271 2).
1753 3200 1815 3255 In
1874 3202 1980 3258 hac
2011 3175 2054 3243 (ἶ
2092 3197 2282 3254 alieno
2314 3217 2429 3257 non
2458 3204 2681 3279 indiget
2710 3209 3071 3286 testimonio,
3104 3224 3171 3276 ut
3196 3222 3391 3279 subito
3422 3241 3483 3281 se
3514 3175 3745 3287 uniter-

317 3316 462 3373 ergo
492 3297 670 3352 domo
702 3288 1033 3364 epulaberis
1054 3287 1265 3343 animm
1289 3287 1471 3353 cibos,
1496 3291 1786 3362 potusque
1823 3307 1982 3347 men—

311 3388 436 3457 tis;
469 3389 537 3441 ut
565 3386 770 3457 postea
799 3396 915 3436 non
946 3376 1194 3442 esurias,
1226 3391 1418 3448 neque
1473 3376 1640 3433 sitias
1693 3395 1975 3451 unquam.

314 3478 429 3546 Qui
462 3476 619 3534 enim
650 3471 988 3536 manducat,
1023 3467 1344 3523 mauducat
1370 3481 1558 3537 usque
1606 3467 1678 3521 ad
1737 3467 1976 3527 satieta-

313 3574 472 3627 tem:
504 3569 563 3622 et
586 3562 687 3636 qui
720 3559 887 3627 bibit,
922 3572 1110 3630 usque
1141 3556 1212 3641 ad
1253 3553 1594 3610 ebrietatem
1625 3554 1795 3612 bibit.

388 3658 482 3714 20.
517 3654 630 3713 Sed
670 3652 793 3707 haec
823 3647 1071 3704 ebrietas
1103 3641 1399 3718 pudicitiae
1430 3647 1628 3700 custos
1686 3649 1777 3701 est
1810 3664 1823 3703 :
1875 3648 1977 3705 illa

311 3747 440 3806 vini
470 3743 723 3801 ebrietas
756 3740 940 3795 fomes
968 3734 1254 3802 libidinis,
1287 3748 1404 3805 quo
1433 3749 1539 3805 per
1566 3750 1771 3791 carnes
1800 3753 1976 3811 vapo-

316 3840 532 3896 rantur
579 3832 810 3888 interna
864 3827 1108 3891 viscera,
1163 3822 1401 3879 animus
1452 3822 1721 3895 ignescit,
1777 3827 1978 3886 anima

319 3926 607 3988 exuritur.
667 3922 864 3977 Saevus
930 3913 1245 3971 criminum
1297 3910 1577 3969 stimulus
1633 3912 1812 3971 libido
1866 3922 1974 3994 est,

298 4034 435 4091 qua:
468 4026 772 4084 nunquam
801 4021 1037 4074 manere
1086 4003 1355 4076 quietum
1399 4001 1622 4073 patitur
1679 4005 1951 4065 aﬂectum

303 4108 480 4164 nocte
508 4103 711 4169 fervet,
744 4096 839 4154 die
868 4093 1106 4152 anhelat
1140 4133 1154 4159 ,
1184 4092 1259 4148 de
1290 4106 1520 4147 sommo
1550 4091 1786 4161 excitat,
1819 4112 1854 4150 a
1882 4097 1976 4170 ne:

301 4194 465 4270 gotio
493 4188 751 4256 abducit,
785 4203 820 4242 a
848 4185 1074 4241 ratione
1097 4182 1353 4250 revocat,
1385 4179 1576 4236 aufert
1630 4183 1968 4272 consilium,

302 4269 571 4342 amantes
589 4276 901 4350 inquietat,
937 4274 1136 4346 lapsos
1179 4269 1445 4336 inclinat,
1491 4270 1672 4327 castis
1727 4269 1971 4331 insidia;

288 4360 424 4442 itur,
444 4368 730 4444 potiendo
748 4365 1097 4429 inﬂammat,
1117 4374 1351 4433 usuque
1373 4360 1731 4416 accenditur.
1758 4362 1968 4421 Nullus

296 4459 591 4537 peccandi
650 4456 878 4525 modus,
929 4457 989 4509 et
1047 4447 1418 4523 inexplebilis
1475 4448 1762 4506 scelerum
1820 4451 1962 4522 sitit,

2092 3305 2294 3345 eorum
2326 3292 2510 3350 oculis
2541 3295 2806 3353 etl'undit.
2843 3300 2970 3360 Non
2993 3324 3128 3382 ergo
3161 3311 3509 3370 nuntiantur
3566 3334 3741 3392 opera

2089 3381 2308 3446 nostra,
2342 3382 2443 3436 sed
2476 3383 2752 3452 clamant,
2785 3391 2842 3443 et
2870 3407 2932 3447 se
2964 3381 3094 3467 ipsa
3121 3401 3416 3457 nuntiant.
3466 3381 3622 3464 Sane
3677 3414 3741 3467 ut

2088 3470 2147 3523 et
2176 3466 2285 3522 hoc
2316 3471 2470 3539 quod
2501 3472 2859 3532 laboriosum
2923 3466 3005 3537 in,
3043 3489 3257 3545 nostris
3316 3481 3567 3561 ducitur,
3621 3516 3735 3557 non

2085 3558 2446 3657 praeteream,
2506 3561 2964 3657 ﬁdes_exigilur,
3027 3577 3290 3633 studium
3345 3558 3730 3657 desideratur,

2086 3644 2239 3699 facta
2268 3653 2629 3717 quaeruntur.
2665 3649 2766 3705 His
2791 3653 2950 3712 enim
2981 3662 3168 3719 tribus
3223 3665 3508 3726 Dominus
3558 3644 3731 3735 Jesus

2086 3734 2410 3793 devotionis
2441 3736 2712 3795 humanae
2745 3740 2939 3799 ofﬁcia
2969 3747 3231 3808 deﬁnivit
3261 3754 3496 3813 dicens:
3531 3762 3724 3836 Petita,

2085 3830 2137 3882 et
2166 3826 2388 3883 dabitur
2415 3831 2564 3885 vobis
2596 3846 2608 3884 :
2641 3832 2892 3901 quaerite,
2919 3839 2973 3890 et
2998 3839 3287 3896 invenietis
3318 3859 3330 3897 :
3380 3848 3615 3918 pulsate,
3672 3826 3726 3910 et

2085 3917 2365 3989 aperietur
2395 3919 2541 3973 vobis
2584 3917 2790 3991 (Matth.
2846 3937 2944 3992 vn,
3004 3926 3079 3998 7),
3141 3927 3207 3984 Et
3258 3931 3411 3987 infra
3460 3950 3472 3989 :
3535 3917 3723 3998 omnis

2084 4022 2212 4076 ergo
2242 4008 2340 4077 qui
2367 4008 2519 4062 audit
2550 4008 2867 4097 verbagmea
2913 4010 3049 4085 haec,
3110 4020 3163 4071 et
3207 4019 3341 4089 facit
3384 4037 3468 4094 ea,
3519 4026 3721 4097 similis

2085 4100 2165 4152 est
2184 4098 2300 4152 viro
2329 4099 2570 4169 sapienti
2601 4095 2756 4168 (Ibid.
2785 4100 2898 4169 24).

2152 4186 2242 4242 23.
2275 4185 2407 4243 Haec
2439 4186 2538 4259 qui
2561 4185 2817 4243 studiose
2848 4189 3024 4247 fuerit
3048 4201 3411 4267 prosecutus,
3432 4202 3718 4274 primatus

2079 4274 2501 4332 benedictionis
2533 4274 2794 4348 accipiet,
2827 4278 2973 4333 sicut
3005 4282 3335 4352 patriarcha
3362 4287 3562 4362 Jacob,
3617 4299 3719 4369 qui

2078 4364 2438 4422 continentia
2465 4368 2522 4419 et
2551 4364 2664 4419 ﬁde
2688 4362 3081 4425 humanarum
3111 4372 3503 4446 supplantavit
3544 4362 3720 4442 ves-ti;

2076 4453 2174 4526 gia
2202 4452 2564 4527 passionum.
2617 4454 2728 4508 Iste
2759 4452 2876 4510 ait:
2909 4458 3343 4520 Misericordium
3384 4470 3495 4525 mei
3529 4471 3720 4532 habuit

305 4551 427 4608 nisi
460 4550 647 4606 morte
667 4542 918 4602 amantis
966 4538 1227 4613 extingui
1263 4553 1382 4594 non
1442 4541 1652 4610 potest.
1711 4541 1774 4595 Et
1828 4540 1958 4598 ideo
1989 4549 2037 4614 Ι)
2068 4545 2226 4612 Deus,
2260 4547 2310 4598 et
2337 4550 2463 4597 sunt
2492 4543 2635 4598 mihi
2674 4545 2859 4599 omnia
2917 4546 3070 4617 (Gen.
3134 4568 3332 4622 χχχιιι,
3388 4555 3412 4612 4
3427 4556 3499 4629 1).
3559 4560 3718 4619 Hanc

301 4641 385 4697 ait
411 4636 722 4712 Apostolus
746 4652 760 4690 :
790 4634 977 4704 Fugite
998 4629 1427 4703 fornicationem
1455 4628 1504 4699 (I
1529 4631 1653 4685 Cor.
1687 4646 1765 4696 v1,
1827 4631 1915 4703 18)
1940 4649 1952 4700 ;

301 4734 372 4785 ut
400 4727 581 4783 veloci
611 4726 751 4798 fuga
776 4727 1061 4794 tanquam
1093 4716 1607 4776 furiosaedominae
1662 4718 1957 4781 declinare

300 4816 607 4881 saevitiam,
639 4818 696 4871 et
723 4817 871 4869 tetro
901 4810 1139 4867 servitio
1165 4808 1321 4865 exire
1345 4807 1665 4880 possimus.

368 4907 465 4961 21.
494 4904 640 4960 Nam
670 4902 809 4975 quid
838 4892 919 4956 de
943 4898 1186 4955 avaritia
1215 4897 1428 4965 dicam,
1471 4896 1793 4955 insatiabili
1853 4916 1952 4972 pe-

296 4994 485 5053 cunia
517 4992 854 5066 cupiditate,
883 4994 943 5046 et
973 4988 1230 5061 quadam
1262 4985 1394 5043 ieris
1426 4985 1822 5060 libidine,quae
1835 5005 1950 5061 quo

289 5083 473 5159 plura
501 5071 823 5148 abstulerit,
856 5095 923 5135 eo
953 5077 1144 5150 magis
1176 5076 1415 5149 inopem
1446 5092 1575 5133 esse
1604 5094 1668 5133 se
1719 5078 1951 5134 credit?

291 5158 587 5230 Omnibus
608 5169 818 5236 invida,
843 5162 955 5237 sibi
983 5165 1137 5234 vilis,
1162 5166 1221 5222 in
1249 5166 1501 5222 summis
1517 5166 1735 5222 divitiis
1756 5167 1948 5240 inops,

291 5262 507 5319 affectu
537 5262 807 5315 extenuat
830 5258 985 5330 quod
1026 5272 1207 5313 censu
1256 5255 1537 5313 abundat.
1588 5256 1796 5313 Nullus
1852 5275 1939 5313 ra-

2067 4633 2269 4705 itaque
2302 4631 2766 4688 misericordiam
2790 4651 2896 4689 nos
2928 4635 3063 4707 ﬁde,
3097 4641 3294 4698 studio
3325 4646 3716 4721 operibusque

2065 4737 2420 4786 mereamur,
2454 4720 2671 4792 quibus
2701 4720 3029 4796 disciplinis
3074 4726 3295 4786 invenit
3353 4733 3529 4789 Israel
3580 4720 3711 4807 gra-

2062 4808 2205 4865 tiam
2238 4809 2361 4878 Dei,
2394 4813 2451 4865 ct
2481 4826 2584 4882 per
2606 4809 2797 4884 ipsam
2851 4813 3069 4870 omnia.
3130 4816 3251 4872 Non
3311 4821 3465 4875 enim
3506 4824 3709 4879 mundi

2062 4899 2241 4971 hujus
2271 4899 2489 4972 copias,
2522 4900 2621 4957 sed
2651 4900 2932 4957 virtutum
2966 4902 3304 4975 disciplinas
3335 4907 3445 4962 sibi
3490 4926 3708 4983 suppe-

2061 4990 2182 5046 tere
2211 4988 2522 5062 gaudebat.
2556 4989 2673 5047 Has
2726 4990 2894 5046 nobis
2951 4992 3379 5050 substituamus
3425 4994 3704 5069 haeredes,

2063 5096 2211 5151 quas
2242 5083 2480 5135 sanctus
2510 5078 2804 5136 Abraham
2833 5080 2891 5134 in
2926 5079 3085 5135 Isaac
3116 5081 3238 5135 ﬁlio
3263 5099 3368 5138 suo
3399 5082 3706 5144 substituit

2061 5166 2194 5233 sibi,
2226 5184 2457 5223 omnem
2488 5184 2729 5240 operum
2773 5184 3013 5223 suorum
3072 5168 3357 5240 deputans
3404 5171 3703 5232 hzeredita-

2058 5260 2175 5312 tem
2208 5256 2455 5329 sapienti
2484 5261 2541 5312 ct
2555 5258 2720 5329 justo
2750 5256 2893 5326 viro,
2926 5272 3030 5310 nec
3062 5255 3248 5313 ullum
3299 5260 3403 5330 jus
3459 5262 3700 5321 haeredi-

290 5349 493 5423 piendi
536 5349 765 5416 modus,
813 5347 915 5403 ubi
964 5346 1130 5403 nulla
1187 5361 1465 5403 mensura
1503 5345 1796 5418 cupiendi.
1851 5346 1947 5403 Sic
2056 5345 2273 5401 tarium
2306 5344 2532 5401 ancillis
2561 5343 2648 5399 vel
2680 5343 3023 5399 ancillarum
3066 5343 3203 5401 ﬁliis
3263 5347 3696 5426 derelinquens,

289 5438 626 5495 inflammat
644 5440 927 5505 animum,
962 5434 1048 5492 sic
1075 5437 1212 5509 igne
1239 5435 1547 5508 suopascit
1568 5451 1724 5503 eum,
1747 5439 1813 5491 ut
1835 5435 1945 5492 hoc
2055 5435 2158 5491 sed
2213 5432 2619 5491 tantummodo
2678 5432 3007 5489 donationis
3062 5450 3330 5493 munera.

3429 5443 3696 5500 Perfectae

362 5580 684 5675 (21)"Edit,
707 5584 769 5675 ἐξ
820 5581 1068 5675 κυμβία.
1111 5579 1286 5675 Mss”
1337 5582 1401 5638 Et
1453 5579 1629 5651 fulsit.
1671 5578 1889 5675 l‘lempe
1943 5596 1982 5636 e:

2099 5577 2190 5636 XX
2268 5578 2536 5649 Interpr.,
2612 5575 2707 5631 ubi
2794 5574 3010 5652 legitur
3064 5589 3148 5637 ut
3198 5587 3428 5654 ὑπήρεισε
3486 5594 3696 5657 στύλου;

293 5652 439 5715 iure.
462 5652 665 5726 Vulg,
696 5655 769 5709 Et
800 5652 1029 5724 excidit,
1077 5655 1186 5711 etc.
