  <div class='ocr_page' id='page_1' title='image "/cluster/home/n/w/nwhite01/storage/ocr_20150623/14/hvd.32044048207138/179.png"; bbox 0 0 4084 6188; ppageno 0'>
   <div class='ocr_carea' id='block_1_1' title="bbox 466 392 582 458">
    <p class='ocr_par' dir='ltr' id='par_1_1' title="bbox 466 392 582 458">
     <span class='ocr_line' id='line_1_1' title="bbox 466 392 582 458; baseline 0 -1"><span class='ocrx_word' id='word_1_1' title='bbox 466 392 582 458; x_wconf 76' lang='grc'>347</span> 
     </span>
    </p>
   </div>
   <div class='ocr_carea' id='block_1_2' title="bbox 1927 391 2408 461">
    <p class='ocr_par' dir='ltr' id='par_1_2' title="bbox 1927 391 2408 461">
     <span class='ocr_line' id='line_1_2' title="bbox 1927 391 2408 461; baseline 0.01 -4"><span class='ocrx_word' id='word_1_2' title='bbox 1927 391 1990 457; x_wconf 73' lang='grc' dir='ltr'>ε.</span> <span class='ocrx_word' id='word_1_3' title='bbox 2037 392 2408 461; x_wconf 76' lang='lat' dir='ltr'>AMBROSlI</span> 
     </span>
    </p>
   </div>
   <div class='ocr_carea' id='block_1_3' title="bbox 3746 400 3863 467">
    <p class='ocr_par' dir='ltr' id='par_1_3' title="bbox 3746 400 3863 467">
     <span class='ocr_line' id='line_1_3' title="bbox 3746 400 3863 467; baseline -0.009 0"><span class='ocrx_word' id='word_1_4' title='bbox 3746 400 3863 467; x_wconf 69' lang='lat'>348</span> 
     </span>
    </p>
   </div>
   <div class='ocr_carea' id='block_1_4' title="bbox 460 531 2092 620">
    <p class='ocr_par' dir='ltr' id='par_1_4' title="bbox 460 541 2092 620">
     <span class='ocr_line' id='line_1_4' title="bbox 460 541 2092 620; baseline 0.002 -19"><span class='ocrx_word' id='word_1_5' title='bbox 460 542 615 601; x_wconf 90' lang='lat' dir='ltr'>enim</span> <span class='ocrx_word' id='word_1_6' title='bbox 638 543 882 602; x_wconf 80' lang='lat' dir='ltr'>virtutes</span> <span class='ocrx_word' id='word_1_7' title='bbox 912 547 1101 602; x_wconf 90' lang='lat' dir='ltr'>totum</span> <span class='ocrx_word' id='word_1_8' title='bbox 1120 542 1415 618; x_wconf 88' lang='lat' dir='ltr'>accipiunt</span> <span class='ocrx_word' id='word_1_9' title='bbox 1435 541 1632 619; x_wconf 87' lang='lat' dir='ltr'>gloria</span> <span class='ocrx_word' id='word_1_10' title='bbox 1656 544 2092 620; x_wconf 85' lang='lat' dir='ltr'>patrimonium,</span> 
     </span>
    </p>
   </div>
   <div class='ocr_carea' id='block_1_5' title="bbox 2204 531 3867 620">
    <p class='ocr_par' dir='ltr' id='par_1_5' title="bbox 2212 531 3867 611">
     <span class='ocr_line' id='line_1_5' title="bbox 2212 531 3867 611; baseline 0.003 -23"><span class='ocrx_word' id='word_1_11' title='bbox 2212 532 2390 590; x_wconf 88' lang='lat' dir='ltr'>ctibus</span> <span class='ocrx_word' id='word_1_12' title='bbox 2437 535 2602 594; x_wconf 75' lang='lat' dir='ltr'>terra</span> <span class='ocrx_word' id='word_1_13' title='bbox 2660 549 2863 593; x_wconf 85' lang='lat' dir='ltr'>munus</span> <span class='ocrx_word' id='word_1_14' title='bbox 2911 532 3138 593; x_wconf 89' lang='lat' dir='ltr'>Domino</span> <span class='ocrx_word' id='word_1_15' title='bbox 3180 533 3332 609; x_wconf 86' lang='lat' dir='ltr'>(Gen,</span> <span class='ocrx_word' id='word_1_16' title='bbox 3380 550 3454 593; x_wconf 75' lang='lat' dir='ltr'>xv.</span> <span class='ocrx_word' id='word_1_17' title='bbox 3498 532 3573 609; x_wconf 90' lang='lat'>3).</span> <span class='ocrx_word' id='word_1_18' title='bbox 3640 531 3867 611; x_wconf 82' lang='lat' dir='ltr'>Duplex</span> 
     </span>
    </p>
   </div>
   <div class='ocr_carea' id='block_1_6' title="bbox 460 632 2108 709">
    <p class='ocr_par' dir='ltr' id='par_1_6' title="bbox 460 632 2108 709">
     <span class='ocr_line' id='line_1_6' title="bbox 460 632 2108 709; baseline 0.001 -20"><span class='ocrx_word' id='word_1_19' title='bbox 460 633 693 690; x_wconf 75' lang='lat' dir='ltr'>usitatis</span> <span class='ocrx_word' id='word_1_20' title='bbox 724 638 781 690; x_wconf 90' lang='lat' dir='ltr'>et</span> <span class='ocrx_word' id='word_1_21' title='bbox 811 636 1205 691; x_wconf 82' lang='lat' dir='ltr'>mediocribus</span> <span class='ocrx_word' id='word_1_22' title='bbox 1231 632 1344 689; x_wconf 82' lang='lat' dir='ltr'>vile</span> <span class='ocrx_word' id='word_1_23' title='bbox 1374 634 1596 706; x_wconf 89' lang='lat' dir='ltr'>aliquid</span> <span class='ocrx_word' id='word_1_24' title='bbox 1630 635 1981 709; x_wconf 79' lang='lat' dir='ltr'>aspergitur.</span> <span class='ocrx_word' id='word_1_25' title='bbox 2042 638 2108 691; x_wconf 86' lang='lat' dir='ltr'>Et</span> 
     </span>
    </p>
   </div>
   <div class='ocr_carea' id='block_1_7' title="bbox 460 723 2104 798">
    <p class='ocr_par' dir='ltr' id='par_1_7' title="bbox 460 723 2104 798">
     <span class='ocr_line' id='line_1_7' title="bbox 460 723 2104 798; baseline 0.002 -20"><span class='ocrx_word' id='word_1_26' title='bbox 460 723 591 779; x_wconf 91' lang='lat' dir='ltr'>ideo</span> <span class='ocrx_word' id='word_1_27' title='bbox 621 727 796 796; x_wconf 85' lang='lat' dir='ltr'>Agar,</span> <span class='ocrx_word' id='word_1_28' title='bbox 829 741 955 796; x_wconf 80' lang='lat' dir='ltr'>quae</span> <span class='ocrx_word' id='word_1_29' title='bbox 985 724 1194 777; x_wconf 83' lang='lat' dir='ltr'>advena</span> <span class='ocrx_word' id='word_1_30' title='bbox 1238 723 1438 779; x_wconf 85' lang='lat' dir='ltr'>Latine</span> <span class='ocrx_word' id='word_1_31' title='bbox 1460 724 1675 779; x_wconf 91' lang='lat' dir='ltr'>dicitur</span> <span class='ocrx_word' id='word_1_32' title='bbox 1706 729 1878 798; x_wconf 89' lang='lat' dir='ltr'>atque</span> <span class='ocrx_word' id='word_1_33' title='bbox 1903 726 2104 792; x_wconf 81' lang='lat' dir='ltr'>accola,</span> 
     </span>
    </p>
   </div>
   <div class='ocr_carea' id='block_1_8' title="bbox 461 811 2107 884">
    <p class='ocr_par' dir='ltr' id='par_1_8' title="bbox 461 811 2107 884">
     <span class='ocr_line' id='line_1_8' title="bbox 461 811 2107 884; baseline 0.001 -17"><span class='ocrx_word' id='word_1_34' title='bbox 461 816 520 868; x_wconf 89' lang='lat' dir='ltr'>et</span> <span class='ocrx_word' id='word_1_35' title='bbox 575 812 844 879; x_wconf 87' lang='lat' dir='ltr'>Cethura,</span> <span class='ocrx_word' id='word_1_36' title='bbox 902 829 1024 884; x_wconf 82' lang='lat' dir='ltr'>qua</span> <span class='ocrx_word' id='word_1_37' title='bbox 1080 811 1355 881; x_wconf 75' lang='lat' dir='ltr'>odori/era</span> <span class='ocrx_word' id='word_1_38' title='bbox 1411 811 1792 884; x_wconf 74' lang='lat' dir='ltr'>signiﬁcatur,</span> <span class='ocrx_word' id='word_1_39' title='bbox 1850 814 2107 869; x_wconf 85' lang='lat' dir='ltr'>haredes</span> 
     </span>
    </p>
   </div>
   <div class='ocr_carea' id='block_1_9' title="bbox 462 899 2105 973">
    <p class='ocr_par' dir='ltr' id='par_1_9' title="bbox 462 899 2105 973">
     <span class='ocr_line' id='line_1_9' title="bbox 462 899 2105 973; baseline 0 -16"><span class='ocrx_word' id='word_1_40' title='bbox 462 918 576 957; x_wconf 90' lang='lat' dir='ltr'>non</span> <span class='ocrx_word' id='word_1_41' title='bbox 610 905 764 957; x_wconf 90' lang='lat' dir='ltr'>sunt.</span> <span class='ocrx_word' id='word_1_42' title='bbox 798 900 901 964; x_wconf 88' lang='lat' dir='ltr'>Qui</span> <span class='ocrx_word' id='word_1_43' title='bbox 936 899 1089 953; x_wconf 92' lang='lat' dir='ltr'>enim</span> <span class='ocrx_word' id='word_1_44' title='bbox 1114 900 1325 954; x_wconf 88' lang='lat' dir='ltr'>mediis</span> <span class='ocrx_word' id='word_1_45' title='bbox 1358 901 1543 956; x_wconf 85' lang='lat' dir='ltr'>utitur</span> <span class='ocrx_word' id='word_1_46' title='bbox 1600 901 1949 973; x_wconf 89' lang='lat' dir='ltr'>disciplinis,</span> <span class='ocrx_word' id='word_1_47' title='bbox 2010 919 2105 958; x_wconf 87' lang='lat' dir='ltr'>ac-</span> 
     </span>
    </p>
   </div>
   <div class='ocr_carea' id='block_1_10' title="bbox 461 987 2105 1063">
    <p class='ocr_par' dir='ltr' id='par_1_10' title="bbox 461 987 2105 1063">
     <span class='ocr_line' id='line_1_10' title="bbox 461 987 2105 1063; baseline 0.001 -18"><span class='ocrx_word' id='word_1_48' title='bbox 461 990 606 1060; x_wconf 83' lang='lat' dir='ltr'>cola,</span> <span class='ocrx_word' id='word_1_49' title='bbox 638 1006 751 1044; x_wconf 91' lang='lat' dir='ltr'>non</span> <span class='ocrx_word' id='word_1_50' title='bbox 791 987 1090 1043; x_wconf 89' lang='lat' dir='ltr'>inhabitor</span> <span class='ocrx_word' id='word_1_51' title='bbox 1146 993 1236 1043; x_wconf 89' lang='lat' dir='ltr'>est</span> <span class='ocrx_word' id='word_1_52' title='bbox 1291 989 1611 1060; x_wconf 88' lang='lat' dir='ltr'>sapientia.</span> <span class='ocrx_word' id='word_1_53' title='bbox 1670 990 1854 1046; x_wconf 85' lang='lat' dir='ltr'>Odore</span> <span class='ocrx_word' id='word_1_54' title='bbox 1909 1008 2105 1063; x_wconf 87' lang='lat' dir='ltr'>asper-</span> 
     </span>
    </p>
   </div>
   <div class='ocr_carea' id='block_1_11' title="bbox 458 1075 2104 1147">
    <p class='ocr_par' dir='ltr' id='par_1_11' title="bbox 458 1075 2104 1147">
     <span class='ocr_line' id='line_1_11' title="bbox 458 1075 2104 1147; baseline 0.002 -15"><span class='ocrx_word' id='word_1_55' title='bbox 458 1093 581 1143; x_wconf 88' lang='lat' dir='ltr'>sus,</span> <span class='ocrx_word' id='word_1_56' title='bbox 624 1093 738 1130; x_wconf 92' lang='lat' dir='ltr'>non</span> <span class='ocrx_word' id='word_1_57' title='bbox 771 1077 960 1131; x_wconf 88' lang='lat' dir='ltr'>fructu</span> <span class='ocrx_word' id='word_1_58' title='bbox 995 1075 1275 1147; x_wconf 87' lang='lat' dir='ltr'>expletur.</span> <span class='ocrx_word' id='word_1_59' title='bbox 1310 1078 1629 1132; x_wconf 81' lang='lat' dir='ltr'>Sanitatem</span> <span class='ocrx_word' id='word_1_60' title='bbox 1660 1083 1854 1133; x_wconf 88' lang='lat' dir='ltr'>autem</span> <span class='ocrx_word' id='word_1_61' title='bbox 1915 1079 2104 1146; x_wconf 80' lang='lat' dir='ltr'>cibus,</span> 
     </span>
    </p>
   </div>
   <div class='ocr_carea' id='block_1_12' title="bbox 453 1164 2102 1236">
    <p class='ocr_par' dir='ltr' id='par_1_12' title="bbox 453 1164 2102 1236">
     <span class='ocr_line' id='line_1_12' title="bbox 453 1164 2102 1236; baseline 0.002 -16"><span class='ocrx_word' id='word_1_62' title='bbox 453 1180 569 1221; x_wconf 89' lang='lat' dir='ltr'>non</span> <span class='ocrx_word' id='word_1_63' title='bbox 601 1165 744 1220; x_wconf 89' lang='lat' dir='ltr'>odor</span> <span class='ocrx_word' id='word_1_64' title='bbox 774 1164 1012 1227; x_wconf 86' lang='lat' dir='ltr'>invehit,</span> <span class='ocrx_word' id='word_1_65' title='bbox 1046 1165 1185 1236; x_wconf 84' lang='lat' dir='ltr'>quia</span> <span class='ocrx_word' id='word_1_66' title='bbox 1214 1166 1356 1220; x_wconf 88' lang='lat' dir='ltr'>odor</span> <span class='ocrx_word' id='word_1_67' title='bbox 1384 1167 1677 1221; x_wconf 82' lang='lat' dir='ltr'>fructuum</span> <span class='ocrx_word' id='word_1_68' title='bbox 1707 1168 1952 1223; x_wconf 91' lang='lat' dir='ltr'>nuntius</span> <span class='ocrx_word' id='word_1_69' title='bbox 1995 1173 2102 1223; x_wconf 85' lang='lat' dir='ltr'>est.</span> 
     </span>
    </p>
   </div>
   <div class='ocr_carea' id='block_1_13' title="bbox 452 1252 2102 1326">
    <p class='ocr_par' dir='ltr' id='par_1_13' title="bbox 452 1252 2102 1326">
     <span class='ocr_line' id='line_1_13' title="bbox 452 1252 2102 1326; baseline 0.002 -17"><span class='ocrx_word' id='word_1_70' title='bbox 452 1252 809 1325; x_wconf 87' lang='lat' dir='ltr'>Principales</span> <span class='ocrx_word' id='word_1_71' title='bbox 838 1253 1032 1325; x_wconf 83' lang='lat' dir='ltr'>itaque</span> <span class='ocrx_word' id='word_1_72' title='bbox 1062 1252 1404 1324; x_wconf 85' lang='lat' dir='ltr'>disciplinas</span> <span class='ocrx_word' id='word_1_73' title='bbox 1437 1256 1840 1326; x_wconf 78' lang='lat' dir='ltr'>sequentibus,</span> <span class='ocrx_word' id='word_1_74' title='bbox 1874 1256 2102 1313; x_wconf 72' lang='lat' dir='ltr'>et195</span> 
     </span>
    </p>
   </div>
   <div class='ocr_carea' id='block_1_14' title="bbox 452 1340 1859 1415">
    <p class='ocr_par' dir='ltr' id='par_1_14' title="bbox 452 1340 1859 1415">
     <span class='ocr_line' id='line_1_14' title="bbox 452 1340 1859 1415; baseline 0.001 -18"><span class='ocrx_word' id='word_1_75' title='bbox 452 1342 761 1415; x_wconf 76' lang='lat' dir='ltr'>indigenas</span> <span class='ocrx_word' id='word_1_76' title='bbox 792 1340 1007 1397; x_wconf 86' lang='lat' dir='ltr'>accolis</span> <span class='ocrx_word' id='word_1_77' title='bbox 1036 1343 1413 1414; x_wconf 83' lang='lat' dir='ltr'>agnoscimus</span> <span class='ocrx_word' id='word_1_78' title='bbox 1445 1344 1859 1414; x_wconf 83' lang='lat' dir='ltr'>praferendas.</span> 
     </span>
    </p>
   </div>
   <div class='ocr_carea' id='block_1_15' title="bbox 524 1430 2102 1501">
    <p class='ocr_par' dir='ltr' id='par_1_15' title="bbox 524 1430 2102 1501">
     <span class='ocr_line' id='line_1_15' title="bbox 524 1430 2102 1501; baseline 0.004 -17"><span class='ocrx_word' id='word_1_79' title='bbox 524 1432 611 1485; x_wconf 80' lang='grc'>24.</span> <span class='ocrx_word' id='word_1_80' title='bbox 648 1431 764 1485; x_wconf 88' lang='lat' dir='ltr'>Hoc</span> <span class='ocrx_word' id='word_1_81' title='bbox 791 1430 1116 1485; x_wconf 87' lang='lat' dir='ltr'>secundum</span> <span class='ocrx_word' id='word_1_82' title='bbox 1151 1431 1475 1501; x_wconf 87' lang='lat' dir='ltr'>ingenium.</span> <span class='ocrx_word' id='word_1_83' title='bbox 1509 1436 1585 1486; x_wconf 84' lang='lat' dir='ltr'>At</span> <span class='ocrx_word' id='word_1_84' title='bbox 1617 1449 1747 1488; x_wconf 85' lang='lat' dir='ltr'>vero</span> <span class='ocrx_word' id='word_1_85' title='bbox 1779 1434 2102 1490; x_wconf 90' lang='lat' dir='ltr'>secundum</span> 
     </span>
    </p>
   </div>
   <div class='ocr_carea' id='block_1_16' title="bbox 350 1519 2103 1591">
    <p class='ocr_par' dir='ltr' id='par_1_16' title="bbox 350 1519 2103 1591">
     <span class='ocr_line' id='line_1_16' title="bbox 350 1519 2103 1591; baseline 0.002 -17"><span class='ocrx_word' id='word_1_86' title='bbox 350 1530 371 1541; x_wconf 62' lang='grc' dir='ltr'><em>ί</em></span> <span class='ocrx_word' id='word_1_87' title='bbox 452 1519 796 1591; x_wconf 84' lang='lat' dir='ltr'>mysterium</span> <span class='ocrx_word' id='word_1_88' title='bbox 831 1520 942 1586; x_wconf 85' lang='lat'>(22)</span> <span class='ocrx_word' id='word_1_89' title='bbox 986 1519 1282 1574; x_wconf 87' lang='lat' dir='ltr'>Abraham</span> <span class='ocrx_word' id='word_1_90' title='bbox 1343 1524 1506 1591; x_wconf 87' lang='lat' dir='ltr'>pater</span> <span class='ocrx_word' id='word_1_91' title='bbox 1564 1521 1829 1591; x_wconf 89' lang='lat' dir='ltr'>gentium</span> <span class='ocrx_word' id='word_1_92' title='bbox 1889 1523 2103 1578; x_wconf 86' lang='lat' dir='ltr'>semini</span> 
     </span>
    </p>
   </div>
   <div class='ocr_carea' id='block_1_17' title="bbox 452 1607 2101 1681">
    <p class='ocr_par' dir='ltr' id='par_1_17' title="bbox 452 1607 2101 1681">
     <span class='ocr_line' id='line_1_17' title="bbox 452 1607 2101 1681; baseline 0.001 -17"><span class='ocrx_word' id='word_1_93' title='bbox 452 1625 560 1664; x_wconf 91' lang='lat' dir='ltr'>suo</span> <span class='ocrx_word' id='word_1_94' title='bbox 592 1607 875 1681; x_wconf 87' lang='lat' dir='ltr'>legitimo,</span> <span class='ocrx_word' id='word_1_95' title='bbox 906 1608 1060 1679; x_wconf 89' lang='lat' dir='ltr'>quod</span> <span class='ocrx_word' id='word_1_96' title='bbox 1094 1611 1183 1663; x_wconf 91' lang='lat' dir='ltr'>est</span> <span class='ocrx_word' id='word_1_97' title='bbox 1210 1607 1501 1672; x_wconf 83' lang='lat' dir='ltr'>Christus,</span> <span class='ocrx_word' id='word_1_98' title='bbox 1534 1608 1933 1665; x_wconf 83' lang='lat' dir='ltr'>hareditatem</span> <span class='ocrx_word' id='word_1_99' title='bbox 1976 1628 2101 1666; x_wconf 88' lang='lat' dir='ltr'>om-</span> 
     </span>
    </p>
   </div>
   <div class='ocr_carea' id='block_1_18' title="bbox 451 1695 2101 1767">
    <p class='ocr_par' dir='ltr' id='par_1_18' title="bbox 451 1695 2101 1767">
     <span class='ocr_line' id='line_1_18' title="bbox 451 1695 2101 1767; baseline 0.002 -16"><span class='ocrx_word' id='word_1_100' title='bbox 451 1713 584 1753; x_wconf 87' lang='lat' dir='ltr'>nem</span> <span class='ocrx_word' id='word_1_101' title='bbox 618 1697 751 1751; x_wconf 84' lang='lat' dir='ltr'>fidei</span> <span class='ocrx_word' id='word_1_102' title='bbox 783 1713 899 1751; x_wconf 85' lang='lat' dir='ltr'>sua</span> <span class='ocrx_word' id='word_1_103' title='bbox 927 1695 1153 1763; x_wconf 87' lang='lat' dir='ltr'>detulit,</span> <span class='ocrx_word' id='word_1_104' title='bbox 1190 1696 1289 1767; x_wconf 84' lang='lat' dir='ltr'>qui</span> <span class='ocrx_word' id='word_1_105' title='bbox 1336 1696 1397 1752; x_wconf 92' lang='lat' dir='ltr'>in</span> <span class='ocrx_word' id='word_1_106' title='bbox 1455 1696 1567 1753; x_wconf 89' lang='lat' dir='ltr'>hac</span> <span class='ocrx_word' id='word_1_107' title='bbox 1609 1702 1763 1754; x_wconf 88' lang='lat' dir='ltr'>terra</span> <span class='ocrx_word' id='word_1_108' title='bbox 1792 1697 1949 1754; x_wconf 90' lang='lat' dir='ltr'>velut</span> <span class='ocrx_word' id='word_1_109' title='bbox 2000 1699 2101 1754; x_wconf 87' lang='lat' dir='ltr'>ad-</span> 
     </span>
    </p>
   </div>
   <div class='ocr_carea' id='block_1_19' title="bbox 447 1784 2099 1859">
    <p class='ocr_par' dir='ltr' id='par_1_19' title="bbox 447 1784 2099 1859">
     <span class='ocr_line' id='line_1_19' title="bbox 447 1784 2099 1859; baseline 0.001 -18"><span class='ocrx_word' id='word_1_110' title='bbox 447 1802 595 1841; x_wconf 91' lang='lat' dir='ltr'>vena</span> <span class='ocrx_word' id='word_1_111' title='bbox 632 1785 780 1852; x_wconf 83' lang='lat' dir='ltr'>fuit;</span> <span class='ocrx_word' id='word_1_112' title='bbox 841 1789 908 1839; x_wconf 91' lang='lat' dir='ltr'>ut</span> <span class='ocrx_word' id='word_1_113' title='bbox 956 1785 1086 1839; x_wconf 83' lang='lat' dir='ltr'>vita</span> <span class='ocrx_word' id='word_1_114' title='bbox 1144 1784 1322 1857; x_wconf 89' lang='lat' dir='ltr'>hujus</span> <span class='ocrx_word' id='word_1_115' title='bbox 1378 1786 1617 1841; x_wconf 89' lang='lat' dir='ltr'>odorem</span> <span class='ocrx_word' id='word_1_116' title='bbox 1678 1787 1867 1858; x_wconf 89' lang='lat' dir='ltr'>magis</span> <span class='ocrx_word' id='word_1_117' title='bbox 1921 1804 2099 1859; x_wconf 91' lang='lat' dir='ltr'>quam</span> 
     </span>
    </p>
   </div>
   <div class='ocr_carea' id='block_1_20' title="bbox 2216 622 3865 700">
    <p class='ocr_par' dir='ltr' id='par_1_20' title="bbox 2216 622 3865 700">
     <span class='ocr_line' id='line_1_20' title="bbox 2216 622 3865 700; baseline 0.003 -23"><span class='ocrx_word' id='word_1_118' title='bbox 2216 622 2387 697; x_wconf 90' lang='lat' dir='ltr'>culpa</span> <span class='ocrx_word' id='word_1_119' title='bbox 2418 642 2432 680; x_wconf 91' lang='lat'><strong>:</strong></span> <span class='ocrx_word' id='word_1_120' title='bbox 2467 643 2584 681; x_wconf 85' lang='lat' dir='ltr'>una</span> <span class='ocrx_word' id='word_1_121' title='bbox 2641 626 2793 699; x_wconf 91' lang='lat' dir='ltr'>quod</span> <span class='ocrx_word' id='word_1_122' title='bbox 2817 629 2952 700; x_wconf 91' lang='lat' dir='ltr'>post</span> <span class='ocrx_word' id='word_1_123' title='bbox 2979 625 3104 682; x_wconf 89' lang='lat' dir='ltr'>dies</span> <span class='ocrx_word' id='word_1_124' title='bbox 3133 625 3367 694; x_wconf 89' lang='lat' dir='ltr'>obtulit,</span> <span class='ocrx_word' id='word_1_125' title='bbox 3398 623 3578 683; x_wconf 85' lang='lat' dir='ltr'>altera</span> <span class='ocrx_word' id='word_1_126' title='bbox 3608 626 3762 699; x_wconf 90' lang='lat' dir='ltr'>quod</span> <span class='ocrx_word' id='word_1_127' title='bbox 3795 643 3865 683; x_wconf 86' lang='lat' dir='ltr'>ex</span> 
     </span>
    </p>
   </div>
   <div class='ocr_carea' id='block_1_21' title="bbox 2215 711 3863 788">
    <p class='ocr_par' dir='ltr' id='par_1_21' title="bbox 2215 711 3863 788">
     <span class='ocr_line' id='line_1_21' title="bbox 2215 711 3863 788; baseline 0.004 -23"><span class='ocrx_word' id='word_1_128' title='bbox 2215 711 2523 783; x_wconf 84' lang='lat' dir='ltr'>fructibus,</span> <span class='ocrx_word' id='word_1_129' title='bbox 2585 733 2700 772; x_wconf 85' lang='lat' dir='ltr'>non</span> <span class='ocrx_word' id='word_1_130' title='bbox 2747 732 2818 771; x_wconf 81' lang='lat' dir='ltr'>ex</span> <span class='ocrx_word' id='word_1_131' title='bbox 2863 715 3072 788; x_wconf 89' lang='lat' dir='ltr'>primis</span> <span class='ocrx_word' id='word_1_132' title='bbox 3122 716 3432 772; x_wconf 83' lang='lat' dir='ltr'>fructibus.</span> <span class='ocrx_word' id='word_1_133' title='bbox 3496 715 3863 773; x_wconf 81' lang='lat' dir='ltr'>Sacrificium</span> 
     </span>
    </p>
   </div>
   <div class='ocr_carea' id='block_1_22' title="bbox 2214 804 3865 878">
    <p class='ocr_par' dir='ltr' id='par_1_22' title="bbox 2214 804 3865 878">
     <span class='ocr_line' id='line_1_22' title="bbox 2214 804 3865 878; baseline 0.003 -23"><span class='ocrx_word' id='word_1_134' title='bbox 2214 806 2410 857; x_wconf 91' lang='lat' dir='ltr'>autem</span> <span class='ocrx_word' id='word_1_135' title='bbox 2457 811 2515 860; x_wconf 89' lang='lat' dir='ltr'>et</span> <span class='ocrx_word' id='word_1_136' title='bbox 2576 804 2867 861; x_wconf 88' lang='lat' dir='ltr'>celeritate</span> <span class='ocrx_word' id='word_1_137' title='bbox 2904 806 3351 861; x_wconf 86' lang='lat' dir='ltr'>commendatur</span> <span class='ocrx_word' id='word_1_138' title='bbox 3378 808 3435 860; x_wconf 89' lang='lat' dir='ltr'>et</span> <span class='ocrx_word' id='word_1_139' title='bbox 3455 805 3662 878; x_wconf 87' lang='lat' dir='ltr'>gratia.</span> <span class='ocrx_word' id='word_1_140' title='bbox 3702 804 3865 860; x_wconf 85' lang='lat' dir='ltr'>Unde</span> 
     </span>
    </p>
   </div>
   <div class='ocr_carea' id='block_1_23' title="bbox 2216 893 3863 965">
    <p class='ocr_par' dir='ltr' id='par_1_23' title="bbox 2216 893 3863 965">
     <span class='ocr_line' id='line_1_23' title="bbox 2216 893 3863 965; baseline 0.001 -18"><span class='ocrx_word' id='word_1_141' title='bbox 2216 897 2567 965; x_wconf 88' lang='lat' dir='ltr'>praceptum</span> <span class='ocrx_word' id='word_1_142' title='bbox 2601 898 2717 949; x_wconf 89' lang='lat' dir='ltr'>est:</span> <span class='ocrx_word' id='word_1_143' title='bbox 2751 893 2813 949; x_wconf 89' lang='lat' dir='ltr'>Si</span> <span class='ocrx_word' id='word_1_144' title='bbox 2838 895 3045 949; x_wconf 80' lang='lat' dir='ltr'>voveris</span> <span class='ocrx_word' id='word_1_145' title='bbox 3087 898 3289 961; x_wconf 85' lang='lat' dir='ltr'>votum,</span> <span class='ocrx_word' id='word_1_146' title='bbox 3340 909 3451 949; x_wconf 84' lang='lat' dir='ltr'>non</span> <span class='ocrx_word' id='word_1_147' title='bbox 3513 894 3691 964; x_wconf 83' lang='lat' dir='ltr'>facias</span> <span class='ocrx_word' id='word_1_148' title='bbox 3745 909 3863 949; x_wconf 89' lang='lat' dir='ltr'>mo-</span> 
     </span>
    </p>
   </div>
   <div class='ocr_carea' id='block_1_24' title="bbox 2214 982 3862 1050">
    <p class='ocr_par' dir='ltr' id='par_1_24' title="bbox 2214 982 3862 1050">
     <span class='ocr_line' id='line_1_24' title="bbox 2214 982 3862 1050; baseline 0.001 -15"><span class='ocrx_word' id='word_1_149' title='bbox 2214 998 2334 1035; x_wconf 89' lang='lat' dir='ltr'>ram</span> <span class='ocrx_word' id='word_1_150' title='bbox 2357 982 2584 1038; x_wconf 81' lang='lat' dir='ltr'>reddere</span> <span class='ocrx_word' id='word_1_151' title='bbox 2614 983 2774 1038; x_wconf 85' lang='lat' dir='ltr'>illud.</span> <span class='ocrx_word' id='word_1_152' title='bbox 2802 983 2993 1039; x_wconf 82' lang='lat' dir='ltr'>Melius</span> <span class='ocrx_word' id='word_1_153' title='bbox 3022 987 3104 1039; x_wconf 86' lang='lat' dir='ltr'>est</span> <span class='ocrx_word' id='word_1_154' title='bbox 3123 985 3275 1039; x_wconf 85' lang='lat' dir='ltr'>enim</span> <span class='ocrx_word' id='word_1_155' title='bbox 3298 998 3405 1039; x_wconf 87' lang='lat' dir='ltr'>non</span> <span class='ocrx_word' id='word_1_156' title='bbox 3434 998 3621 1038; x_wconf 86' lang='lat' dir='ltr'>vovere</span> <span class='ocrx_word' id='word_1_157' title='bbox 3656 985 3862 1050; x_wconf 85' lang='lat' dir='ltr'>votum,</span> 
     </span>
    </p>
   </div>
   <div class='ocr_carea' id='block_1_25' title="bbox 2214 1070 3863 1143">
    <p class='ocr_par' dir='ltr' id='par_1_25' title="bbox 2214 1070 3863 1143">
     <span class='ocr_line' id='line_1_25' title="bbox 2214 1070 3863 1143; baseline 0.001 -18"><span class='ocrx_word' id='word_1_158' title='bbox 2214 1086 2380 1140; x_wconf 86' lang='lat' dir='ltr'>quam</span> <span class='ocrx_word' id='word_1_159' title='bbox 2409 1087 2612 1137; x_wconf 88' lang='lat' dir='ltr'>vovere,</span> <span class='ocrx_word' id='word_1_160' title='bbox 2644 1076 2698 1127; x_wconf 91' lang='lat' dir='ltr'>et</span> <span class='ocrx_word' id='word_1_161' title='bbox 2724 1087 2834 1129; x_wconf 88' lang='lat' dir='ltr'>non</span> <span class='ocrx_word' id='word_1_162' title='bbox 2861 1072 3089 1128; x_wconf 83' lang='lat' dir='ltr'>reddere</span> <span class='ocrx_word' id='word_1_163' title='bbox 3142 1072 3334 1142; x_wconf 84' lang='lat' dir='ltr'>(Eccle.</span> <span class='ocrx_word' id='word_1_164' title='bbox 3370 1088 3425 1136; x_wconf 93' lang='lat' dir='ltr'>v,</span> <span class='ocrx_word' id='word_1_165' title='bbox 3480 1071 3536 1137; x_wconf 87' lang='grc'>3,</span> <span class='ocrx_word' id='word_1_166' title='bbox 3587 1071 3663 1143; x_wconf 78' lang='grc'>4).</span> <span class='ocrx_word' id='word_1_167' title='bbox 3713 1070 3863 1126; x_wconf 90' lang='lat' dir='ltr'>Cum</span> 
     </span>
    </p>
   </div>
   <div class='ocr_carea' id='block_1_26' title="bbox 2213 1158 3861 1230">
    <p class='ocr_par' dir='ltr' id='par_1_26' title="bbox 2213 1158 3861 1230">
     <span class='ocr_line' id='line_1_26' title="bbox 2213 1158 3861 1230; baseline 0.002 -18"><span class='ocrx_word' id='word_1_168' title='bbox 2213 1158 2372 1214; x_wconf 90' lang='lat' dir='ltr'>enim</span> <span class='ocrx_word' id='word_1_169' title='bbox 2399 1176 2624 1216; x_wconf 86' lang='lat' dir='ltr'>moram</span> <span class='ocrx_word' id='word_1_170' title='bbox 2650 1160 2814 1230; x_wconf 87' lang='lat' dir='ltr'>facis,</span> <span class='ocrx_word' id='word_1_171' title='bbox 2848 1178 2962 1217; x_wconf 92' lang='lat' dir='ltr'>non</span> <span class='ocrx_word' id='word_1_172' title='bbox 2993 1161 3209 1217; x_wconf 87' lang='lat' dir='ltr'>reddis.</span> <span class='ocrx_word' id='word_1_173' title='bbox 3253 1160 3469 1216; x_wconf 89' lang='lat' dir='ltr'>Votum</span> <span class='ocrx_word' id='word_1_174' title='bbox 3516 1165 3607 1216; x_wconf 86' lang='lat' dir='ltr'>est</span> <span class='ocrx_word' id='word_1_175' title='bbox 3661 1164 3861 1216; x_wconf 84' lang='lat' dir='ltr'>autem</span> 
     </span>
    </p>
   </div>
   <div class='ocr_carea' id='block_1_27' title="bbox 2212 1247 3861 1319">
    <p class='ocr_par' dir='ltr' id='par_1_27' title="bbox 2212 1247 3861 1319">
     <span class='ocr_line' id='line_1_27' title="bbox 2212 1247 3861 1319; baseline 0.002 -17"><span class='ocrx_word' id='word_1_176' title='bbox 2212 1247 2525 1319; x_wconf 88' lang='lat' dir='ltr'>postulatio</span> <span class='ocrx_word' id='word_1_177' title='bbox 2571 1250 2857 1306; x_wconf 90' lang='lat' dir='ltr'>bonorum</span> <span class='ocrx_word' id='word_1_178' title='bbox 2887 1267 2922 1307; x_wconf 90' lang='lat' dir='ltr'>a</span> <span class='ocrx_word' id='word_1_179' title='bbox 2966 1249 3083 1306; x_wconf 93' lang='lat' dir='ltr'>Deo</span> <span class='ocrx_word' id='word_1_180' title='bbox 3114 1266 3248 1306; x_wconf 91' lang='lat' dir='ltr'>cum</span> <span class='ocrx_word' id='word_1_181' title='bbox 3291 1249 3549 1306; x_wconf 82' lang='lat' dir='ltr'>solvendi</span> <span class='ocrx_word' id='word_1_182' title='bbox 3595 1249 3861 1305; x_wconf 88' lang='lat' dir='ltr'>muneris</span> 
     </span>
    </p>
   </div>
   <div class='ocr_carea' id='block_1_28' title="bbox 2214 1337 3860 1412">
    <p class='ocr_par' dir='ltr' id='par_1_28' title="bbox 2214 1337 3860 1412">
     <span class='ocr_line' id='line_1_28' title="bbox 2214 1337 3860 1412; baseline 0.001 -20"><span class='ocrx_word' id='word_1_183' title='bbox 2214 1337 2622 1409; x_wconf 86' lang='lat' dir='ltr'>promissione.</span> <span class='ocrx_word' id='word_1_184' title='bbox 2658 1339 2729 1395; x_wconf 90' lang='lat' dir='ltr'>Et</span> <span class='ocrx_word' id='word_1_185' title='bbox 2757 1339 2886 1396; x_wconf 92' lang='lat' dir='ltr'>ideo</span> <span class='ocrx_word' id='word_1_186' title='bbox 2926 1356 3061 1395; x_wconf 92' lang='lat' dir='ltr'>cum</span> <span class='ocrx_word' id='word_1_187' title='bbox 3092 1338 3494 1412; x_wconf 73' lang='lat' dir='ltr'>impetraveris</span> <span class='ocrx_word' id='word_1_188' title='bbox 3523 1338 3678 1412; x_wconf 87' lang='lat' dir='ltr'>quod</span> <span class='ocrx_word' id='word_1_189' title='bbox 3713 1338 3860 1411; x_wconf 88' lang='lat' dir='ltr'>peti-</span> 
     </span>
    </p>
   </div>
   <div class='ocr_carea' id='block_1_29' title="bbox 2212 1425 3859 1500">
    <p class='ocr_par' dir='ltr' id='par_1_29' title="bbox 2212 1425 3859 1500">
     <span class='ocr_line' id='line_1_29' title="bbox 2212 1425 3859 1500; baseline 0.002 -21"><span class='ocrx_word' id='word_1_190' title='bbox 2212 1425 2307 1496; x_wconf 89' lang='lat' dir='ltr'>sti,</span> <span class='ocrx_word' id='word_1_191' title='bbox 2341 1427 2558 1499; x_wconf 84' lang='lat' dir='ltr'>ingrati</span> <span class='ocrx_word' id='word_1_192' title='bbox 2587 1433 2677 1484; x_wconf 89' lang='lat' dir='ltr'>est</span> <span class='ocrx_word' id='word_1_193' title='bbox 2720 1429 2952 1484; x_wconf 85' lang='lat' dir='ltr'>tardare</span> <span class='ocrx_word' id='word_1_194' title='bbox 2983 1427 3362 1500; x_wconf 90' lang='lat' dir='ltr'>promissum.</span> <span class='ocrx_word' id='word_1_195' title='bbox 3395 1428 3505 1483; x_wconf 89' lang='lat' dir='ltr'>Sed</span> <span class='ocrx_word' id='word_1_196' title='bbox 3557 1427 3859 1483; x_wconf 87' lang='lat' dir='ltr'>interdum</span> 
     </span>
    </p>
   </div>
   <div class='ocr_carea' id='block_1_30' title="bbox 2212 1515 3864 1589">
    <p class='ocr_par' dir='ltr' id='par_1_30' title="bbox 2212 1515 3864 1589">
     <span class='ocr_line' id='line_1_30' title="bbox 2212 1515 3864 1589; baseline 0.002 -20"><span class='ocrx_word' id='word_1_197' title='bbox 2212 1520 2313 1569; x_wconf 86' lang='lat' dir='ltr'>aut</span> <span class='ocrx_word' id='word_1_198' title='bbox 2345 1515 2775 1589; x_wconf 83' lang='lat' dir='ltr'>negligentibus</span> <span class='ocrx_word' id='word_1_199' title='bbox 2803 1516 3007 1589; x_wconf 86' lang='lat' dir='ltr'>irrepit</span> <span class='ocrx_word' id='word_1_200' title='bbox 3026 1516 3236 1573; x_wconf 85' lang='lat' dir='ltr'>oblivio</span> <span class='ocrx_word' id='word_1_201' title='bbox 3268 1517 3733 1588; x_wconf 87' lang='lat' dir='ltr'>impetratorum,</span> <span class='ocrx_word' id='word_1_202' title='bbox 3757 1522 3864 1572; x_wconf 86' lang='lat' dir='ltr'>aut</span> 
     </span>
    </p>
   </div>
   <div class='ocr_carea' id='block_1_31' title="bbox 2212 1604 3859 1679">
    <p class='ocr_par' dir='ltr' id='par_1_31' title="bbox 2212 1604 3859 1679">
     <span class='ocr_line' id='line_1_31' title="bbox 2212 1604 3859 1679; baseline 0.002 -22"><span class='ocrx_word' id='word_1_203' title='bbox 2212 1604 2456 1659; x_wconf 89' lang='lat' dir='ltr'>tumidis</span> <span class='ocrx_word' id='word_1_204' title='bbox 2484 1609 2542 1659; x_wconf 91' lang='lat' dir='ltr'>et</span> <span class='ocrx_word' id='word_1_205' title='bbox 2572 1604 2759 1661; x_wconf 88' lang='lat' dir='ltr'>elatis.</span> <span class='ocrx_word' id='word_1_206' title='bbox 2791 1608 3075 1679; x_wconf 81' lang='lat' dir='ltr'>Arrogare</span> <span class='ocrx_word' id='word_1_207' title='bbox 3103 1610 3346 1661; x_wconf 86' lang='lat' dir='ltr'>eventus</span> <span class='ocrx_word' id='word_1_208' title='bbox 3395 1606 3547 1661; x_wconf 70' lang='lat'>190</span> <span class='ocrx_word' id='word_1_209' title='bbox 3591 1604 3701 1661; x_wconf 88' lang='lat' dir='ltr'>sibi</span> <span class='ocrx_word' id='word_1_210' title='bbox 3747 1605 3859 1661; x_wconf 82' lang='lat' dir='ltr'>he-</span> 
     </span>
    </p>
   </div>
   <div class='ocr_carea' id='block_1_32' title="bbox 2213 1691 3856 1767">
    <p class='ocr_par' dir='ltr' id='par_1_32' title="bbox 2213 1691 3856 1767">
     <span class='ocr_line' id='line_1_32' title="bbox 2213 1691 3856 1767; baseline 0.002 -20"><span class='ocrx_word' id='word_1_211' title='bbox 2213 1691 2362 1747; x_wconf 89' lang='lat' dir='ltr'>betis</span> <span class='ocrx_word' id='word_1_212' title='bbox 2394 1693 2587 1749; x_wconf 88' lang='lat' dir='ltr'>cordis</span> <span class='ocrx_word' id='word_1_213' title='bbox 2627 1698 2735 1760; x_wconf 91' lang='lat' dir='ltr'>est,</span> <span class='ocrx_word' id='word_1_214' title='bbox 2769 1698 2826 1750; x_wconf 89' lang='lat' dir='ltr'>et</span> <span class='ocrx_word' id='word_1_215' title='bbox 2871 1694 3094 1750; x_wconf 91' lang='lat' dir='ltr'>bonum</span> <span class='ocrx_word' id='word_1_216' title='bbox 3125 1694 3282 1765; x_wconf 89' lang='lat' dir='ltr'>quod</span> <span class='ocrx_word' id='word_1_217' title='bbox 3333 1693 3455 1767; x_wconf 84' lang='lat' dir='ltr'>agit</span> <span class='ocrx_word' id='word_1_218' title='bbox 3482 1692 3571 1749; x_wconf 88' lang='lat' dir='ltr'>vel</span> <span class='ocrx_word' id='word_1_219' title='bbox 3600 1693 3757 1766; x_wconf 91' lang='lat' dir='ltr'>quod</span> <span class='ocrx_word' id='word_1_220' title='bbox 3821 1711 3856 1750; x_wconf 89' lang='lat' dir='ltr'>a</span> 
     </span>
    </p>
   </div>
   <div class='ocr_carea' id='block_1_33' title="bbox 2209 1779 3861 1855">
    <p class='ocr_par' dir='ltr' id='par_1_33' title="bbox 2209 1779 3861 1855">
     <span class='ocr_line' id='line_1_33' title="bbox 2209 1779 3861 1855; baseline 0.002 -20"><span class='ocrx_word' id='word_1_221' title='bbox 2209 1779 2327 1836; x_wconf 90' lang='lat' dir='ltr'>Deo</span> <span class='ocrx_word' id='word_1_222' title='bbox 2357 1783 2756 1854; x_wconf 89' lang='lat' dir='ltr'>consequitur,</span> <span class='ocrx_word' id='word_1_223' title='bbox 2787 1782 3040 1855; x_wconf 90' lang='lat' dir='ltr'>propriis</span> <span class='ocrx_word' id='word_1_224' title='bbox 3068 1782 3383 1839; x_wconf 86' lang='lat' dir='ltr'>virtutibus</span> <span class='ocrx_word' id='word_1_225' title='bbox 3404 1781 3718 1848; x_wconf 88' lang='lat' dir='ltr'>vindicare,</span> <span class='ocrx_word' id='word_1_226' title='bbox 3751 1799 3861 1839; x_wconf 88' lang='lat' dir='ltr'>nec</span> 
     </span>
    </p>
   </div>
   <div class='ocr_carea' id='block_1_34' title="bbox 450 1869 3857 1960">
    <p class='ocr_par' dir='ltr' id='par_1_34' title="bbox 450 1869 3857 1960">
     <span class='ocr_line' id='line_1_34' title="bbox 450 1869 3857 1960; baseline -0.001 -31"><span class='ocrx_word' id='word_1_227' title='bbox 450 1874 706 1929; x_wconf 90' lang='lat' dir='ltr'>fructum</span> <span class='ocrx_word' id='word_1_228' title='bbox 736 1873 991 1929; x_wconf 86' lang='lat' dir='ltr'>referret.</span> <span class='ocrx_word' id='word_1_229' title='bbox 1021 1873 1151 1927; x_wconf 84' lang='lat' dir='ltr'>Haec</span> <span class='ocrx_word' id='word_1_230' title='bbox 1184 1890 1317 1928; x_wconf 90' lang='lat' dir='ltr'>cum</span> <span class='ocrx_word' id='word_1_231' title='bbox 1345 1873 1510 1929; x_wconf 90' lang='lat' dir='ltr'>audit</span> <span class='ocrx_word' id='word_1_232' title='bbox 1541 1890 1728 1941; x_wconf 90' lang='lat' dir='ltr'>mens,</span> <span class='ocrx_word' id='word_1_233' title='bbox 1779 1876 1983 1931; x_wconf 88' lang='lat' dir='ltr'>avertit</span> <span class='ocrx_word' id='word_1_234' title='bbox 2038 1892 2101 1932; x_wconf 89' lang='lat' dir='ltr'>se</span> <span class='ocrx_word' id='word_1_235' title='bbox 2132 1896 2178 1960; x_wconf 84' lang='lat' dir='ltr'><strong>B</strong></span> <span class='ocrx_word' id='word_1_236' title='bbox 2210 1869 2463 1925; x_wconf 77' lang='lat' dir='ltr'>auctoris</span> <span class='ocrx_word' id='word_1_237' title='bbox 2492 1871 2774 1943; x_wconf 86' lang='lat' dir='ltr'>deputare</span> <span class='ocrx_word' id='word_1_238' title='bbox 2820 1872 3040 1944; x_wconf 88' lang='lat' dir='ltr'>gratia,</span> <span class='ocrx_word' id='word_1_239' title='bbox 3092 1872 3195 1928; x_wconf 86' lang='lat' dir='ltr'>sed</span> <span class='ocrx_word' id='word_1_240' title='bbox 3246 1871 3443 1944; x_wconf 91' lang='lat' dir='ltr'>ipsum</span> <span class='ocrx_word' id='word_1_241' title='bbox 3492 1887 3555 1927; x_wconf 89' lang='lat' dir='ltr'>se</span> <span class='ocrx_word' id='word_1_242' title='bbox 3609 1887 3857 1927; x_wconf 90' lang='lat' dir='ltr'>suorum</span> 
     </span>
    </p>
   </div>
   <div class='ocr_carea' id='block_1_35' title="bbox 449 1960 2098 2033">
    <p class='ocr_par' dir='ltr' id='par_1_35' title="bbox 449 1960 2098 2033">
     <span class='ocr_line' id='line_1_35' title="bbox 449 1960 2098 2033; baseline 0 -14"><span class='ocrx_word' id='word_1_243' title='bbox 449 1980 485 2019; x_wconf 75' lang='grc' dir='ltr'>ε.</span> <span class='ocrx_word' id='word_1_244' title='bbox 513 1962 828 2033; x_wconf 87' lang='lat' dir='ltr'>voluptate,</span> <span class='ocrx_word' id='word_1_245' title='bbox 857 1960 1176 2031; x_wconf 87' lang='lat' dir='ltr'>virtutique</span> <span class='ocrx_word' id='word_1_246' title='bbox 1206 1960 1494 2033; x_wconf 86' lang='lat' dir='ltr'>adjungit,</span> <span class='ocrx_word' id='word_1_247' title='bbox 1550 1962 1670 2016; x_wconf 92' lang='lat' dir='ltr'>veri</span> <span class='ocrx_word' id='word_1_248' title='bbox 1715 1963 1940 2020; x_wconf 91' lang='lat' dir='ltr'>decoris</span> <span class='ocrx_word' id='word_1_249' title='bbox 1996 1965 2098 2020; x_wconf 87' lang='lat' dir='ltr'>ad-</span> 
     </span>
    </p>
   </div>
   <div class='ocr_carea' id='block_1_36' title="bbox 448 2048 2097 2121">
    <p class='ocr_par' dir='ltr' id='par_1_36' title="bbox 448 2048 2097 2121">
     <span class='ocr_line' id='line_1_36' title="bbox 448 2048 2097 2121; baseline 0.001 -15"><span class='ocrx_word' id='word_1_250' title='bbox 448 2051 672 2106; x_wconf 89' lang='lat' dir='ltr'>mirans</span> <span class='ocrx_word' id='word_1_251' title='bbox 701 2048 967 2121; x_wconf 85' lang='lat' dir='ltr'>gratiam.</span> <span class='ocrx_word' id='word_1_252' title='bbox 997 2064 1210 2119; x_wconf 91' lang='lat' dir='ltr'>purum</span> <span class='ocrx_word' id='word_1_253' title='bbox 1242 2049 1535 2117; x_wconf 71' lang='lat' dir='ltr'>affectum,</span> <span class='ocrx_word' id='word_1_254' title='bbox 1562 2049 1909 2121; x_wconf 61' lang='lat' dir='ltr'>{simplicem</span> <span class='ocrx_word' id='word_1_255' title='bbox 1967 2068 2097 2107; x_wconf 88' lang='lat' dir='ltr'>sen-</span> 
     </span>
    </p>
   </div>
   <div class='ocr_carea' id='block_1_37' title="bbox 433 2128 2101 2211">
    <p class='ocr_par' dir='ltr' id='par_1_37' title="bbox 433 2128 2101 2211">
     <span class='ocr_line' id='line_1_37' title="bbox 433 2128 2101 2211; baseline 0.001 -17"><span class='ocrx_word' id='word_1_256' title='bbox 433 2128 712 2203; x_wconf 74' lang='lat' dir='ltr'>tentiam,</span> <span class='ocrx_word' id='word_1_257' title='bbox 745 2137 1098 2192; x_wconf 89' lang='lat' dir='ltr'>mediocrem</span> <span class='ocrx_word' id='word_1_258' title='bbox 1129 2140 1370 2203; x_wconf 88' lang='lat' dir='ltr'>vestem,</span> <span class='ocrx_word' id='word_1_259' title='bbox 1406 2136 1516 2193; x_wconf 88' lang='lat' dir='ltr'>hoc</span> <span class='ocrx_word' id='word_1_260' title='bbox 1548 2144 1656 2203; x_wconf 89' lang='lat' dir='ltr'>est,</span> <span class='ocrx_word' id='word_1_261' title='bbox 1692 2155 1806 2194; x_wconf 92' lang='lat' dir='ltr'>non</span> <span class='ocrx_word' id='word_1_262' title='bbox 1863 2138 1924 2195; x_wconf 91' lang='lat' dir='ltr'>in</span> <span class='ocrx_word' id='word_1_263' title='bbox 1977 2157 2101 2211; x_wconf 89' lang='lat' dir='ltr'>per-</span> 
     </span>
    </p>
   </div>
   <div class='ocr_carea' id='block_1_38' title="bbox 448 2224 2098 2299">
    <p class='ocr_par' dir='ltr' id='par_1_38' title="bbox 448 2224 2098 2299">
     <span class='ocr_line' id='line_1_38' title="bbox 448 2224 2098 2299; baseline 0 -16"><span class='ocrx_word' id='word_1_264' title='bbox 448 2226 722 2283; x_wconf 90' lang='lat' dir='ltr'>suasione</span> <span class='ocrx_word' id='word_1_265' title='bbox 781 2224 1095 2289; x_wconf 89' lang='lat' dir='ltr'>sermonis,</span> <span class='ocrx_word' id='word_1_266' title='bbox 1148 2225 1248 2280; x_wconf 91' lang='lat' dir='ltr'>sed</span> <span class='ocrx_word' id='word_1_267' title='bbox 1322 2225 1382 2279; x_wconf 89' lang='lat' dir='ltr'>in</span> <span class='ocrx_word' id='word_1_268' title='bbox 1442 2226 1778 2282; x_wconf 89' lang='lat' dir='ltr'>ostensione</span> <span class='ocrx_word' id='word_1_269' title='bbox 1846 2228 2098 2299; x_wconf 88' lang='lat' dir='ltr'>Spiritus</span> 
     </span>
    </p>
   </div>
   <div class='ocr_carea' id='block_1_39' title="bbox 447 2312 2095 2387">
    <p class='ocr_par' dir='ltr' id='par_1_39' title="bbox 447 2312 2095 2387">
     <span class='ocr_line' id='line_1_39' title="bbox 447 2312 2095 2387; baseline 0.001 -16"><span class='ocrx_word' id='word_1_270' title='bbox 447 2314 493 2387; x_wconf 90' lang='grc' dir='ltr'>(Ι</span> <span class='ocrx_word' id='word_1_271' title='bbox 549 2316 668 2370; x_wconf 85' lang='lat' dir='ltr'>Cor.</span> <span class='ocrx_word' id='word_1_272' title='bbox 715 2329 778 2380; x_wconf 79' lang='grc' dir='ltr'>ιι,</span> <span class='ocrx_word' id='word_1_273' title='bbox 812 2314 887 2384; x_wconf 81' lang='grc'>4),</span> <span class='ocrx_word' id='word_1_274' title='bbox 920 2312 1111 2385; x_wconf 88' lang='lat' dir='ltr'>qualis</span> <span class='ocrx_word' id='word_1_275' title='bbox 1141 2317 1231 2368; x_wconf 88' lang='lat' dir='ltr'>est</span> <span class='ocrx_word' id='word_1_276' title='bbox 1260 2314 1593 2385; x_wconf 83' lang='lat' dir='ltr'>apostolica</span> <span class='ocrx_word' id='word_1_277' title='bbox 1624 2316 1812 2371; x_wconf 87' lang='lat' dir='ltr'>forma</span> <span class='ocrx_word' id='word_1_278' title='bbox 1865 2322 2095 2372; x_wconf 86' lang='lat' dir='ltr'>senten-</span> 
     </span>
    </p>
   </div>
   <div class='ocr_carea' id='block_1_40' title="bbox 442 2401 2094 2474">
    <p class='ocr_par' dir='ltr' id='par_1_40' title="bbox 442 2401 2094 2474">
     <span class='ocr_line' id='line_1_40' title="bbox 442 2401 2094 2474; baseline 0 -15"><span class='ocrx_word' id='word_1_279' title='bbox 442 2402 560 2469; x_wconf 88' lang='lat' dir='ltr'>tia,</span> <span class='ocrx_word' id='word_1_280' title='bbox 592 2401 872 2457; x_wconf 87' lang='lat' dir='ltr'>amictum</span> <span class='ocrx_word' id='word_1_281' title='bbox 903 2401 1203 2473; x_wconf 87' lang='lat' dir='ltr'>sapientia</span> <span class='ocrx_word' id='word_1_282' title='bbox 1254 2405 1431 2474; x_wconf 88' lang='lat' dir='ltr'>atque</span> <span class='ocrx_word' id='word_1_283' title='bbox 1460 2403 1695 2473; x_wconf 87' lang='lat' dir='ltr'>pietatis</span> <span class='ocrx_word' id='word_1_284' title='bbox 1752 2404 1913 2459; x_wconf 92' lang='lat' dir='ltr'>omni</span> <span class='ocrx_word' id='word_1_285' title='bbox 1966 2421 2094 2474; x_wconf 91' lang='lat' dir='ltr'>pre-</span> 
     </span>
    </p>
   </div>
   <div class='ocr_carea' id='block_1_41' title="bbox 444 2488 2093 2562">
    <p class='ocr_par' dir='ltr' id='par_1_41' title="bbox 444 2488 2093 2562">
     <span class='ocr_line' id='line_1_41' title="bbox 444 2488 2093 2562; baseline 0 -15"><span class='ocrx_word' id='word_1_286' title='bbox 444 2491 743 2547; x_wconf 88' lang='lat' dir='ltr'>tiosiorem</span> <span class='ocrx_word' id='word_1_287' title='bbox 778 2506 920 2545; x_wconf 89' lang='lat' dir='ltr'>auro</span> <span class='ocrx_word' id='word_1_288' title='bbox 951 2488 1268 2560; x_wconf 81' lang='lat' dir='ltr'>refulgens,</span> <span class='ocrx_word' id='word_1_289' title='bbox 1302 2494 1440 2544; x_wconf 90' lang='lat' dir='ltr'>tunc</span> <span class='ocrx_word' id='word_1_290' title='bbox 1470 2490 1714 2546; x_wconf 88' lang='lat' dir='ltr'>chorum</span> <span class='ocrx_word' id='word_1_291' title='bbox 1751 2492 2093 2562; x_wconf 87' lang='lat' dir='ltr'>prudentia,</span> 
     </span>
    </p>
   </div>
   <div class='ocr_carea' id='block_1_42' title="bbox 441 2577 2091 2652">
    <p class='ocr_par' dir='ltr' id='par_1_42' title="bbox 441 2577 2091 2652">
     <span class='ocr_line' id='line_1_42' title="bbox 441 2577 2091 2652; baseline 0 -16"><span class='ocrx_word' id='word_1_292' title='bbox 441 2578 861 2650; x_wconf 85' lang='lat' dir='ltr'>temperantia,</span> <span class='ocrx_word' id='word_1_293' title='bbox 907 2577 1285 2647; x_wconf 78' lang='lat' dir='ltr'>fortitudinis,</span> <span class='ocrx_word' id='word_1_294' title='bbox 1348 2594 1414 2633; x_wconf 90' lang='lat' dir='ltr'>ac</span> <span class='ocrx_word' id='word_1_295' title='bbox 1454 2579 1699 2648; x_wconf 85' lang='lat' dir='ltr'>justitia</span> <span class='ocrx_word' id='word_1_296' title='bbox 1760 2580 2091 2652; x_wconf 89' lang='lat' dir='ltr'>suscipiens</span> 
     </span>
    </p>
   </div>
   <div class='ocr_carea' id='block_1_43' title="bbox 442 2664 2095 2750">
    <p class='ocr_par' dir='ltr' id='par_1_43' title="bbox 442 2664 2095 2750">
     <span class='ocr_line' id='line_1_43' title="bbox 442 2664 2095 2750; baseline 0.001 -27"><span class='ocrx_word' id='word_1_297' title='bbox 442 2684 568 2750; x_wconf 85' lang='lat' dir='ltr'>qua</span> <span class='ocrx_word' id='word_1_298' title='bbox 601 2665 941 2737; x_wconf 83' lang='lat' dir='ltr'>fragrabant</span> <span class='ocrx_word' id='word_1_299' title='bbox 978 2664 1212 2721; x_wconf 88' lang='lat' dir='ltr'>odorem</span> <span class='ocrx_word' id='word_1_300' title='bbox 1273 2666 1740 2737; x_wconf 89' lang='lat' dir='ltr'>disciplinarum,</span> <span class='ocrx_word' id='word_1_301' title='bbox 1800 2667 2095 2725; x_wconf 89' lang='lat' dir='ltr'>incutiens</span> 
     </span>
    </p>
   </div>
   <div class='ocr_carea' id='block_1_44' title="bbox 440 2754 2088 2828">
    <p class='ocr_par' dir='ltr' id='par_1_44' title="bbox 440 2754 2088 2828">
     <span class='ocr_line' id='line_1_44' title="bbox 440 2754 2088 2828; baseline 0 -16"><span class='ocrx_word' id='word_1_302' title='bbox 440 2754 846 2821; x_wconf 87' lang='lat' dir='ltr'>reverentiam,</span> <span class='ocrx_word' id='word_1_303' title='bbox 904 2754 1224 2810; x_wconf 88' lang='lat' dir='ltr'>infundens</span> <span class='ocrx_word' id='word_1_304' title='bbox 1282 2756 1552 2827; x_wconf 86' lang='lat' dir='ltr'>gratiam.</span> <span class='ocrx_word' id='word_1_305' title='bbox 1614 2755 1816 2828; x_wconf 88' lang='lat' dir='ltr'>Itaque</span> <span class='ocrx_word' id='word_1_306' title='bbox 1869 2756 2088 2812; x_wconf 91' lang='lat' dir='ltr'>talibus</span> 
     </span>
    </p>
   </div>
   <div class='ocr_carea' id='block_1_45' title="bbox 439 2842 2123 2940">
    <p class='ocr_par' dir='ltr' id='par_1_45' title="bbox 439 2842 2123 2940">
     <span class='ocr_line' id='line_1_45' title="bbox 439 2842 2123 2940; baseline 0.001 -41"><span class='ocrx_word' id='word_1_307' title='bbox 439 2847 601 2901; x_wconf 89' lang='lat' dir='ltr'>mota</span> <span class='ocrx_word' id='word_1_308' title='bbox 628 2842 801 2915; x_wconf 85' lang='lat' dir='ltr'>elegit</span> <span class='ocrx_word' id='word_1_309' title='bbox 832 2842 1028 2898; x_wconf 87' lang='lat' dir='ltr'>studia</span> <span class='ocrx_word' id='word_1_310' title='bbox 1054 2842 1308 2912; x_wconf 89' lang='lat' dir='ltr'>virtutis,</span> <span class='ocrx_word' id='word_1_311' title='bbox 1350 2843 1569 2940; x_wconf 75' lang='lat' dir='ltr'>quibus</span> <span class='ocrx_word' id='word_1_312' title='bbox 1598 2844 1777 2899; x_wconf 87' lang='lat' dir='ltr'>Jacob</span> <span class='ocrx_word' id='word_1_313' title='bbox 1828 2845 1916 2900; x_wconf 91' lang='lat' dir='ltr'>vir</span> <span class='ocrx_word' id='word_1_314' title='bbox 1971 2846 2091 2918; x_wconf 84' lang='lat' dir='ltr'>ple-</span> <span class='ocrx_word' id='word_1_315' title='bbox 2118 2842 2123 2847; x_wconf 61' lang='grc'><strong>“</strong></span> 
     </span>
    </p>
   </div>
   <div class='ocr_carea' id='block_1_46' title="bbox 439 2931 2091 2989">
    <p class='ocr_par' dir='ltr' id='par_1_46' title="bbox 439 2931 2091 2989">
     <span class='ocr_line' id='line_1_46' title="bbox 439 2931 2091 2989; baseline 0 -1"><span class='ocrx_word' id='word_1_316' title='bbox 439 2950 554 2989; x_wconf 88' lang='lat' dir='ltr'>nus</span> <span class='ocrx_word' id='word_1_317' title='bbox 579 2931 1009 2988; x_wconf 86' lang='lat' dir='ltr'>exercitationis</span> <span class='ocrx_word' id='word_1_318' title='bbox 1066 2934 1321 2985; x_wconf 90' lang='lat' dir='ltr'>mentem</span> <span class='ocrx_word' id='word_1_319' title='bbox 1355 2931 1609 2987; x_wconf 79' lang='lat' dir='ltr'>i&#39;ntendit</span> <span class='ocrx_word' id='word_1_320' title='bbox 1639 2948 1830 2988; x_wconf 89' lang='lat' dir='ltr'>suam.</span> <span class='ocrx_word' id='word_1_321' title='bbox 1863 2934 1934 2988; x_wconf 90' lang='lat' dir='ltr'>Et</span> <span class='ocrx_word' id='word_1_322' title='bbox 1963 2933 2091 2989; x_wconf 90' lang='lat' dir='ltr'>ideo</span> 
     </span>
    </p>
   </div>
   <div class='ocr_carea' id='block_1_47' title="bbox 440 3018 2091 3093">
    <p class='ocr_par' dir='ltr' id='par_1_47' title="bbox 440 3018 2091 3093">
     <span class='ocr_line' id='line_1_47' title="bbox 440 3018 2091 3093; baseline 0.001 -17"><span class='ocrx_word' id='word_1_323' title='bbox 440 3020 636 3077; x_wconf 90' lang='lat' dir='ltr'>ovium</span> <span class='ocrx_word' id='word_1_324' title='bbox 681 3023 881 3092; x_wconf 87' lang='lat' dir='ltr'>pastor</span> <span class='ocrx_word' id='word_1_325' title='bbox 921 3018 1225 3074; x_wconf 87' lang='lat' dir='ltr'>inducitur</span> <span class='ocrx_word' id='word_1_326' title='bbox 1276 3018 1434 3086; x_wconf 85' lang='lat' dir='ltr'>(Gen.</span> <span class='ocrx_word' id='word_1_327' title='bbox 1461 3037 1595 3083; x_wconf 83' lang='lat' dir='ltr'>xxx,</span> <span class='ocrx_word' id='word_1_328' title='bbox 1630 3020 1762 3092; x_wconf 77' lang='lat' dir='ltr'>3t);</span> <span class='ocrx_word' id='word_1_329' title='bbox 1812 3037 1879 3076; x_wconf 89' lang='lat' dir='ltr'>eo</span> <span class='ocrx_word' id='word_1_330' title='bbox 1935 3022 2091 3093; x_wconf 90' lang='lat' dir='ltr'>quod</span> 
     </span>
    </p>
   </div>
   <div class='ocr_carea' id='block_1_48' title="bbox 436 3106 2093 3181">
    <p class='ocr_par' dir='ltr' id='par_1_48' title="bbox 436 3106 2093 3181">
     <span class='ocr_line' id='line_1_48' title="bbox 436 3106 2093 3181; baseline 0.001 -17"><span class='ocrx_word' id='word_1_331' title='bbox 436 3108 772 3181; x_wconf 87' lang='lat' dir='ltr'>imperitare</span> <span class='ocrx_word' id='word_1_332' title='bbox 803 3108 1030 3179; x_wconf 89' lang='lat' dir='ltr'>corpori</span> <span class='ocrx_word' id='word_1_333' title='bbox 1061 3111 1119 3162; x_wconf 90' lang='lat' dir='ltr'>et</span> <span class='ocrx_word' id='word_1_334' title='bbox 1165 3106 1442 3162; x_wconf 90' lang='lat' dir='ltr'>sensibus</span> <span class='ocrx_word' id='word_1_335' title='bbox 1496 3108 1626 3179; x_wconf 89' lang='lat' dir='ltr'>ejus</span> <span class='ocrx_word' id='word_1_336' title='bbox 1673 3125 1740 3163; x_wconf 92' lang='lat' dir='ltr'>ac</span> <span class='ocrx_word' id='word_1_337' title='bbox 1785 3108 2093 3180; x_wconf 88' lang='lat' dir='ltr'>voluptati-</span> 
     </span>
    </p>
   </div>
   <div class='ocr_carea' id='block_1_49' title="bbox 438 3195 2090 3271">
    <p class='ocr_par' dir='ltr' id='par_1_49' title="bbox 438 3195 2090 3271">
     <span class='ocr_line' id='line_1_49' title="bbox 438 3195 2090 3271; baseline -0.001 -16"><span class='ocrx_word' id='word_1_338' title='bbox 438 3199 570 3265; x_wconf 90' lang='lat' dir='ltr'>bus,</span> <span class='ocrx_word' id='word_1_339' title='bbox 602 3197 836 3269; x_wconf 87' lang='lat' dir='ltr'>votique</span> <span class='ocrx_word' id='word_1_340' title='bbox 867 3196 1108 3251; x_wconf 91' lang='lat' dir='ltr'>modum</span> <span class='ocrx_word' id='word_1_341' title='bbox 1138 3201 1354 3261; x_wconf 89' lang='lat' dir='ltr'>tenere,</span> <span class='ocrx_word' id='word_1_342' title='bbox 1386 3213 1459 3252; x_wconf 92' lang='lat' dir='ltr'>ne</span> <span class='ocrx_word' id='word_1_343' title='bbox 1487 3195 1647 3251; x_wconf 86' lang='lat' dir='ltr'>velut</span> <span class='ocrx_word' id='word_1_344' title='bbox 1676 3198 1800 3252; x_wconf 91' lang='lat' dir='ltr'>ovis</span> <span class='ocrx_word' id='word_1_345' title='bbox 1850 3203 2090 3271; x_wconf 90' lang='lat' dir='ltr'>vagetur</span> 
     </span>
    </p>
   </div>
   <div class='ocr_carea' id='block_1_50' title="bbox 436 3284 2087 3358">
    <p class='ocr_par' dir='ltr' id='par_1_50' title="bbox 436 3284 2087 3358">
     <span class='ocr_line' id='line_1_50' title="bbox 436 3284 2087 3358; baseline -0.001 -15"><span class='ocrx_word' id='word_1_346' title='bbox 436 3288 677 3351; x_wconf 86' lang='lat' dir='ltr'>incerta,</span> <span class='ocrx_word' id='word_1_347' title='bbox 703 3284 1081 3358; x_wconf 82' lang='lat' dir='ltr'>prastantius</span> <span class='ocrx_word' id='word_1_348' title='bbox 1111 3284 1458 3349; x_wconf 87' lang='lat' dir='ltr'>astimatur,</span> <span class='ocrx_word' id='word_1_349' title='bbox 1515 3302 1692 3357; x_wconf 88' lang='lat' dir='ltr'>quam</span> <span class='ocrx_word' id='word_1_350' title='bbox 1744 3301 1941 3358; x_wconf 90' lang='lat' dir='ltr'>regere</span> <span class='ocrx_word' id='word_1_351' title='bbox 1986 3304 2087 3358; x_wconf 91' lang='lat' dir='ltr'>po-</span> 
     </span>
    </p>
   </div>
   <div class='ocr_carea' id='block_1_51' title="bbox 436 3372 2084 3450">
    <p class='ocr_par' dir='ltr' id='par_1_51' title="bbox 436 3372 2084 3450">
     <span class='ocr_line' id='line_1_51' title="bbox 436 3372 2084 3450; baseline -0.002 -17"><span class='ocrx_word' id='word_1_352' title='bbox 436 3375 725 3450; x_wconf 90' lang='lat' dir='ltr'>pulos,vel</span> <span class='ocrx_word' id='word_1_353' title='bbox 743 3390 992 3446; x_wconf 76' lang='lat' dir='ltr'>praeesse</span> <span class='ocrx_word' id='word_1_354' title='bbox 1007 3373 1274 3427; x_wconf 90' lang='lat' dir='ltr'>urbibus.</span> <span class='ocrx_word' id='word_1_355' title='bbox 1300 3372 1600 3429; x_wconf 82' lang='lat' dir='ltr'>Difﬁcilius</span> <span class='ocrx_word' id='word_1_356' title='bbox 1612 3373 1768 3429; x_wconf 89' lang='lat' dir='ltr'>enim</span> <span class='ocrx_word' id='word_1_357' title='bbox 1786 3375 2084 3447; x_wconf 87' lang='lat' dir='ltr'>quispiam</span> 
     </span>
    </p>
   </div>
   <div class='ocr_carea' id='block_1_52' title="bbox 436 3462 2085 3538">
    <p class='ocr_par' dir='ltr' id='par_1_52' title="bbox 436 3462 2085 3538">
     <span class='ocr_line' id='line_1_52' title="bbox 436 3462 2085 3538; baseline -0.002 -15"><span class='ocrx_word' id='word_1_358' title='bbox 436 3483 517 3534; x_wconf 90' lang='lat' dir='ltr'>se,</span> <span class='ocrx_word' id='word_1_359' title='bbox 551 3480 727 3538; x_wconf 90' lang='lat' dir='ltr'>quam</span> <span class='ocrx_word' id='word_1_360' title='bbox 761 3463 1011 3519; x_wconf 89' lang='lat' dir='ltr'>alterum</span> <span class='ocrx_word' id='word_1_361' title='bbox 1043 3462 1209 3534; x_wconf 88' lang='lat' dir='ltr'>regit.</span> <span class='ocrx_word' id='word_1_362' title='bbox 1242 3463 1522 3518; x_wconf 87' lang='lat' dir='ltr'>Animum</span> <span class='ocrx_word' id='word_1_363' title='bbox 1553 3463 1802 3531; x_wconf 88' lang='lat' dir='ltr'>vincere,</span> <span class='ocrx_word' id='word_1_364' title='bbox 1852 3464 2085 3519; x_wconf 87' lang='lat' dir='ltr'>iracun-</span> 
     </span>
    </p>
   </div>
   <div class='ocr_carea' id='block_1_53' title="bbox 434 3549 2088 3623">
    <p class='ocr_par' dir='ltr' id='par_1_53' title="bbox 434 3549 2088 3623">
     <span class='ocr_line' id='line_1_53' title="bbox 434 3549 2088 3623; baseline -0.001 -13"><span class='ocrx_word' id='word_1_365' title='bbox 434 3555 592 3611; x_wconf 91' lang='lat' dir='ltr'>diam</span> <span class='ocrx_word' id='word_1_366' title='bbox 624 3552 915 3617; x_wconf 81' lang='lat' dir='ltr'>cobibere,</span> <span class='ocrx_word' id='word_1_367' title='bbox 962 3555 1544 3622; x_wconf 84' lang='lat' dir='ltr'>compugnantesque</span> <span class='ocrx_word' id='word_1_368' title='bbox 1588 3549 1745 3623; x_wconf 90' lang='lat' dir='ltr'>leges</span> <span class='ocrx_word' id='word_1_369' title='bbox 1793 3552 1988 3608; x_wconf 89' lang='lat' dir='ltr'>carnis</span> <span class='ocrx_word' id='word_1_370' title='bbox 2030 3557 2088 3608; x_wconf 89' lang='lat' dir='ltr'>et</span> 
     </span>
    </p>
   </div>
   <div class='ocr_carea' id='block_1_54' title="bbox 434 3639 2089 3712">
    <p class='ocr_par' dir='ltr' id='par_1_54' title="bbox 434 3639 2089 3712">
     <span class='ocr_line' id='line_1_54' title="bbox 434 3639 2089 3712; baseline -0.002 -13"><span class='ocrx_word' id='word_1_371' title='bbox 434 3643 650 3699; x_wconf 89' lang='lat' dir='ltr'>mentis</span> <span class='ocrx_word' id='word_1_372' title='bbox 681 3642 740 3696; x_wconf 92' lang='lat' dir='ltr'>in</span> <span class='ocrx_word' id='word_1_373' title='bbox 775 3657 959 3696; x_wconf 92' lang='lat' dir='ltr'>unum</span> <span class='ocrx_word' id='word_1_374' title='bbox 992 3655 1218 3712; x_wconf 85' lang='lat' dir='ltr'>cogere,</span> <span class='ocrx_word' id='word_1_375' title='bbox 1250 3639 1606 3696; x_wconf 77' lang='lat' dir='ltr'>immortalis</span> <span class='ocrx_word' id='word_1_376' title='bbox 1639 3640 1950 3712; x_wconf 85' lang='lat' dir='ltr'>cujusdam</span> <span class='ocrx_word' id='word_1_377' title='bbox 1999 3646 2089 3698; x_wconf 88' lang='lat' dir='ltr'>est</span> 
     </span>
    </p>
   </div>
   <div class='ocr_carea' id='block_1_55' title="bbox 432 3736 2091 3811">
    <p class='ocr_par' dir='ltr' id='par_1_55' title="bbox 432 3736 2091 3811">
     <span class='ocr_line' id='line_1_55' title="bbox 432 3736 2091 3811; baseline 0 -16"><span class='ocrx_word' id='word_1_378' title='bbox 432 3738 539 3795; x_wconf 91' lang='lat' dir='ltr'>viri</span> <span class='ocrx_word' id='word_1_379' title='bbox 578 3755 751 3811; x_wconf 88' lang='lat' dir='ltr'>quem</span> <span class='ocrx_word' id='word_1_380' title='bbox 784 3737 996 3792; x_wconf 84' lang='lat' dir='ltr'>inferni</span> <span class='ocrx_word' id='word_1_381' title='bbox 1030 3740 1196 3809; x_wconf 88' lang='lat' dir='ltr'>porta</span> <span class='ocrx_word' id='word_1_382' title='bbox 1227 3753 1340 3792; x_wconf 92' lang='lat' dir='ltr'>non</span> <span class='ocrx_word' id='word_1_383' title='bbox 1384 3736 1621 3808; x_wconf 87' lang='lat' dir='ltr'>ceperit.</span> <span class='ocrx_word' id='word_1_384' title='bbox 1674 3737 1935 3810; x_wconf 91' lang='lat' dir='ltr'>Denique</span> <span class='ocrx_word' id='word_1_385' title='bbox 1966 3739 2091 3810; x_wconf 91' lang='lat' dir='ltr'>ipse</span> 
     </span>
    </p>
   </div>
   <div class='ocr_carea' id='block_1_56' title="bbox 434 3825 2088 3901">
    <p class='ocr_par' dir='ltr' id='par_1_56' title="bbox 434 3825 2088 3901">
     <span class='ocr_line' id='line_1_56' title="bbox 434 3825 2088 3901; baseline -0.001 -16"><span class='ocrx_word' id='word_1_386' title='bbox 434 3828 546 3885; x_wconf 91' lang='lat' dir='ltr'>sibi</span> <span class='ocrx_word' id='word_1_387' title='bbox 576 3825 875 3901; x_wconf 89' lang='lat' dir='ltr'>legislator</span> <span class='ocrx_word' id='word_1_388' title='bbox 901 3826 1217 3882; x_wconf 87' lang='lat' dir='ltr'>vindicavit</span> <span class='ocrx_word' id='word_1_389' title='bbox 1246 3826 1356 3881; x_wconf 87' lang='lat' dir='ltr'>hoc</span> <span class='ocrx_word' id='word_1_390' title='bbox 1387 3842 1605 3881; x_wconf 90' lang='lat' dir='ltr'>munus</span> <span class='ocrx_word' id='word_1_391' title='bbox 1630 3842 1642 3879; x_wconf 91' lang='lat'>:</span> <span class='ocrx_word' id='word_1_392' title='bbox 1699 3829 1765 3880; x_wconf 89' lang='lat' dir='ltr'>ut</span> <span class='ocrx_word' id='word_1_393' title='bbox 1794 3843 1928 3883; x_wconf 88' lang='lat' dir='ltr'>oves</span> <span class='ocrx_word' id='word_1_394' title='bbox 1980 3844 2088 3900; x_wconf 86' lang='lat' dir='ltr'>pa-</span> 
     </span>
    </p>
   </div>
   <div class='ocr_carea' id='block_1_57' title="bbox 433 3913 2088 3987">
    <p class='ocr_par' dir='ltr' id='par_1_57' title="bbox 433 3913 2088 3987">
     <span class='ocr_line' id='line_1_57' title="bbox 433 3913 2088 3987; baseline -0.002 -13"><span class='ocrx_word' id='word_1_395' title='bbox 433 3920 620 3974; x_wconf 88' lang='lat' dir='ltr'>sceret</span> <span class='ocrx_word' id='word_1_396' title='bbox 649 3915 851 3972; x_wconf 85' lang='lat' dir='ltr'>Jethro</span> <span class='ocrx_word' id='word_1_397' title='bbox 881 3914 1074 3987; x_wconf 74' lang='lat' dir='ltr'>(Exod.</span> <span class='ocrx_word' id='word_1_398' title='bbox 1109 3931 1193 3981; x_wconf 79' lang='lat' dir='ltr'>nr,</span> <span class='ocrx_word' id='word_1_399' title='bbox 1234 3914 1306 3983; x_wconf 85' lang='grc' dir='ltr'>Ι),</span> <span class='ocrx_word' id='word_1_400' title='bbox 1337 3914 1435 3985; x_wconf 88' lang='lat' dir='ltr'>qui</span> <span class='ocrx_word' id='word_1_401' title='bbox 1468 3913 1682 3969; x_wconf 88' lang='lat' dir='ltr'>dicitur</span> <span class='ocrx_word' id='word_1_402' title='bbox 1732 3915 2088 3986; x_wconf 88' lang='lat' dir='ltr'>superﬂuus,</span> 
     </span>
    </p>
   </div>
   <div class='ocr_carea' id='block_1_58' title="bbox 432 4001 2090 4079">
    <p class='ocr_par' dir='ltr' id='par_1_58' title="bbox 432 4001 2090 4079">
     <span class='ocr_line' id='line_1_58' title="bbox 432 4001 2090 4079; baseline -0.002 -16"><span class='ocrx_word' id='word_1_403' title='bbox 432 4012 488 4064; x_wconf 91' lang='lat' dir='ltr'>et</span> <span class='ocrx_word' id='word_1_404' title='bbox 518 4017 715 4079; x_wconf 86' lang='lat' dir='ltr'>ageret</span> <span class='ocrx_word' id='word_1_405' title='bbox 735 4004 793 4059; x_wconf 91' lang='lat' dir='ltr'>in</span> <span class='ocrx_word' id='word_1_406' title='bbox 812 4005 1144 4060; x_wconf 87' lang='lat' dir='ltr'>desertum:</span> <span class='ocrx_word' id='word_1_407' title='bbox 1168 4003 1403 4074; x_wconf 88' lang='lat' dir='ltr'>ecquod</span> <span class='ocrx_word' id='word_1_408' title='bbox 1427 4001 1890 4059; x_wconf 84' lang='lat' dir='ltr'>irrationabilem</span> <span class='ocrx_word' id='word_1_409' title='bbox 1909 4007 1966 4058; x_wconf 90' lang='lat' dir='ltr'>et</span> <span class='ocrx_word' id='word_1_410' title='bbox 1991 4021 2090 4060; x_wconf 91' lang='lat' dir='ltr'>su-</span> 
     </span>
    </p>
   </div>
   <div class='ocr_carea' id='block_1_59' title="bbox 430 4089 2091 4168">
    <p class='ocr_par' dir='ltr' id='par_1_59' title="bbox 430 4089 2091 4168">
     <span class='ocr_line' id='line_1_59' title="bbox 430 4089 2091 4168; baseline -0.002 -17"><span class='ocrx_word' id='word_1_411' title='bbox 430 4094 638 4168; x_wconf 83' lang='lat' dir='ltr'>perﬂui</span> <span class='ocrx_word' id='word_1_412' title='bbox 670 4092 1045 4162; x_wconf 82' lang='lat' dir='ltr'>vulgarisque</span> <span class='ocrx_word' id='word_1_413' title='bbox 1090 4091 1381 4145; x_wconf 89' lang='lat' dir='ltr'>sermonis</span> <span class='ocrx_word' id='word_1_414' title='bbox 1431 4089 1848 4161; x_wconf 84' lang='lat' dir='ltr'>loquacittaem</span> <span class='ocrx_word' id='word_1_415' title='bbox 1904 4091 2091 4149; x_wconf 89' lang='lat' dir='ltr'>indis-</span> 
     </span>
    </p>
   </div>
   <div class='ocr_carea' id='block_1_60' title="bbox 430 4177 2089 4253">
    <p class='ocr_par' dir='ltr' id='par_1_60' title="bbox 430 4177 2089 4253">
     <span class='ocr_line' id='line_1_60' title="bbox 430 4177 2089 4253; baseline -0.002 -12"><span class='ocrx_word' id='word_1_416' title='bbox 430 4188 589 4240; x_wconf 87' lang='lat' dir='ltr'>creta</span> <span class='ocrx_word' id='word_1_417' title='bbox 637 4180 903 4253; x_wconf 83' lang='lat' dir='ltr'>quadam</span> <span class='ocrx_word' id='word_1_418' title='bbox 964 4179 1172 4234; x_wconf 85' lang='lat' dir='ltr'>sobria</span> <span class='ocrx_word' id='word_1_419' title='bbox 1220 4177 1496 4233; x_wconf 89' lang='lat' dir='ltr'>doctrina</span> <span class='ocrx_word' id='word_1_420' title='bbox 1557 4178 1746 4251; x_wconf 90' lang='lat' dir='ltr'>coegit</span> <span class='ocrx_word' id='word_1_421' title='bbox 1792 4181 2089 4253; x_wconf 50' lang='lat' dir='ltr'>mysteria.</span> 
     </span>
    </p>
   </div>
   <div class='ocr_carea' id='block_1_61' title="bbox 429 4266 2092 4343">
    <p class='ocr_par' dir='ltr' id='par_1_61' title="bbox 429 4266 2092 4343">
     <span class='ocr_line' id='line_1_61' title="bbox 429 4266 2092 4343; baseline -0.001 -15"><span class='ocrx_word' id='word_1_422' title='bbox 429 4273 681 4343; x_wconf 89' lang='lat' dir='ltr'>Ideoque</span> <span class='ocrx_word' id='word_1_423' title='bbox 742 4266 1024 4341; x_wconf 66' lang='lat' dir='ltr'>Egyptiis</span> <span class='ocrx_word' id='word_1_424' title='bbox 1088 4266 1518 4322; x_wconf 85' lang='lat' dir='ltr'>abominationi</span> <span class='ocrx_word' id='word_1_425' title='bbox 1583 4272 1749 4322; x_wconf 89' lang='lat' dir='ltr'>erant</span> <span class='ocrx_word' id='word_1_426' title='bbox 1824 4274 2092 4340; x_wconf 88' lang='lat' dir='ltr'>pastores</span> 
     </span>
    </p>
   </div>
   <div class='ocr_carea' id='block_1_62' title="bbox 428 4354 2093 4430">
    <p class='ocr_par' dir='ltr' id='par_1_62' title="bbox 428 4354 2093 4430">
     <span class='ocr_line' id='line_1_62' title="bbox 428 4354 2093 4430; baseline -0.001 -15"><span class='ocrx_word' id='word_1_427' title='bbox 428 4361 644 4415; x_wconf 90' lang='lat' dir='ltr'>ovium.</span> <span class='ocrx_word' id='word_1_428' title='bbox 678 4357 894 4411; x_wconf 90' lang='lat' dir='ltr'>Omnes</span> <span class='ocrx_word' id='word_1_429' title='bbox 924 4354 1080 4411; x_wconf 90' lang='lat' dir='ltr'>enim</span> <span class='ocrx_word' id='word_1_430' title='bbox 1115 4354 1215 4427; x_wconf 90' lang='lat' dir='ltr'>qui</span> <span class='ocrx_word' id='word_1_431' title='bbox 1266 4357 1530 4426; x_wconf 90' lang='lat' dir='ltr'>corporis</span> <span class='ocrx_word' id='word_1_432' title='bbox 1582 4356 1765 4411; x_wconf 88' lang='lat' dir='ltr'>dediti</span> <span class='ocrx_word' id='word_1_433' title='bbox 1808 4358 2093 4430; x_wconf 88' lang='lat' dir='ltr'>passioni-</span> 
     </span>
    </p>
   </div>
   <div class='ocr_carea' id='block_1_63' title="bbox 426 4441 2087 4518">
    <p class='ocr_par' dir='ltr' id='par_1_63' title="bbox 426 4441 2087 4518">
     <span class='ocr_line' id='line_1_63' title="bbox 426 4441 2087 4518; baseline -0.001 -15"><span class='ocrx_word' id='word_1_434' title='bbox 426 4448 539 4503; x_wconf 89' lang='lat' dir='ltr'>bus</span> <span class='ocrx_word' id='word_1_435' title='bbox 596 4443 959 4514; x_wconf 78' lang='lat' dir='ltr'>hujusmodi,</span> <span class='ocrx_word' id='word_1_436' title='bbox 1038 4447 1096 4499; x_wconf 85' lang='lat' dir='ltr'>et</span> <span class='ocrx_word' id='word_1_437' title='bbox 1144 4441 1545 4515; x_wconf 88' lang='lat' dir='ltr'>voluptatibus</span> <span class='ocrx_word' id='word_1_438' title='bbox 1593 4444 1898 4518; x_wconf 89' lang='lat' dir='ltr'>indulgent</span> <span class='ocrx_word' id='word_1_439' title='bbox 1941 4449 2087 4504; x_wconf 67' lang='lat' dir='ltr'>suis.</span> 
     </span>
    </p>
   </div>
   <div class='ocr_carea' id='block_1_64' title="bbox 427 4531 2084 4607">
    <p class='ocr_par' dir='ltr' id='par_1_64' title="bbox 427 4531 2084 4607">
     <span class='ocr_line' id='line_1_64' title="bbox 427 4531 2084 4607; baseline 0.001 -17"><span class='ocrx_word' id='word_1_440' title='bbox 427 4535 873 4605; x_wconf 83' lang='lat' dir='ltr'>disceptatorem</span> <span class='ocrx_word' id='word_1_441' title='bbox 905 4531 1087 4589; x_wconf 89' lang='lat' dir='ltr'>verbi.</span> <span class='ocrx_word' id='word_1_442' title='bbox 1122 4532 1536 4604; x_wconf 87' lang='lat' dir='ltr'>doctoremque</span> <span class='ocrx_word' id='word_1_443' title='bbox 1566 4533 1799 4590; x_wconf 87' lang='lat' dir='ltr'>virtutis</span> <span class='ocrx_word' id='word_1_444' title='bbox 1830 4537 2084 4607; x_wconf 87' lang='lat' dir='ltr'>quadam</span> 
     </span>
    </p>
   </div>
   <div class='ocr_carea' id='block_1_65' title="bbox 425 4620 2165 4696">
    <p class='ocr_par' dir='ltr' id='par_1_65' title="bbox 425 4620 2165 4696">
     <span class='ocr_line' id='line_1_65' title="bbox 425 4620 2165 4696; baseline 0.002 -16"><span class='ocrx_word' id='word_1_445' title='bbox 425 4620 820 4680; x_wconf 85' lang='lat' dir='ltr'>exsecratione</span> <span class='ocrx_word' id='word_1_446' title='bbox 850 4620 1181 4675; x_wconf 88' lang='lat' dir='ltr'>declinant.</span> <span class='ocrx_word' id='word_1_447' title='bbox 1215 4621 1283 4676; x_wconf 88' lang='lat' dir='ltr'>Et</span> <span class='ocrx_word' id='word_1_448' title='bbox 1310 4620 1440 4675; x_wconf 86' lang='lat' dir='ltr'>ideo</span> <span class='ocrx_word' id='word_1_449' title='bbox 1480 4638 1583 4693; x_wconf 89' lang='lat' dir='ltr'>per</span> <span class='ocrx_word' id='word_1_450' title='bbox 1628 4623 1942 4696; x_wconf 85' lang='lat' dir='ltr'>agnimata</span> <span class='ocrx_word' id='word_1_451' title='bbox 1970 4624 2091 4681; x_wconf 85' lang='lat' dir='ltr'>hac</span> <span class='ocrx_word' id='word_1_452' title='bbox 2118 4621 2165 4685; x_wconf 90' lang='lat' dir='ltr'>D</span> 
     </span>
    </p>
   </div>
   <div class='ocr_carea' id='block_1_66' title="bbox 424 4709 2083 4786">
    <p class='ocr_par' dir='ltr' id='par_1_66' title="bbox 424 4709 2083 4786">
     <span class='ocr_line' id='line_1_66' title="bbox 424 4709 2083 4786; baseline -0.001 -17"><span class='ocrx_word' id='word_1_453' title='bbox 424 4710 627 4769; x_wconf 90' lang='lat' dir='ltr'>docuit</span> <span class='ocrx_word' id='word_1_454' title='bbox 655 4709 881 4779; x_wconf 79' lang='lat' dir='ltr'>Moyses</span> <span class='ocrx_word' id='word_1_455' title='bbox 914 4713 1047 4781; x_wconf 85' lang='lat' dir='ltr'>apta</span> <span class='ocrx_word' id='word_1_456' title='bbox 1080 4709 1198 4763; x_wconf 85' lang='lat' dir='ltr'>Deo</span> <span class='ocrx_word' id='word_1_457' title='bbox 1230 4725 1359 4764; x_wconf 84' lang='lat' dir='ltr'>esse</span> <span class='ocrx_word' id='word_1_458' title='bbox 1390 4710 1679 4766; x_wconf 79' lang='lat' dir='ltr'>sacriﬁcia</span> <span class='ocrx_word' id='word_1_459' title='bbox 1709 4712 1862 4782; x_wconf 76' lang='lat' dir='ltr'>(Gen.</span> <span class='ocrx_word' id='word_1_460' title='bbox 1898 4730 1973 4781; x_wconf 82' lang='grc' dir='ltr'>ιν,</span> <span class='ocrx_word' id='word_1_461' title='bbox 2009 4716 2083 4786; x_wconf 80' lang='grc'>4),</span> 
     </span>
    </p>
   </div>
   <div class='ocr_carea' id='block_1_67' title="bbox 424 4796 2086 4874">
    <p class='ocr_par' dir='ltr' id='par_1_67' title="bbox 424 4796 2086 4874">
     <span class='ocr_line' id='line_1_67' title="bbox 424 4796 2086 4874; baseline 0.001 -17"><span class='ocrx_word' id='word_1_462' title='bbox 424 4818 552 4874; x_wconf 88' lang='lat' dir='ltr'>qua</span> <span class='ocrx_word' id='word_1_463' title='bbox 600 4797 816 4871; x_wconf 85' lang='lat' dir='ltr'>refugit</span> <span class='ocrx_word' id='word_1_464' title='bbox 864 4798 1059 4853; x_wconf 90' lang='lat' dir='ltr'>omnis</span> <span class='ocrx_word' id='word_1_465' title='bbox 1107 4796 1415 4870; x_wconf 87' lang='lat' dir='ltr'>insipiens,</span> <span class='ocrx_word' id='word_1_466' title='bbox 1489 4798 1599 4855; x_wconf 91' lang='lat' dir='ltr'>hoc</span> <span class='ocrx_word' id='word_1_467' title='bbox 1663 4805 1753 4855; x_wconf 90' lang='lat' dir='ltr'>est</span> <span class='ocrx_word' id='word_1_468' title='bbox 1812 4818 1987 4872; x_wconf 87' lang='lat' dir='ltr'>opera</span> <span class='ocrx_word' id='word_1_469' title='bbox 2028 4808 2086 4859; x_wconf 87' lang='lat' dir='ltr'>et</span> 
     </span>
    </p>
   </div>
   <div class='ocr_carea' id='block_1_68' title="bbox 422 4886 2080 4963">
    <p class='ocr_par' dir='ltr' id='par_1_68' title="bbox 422 4886 2080 4963">
     <span class='ocr_line' id='line_1_68' title="bbox 422 4886 2080 4963; baseline 0.001 -18"><span class='ocrx_word' id='word_1_470' title='bbox 422 4892 709 4963; x_wconf 86' lang='lat' dir='ltr'>pracepta</span> <span class='ocrx_word' id='word_1_471' title='bbox 736 4886 991 4943; x_wconf 89' lang='lat' dir='ltr'>virtutis.</span> <span class='ocrx_word' id='word_1_472' title='bbox 1028 4886 1278 4958; x_wconf 90' lang='lat' dir='ltr'>Ideoque</span> <span class='ocrx_word' id='word_1_473' title='bbox 1318 4892 1520 4959; x_wconf 88' lang='lat' dir='ltr'>pastor</span> <span class='ocrx_word' id='word_1_474' title='bbox 1567 4889 1729 4956; x_wconf 85' lang='lat' dir='ltr'>Abel,</span> <span class='ocrx_word' id='word_1_475' title='bbox 1783 4889 1921 4946; x_wconf 88' lang='lat' dir='ltr'>Cain</span> <span class='ocrx_word' id='word_1_476' title='bbox 1973 4909 2080 4947; x_wconf 89' lang='lat' dir='ltr'>au-</span> 
     </span>
    </p>
   </div>
   <div class='ocr_carea' id='block_1_69' title="bbox 423 4974 2083 5050">
    <p class='ocr_par' dir='ltr' id='par_1_69' title="bbox 423 4974 2083 5050">
     <span class='ocr_line' id='line_1_69' title="bbox 423 4974 2083 5050; baseline 0.001 -15"><span class='ocrx_word' id='word_1_477' title='bbox 423 4982 539 5035; x_wconf 85' lang='lat' dir='ltr'>tem</span> <span class='ocrx_word' id='word_1_478' title='bbox 572 4981 842 5050; x_wconf 88' lang='lat' dir='ltr'>operator</span> <span class='ocrx_word' id='word_1_479' title='bbox 880 4980 1046 5032; x_wconf 87' lang='lat' dir='ltr'>terra</span> <span class='ocrx_word' id='word_1_480' title='bbox 1088 4974 1305 5046; x_wconf 84' lang='lat' dir='ltr'>legitur</span> <span class='ocrx_word' id='word_1_481' title='bbox 1338 4976 1509 5047; x_wconf 86' lang='lat' dir='ltr'>(lbib.</span> <span class='ocrx_word' id='word_1_482' title='bbox 1559 4980 1637 5045; x_wconf 88' lang='lat'>2),</span> <span class='ocrx_word' id='word_1_483' title='bbox 1671 4978 1770 5049; x_wconf 91' lang='lat' dir='ltr'>qui</span> <span class='ocrx_word' id='word_1_484' title='bbox 1800 4978 1856 5032; x_wconf 92' lang='lat' dir='ltr'>in</span> <span class='ocrx_word' id='word_1_485' title='bbox 1905 4980 2083 5036; x_wconf 87' lang='lat' dir='ltr'>fratre</span> 
     </span>
    </p>
   </div>
   <div class='ocr_carea' id='block_1_70' title="bbox 424 5064 2081 5138">
    <p class='ocr_par' dir='ltr' id='par_1_70' title="bbox 424 5064 2081 5138">
     <span class='ocr_line' id='line_1_70' title="bbox 424 5064 2081 5138; baseline 0.002 -16"><span class='ocrx_word' id='word_1_486' title='bbox 424 5083 551 5133; x_wconf 90' lang='lat' dir='ltr'>suo,</span> <span class='ocrx_word' id='word_1_487' title='bbox 582 5067 670 5122; x_wconf 90' lang='lat' dir='ltr'>vir</span> <span class='ocrx_word' id='word_1_488' title='bbox 698 5066 1007 5138; x_wconf 86' lang='lat' dir='ltr'>insipiens,</span> <span class='ocrx_word' id='word_1_489' title='bbox 1042 5064 1295 5120; x_wconf 80' lang='lat' dir='ltr'>formam</span> <span class='ocrx_word' id='word_1_490' title='bbox 1329 5065 1701 5137; x_wconf 88' lang='lat' dir='ltr'>speciemque</span> <span class='ocrx_word' id='word_1_491' title='bbox 1730 5066 1965 5125; x_wconf 89' lang='lat' dir='ltr'>virtutis</span> <span class='ocrx_word' id='word_1_492' title='bbox 1986 5087 2081 5125; x_wconf 84' lang='lat' dir='ltr'>ex-</span> 
     </span>
    </p>
   </div>
   <div class='ocr_carea' id='block_1_71' title="bbox 424 5153 1247 5226">
    <p class='ocr_par' dir='ltr' id='par_1_71' title="bbox 424 5153 1247 5226">
     <span class='ocr_line' id='line_1_71' title="bbox 424 5153 1247 5226; baseline -0.001 -17"><span class='ocrx_word' id='word_1_493' title='bbox 424 5170 688 5225; x_wconf 89' lang='lat' dir='ltr'>pressam</span> <span class='ocrx_word' id='word_1_494' title='bbox 712 5156 859 5212; x_wconf 83' lang='lat' dir='ltr'>ferre</span> <span class='ocrx_word' id='word_1_495' title='bbox 890 5171 1005 5211; x_wconf 90' lang='lat' dir='ltr'>non</span> <span class='ocrx_word' id='word_1_496' title='bbox 1039 5153 1247 5226; x_wconf 88' lang='lat' dir='ltr'>potuit.</span> 
     </span>
    </p>
   </div>
   <div class='ocr_carea' id='block_1_72' title="bbox 1063 5251 1430 5307">
    <p class='ocr_par' dir='ltr' id='par_1_72' title="bbox 1063 5251 1430 5307">
     <span class='ocr_line' id='line_1_72' title="bbox 1063 5251 1430 5307; baseline 0 0"><span class='ocrx_word' id='word_1_497' title='bbox 1063 5251 1299 5307; x_wconf 84' lang='lat' dir='ltr'>CAPUT</span> <span class='ocrx_word' id='word_1_498' title='bbox 1327 5252 1430 5307; x_wconf 89' lang='lat' dir='ltr'>VII</span> 
     </span>
    </p>
   </div>
   <div class='ocr_carea' id='block_1_73' title="bbox 423 5337 2080 5411">
    <p class='ocr_par' dir='ltr' id='par_1_73' title="bbox 423 5337 2080 5411">
     <span class='ocr_line' id='line_1_73' title="bbox 423 5337 2080 5411; baseline 0.005 -21"><span class='ocrx_word' id='word_1_499' title='bbox 423 5337 663 5411; x_wconf 86' lang='lat' dir='ltr'>Indicato</span> <span class='ocrx_word' id='word_1_500' title='bbox 717 5339 928 5409; x_wconf 79' lang='lat' dir='ltr'>duplici</span> <span class='ocrx_word' id='word_1_501' title='bbox 955 5341 1169 5411; x_wconf 74' lang='lat' dir='ltr'>defectu</span> <span class='ocrx_word' id='word_1_502' title='bbox 1197 5341 1464 5409; x_wconf 82' lang='lat' dir='ltr'>sacriﬁcii</span> <span class='ocrx_word' id='word_1_503' title='bbox 1495 5339 1652 5406; x_wconf 80' lang='lat' dir='ltr'>Cain,</span> <span class='ocrx_word' id='word_1_504' title='bbox 1694 5342 1924 5397; x_wconf 83' lang='lat' dir='ltr'>ostendit</span> <span class='ocrx_word' id='word_1_505' title='bbox 1967 5344 2080 5398; x_wconf 84' lang='lat' dir='ltr'>tria</span> 
     </span>
    </p>
   </div>
   <div class='ocr_carea' id='block_1_74' title="bbox 493 5409 2079 5483">
    <p class='ocr_par' dir='ltr' id='par_1_74' title="bbox 493 5409 2079 5483">
     <span class='ocr_line' id='line_1_74' title="bbox 493 5409 2079 5483; baseline 0.007 -24"><span class='ocrx_word' id='word_1_506' title='bbox 493 5409 627 5461; x_wconf 68' lang='lat' dir='ltr'>vitia</span> <span class='ocrx_word' id='word_1_507' title='bbox 652 5411 747 5483; x_wconf 5' lang='lat' dir='ltr'>in,</span> <span class='ocrx_word' id='word_1_508' title='bbox 772 5413 973 5465; x_wconf 82' lang='lat' dir='ltr'>nostris</span> <span class='ocrx_word' id='word_1_509' title='bbox 1010 5409 1375 5467; x_wconf 77' lang='lat' dir='ltr'>oblationibus</span> <span class='ocrx_word' id='word_1_510' title='bbox 1421 5411 1677 5483; x_wconf 83' lang='lat' dir='ltr'>obrepere</span> <span class='ocrx_word' id='word_1_511' title='bbox 1746 5428 1924 5483; x_wconf 79' lang='lat' dir='ltr'>posse,</span> <span class='ocrx_word' id='word_1_512' title='bbox 1977 5430 2079 5471; x_wconf 88' lang='lat' dir='ltr'>nec</span> 
     </span>
    </p>
   </div>
   <div class='ocr_carea' id='block_1_75' title="bbox 493 5478 2079 5555">
    <p class='ocr_par' dir='ltr' id='par_1_75' title="bbox 493 5478 2079 5555">
     <span class='ocr_line' id='line_1_75' title="bbox 493 5478 2079 5555; baseline 0.006 -24"><span class='ocrx_word' id='word_1_513' title='bbox 493 5478 824 5555; x_wconf 79' lang='lat' dir='ltr'>nondivina</span> <span class='ocrx_word' id='word_1_514' title='bbox 846 5482 1170 5555; x_wconf 72' lang='lat' dir='ltr'>testimonia</span> <span class='ocrx_word' id='word_1_515' title='bbox 1206 5485 1405 5553; x_wconf 86' lang='lat' dir='ltr'>quibus</span> <span class='ocrx_word' id='word_1_516' title='bbox 1448 5478 1634 5537; x_wconf 83' lang='lat' dir='ltr'>eadem</span> <span class='ocrx_word' id='word_1_517' title='bbox 1664 5478 1804 5538; x_wconf 79' lang='lat' dir='ltr'>vitia</span> <span class='ocrx_word' id='word_1_518' title='bbox 1844 5487 2079 5555; x_wconf 81' lang='lat' dir='ltr'>proseri-</span> 
     </span>
    </p>
   </div>
   <div class='ocr_carea' id='block_1_76' title="bbox 496 5548 994 5606">
    <p class='ocr_par' dir='ltr' id='par_1_76' title="bbox 496 5548 994 5606">
     <span class='ocr_line' id='line_1_76' title="bbox 496 5548 994 5606; baseline 0.008 -4"><span class='ocrx_word' id='word_1_519' title='bbox 496 5548 718 5604; x_wconf 80' lang='lat' dir='ltr'>bunlur.</span> <span class='ocrx_word' id='word_1_520' title='bbox 753 5550 994 5606; x_wconf 83' lang='lat' dir='ltr'>adducit.</span> 
     </span>
    </p>
   </div>
   <div class='ocr_carea' id='block_1_77' title="bbox 494 5646 2078 5726">
    <p class='ocr_par' dir='ltr' id='par_1_77' title="bbox 494 5646 2078 5726">
     <span class='ocr_line' id='line_1_77' title="bbox 494 5646 2078 5726; baseline 0.005 -24"><span class='ocrx_word' id='word_1_521' title='bbox 494 5646 581 5703; x_wconf 85' lang='lat'>25.</span> <span class='ocrx_word' id='word_1_522' title='bbox 618 5650 683 5703; x_wconf 87' lang='lat' dir='ltr'>Et</span> <span class='ocrx_word' id='word_1_523' title='bbox 711 5647 919 5717; x_wconf 80' lang='lat' dir='ltr'>factum</span> <span class='ocrx_word' id='word_1_524' title='bbox 946 5657 1041 5719; x_wconf 86' lang='lat' dir='ltr'>est,</span> <span class='ocrx_word' id='word_1_525' title='bbox 1088 5658 1207 5721; x_wconf 81' lang='lat' dir='ltr'>post</span> <span class='ocrx_word' id='word_1_526' title='bbox 1260 5650 1375 5706; x_wconf 84' lang='lat' dir='ltr'>dies</span> <span class='ocrx_word' id='word_1_527' title='bbox 1423 5651 1619 5708; x_wconf 83' lang='lat' dir='ltr'>obtulit</span> <span class='ocrx_word' id='word_1_528' title='bbox 1668 5650 1805 5708; x_wconf 82' lang='lat' dir='ltr'>Cain</span> <span class='ocrx_word' id='word_1_529' title='bbox 1850 5668 1921 5709; x_wconf 73' lang='lat' dir='ltr'>ex</span> <span class='ocrx_word' id='word_1_530' title='bbox 1955 5656 2078 5726; x_wconf 83' lang='lat' dir='ltr'>fru-</span> 
     </span>
    </p>
   </div>
   <div class='ocr_carea' id='block_1_78' title="bbox 489 5762 1933 5836">
    <p class='ocr_par' dir='ltr' id='par_1_78' title="bbox 489 5762 1933 5836">
     <span class='ocr_line' id='line_1_78' title="bbox 489 5762 1933 5836; baseline 0.006 -15"><span class='ocrx_word' id='word_1_531' title='bbox 489 5762 598 5835; x_wconf 83' lang='lat'>(22)</span> <span class='ocrx_word' id='word_1_532' title='bbox 626 5763 765 5824; x_wconf 84' lang='lat' dir='ltr'>Cod.</span> <span class='ocrx_word' id='word_1_533' title='bbox 799 5762 947 5836; x_wconf 88' lang='lat' dir='ltr'>Div.,</span> <span class='ocrx_word' id='word_1_534' title='bbox 971 5765 1040 5822; x_wconf 81' lang='lat' dir='ltr'>At</span> <span class='ocrx_word' id='word_1_535' title='bbox 1065 5779 1191 5823; x_wconf 89' lang='lat' dir='ltr'>vero</span> <span class='ocrx_word' id='word_1_536' title='bbox 1216 5766 1516 5826; x_wconf 81' lang='lat' dir='ltr'>secundum</span> <span class='ocrx_word' id='word_1_537' title='bbox 1536 5767 1933 5829; x_wconf 80' lang='lat' dir='ltr'>ministerium.</span> 
     </span>
    </p>
   </div>
   <div class='ocr_carea' id='block_1_79' title="bbox 2208 1956 3858 2033">
    <p class='ocr_par' dir='ltr' id='par_1_79' title="bbox 2208 1956 3858 2033">
     <span class='ocr_line' id='line_1_79' title="bbox 2208 1956 3858 2033; baseline 0.002 -21"><span class='ocrx_word' id='word_1_538' title='bbox 2208 1956 2495 2014; x_wconf 91' lang='lat' dir='ltr'>bonorum</span> <span class='ocrx_word' id='word_1_539' title='bbox 2526 1963 2821 2016; x_wconf 91' lang='lat' dir='ltr'>auctorem</span> <span class='ocrx_word' id='word_1_540' title='bbox 2846 1961 3076 2016; x_wconf 90' lang='lat' dir='ltr'>ducere.</span> <span class='ocrx_word' id='word_1_541' title='bbox 3117 1959 3379 2017; x_wconf 90' lang='lat' dir='ltr'>Tertium</span> <span class='ocrx_word' id='word_1_542' title='bbox 3409 1976 3595 2033; x_wconf 90' lang='lat' dir='ltr'>genus</span> <span class='ocrx_word' id='word_1_543' title='bbox 3623 1963 3714 2016; x_wconf 90' lang='lat' dir='ltr'>est</span> <span class='ocrx_word' id='word_1_544' title='bbox 3730 1976 3858 2032; x_wconf 86' lang='lat' dir='ltr'>pec-</span> 
     </span>
    </p>
   </div>
   <div class='ocr_carea' id='block_1_80' title="bbox 2208 2047 3859 2122">
    <p class='ocr_par' dir='ltr' id='par_1_80' title="bbox 2208 2047 3859 2122">
     <span class='ocr_line' id='line_1_80' title="bbox 2208 2047 3859 2122; baseline 0.001 -21"><span class='ocrx_word' id='word_1_545' title='bbox 2208 2047 2319 2101; x_wconf 88' lang='lat' dir='ltr'>cati</span> <span class='ocrx_word' id='word_1_546' title='bbox 2350 2047 2591 2117; x_wconf 90' lang='lat' dir='ltr'>quidem</span> <span class='ocrx_word' id='word_1_547' title='bbox 2620 2047 2886 2116; x_wconf 91' lang='lat' dir='ltr'>minoris,</span> <span class='ocrx_word' id='word_1_548' title='bbox 2918 2048 3021 2105; x_wconf 92' lang='lat' dir='ltr'>sed</span> <span class='ocrx_word' id='word_1_549' title='bbox 3048 2048 3323 2122; x_wconf 86' lang='lat' dir='ltr'>supparis</span> <span class='ocrx_word' id='word_1_550' title='bbox 3353 2049 3695 2122; x_wconf 88' lang='lat' dir='ltr'>arrogantia</span> <span class='ocrx_word' id='word_1_551' title='bbox 3752 2063 3859 2103; x_wconf 83' lang='lat' dir='ltr'>eo-</span> 
     </span>
    </p>
   </div>
   <div class='ocr_carea' id='block_1_81' title="bbox 2208 2134 3856 2208">
    <p class='ocr_par' dir='ltr' id='par_1_81' title="bbox 2208 2134 3856 2208">
     <span class='ocr_line' id='line_1_81' title="bbox 2208 2134 3856 2208; baseline 0.004 -21"><span class='ocrx_word' id='word_1_552' title='bbox 2208 2150 2336 2189; x_wconf 88' lang='lat' dir='ltr'>rum</span> <span class='ocrx_word' id='word_1_553' title='bbox 2371 2134 2593 2191; x_wconf 88' lang='lat' dir='ltr'>scilicet</span> <span class='ocrx_word' id='word_1_554' title='bbox 2618 2136 2719 2208; x_wconf 91' lang='lat' dir='ltr'>qui</span> <span class='ocrx_word' id='word_1_555' title='bbox 2750 2136 3011 2193; x_wconf 85' lang='lat' dir='ltr'>datorem</span> <span class='ocrx_word' id='word_1_556' title='bbox 3043 2137 3331 2193; x_wconf 88' lang='lat' dir='ltr'>bonorum</span> <span class='ocrx_word' id='word_1_557' title='bbox 3372 2136 3559 2193; x_wconf 89' lang='lat' dir='ltr'>Deum</span> <span class='ocrx_word' id='word_1_558' title='bbox 3590 2153 3706 2192; x_wconf 90' lang='lat' dir='ltr'>non</span> <span class='ocrx_word' id='word_1_559' title='bbox 3754 2153 3856 2193; x_wconf 86' lang='lat' dir='ltr'>ne-</span> 
     </span>
    </p>
   </div>
   <div class='ocr_carea' id='block_1_82' title="bbox 2205 2223 3854 2297">
    <p class='ocr_par' dir='ltr' id='par_1_82' title="bbox 2205 2223 3854 2297">
     <span class='ocr_line' id='line_1_82' title="bbox 2205 2223 3854 2297; baseline 0.002 -21"><span class='ocrx_word' id='word_1_560' title='bbox 2205 2226 2383 2293; x_wconf 90' lang='lat' dir='ltr'>gant:</span> <span class='ocrx_word' id='word_1_561' title='bbox 2417 2223 2519 2278; x_wconf 88' lang='lat' dir='ltr'>sed</span> <span class='ocrx_word' id='word_1_562' title='bbox 2560 2240 2687 2296; x_wconf 89' lang='lat' dir='ltr'>qua</span> <span class='ocrx_word' id='word_1_563' title='bbox 2716 2223 3051 2293; x_wconf 87' lang='lat' dir='ltr'>acciderint,</span> <span class='ocrx_word' id='word_1_564' title='bbox 3086 2241 3154 2281; x_wconf 89' lang='lat' dir='ltr'>ea</span> <span class='ocrx_word' id='word_1_565' title='bbox 3180 2224 3292 2280; x_wconf 89' lang='lat' dir='ltr'>sibi</span> <span class='ocrx_word' id='word_1_566' title='bbox 3325 2228 3561 2297; x_wconf 85' lang='lat' dir='ltr'>propter</span> <span class='ocrx_word' id='word_1_567' title='bbox 3597 2224 3854 2297; x_wconf 87' lang='lat' dir='ltr'>pruden-</span> 
     </span>
    </p>
   </div>
   <div class='ocr_carea' id='block_1_83' title="bbox 2206 2309 3856 2386">
    <p class='ocr_par' dir='ltr' id='par_1_83' title="bbox 2206 2309 3856 2386">
     <span class='ocr_line' id='line_1_83' title="bbox 2206 2309 3856 2386; baseline 0.004 -22"><span class='ocrx_word' id='word_1_568' title='bbox 2206 2309 2352 2382; x_wconf 85' lang='lat' dir='ltr'>tiam</span> <span class='ocrx_word' id='word_1_569' title='bbox 2385 2327 2576 2377; x_wconf 90' lang='lat' dir='ltr'>suam,</span> <span class='ocrx_word' id='word_1_570' title='bbox 2605 2317 3066 2386; x_wconf 83' lang='lat' dir='ltr'>caterarumque</span> <span class='ocrx_word' id='word_1_571' title='bbox 3119 2315 3328 2371; x_wconf 87' lang='lat' dir='ltr'>merita</span> <span class='ocrx_word' id='word_1_572' title='bbox 3382 2315 3668 2371; x_wconf 89' lang='lat' dir='ltr'>virtutum</span> <span class='ocrx_word' id='word_1_573' title='bbox 3718 2316 3856 2385; x_wconf 88' lang='lat' dir='ltr'>jure</span> 
     </span>
    </p>
   </div>
   <div class='ocr_carea' id='block_1_84' title="bbox 2209 2397 3853 2475">
    <p class='ocr_par' dir='ltr' id='par_1_84' title="bbox 2209 2397 3853 2475">
     <span class='ocr_line' id='line_1_84' title="bbox 2209 2397 3853 2475; baseline 0.004 -22"><span class='ocrx_word' id='word_1_574' title='bbox 2209 2397 2404 2455; x_wconf 86' lang='lat' dir='ltr'>delata</span> <span class='ocrx_word' id='word_1_575' title='bbox 2433 2400 2816 2457; x_wconf 88' lang='lat' dir='ltr'>arbitrantur.</span> <span class='ocrx_word' id='word_1_576' title='bbox 2847 2401 3158 2474; x_wconf 89' lang='lat' dir='ltr'>Propterea</span> <span class='ocrx_word' id='word_1_577' title='bbox 3186 2403 3362 2459; x_wconf 87' lang='lat' dir='ltr'>etiam</span> <span class='ocrx_word' id='word_1_578' title='bbox 3388 2403 3587 2460; x_wconf 88' lang='lat' dir='ltr'>divina</span> <span class='ocrx_word' id='word_1_579' title='bbox 3640 2403 3853 2475; x_wconf 90' lang='lat' dir='ltr'>dignos</span> 
     </span>
    </p>
   </div>
   <div class='ocr_carea' id='block_1_85' title="bbox 2206 2485 3853 2566">
    <p class='ocr_par' dir='ltr' id='par_1_85' title="bbox 2206 2485 3853 2566">
     <span class='ocr_line' id='line_1_85' title="bbox 2206 2485 3853 2566; baseline 0.004 -25"><span class='ocrx_word' id='word_1_580' title='bbox 2206 2485 2436 2543; x_wconf 90' lang='lat' dir='ltr'>habitos</span> <span class='ocrx_word' id='word_1_581' title='bbox 2460 2488 2667 2561; x_wconf 88' lang='lat' dir='ltr'>gratia,</span> <span class='ocrx_word' id='word_1_582' title='bbox 2686 2491 2843 2562; x_wconf 91' lang='lat' dir='ltr'>quod</span> <span class='ocrx_word' id='word_1_583' title='bbox 2866 2506 3241 2563; x_wconf 89' lang='lat' dir='ltr'>nequaquam</span> <span class='ocrx_word' id='word_1_584' title='bbox 3263 2492 3596 2548; x_wconf 89' lang='lat' dir='ltr'>viderentur</span> <span class='ocrx_word' id='word_1_585' title='bbox 3622 2492 3853 2566; x_wconf 89' lang='lat' dir='ltr'>indigni</span> 
     </span>
    </p>
   </div>
   <div class='ocr_carea' id='block_1_86' title="bbox 2204 2575 3563 2653">
    <p class='ocr_par' dir='ltr' id='par_1_86' title="bbox 2204 2575 3563 2653">
     <span class='ocr_line' id='line_1_86' title="bbox 2204 2575 3563 2653; baseline 0.004 -23"><span class='ocrx_word' id='word_1_586' title='bbox 2204 2575 2419 2646; x_wconf 88' lang='lat' dir='ltr'>quibus</span> <span class='ocrx_word' id='word_1_587' title='bbox 2450 2576 2591 2633; x_wconf 87' lang='lat' dir='ltr'>talia</span> <span class='ocrx_word' id='word_1_588' title='bbox 2613 2578 2831 2635; x_wconf 90' lang='lat' dir='ltr'>divinis</span> <span class='ocrx_word' id='word_1_589' title='bbox 2853 2579 3150 2637; x_wconf 86' lang='lat' dir='ltr'>beneficiis</span> <span class='ocrx_word' id='word_1_590' title='bbox 3170 2581 3563 2653; x_wconf 88' lang='lat' dir='ltr'>provenirent.</span> 
     </span>
    </p>
   </div>
   <div class='ocr_carea' id='block_1_87' title="bbox 2272 2691 3853 2768">
    <p class='ocr_par' dir='ltr' id='par_1_87' title="bbox 2272 2691 3853 2768">
     <span class='ocr_line' id='line_1_87' title="bbox 2272 2691 3853 2768; baseline 0.006 -23"><span class='ocrx_word' id='word_1_591' title='bbox 2272 2691 2363 2746; x_wconf 81' lang='lat'>26.</span> <span class='ocrx_word' id='word_1_592' title='bbox 2397 2692 2479 2746; x_wconf 92' lang='lat' dir='ltr'>Ne</span> <span class='ocrx_word' id='word_1_593' title='bbox 2510 2692 2651 2763; x_wconf 90' lang='lat' dir='ltr'>quid</span> <span class='ocrx_word' id='word_1_594' title='bbox 2682 2708 2818 2766; x_wconf 90' lang='lat' dir='ltr'>ergo</span> <span class='ocrx_word' id='word_1_595' title='bbox 2849 2694 3192 2768; x_wconf 88' lang='lat' dir='ltr'>hujusmodi</span> <span class='ocrx_word' id='word_1_596' title='bbox 3214 2696 3460 2762; x_wconf 89' lang='lat' dir='ltr'>accidat,</span> <span class='ocrx_word' id='word_1_597' title='bbox 3484 2696 3853 2754; x_wconf 88' lang='lat' dir='ltr'>undevotum</span> 
     </span>
    </p>
   </div>
   <div class='ocr_carea' id='block_1_88' title="bbox 2203 2779 3855 2853">
    <p class='ocr_par' dir='ltr' id='par_1_88' title="bbox 2203 2779 3855 2853">
     <span class='ocr_line' id='line_1_88' title="bbox 2203 2779 3855 2853; baseline 0.005 -19"><span class='ocrx_word' id='word_1_598' title='bbox 2203 2782 2373 2835; x_wconf 91' lang='lat' dir='ltr'>tuum</span> <span class='ocrx_word' id='word_1_599' title='bbox 2395 2780 2501 2835; x_wconf 92' lang='lat' dir='ltr'>tibi</span> <span class='ocrx_word' id='word_1_600' title='bbox 2533 2779 2594 2835; x_wconf 92' lang='lat' dir='ltr'>in</span> <span class='ocrx_word' id='word_1_601' title='bbox 2633 2786 2938 2853; x_wconf 88' lang='lat' dir='ltr'>peccatum</span> <span class='ocrx_word' id='word_1_602' title='bbox 2986 2784 3107 2851; x_wconf 80' lang='lat' dir='ltr'>flat,</span> <span class='ocrx_word' id='word_1_603' title='bbox 3154 2784 3247 2841; x_wconf 83' lang='lat' dir='ltr'>lex</span> <span class='ocrx_word' id='word_1_604' title='bbox 3283 2790 3339 2841; x_wconf 92' lang='lat' dir='ltr'>te</span> <span class='ocrx_word' id='word_1_605' title='bbox 3388 2785 3722 2841; x_wconf 83' lang='lat' dir='ltr'>informavit</span> <span class='ocrx_word' id='word_1_606' title='bbox 3763 2792 3855 2842; x_wconf 78' lang='lat' dir='ltr'>at-</span> 
     </span>
    </p>
   </div>
   <div class='ocr_carea' id='block_1_89' title="bbox 2202 2868 3849 2947">
    <p class='ocr_par' dir='ltr' id='par_1_89' title="bbox 2202 2868 3849 2947">
     <span class='ocr_line' id='line_1_89' title="bbox 2202 2868 3849 2947; baseline 0.005 -25"><span class='ocrx_word' id='word_1_607' title='bbox 2202 2868 2633 2941; x_wconf 86' lang='lat' dir='ltr'>queinstruxit,</span> <span class='ocrx_word' id='word_1_608' title='bbox 2666 2871 2896 2928; x_wconf 88' lang='lat' dir='ltr'>dicente</span> <span class='ocrx_word' id='word_1_609' title='bbox 2938 2873 3206 2940; x_wconf 90' lang='lat' dir='ltr'>Domino,</span> <span class='ocrx_word' id='word_1_610' title='bbox 3256 2873 3357 2945; x_wconf 90' lang='lat' dir='ltr'>qui</span> <span class='ocrx_word' id='word_1_611' title='bbox 3403 2872 3589 2947; x_wconf 88' lang='lat' dir='ltr'>legem</span> <span class='ocrx_word' id='word_1_612' title='bbox 3647 2874 3849 2930; x_wconf 90' lang='lat' dir='ltr'>dedit:</span> 
     </span>
    </p>
   </div>
   <div class='ocr_carea' id='block_1_90' title="bbox 2202 2956 3852 3033">
    <p class='ocr_par' dir='ltr' id='par_1_90' title="bbox 2202 2956 3852 3033">
     <span class='ocr_line' id='line_1_90' title="bbox 2202 2956 3852 3033; baseline 0.005 -22"><span class='ocrx_word' id='word_1_613' title='bbox 2202 2956 2425 3012; x_wconf 79' lang='lat' dir='ltr'>Attende</span> <span class='ocrx_word' id='word_1_614' title='bbox 2451 2958 2573 3024; x_wconf 84' lang='lat' dir='ltr'>tibi,</span> <span class='ocrx_word' id='word_1_615' title='bbox 2604 2975 2674 3016; x_wconf 94' lang='lat' dir='ltr'>ne</span> <span class='ocrx_word' id='word_1_616' title='bbox 2693 2960 3033 3017; x_wconf 78' lang='lat' dir='ltr'>obliviscaris</span> <span class='ocrx_word' id='word_1_617' title='bbox 3064 2963 3329 3033; x_wconf 79' lang='lat' dir='ltr'>beneﬁcia</span> <span class='ocrx_word' id='word_1_618' title='bbox 3373 2964 3597 3018; x_wconf 83' lang='lat' dir='ltr'>Domini</span> <span class='ocrx_word' id='word_1_619' title='bbox 3623 2963 3721 3019; x_wconf 88' lang='lat' dir='ltr'>Dei</span> <span class='ocrx_word' id='word_1_620' title='bbox 3739 2965 3852 3019; x_wconf 85' lang='lat' dir='ltr'>tui:</span> 
     </span>
    </p>
   </div>
   <div class='ocr_carea' id='block_1_91' title="bbox 2201 3047 3855 3123">
    <p class='ocr_par' dir='ltr' id='par_1_91' title="bbox 2201 3047 3855 3123">
     <span class='ocr_line' id='line_1_91' title="bbox 2201 3047 3855 3123; baseline 0.004 -23"><span class='ocrx_word' id='word_1_621' title='bbox 2201 3049 2251 3100; x_wconf 91' lang='lat' dir='ltr'>et</span> <span class='ocrx_word' id='word_1_622' title='bbox 2292 3060 2404 3099; x_wconf 86' lang='lat' dir='ltr'>non</span> <span class='ocrx_word' id='word_1_623' title='bbox 2439 3047 2713 3104; x_wconf 79' lang='lat' dir='ltr'>custodias</span> <span class='ocrx_word' id='word_1_624' title='bbox 2760 3050 3022 3107; x_wconf 84' lang='lat' dir='ltr'>mandata</span> <span class='ocrx_word' id='word_1_625' title='bbox 3041 3059 3093 3107; x_wconf 89' lang='lat' dir='ltr'>et</span> <span class='ocrx_word' id='word_1_626' title='bbox 3105 3051 3339 3123; x_wconf 85' lang='lat' dir='ltr'>judicia,</span> <span class='ocrx_word' id='word_1_627' title='bbox 3379 3055 3431 3107; x_wconf 91' lang='lat' dir='ltr'>et</span> <span class='ocrx_word' id='word_1_628' title='bbox 3479 3053 3735 3123; x_wconf 87' lang='lat' dir='ltr'>justitias</span> <span class='ocrx_word' id='word_1_629' title='bbox 3784 3051 3855 3107; x_wconf 86' lang='lat' dir='ltr'>il-</span> 
     </span>
    </p>
   </div>
   <div class='ocr_carea' id='block_1_92' title="bbox 2203 3134 3850 3210">
    <p class='ocr_par' dir='ltr' id='par_1_92' title="bbox 2203 3134 3850 3210">
     <span class='ocr_line' id='line_1_92' title="bbox 2203 3134 3850 3210; baseline 0.004 -21"><span class='ocrx_word' id='word_1_630' title='bbox 2203 3134 2311 3189; x_wconf 88' lang='lat' dir='ltr'>lius</span> <span class='ocrx_word' id='word_1_631' title='bbox 2338 3149 2465 3204; x_wconf 70' lang='lat' dir='ltr'>quae</span> <span class='ocrx_word' id='word_1_632' title='bbox 2482 3152 2581 3205; x_wconf 88' lang='lat' dir='ltr'>ego</span> <span class='ocrx_word' id='word_1_633' title='bbox 2615 3139 2873 3210; x_wconf 72' lang='lat' dir='ltr'>praecipio</span> <span class='ocrx_word' id='word_1_634' title='bbox 2901 3140 3005 3195; x_wconf 85' lang='lat' dir='ltr'>tibi</span> <span class='ocrx_word' id='word_1_635' title='bbox 3040 3140 3231 3197; x_wconf 82' lang='lat' dir='ltr'>hodie:</span> <span class='ocrx_word' id='word_1_636' title='bbox 3271 3156 3341 3195; x_wconf 87' lang='lat' dir='ltr'>ne</span> <span class='ocrx_word' id='word_1_637' title='bbox 3374 3156 3499 3195; x_wconf 87' lang='lat' dir='ltr'>cum</span> <span class='ocrx_word' id='word_1_638' title='bbox 3545 3140 3850 3196; x_wconf 85' lang='lat' dir='ltr'>manduca-</span> 
     </span>
    </p>
   </div>
   <div class='ocr_carea' id='block_1_93' title="bbox 2198 3228 3852 3300">
    <p class='ocr_par' dir='ltr' id='par_1_93' title="bbox 2198 3228 3852 3300">
     <span class='ocr_line' id='line_1_93' title="bbox 2198 3228 3852 3300; baseline -0.001 -14"><span class='ocrx_word' id='word_1_639' title='bbox 2198 3230 2364 3297; x_wconf 77' lang='lat' dir='ltr'>reris,</span> <span class='ocrx_word' id='word_1_640' title='bbox 2392 3234 2443 3285; x_wconf 90' lang='lat' dir='ltr'>et</span> <span class='ocrx_word' id='word_1_641' title='bbox 2484 3228 2723 3299; x_wconf 83' lang='lat' dir='ltr'>repletus</span> <span class='ocrx_word' id='word_1_642' title='bbox 2749 3229 2943 3300; x_wconf 85' lang='lat' dir='ltr'>fueris,</span> <span class='ocrx_word' id='word_1_643' title='bbox 2983 3236 3038 3284; x_wconf 84' lang='lat' dir='ltr'>et</span> <span class='ocrx_word' id='word_1_644' title='bbox 3063 3244 3187 3284; x_wconf 83' lang='lat' dir='ltr'>cum</span> <span class='ocrx_word' id='word_1_645' title='bbox 3242 3228 3426 3285; x_wconf 87' lang='lat' dir='ltr'>domos</span> <span class='ocrx_word' id='word_1_646' title='bbox 3466 3229 3631 3285; x_wconf 88' lang='lat' dir='ltr'>bonas</span> <span class='ocrx_word' id='word_1_647' title='bbox 3674 3229 3852 3300; x_wconf 69' lang='lat' dir='ltr'>adiﬁ-</span> 
     </span>
    </p>
   </div>
   <div class='ocr_carea' id='block_1_94' title="bbox 2196 3317 3851 3388">
    <p class='ocr_par' dir='ltr' id='par_1_94' title="bbox 2196 3317 3851 3388">
     <span class='ocr_line' id='line_1_94' title="bbox 2196 3317 3851 3388; baseline 0.001 -14"><span class='ocrx_word' id='word_1_648' title='bbox 2196 3320 2428 3386; x_wconf 84' lang='lat' dir='ltr'>caveris,</span> <span class='ocrx_word' id='word_1_649' title='bbox 2458 3321 2511 3373; x_wconf 89' lang='lat' dir='ltr'>et</span> <span class='ocrx_word' id='word_1_650' title='bbox 2537 3317 2789 3372; x_wconf 84' lang='lat' dir='ltr'>habitare</span> <span class='ocrx_word' id='word_1_651' title='bbox 2842 3318 3062 3388; x_wconf 74' lang='lat' dir='ltr'>raperis</span> <span class='ocrx_word' id='word_1_652' title='bbox 3115 3319 3177 3371; x_wconf 89' lang='lat' dir='ltr'>in</span> <span class='ocrx_word' id='word_1_653' title='bbox 3221 3318 3320 3383; x_wconf 89' lang='lat' dir='ltr'>eis,</span> <span class='ocrx_word' id='word_1_654' title='bbox 3365 3325 3418 3373; x_wconf 93' lang='lat' dir='ltr'>et</span> <span class='ocrx_word' id='word_1_655' title='bbox 3473 3333 3593 3373; x_wconf 88' lang='lat' dir='ltr'>oves</span> <span class='ocrx_word' id='word_1_656' title='bbox 3639 3325 3755 3375; x_wconf 67' lang='lat' dir='ltr'>tua</span> <span class='ocrx_word' id='word_1_657' title='bbox 3798 3324 3851 3374; x_wconf 84' lang='lat' dir='ltr'>et</span> 
     </span>
    </p>
   </div>
   <div class='ocr_carea' id='block_1_95' title="bbox 2196 3396 3879 3479">
    <p class='ocr_par' dir='ltr' id='par_1_95' title="bbox 2196 3396 3879 3479">
     <span class='ocr_line' id='line_1_95' title="bbox 2196 3396 3879 3479; baseline -0.001 -15"><span class='ocrx_word' id='word_1_658' title='bbox 2196 3408 2350 3464; x_wconf 86' lang='lat' dir='ltr'>boves</span> <span class='ocrx_word' id='word_1_659' title='bbox 2379 3408 2463 3463; x_wconf 88' lang='lat' dir='ltr'>tui</span> <span class='ocrx_word' id='word_1_660' title='bbox 2479 3423 2605 3462; x_wconf 86' lang='lat' dir='ltr'>cum</span> <span class='ocrx_word' id='word_1_661' title='bbox 2644 3406 2839 3477; x_wconf 88' lang='lat' dir='ltr'>repleti</span> <span class='ocrx_word' id='word_1_662' title='bbox 2886 3407 3114 3476; x_wconf 82' lang='lat' dir='ltr'>fuerint,</span> <span class='ocrx_word' id='word_1_663' title='bbox 3146 3414 3199 3462; x_wconf 88' lang='lat' dir='ltr'>et</span> <span class='ocrx_word' id='word_1_664' title='bbox 3243 3421 3369 3462; x_wconf 87' lang='lat' dir='ltr'>cum</span> <span class='ocrx_word' id='word_1_665' title='bbox 3422 3422 3550 3472; x_wconf 70' lang='lat' dir='ltr'>aere,</span> <span class='ocrx_word' id='word_1_666' title='bbox 3596 3396 3879 3479; x_wconf 41' lang='lat' dir='ltr'>argento&#39;</span> 
     </span>
    </p>
   </div>
   <div class='ocr_carea' id='block_1_96' title="bbox 2193 3492 3852 3567">
    <p class='ocr_par' dir='ltr' id='par_1_96' title="bbox 2193 3492 3852 3567">
     <span class='ocr_line' id='line_1_96' title="bbox 2193 3492 3852 3567; baseline -0.001 -14"><span class='ocrx_word' id='word_1_667' title='bbox 2193 3504 2249 3553; x_wconf 89' lang='lat' dir='ltr'>et</span> <span class='ocrx_word' id='word_1_668' title='bbox 2301 3512 2449 3552; x_wconf 90' lang='lat' dir='ltr'>auro</span> <span class='ocrx_word' id='word_1_669' title='bbox 2488 3492 2803 3564; x_wconf 81' lang='lat' dir='ltr'>completus</span> <span class='ocrx_word' id='word_1_670' title='bbox 2827 3493 3031 3563; x_wconf 83' lang='lat' dir='ltr'>fueris,</span> <span class='ocrx_word' id='word_1_671' title='bbox 3061 3496 3111 3548; x_wconf 87' lang='lat' dir='ltr'>et</span> <span class='ocrx_word' id='word_1_672' title='bbox 3136 3497 3326 3549; x_wconf 85' lang='lat' dir='ltr'>omnia</span> <span class='ocrx_word' id='word_1_673' title='bbox 3369 3493 3647 3564; x_wconf 80' lang='lat' dir='ltr'>possidere</span> <span class='ocrx_word' id='word_1_674' title='bbox 3675 3511 3852 3567; x_wconf 74' lang='lat' dir='ltr'>caepe-</span> 
     </span>
    </p>
   </div>
   <div class='ocr_carea' id='block_1_97' title="bbox 2194 3583 3860 3656">
    <p class='ocr_par' dir='ltr' id='par_1_97' title="bbox 2194 3583 3860 3656">
     <span class='ocr_line' id='line_1_97' title="bbox 2194 3583 3860 3656; baseline -0.001 -14"><span class='ocrx_word' id='word_1_675' title='bbox 2194 3588 2294 3652; x_wconf 87' lang='lat' dir='ltr'>ris,</span> <span class='ocrx_word' id='word_1_676' title='bbox 2318 3589 2369 3640; x_wconf 89' lang='lat' dir='ltr'>et</span> <span class='ocrx_word' id='word_1_677' title='bbox 2392 3585 2562 3656; x_wconf 86' lang='lat' dir='ltr'>plena</span> <span class='ocrx_word' id='word_1_678' title='bbox 2588 3584 2799 3655; x_wconf 82' lang='lat' dir='ltr'>fuerint</span> <span class='ocrx_word' id='word_1_679' title='bbox 2828 3583 3023 3638; x_wconf 85' lang='lat' dir='ltr'>horrea</span> <span class='ocrx_word' id='word_1_680' title='bbox 3055 3587 3171 3651; x_wconf 87' lang='lat' dir='ltr'>tua,</span> <span class='ocrx_word' id='word_1_681' title='bbox 3227 3584 3432 3639; x_wconf 69' lang='lat' dir='ltr'>exultes</span> <span class='ocrx_word' id='word_1_682' title='bbox 3461 3599 3554 3639; x_wconf 88' lang='lat' dir='ltr'>cor</span> <span class='ocrx_word' id='word_1_683' title='bbox 3583 3592 3759 3648; x_wconf 85' lang='lat' dir='ltr'>tuum,</span> <span class='ocrx_word' id='word_1_684' title='bbox 3803 3590 3860 3640; x_wconf 86' lang='lat' dir='ltr'>et</span> 
     </span>
    </p>
   </div>
   <div class='ocr_carea' id='block_1_98' title="bbox 2194 3672 3854 3743">
    <p class='ocr_par' dir='ltr' id='par_1_98' title="bbox 2194 3672 3854 3743">
     <span class='ocr_line' id='line_1_98' title="bbox 2194 3672 3854 3743; baseline -0.002 -12"><span class='ocrx_word' id='word_1_685' title='bbox 2194 3675 2535 3733; x_wconf 87' lang='lat' dir='ltr'>obliviscaris</span> <span class='ocrx_word' id='word_1_686' title='bbox 2563 3673 2855 3728; x_wconf 84' lang='lat' dir='ltr'>Dominum</span> <span class='ocrx_word' id='word_1_687' title='bbox 2890 3672 3065 3726; x_wconf 87' lang='lat' dir='ltr'>Deum</span> <span class='ocrx_word' id='word_1_688' title='bbox 3094 3680 3249 3727; x_wconf 85' lang='lat' dir='ltr'>tuum</span> <span class='ocrx_word' id='word_1_689' title='bbox 3277 3673 3455 3741; x_wconf 83' lang='lat' dir='ltr'>(Deut.</span> <span class='ocrx_word' id='word_1_690' title='bbox 3489 3686 3605 3738; x_wconf 83' lang='lat' dir='ltr'>vul,</span> <span class='ocrx_word' id='word_1_691' title='bbox 3648 3674 3854 3743; x_wconf 84' lang='grc'>11-14).</span> 
     </span>
    </p>
   </div>
   <div class='ocr_carea' id='block_1_99' title="bbox 2195 3760 3863 3835">
    <p class='ocr_par' dir='ltr' id='par_1_99' title="bbox 2195 3760 3863 3835">
     <span class='ocr_line' id='line_1_99' title="bbox 2195 3760 3863 3835; baseline -0.002 -14"><span class='ocrx_word' id='word_1_692' title='bbox 2195 3766 2358 3821; x_wconf 91' lang='lat' dir='ltr'>Tunc</span> <span class='ocrx_word' id='word_1_693' title='bbox 2386 3779 2522 3835; x_wconf 91' lang='lat' dir='ltr'>ergo</span> <span class='ocrx_word' id='word_1_694' title='bbox 2551 3760 2908 3818; x_wconf 80' lang='lat' dir='ltr'>Oblivisceris</span> <span class='ocrx_word' id='word_1_695' title='bbox 2936 3760 3272 3828; x_wconf 90' lang='lat' dir='ltr'>Dominum,</span> <span class='ocrx_word' id='word_1_696' title='bbox 3306 3778 3440 3816; x_wconf 90' lang='lat' dir='ltr'>cum</span> <span class='ocrx_word' id='word_1_697' title='bbox 3472 3761 3690 3818; x_wconf 88' lang='lat' dir='ltr'>oblitus</span> <span class='ocrx_word' id='word_1_698' title='bbox 3735 3763 3863 3819; x_wconf 77' lang='lat' dir='ltr'>tue-</span> 
     </span>
    </p>
   </div>
   <div class='ocr_carea' id='block_1_100' title="bbox 2198 3850 3864 3923">
    <p class='ocr_par' dir='ltr' id='par_1_100' title="bbox 2198 3850 3864 3923">
     <span class='ocr_line' id='line_1_100' title="bbox 2198 3850 3864 3923; baseline -0.001 -14"><span class='ocrx_word' id='word_1_699' title='bbox 2198 3853 2279 3909; x_wconf 88' lang='lat' dir='ltr'>ris</span> <span class='ocrx_word' id='word_1_700' title='bbox 2310 3852 2417 3909; x_wconf 92' lang='lat' dir='ltr'>tui.</span> <span class='ocrx_word' id='word_1_701' title='bbox 2467 3851 2525 3907; x_wconf 90' lang='lat' dir='ltr'>Si</span> <span class='ocrx_word' id='word_1_702' title='bbox 2559 3854 2754 3906; x_wconf 88' lang='lat' dir='ltr'>autem</span> <span class='ocrx_word' id='word_1_703' title='bbox 2780 3866 3097 3923; x_wconf 88' lang='lat' dir='ltr'>cognoscas</span> <span class='ocrx_word' id='word_1_704' title='bbox 3125 3850 3426 3906; x_wconf 84' lang='lat' dir='ltr'>infirmum</span> <span class='ocrx_word' id='word_1_705' title='bbox 3458 3854 3513 3907; x_wconf 89' lang='lat' dir='ltr'>te</span> <span class='ocrx_word' id='word_1_706' title='bbox 3571 3867 3721 3917; x_wconf 87' lang='lat' dir='ltr'>esse,</span> <span class='ocrx_word' id='word_1_707' title='bbox 3756 3868 3864 3908; x_wconf 77' lang='lat' dir='ltr'>eo-</span> 
     </span>
    </p>
   </div>
   <div class='ocr_carea' id='block_1_101' title="bbox 2198 3938 3867 4015">
    <p class='ocr_par' dir='ltr' id='par_1_101' title="bbox 2198 3938 3867 4015">
     <span class='ocr_line' id='line_1_101' title="bbox 2198 3938 3867 4015; baseline 0 -18"><span class='ocrx_word' id='word_1_708' title='bbox 2198 3956 2445 4015; x_wconf 89' lang='lat' dir='ltr'>gnosces</span> <span class='ocrx_word' id='word_1_709' title='bbox 2476 3941 2659 3996; x_wconf 91' lang='lat' dir='ltr'>Deum</span> <span class='ocrx_word' id='word_1_710' title='bbox 2682 3955 2811 3995; x_wconf 88' lang='lat' dir='ltr'>esse</span> <span class='ocrx_word' id='word_1_711' title='bbox 2841 3954 3021 4010; x_wconf 88' lang='lat' dir='ltr'>supra</span> <span class='ocrx_word' id='word_1_712' title='bbox 3050 3938 3269 4005; x_wconf 88' lang='lat' dir='ltr'>omnia,</span> <span class='ocrx_word' id='word_1_713' title='bbox 3303 3943 3359 3995; x_wconf 89' lang='lat' dir='ltr'>et</span> <span class='ocrx_word' id='word_1_714' title='bbox 3388 3938 3701 3996; x_wconf 90' lang='lat' dir='ltr'>immemor</span> <span class='ocrx_word' id='word_1_715' title='bbox 3725 3955 3867 3997; x_wconf 82' lang='lat' dir='ltr'>esse</span> 
     </span>
    </p>
   </div>
   <div class='ocr_carea' id='block_1_102' title="bbox 2200 4026 3710 4103">
    <p class='ocr_par' dir='ltr' id='par_1_102' title="bbox 2200 4026 3710 4103">
     <span class='ocr_line' id='line_1_102' title="bbox 2200 4026 3710 4103; baseline -0.002 -16"><span class='ocrx_word' id='word_1_716' title='bbox 2200 4047 2317 4087; x_wconf 91' lang='lat' dir='ltr'>non</span> <span class='ocrx_word' id='word_1_717' title='bbox 2348 4028 2593 4103; x_wconf 88' lang='lat' dir='ltr'>poteris,</span> <span class='ocrx_word' id='word_1_718' title='bbox 2627 4032 2693 4084; x_wconf 88' lang='lat' dir='ltr'>ut</span> <span class='ocrx_word' id='word_1_719' title='bbox 2721 4026 2769 4083; x_wconf 90' lang='lat' dir='ltr'>ei</span> <span class='ocrx_word' id='word_1_720' title='bbox 2803 4027 3183 4083; x_wconf 86' lang='lat' dir='ltr'>reverentiam</span> <span class='ocrx_word' id='word_1_721' title='bbox 3209 4028 3466 4083; x_wconf 89' lang='lat' dir='ltr'>debitam</span> <span class='ocrx_word' id='word_1_722' title='bbox 3499 4028 3710 4084; x_wconf 87' lang='lat' dir='ltr'>solvas.</span> 
     </span>
    </p>
   </div>
   <div class='ocr_carea' id='block_1_103' title="bbox 2270 4142 3866 4218">
    <p class='ocr_par' dir='ltr' id='par_1_103' title="bbox 2270 4142 3866 4218">
     <span class='ocr_line' id='line_1_103' title="bbox 2270 4142 3866 4218; baseline 0 -17"><span class='ocrx_word' id='word_1_723' title='bbox 2270 4147 2360 4201; x_wconf 83' lang='lat'>27.</span> <span class='ocrx_word' id='word_1_724' title='bbox 2393 4144 2563 4201; x_wconf 91' lang='lat' dir='ltr'>Disce</span> <span class='ocrx_word' id='word_1_725' title='bbox 2592 4159 2745 4199; x_wconf 89' lang='lat' dir='ltr'>nunc</span> <span class='ocrx_word' id='word_1_726' title='bbox 2774 4142 3274 4214; x_wconf 85' lang='lat' dir='ltr'>quemadmodum</span> <span class='ocrx_word' id='word_1_727' title='bbox 3305 4144 3716 4218; x_wconf 88' lang='lat' dir='ltr'>unusquisque</span> <span class='ocrx_word' id='word_1_728' title='bbox 3736 4162 3866 4202; x_wconf 84' lang='lat' dir='ltr'>mo-</span> 
     </span>
    </p>
   </div>
   <div class='ocr_carea' id='block_1_104' title="bbox 2201 4231 3858 4305">
    <p class='ocr_par' dir='ltr' id='par_1_104' title="bbox 2201 4231 3858 4305">
     <span class='ocr_line' id='line_1_104' title="bbox 2201 4231 3858 4305; baseline -0.002 -14"><span class='ocrx_word' id='word_1_729' title='bbox 2201 4238 2428 4303; x_wconf 90' lang='lat' dir='ltr'>neatur,</span> <span class='ocrx_word' id='word_1_730' title='bbox 2462 4249 2535 4289; x_wconf 90' lang='lat' dir='ltr'>ne</span> <span class='ocrx_word' id='word_1_731' title='bbox 2563 4248 2626 4288; x_wconf 90' lang='lat' dir='ltr'>se</span> <span class='ocrx_word' id='word_1_732' title='bbox 2654 4231 2779 4305; x_wconf 87' lang='lat' dir='ltr'>ipse</span> <span class='ocrx_word' id='word_1_733' title='bbox 2800 4234 3094 4287; x_wconf 89' lang='lat' dir='ltr'>auctorem</span> <span class='ocrx_word' id='word_1_734' title='bbox 3107 4246 3351 4287; x_wconf 89' lang='lat' dir='ltr'>suorum</span> <span class='ocrx_word' id='word_1_735' title='bbox 3366 4236 3529 4304; x_wconf 86' lang='lat' dir='ltr'>putet</span> <span class='ocrx_word' id='word_1_736' title='bbox 3540 4233 3858 4291; x_wconf 88' lang='lat' dir='ltr'>honorum.</span> 
     </span>
    </p>
   </div>
   <div class='ocr_carea' id='block_1_105' title="bbox 2199 4319 3855 4396">
    <p class='ocr_par' dir='ltr' id='par_1_105' title="bbox 2199 4319 3855 4396">
     <span class='ocr_line' id='line_1_105' title="bbox 2199 4319 3855 4396; baseline -0.001 -16"><span class='ocrx_word' id='word_1_737' title='bbox 2199 4326 2276 4380; x_wconf 87' lang='lat' dir='ltr'>Ne</span> <span class='ocrx_word' id='word_1_738' title='bbox 2300 4322 2473 4393; x_wconf 87' lang='lat' dir='ltr'>dicas,</span> <span class='ocrx_word' id='word_1_739' title='bbox 2497 4319 2708 4395; x_wconf 90' lang='lat' dir='ltr'>inquit,</span> <span class='ocrx_word' id='word_1_740' title='bbox 2769 4322 2830 4376; x_wconf 90' lang='lat' dir='ltr'>in</span> <span class='ocrx_word' id='word_1_741' title='bbox 2867 4319 3025 4377; x_wconf 87' lang='lat' dir='ltr'>corde</span> <span class='ocrx_word' id='word_1_742' title='bbox 3061 4329 3192 4376; x_wconf 83' lang='lat' dir='ltr'>tuo:</span> <span class='ocrx_word' id='word_1_743' title='bbox 3259 4322 3438 4377; x_wconf 77' lang='lat' dir='ltr'>Virtus</span> <span class='ocrx_word' id='word_1_744' title='bbox 3488 4337 3610 4377; x_wconf 85' lang='lat' dir='ltr'>mea</span> <span class='ocrx_word' id='word_1_745' title='bbox 3663 4331 3717 4378; x_wconf 87' lang='lat' dir='ltr'>et</span> <span class='ocrx_word' id='word_1_746' title='bbox 3754 4340 3855 4396; x_wconf 82' lang='lat' dir='ltr'>po-</span> 
     </span>
    </p>
   </div>
   <div class='ocr_carea' id='block_1_106' title="bbox 2199 4409 3860 4483">
    <p class='ocr_par' dir='ltr' id='par_1_106' title="bbox 2199 4409 3860 4483">
     <span class='ocr_line' id='line_1_106' title="bbox 2199 4409 3860 4483; baseline -0.002 -12"><span class='ocrx_word' id='word_1_747' title='bbox 2199 4416 2372 4471; x_wconf 85' lang='lat' dir='ltr'>tentia</span> <span class='ocrx_word' id='word_1_748' title='bbox 2401 4427 2521 4469; x_wconf 87' lang='lat' dir='ltr'>mea</span> <span class='ocrx_word' id='word_1_749' title='bbox 2540 4412 2670 4483; x_wconf 82' lang='lat' dir='ltr'>fecit</span> <span class='ocrx_word' id='word_1_750' title='bbox 2724 4409 2867 4465; x_wconf 84' lang='lat' dir='ltr'>mihi</span> <span class='ocrx_word' id='word_1_751' title='bbox 2920 4411 3176 4466; x_wconf 83' lang='lat' dir='ltr'>virtutem</span> <span class='ocrx_word' id='word_1_752' title='bbox 3231 4410 3370 4466; x_wconf 87' lang='lat' dir='ltr'>hanc</span> <span class='ocrx_word' id='word_1_753' title='bbox 3414 4426 3711 4481; x_wconf 84' lang='lat' dir='ltr'>magnam:</span> <span class='ocrx_word' id='word_1_754' title='bbox 3760 4414 3860 4468; x_wconf 80' lang='lat' dir='ltr'>sed</span> 
     </span>
    </p>
   </div>
   <div class='ocr_carea' id='block_1_107' title="bbox 2198 4499 3857 4573">
    <p class='ocr_par' dir='ltr' id='par_1_107' title="bbox 2198 4499 3857 4573">
     <span class='ocr_line' id='line_1_107' title="bbox 2198 4499 3857 4573; baseline -0.001 -14"><span class='ocrx_word' id='word_1_755' title='bbox 2198 4506 2259 4559; x_wconf 91' lang='lat' dir='ltr'>in</span> <span class='ocrx_word' id='word_1_756' title='bbox 2290 4510 2467 4558; x_wconf 88' lang='lat' dir='ltr'>mente</span> <span class='ocrx_word' id='word_1_757' title='bbox 2496 4508 2591 4556; x_wconf 87' lang='lat' dir='ltr'>tua</span> <span class='ocrx_word' id='word_1_758' title='bbox 2612 4499 2831 4556; x_wconf 88' lang='lat' dir='ltr'>habebis</span> <span class='ocrx_word' id='word_1_759' title='bbox 2860 4500 3153 4556; x_wconf 87' lang='lat' dir='ltr'>Dominum</span> <span class='ocrx_word' id='word_1_760' title='bbox 3180 4501 3352 4555; x_wconf 89' lang='lat' dir='ltr'>Deum</span> <span class='ocrx_word' id='word_1_761' title='bbox 3367 4503 3524 4557; x_wconf 85' lang='lat' dir='ltr'>tuum</span> <span class='ocrx_word' id='word_1_762' title='bbox 3542 4519 3563 4555; x_wconf 90' lang='lat'><strong><em>:</em></strong></span> <span class='ocrx_word' id='word_1_763' title='bbox 3588 4505 3857 4573; x_wconf 85' lang='lat' dir='ltr'>quoniam</span> 
     </span>
    </p>
   </div>
   <div class='ocr_carea' id='block_1_108' title="bbox 2195 4587 3857 4664">
    <p class='ocr_par' dir='ltr' id='par_1_108' title="bbox 2195 4587 3857 4664">
     <span class='ocr_line' id='line_1_108' title="bbox 2195 4587 3857 4664; baseline 0.001 -17"><span class='ocrx_word' id='word_1_764' title='bbox 2195 4593 2311 4663; x_wconf 89' lang='lat' dir='ltr'>ipse</span> <span class='ocrx_word' id='word_1_765' title='bbox 2332 4590 2425 4646; x_wconf 85' lang='lat' dir='ltr'>dat</span> <span class='ocrx_word' id='word_1_766' title='bbox 2452 4592 2613 4658; x_wconf 86' lang='lat' dir='ltr'>vires,</span> <span class='ocrx_word' id='word_1_767' title='bbox 2645 4597 2707 4645; x_wconf 84' lang='lat' dir='ltr'>ut</span> <span class='ocrx_word' id='word_1_768' title='bbox 2730 4587 2909 4664; x_wconf 84' lang='lat' dir='ltr'>facias</span> <span class='ocrx_word' id='word_1_769' title='bbox 2937 4590 3164 4645; x_wconf 84' lang='lat' dir='ltr'>virtutes</span> <span class='ocrx_word' id='word_1_770' title='bbox 3193 4589 3354 4661; x_wconf 85' lang='lat' dir='ltr'>(Ibid.</span> <span class='ocrx_word' id='word_1_771' title='bbox 3392 4591 3476 4659; x_wconf 86' lang='grc'>17,</span> <span class='ocrx_word' id='word_1_772' title='bbox 3512 4590 3623 4663; x_wconf 84' lang='lat' dir='ltr'>l8).</span> <span class='ocrx_word' id='word_1_773' title='bbox 3684 4590 3857 4649; x_wconf 84' lang='lat' dir='ltr'>Unde</span> 
     </span>
    </p>
   </div>
   <div class='ocr_carea' id='block_1_109' title="bbox 2195 4676 3855 4752">
    <p class='ocr_par' dir='ltr' id='par_1_109' title="bbox 2195 4676 3855 4752">
     <span class='ocr_line' id='line_1_109' title="bbox 2195 4676 3855 4752; baseline 0 -15"><span class='ocrx_word' id='word_1_774' title='bbox 2195 4680 2343 4737; x_wconf 88' lang='lat' dir='ltr'>bene</span> <span class='ocrx_word' id='word_1_775' title='bbox 2370 4677 2687 4752; x_wconf 88' lang='lat' dir='ltr'>Apostolus</span> <span class='ocrx_word' id='word_1_776' title='bbox 2718 4676 2886 4749; x_wconf 86' lang='lat' dir='ltr'>quasi</span> <span class='ocrx_word' id='word_1_777' title='bbox 2917 4676 3063 4750; x_wconf 87' lang='lat' dir='ltr'>legis</span> <span class='ocrx_word' id='word_1_778' title='bbox 3092 4678 3378 4752; x_wconf 90' lang='lat' dir='ltr'>interpres</span> <span class='ocrx_word' id='word_1_779' title='bbox 3408 4695 3523 4735; x_wconf 90' lang='lat' dir='ltr'>non</span> <span class='ocrx_word' id='word_1_780' title='bbox 3555 4677 3855 4751; x_wconf 85' lang='lat' dir='ltr'>gloriaba-</span> 
     </span>
    </p>
   </div>
   <div class='ocr_carea' id='block_1_110' title="bbox 2193 4766 3856 4840">
    <p class='ocr_par' dir='ltr' id='par_1_110' title="bbox 2193 4766 3856 4840">
     <span class='ocr_line' id='line_1_110' title="bbox 2193 4766 3856 4840; baseline -0.001 -14"><span class='ocrx_word' id='word_1_781' title='bbox 2193 4773 2293 4826; x_wconf 87' lang='lat' dir='ltr'>tur</span> <span class='ocrx_word' id='word_1_782' title='bbox 2320 4769 2383 4824; x_wconf 91' lang='lat' dir='ltr'>in</span> <span class='ocrx_word' id='word_1_783' title='bbox 2402 4768 2614 4824; x_wconf 88' lang='lat' dir='ltr'>virtute</span> <span class='ocrx_word' id='word_1_784' title='bbox 2645 4783 2757 4823; x_wconf 88' lang='lat' dir='ltr'>sua</span> <span class='ocrx_word' id='word_1_785' title='bbox 2788 4785 2801 4825; x_wconf 87' lang='lat'><strong>:</strong></span> <span class='ocrx_word' id='word_1_786' title='bbox 2841 4766 2946 4823; x_wconf 89' lang='lat' dir='ltr'>sed</span> <span class='ocrx_word' id='word_1_787' title='bbox 2977 4766 3293 4822; x_wconf 90' lang='lat' dir='ltr'>minimum</span> <span class='ocrx_word' id='word_1_788' title='bbox 3326 4767 3726 4840; x_wconf 87' lang='lat' dir='ltr'>apostolorum</span> <span class='ocrx_word' id='word_1_789' title='bbox 3788 4786 3856 4825; x_wconf 86' lang='lat' dir='ltr'>se</span> 
     </span>
    </p>
   </div>
   <div class='ocr_carea' id='block_1_111' title="bbox 2192 4855 3854 4930">
    <p class='ocr_par' dir='ltr' id='par_1_111' title="bbox 2192 4855 3854 4930">
     <span class='ocr_line' id='line_1_111' title="bbox 2192 4855 3854 4930; baseline -0.001 -15"><span class='ocrx_word' id='word_1_790' title='bbox 2192 4874 2320 4915; x_wconf 89' lang='lat' dir='ltr'>esse</span> <span class='ocrx_word' id='word_1_791' title='bbox 2346 4857 2577 4914; x_wconf 86' lang='lat' dir='ltr'>dicebat</span> <span class='ocrx_word' id='word_1_792' title='bbox 2606 4856 2655 4928; x_wconf 88' lang='grc'>(1</span> <span class='ocrx_word' id='word_1_793' title='bbox 2684 4857 2811 4914; x_wconf 84' lang='lat' dir='ltr'>Cor.</span> <span class='ocrx_word' id='word_1_794' title='bbox 2842 4873 2935 4924; x_wconf 82' lang='lat' dir='ltr'>xv,</span> <span class='ocrx_word' id='word_1_795' title='bbox 2965 4856 3045 4928; x_wconf 86' lang='lat'>9),</span> <span class='ocrx_word' id='word_1_796' title='bbox 3077 4860 3135 4911; x_wconf 88' lang='lat' dir='ltr'>et</span> <span class='ocrx_word' id='word_1_797' title='bbox 3164 4855 3452 4929; x_wconf 90' lang='lat' dir='ltr'>quidquid</span> <span class='ocrx_word' id='word_1_798' title='bbox 3481 4861 3657 4925; x_wconf 88' lang='lat' dir='ltr'>esset,</span> <span class='ocrx_word' id='word_1_799' title='bbox 3712 4873 3854 4930; x_wconf 81' lang='lat' dir='ltr'>gra-</span> 
     </span>
    </p>
   </div>
   <div class='ocr_carea' id='block_1_112' title="bbox 2190 4942 3856 5017">
    <p class='ocr_par' dir='ltr' id='par_1_112' title="bbox 2190 4942 3856 5017">
     <span class='ocr_line' id='line_1_112' title="bbox 2190 4942 3856 5017; baseline -0.001 -15"><span class='ocrx_word' id='word_1_800' title='bbox 2190 4947 2281 5003; x_wconf 87' lang='lat' dir='ltr'>tia</span> <span class='ocrx_word' id='word_1_801' title='bbox 2313 4944 2523 5000; x_wconf 87' lang='lat' dir='ltr'>divina</span> <span class='ocrx_word' id='word_1_802' title='bbox 2553 4960 2684 5001; x_wconf 91' lang='lat' dir='ltr'>esse</span> <span class='ocrx_word' id='word_1_803' title='bbox 2716 4960 2833 4999; x_wconf 89' lang='lat' dir='ltr'>non</span> <span class='ocrx_word' id='word_1_804' title='bbox 2886 4942 3079 4999; x_wconf 89' lang='lat' dir='ltr'>meriti</span> <span class='ocrx_word' id='word_1_805' title='bbox 3129 4944 3243 5011; x_wconf 90' lang='lat' dir='ltr'>sui,</span> <span class='ocrx_word' id='word_1_806' title='bbox 3283 4943 3549 5017; x_wconf 89' lang='lat' dir='ltr'>nihilque</span> <span class='ocrx_word' id='word_1_807' title='bbox 3588 4961 3694 5001; x_wconf 88' lang='lat' dir='ltr'>nos</span> <span class='ocrx_word' id='word_1_808' title='bbox 3741 4945 3856 5002; x_wconf 86' lang='lat' dir='ltr'>ha-</span> 
     </span>
    </p>
   </div>
   <div class='ocr_carea' id='block_1_113' title="bbox 2189 5033 3853 5107">
    <p class='ocr_par' dir='ltr' id='par_1_113' title="bbox 2189 5033 3853 5107">
     <span class='ocr_line' id='line_1_113' title="bbox 2189 5033 3853 5107; baseline -0.001 -16"><span class='ocrx_word' id='word_1_809' title='bbox 2189 5036 2324 5091; x_wconf 90' lang='lat' dir='ltr'>bere</span> <span class='ocrx_word' id='word_1_810' title='bbox 2347 5034 2504 5107; x_wconf 90' lang='lat' dir='ltr'>quod</span> <span class='ocrx_word' id='word_1_811' title='bbox 2536 5049 2653 5090; x_wconf 92' lang='lat' dir='ltr'>non</span> <span class='ocrx_word' id='word_1_812' title='bbox 2685 5033 3102 5099; x_wconf 83' lang='lat' dir='ltr'>acceperimus.</span> <span class='ocrx_word' id='word_1_813' title='bbox 3135 5033 3281 5104; x_wconf 85' lang='lat' dir='ltr'>Quid</span> <span class='ocrx_word' id='word_1_814' title='bbox 3308 5035 3477 5103; x_wconf 86' lang='lat' dir='ltr'>enim,</span> <span class='ocrx_word' id='word_1_815' title='bbox 3498 5033 3708 5106; x_wconf 89' lang='lat' dir='ltr'>inquit,</span> <span class='ocrx_word' id='word_1_816' title='bbox 3742 5034 3853 5090; x_wconf 86' lang='lat' dir='ltr'>ha-</span> 
     </span>
    </p>
   </div>
   <div class='ocr_carea' id='block_1_114' title="bbox 2190 5122 3860 5196">
    <p class='ocr_par' dir='ltr' id='par_1_114' title="bbox 2190 5122 3860 5196">
     <span class='ocr_line' id='line_1_114' title="bbox 2190 5122 3860 5196; baseline 0.001 -17"><span class='ocrx_word' id='word_1_817' title='bbox 2190 5125 2279 5180; x_wconf 89' lang='lat' dir='ltr'>bes</span> <span class='ocrx_word' id='word_1_818' title='bbox 2326 5123 2466 5195; x_wconf 88' lang='lat' dir='ltr'>quod</span> <span class='ocrx_word' id='word_1_819' title='bbox 2526 5138 2635 5178; x_wconf 85' lang='lat' dir='ltr'>non</span> <span class='ocrx_word' id='word_1_820' title='bbox 2699 5122 3010 5195; x_wconf 84' lang='lat' dir='ltr'>recepisti?</span> <span class='ocrx_word' id='word_1_821' title='bbox 3038 5122 3099 5178; x_wconf 85' lang='lat' dir='ltr'>Si</span> <span class='ocrx_word' id='word_1_822' title='bbox 3125 5131 3321 5180; x_wconf 82' lang='lat' dir='ltr'>autem</span> <span class='ocrx_word' id='word_1_823' title='bbox 3355 5123 3653 5196; x_wconf 81' lang='lat' dir='ltr'>accepisti.</span> <span class='ocrx_word' id='word_1_824' title='bbox 3703 5126 3860 5196; x_wconf 82' lang='lat' dir='ltr'>quid</span> 
     </span>
    </p>
   </div>
   <div class='ocr_carea' id='block_1_115' title="bbox 2188 5211 3853 5284">
    <p class='ocr_par' dir='ltr' id='par_1_115' title="bbox 2188 5211 3853 5284">
     <span class='ocr_line' id='line_1_115' title="bbox 2188 5211 3853 5284; baseline 0.001 -17"><span class='ocrx_word' id='word_1_825' title='bbox 2188 5213 2465 5284; x_wconf 81' lang='lat' dir='ltr'>gloriaris</span> <span class='ocrx_word' id='word_1_826' title='bbox 2492 5211 2657 5283; x_wconf 83' lang='lat' dir='ltr'>quasi</span> <span class='ocrx_word' id='word_1_827' title='bbox 2695 5229 2812 5267; x_wconf 81' lang='lat' dir='ltr'>non</span> <span class='ocrx_word' id='word_1_828' title='bbox 2832 5214 3103 5284; x_wconf 88' lang='lat' dir='ltr'>acceperis</span> <span class='ocrx_word' id='word_1_829' title='bbox 3167 5214 3219 5280; x_wconf 85' lang='grc' dir='ltr'>(Ι</span> <span class='ocrx_word' id='word_1_830' title='bbox 3258 5211 3379 5268; x_wconf 84' lang='lat' dir='ltr'>Cor.</span> <span class='ocrx_word' id='word_1_831' title='bbox 3431 5229 3511 5280; x_wconf 83' lang='lat' dir='ltr'>1v,</span> <span class='ocrx_word' id='word_1_832' title='bbox 3541 5212 3601 5283; x_wconf 90' lang='lat'>7)</span> <span class='ocrx_word' id='word_1_833' title='bbox 3625 5211 3853 5268; x_wconf 87' lang='lat' dir='ltr'>Didici-</span> 
     </span>
    </p>
   </div>
   <div class='ocr_carea' id='block_1_116' title="bbox 2187 5298 3850 5373">
    <p class='ocr_par' dir='ltr' id='par_1_116' title="bbox 2187 5298 3850 5373">
     <span class='ocr_line' id='line_1_116' title="bbox 2187 5298 3850 5373; baseline -0.001 -16"><span class='ocrx_word' id='word_1_834' title='bbox 2187 5300 2263 5358; x_wconf 89' lang='lat' dir='ltr'>sti</span> <span class='ocrx_word' id='word_1_835' title='bbox 2285 5315 2423 5373; x_wconf 91' lang='lat' dir='ltr'>ergo</span> <span class='ocrx_word' id='word_1_836' title='bbox 2454 5298 2851 5355; x_wconf 81' lang='lat' dir='ltr'>humilitatem</span> <span class='ocrx_word' id='word_1_837' title='bbox 2883 5300 3072 5372; x_wconf 88' lang='lat' dir='ltr'>magis</span> <span class='ocrx_word' id='word_1_838' title='bbox 3116 5300 3284 5372; x_wconf 87' lang='lat' dir='ltr'>sequi</span> <span class='ocrx_word' id='word_1_839' title='bbox 3333 5317 3512 5372; x_wconf 84' lang='lat' dir='ltr'>quam</span> <span class='ocrx_word' id='word_1_840' title='bbox 3560 5315 3850 5372; x_wconf 85' lang='lat' dir='ltr'>arrogan-</span> 
     </span>
    </p>
   </div>
   <div class='ocr_carea' id='block_1_117' title="bbox 2187 5386 3853 5461">
    <p class='ocr_par' dir='ltr' id='par_1_117' title="bbox 2187 5386 3853 5461">
     <span class='ocr_line' id='line_1_117' title="bbox 2187 5386 3853 5461; baseline 0 -15"><span class='ocrx_word' id='word_1_841' title='bbox 2187 5389 2350 5457; x_wconf 83' lang='lat' dir='ltr'>tiam;</span> <span class='ocrx_word' id='word_1_842' title='bbox 2384 5386 2757 5445; x_wconf 88' lang='lat' dir='ltr'>sedulitatem</span> <span class='ocrx_word' id='word_1_843' title='bbox 2783 5387 3266 5461; x_wconf 80' lang='lat' dir='ltr'>atfectare,quam</span> <span class='ocrx_word' id='word_1_844' title='bbox 3287 5392 3853 5460; x_wconf 78' lang='lat' dir='ltr'>potestatem,Acce-</span> 
     </span>
    </p>
   </div>
   <div class='ocr_carea' id='block_1_118' title="bbox 2185 5475 3850 5552">
    <p class='ocr_par' dir='ltr' id='par_1_118' title="bbox 2185 5475 3850 5552">
     <span class='ocr_line' id='line_1_118' title="bbox 2185 5475 3850 5552; baseline 0 -19"><span class='ocrx_word' id='word_1_845' title='bbox 2185 5478 2323 5552; x_wconf 90' lang='lat' dir='ltr'>pisti</span> <span class='ocrx_word' id='word_1_846' title='bbox 2346 5475 2627 5534; x_wconf 86' lang='lat' dir='ltr'>salutaria</span> <span class='ocrx_word' id='word_1_847' title='bbox 2677 5480 2981 5550; x_wconf 86' lang='lat' dir='ltr'>pracepta,</span> <span class='ocrx_word' id='word_1_848' title='bbox 3040 5475 3158 5532; x_wconf 90' lang='lat' dir='ltr'>noli</span> <span class='ocrx_word' id='word_1_849' title='bbox 3216 5475 3510 5551; x_wconf 87' lang='lat' dir='ltr'>negligere</span> <span class='ocrx_word' id='word_1_850' title='bbox 3566 5476 3730 5532; x_wconf 84' lang='lat' dir='ltr'>utilia</span> <span class='ocrx_word' id='word_1_851' title='bbox 3758 5476 3850 5533; x_wconf 83' lang='lat' dir='ltr'>in-</span> 
     </span>
    </p>
   </div>
   <div class='ocr_carea' id='block_1_119' title="bbox 2185 5564 3850 5638">
    <p class='ocr_par' dir='ltr' id='par_1_119' title="bbox 2185 5564 3850 5638">
     <span class='ocr_line' id='line_1_119' title="bbox 2185 5564 3850 5638; baseline 0 -14"><span class='ocrx_word' id='word_1_852' title='bbox 2185 5570 2514 5624; x_wconf 87' lang='lat' dir='ltr'>strumenta</span> <span class='ocrx_word' id='word_1_853' title='bbox 2544 5565 2867 5637; x_wconf 84' lang='lat' dir='ltr'>medicina,</span> <span class='ocrx_word' id='word_1_854' title='bbox 2902 5566 3117 5638; x_wconf 89' lang='lat' dir='ltr'>quibus</span> <span class='ocrx_word' id='word_1_855' title='bbox 3166 5565 3317 5623; x_wconf 81' lang='lat' dir='ltr'>fibra</span> <span class='ocrx_word' id='word_1_856' title='bbox 3370 5566 3564 5623; x_wconf 89' lang='lat' dir='ltr'>omnis</span> <span class='ocrx_word' id='word_1_857' title='bbox 3606 5564 3850 5624; x_wconf 86' lang='lat' dir='ltr'>lethalis</span> 
     </span>
    </p>
   </div>
   <div class='ocr_carea' id='block_1_120' title="bbox 2181 5655 2796 5716">
    <p class='ocr_par' dir='ltr' id='par_1_120' title="bbox 2181 5655 2796 5716">
     <span class='ocr_line' id='line_1_120' title="bbox 2181 5655 2796 5716; baseline -0.003 -3"><span class='ocrx_word' id='word_1_858' title='bbox 2181 5655 2443 5716; x_wconf 87' lang='lat' dir='ltr'>vulneris</span> <span class='ocrx_word' id='word_1_859' title='bbox 2472 5658 2796 5713; x_wconf 81' lang='lat' dir='ltr'>exsecetur.</span> 
     </span>
    </p>
   </div>
  </div>
