  <div class='ocr_page' id='page_1' title='image "/cluster/home/n/w/nwhite01/storage/ocr_20150623/14/hvd.32044048207138/180.png"; bbox 0 0 4084 6188; ppageno 0'>
   <div class='ocr_carea' id='block_1_1' title="bbox 256 348 368 418">
    <p class='ocr_par' dir='ltr' id='par_1_1' title="bbox 256 348 368 418">
     <span class='ocr_line' id='line_1_1' title="bbox 256 348 368 418; baseline -0.018 0"><span class='ocrx_word' id='word_1_1' title='bbox 256 348 368 418; x_wconf 65' lang='grc'><strong><em>349</em></strong></span> 
     </span>
    </p>
   </div>
   <div class='ocr_carea' id='block_1_2' title="bbox 1446 312 2457 416">
    <p class='ocr_par' dir='ltr' id='par_1_2' title="bbox 1446 312 2457 416">
     <span class='ocr_line' id='line_1_2' title="bbox 1446 312 2457 416; baseline -0.001 -2"><span class='ocrx_word' id='word_1_2' title='bbox 1446 349 1550 415; x_wconf 83' lang='lat' dir='ltr'><strong><em>ns</em></strong></span> <span class='ocrx_word' id='word_1_3' title='bbox 1591 343 1775 415; x_wconf 59' lang='lat' dir='ltr'><strong><em>eam</em></strong></span> <span class='ocrx_word' id='word_1_4' title='bbox 1820 347 1924 415; x_wconf 78' lang='lat' dir='ltr'><strong><em>ur</em></strong></span> <span class='ocrx_word' id='word_1_5' title='bbox 1965 346 2170 415; x_wconf 62' lang='grc' dir='ltr'><strong><em>ωειλ</em></strong></span> <span class='ocrx_word' id='word_1_6' title='bbox 2210 349 2360 416; x_wconf 87' lang='lat' dir='ltr'><strong>LIB.</strong></span> <span class='ocrx_word' id='word_1_7' title='bbox 2404 347 2457 414; x_wconf 82' lang='grc' dir='ltr'><strong>ι.</strong></span> 
     </span>
    </p>
   </div>
   <div class='ocr_carea' id='block_1_3' title="bbox 3536 328 3657 414">
    <p class='ocr_par' dir='ltr' id='par_1_3' title="bbox 3536 328 3657 414">
     <span class='ocr_line' id='line_1_3' title="bbox 3536 328 3657 414; baseline 0.008 -1"><span class='ocrx_word' id='word_1_8' title='bbox 3536 328 3657 414; x_wconf 72' lang='lat'><strong><em>330</em></strong></span> 
     </span>
    </p>
   </div>
   <div class='ocr_carea' id='block_1_4' title="bbox 318 474 3647 561">
    <p class='ocr_par' dir='ltr' id='par_1_4' title="bbox 318 474 3647 561">
     <span class='ocr_line' id='line_1_4' title="bbox 318 474 3647 561; baseline 0 -17"><span class='ocrx_word' id='word_1_9' title='bbox 318 490 404 544; x_wconf 75' lang='lat'><strong><em>28.</em></strong></span> <span class='ocrx_word' id='word_1_10' title='bbox 440 485 544 544; x_wconf 88' lang='lat' dir='ltr'><strong>Ille</strong></span> <span class='ocrx_word' id='word_1_11' title='bbox 574 478 811 561; x_wconf 82' lang='lat' dir='ltr'><strong><em>quoque</em></strong></span> <span class='ocrx_word' id='word_1_12' title='bbox 837 484 939 560; x_wconf 85' lang='lat' dir='ltr'><strong><em>qui</em></strong></span> <span class='ocrx_word' id='word_1_13' title='bbox 971 476 1032 543; x_wconf 86' lang='lat' dir='ltr'><strong><em>se</em></strong></span> <span class='ocrx_word' id='word_1_14' title='bbox 1054 474 1367 559; x_wconf 83' lang='lat' dir='ltr'><strong><em>justitlcat,</em></strong></span> <span class='ocrx_word' id='word_1_15' title='bbox 1397 500 1470 542; x_wconf 91' lang='lat' dir='ltr'><strong><em>ne</em></strong></span> <span class='ocrx_word' id='word_1_16' title='bbox 1500 484 1736 541; x_wconf 82' lang='lat' dir='ltr'><strong><em>inﬂetur</em></strong></span> <span class='ocrx_word' id='word_1_17' title='bbox 1765 503 1887 541; x_wconf 88' lang='lat' dir='ltr'><strong><em>cor-</em></strong></span> <span class='ocrx_word' id='word_1_18' title='bbox 1919 483 1975 551; x_wconf 78' lang='grc' dir='ltr'><strong>Α</strong></span> <span class='ocrx_word' id='word_1_19' title='bbox 2004 488 2103 559; x_wconf 89' lang='lat' dir='ltr'>qui</span> <span class='ocrx_word' id='word_1_20' title='bbox 2135 488 2440 556; x_wconf 81' lang='lat' dir='ltr'><strong><em>sacriﬁcat,</em></strong></span> <span class='ocrx_word' id='word_1_21' title='bbox 2463 486 2521 543; x_wconf 86' lang='lat' dir='ltr'><strong><em>in</em></strong></span> <span class='ocrx_word' id='word_1_22' title='bbox 2552 502 2737 545; x_wconf 90' lang='lat' dir='ltr'><strong><em>unum</em></strong></span> <span class='ocrx_word' id='word_1_23' title='bbox 2767 483 3226 561; x_wconf 85' lang='lat' dir='ltr'><strong><em>splendorem,in</em></strong></span> <span class='ocrx_word' id='word_1_24' title='bbox 3257 500 3434 545; x_wconf 87' lang='lat' dir='ltr'><strong><em>unam</em></strong></span> <span class='ocrx_word' id='word_1_25' title='bbox 3457 484 3647 544; x_wconf 79' lang='lat' dir='ltr'><strong><em>lucem</em></strong></span> 
     </span>
    </p>
   </div>
   <div class='ocr_carea' id='block_1_5' title="bbox 256 572 1893 649">
    <p class='ocr_par' dir='ltr' id='par_1_5' title="bbox 256 572 1893 649">
     <span class='ocr_line' id='line_1_5' title="bbox 256 572 1893 649; baseline -0.002 -15"><span class='ocrx_word' id='word_1_26' title='bbox 256 577 340 634; x_wconf 88' lang='lat' dir='ltr'><strong><em>dis</em></strong></span> <span class='ocrx_word' id='word_1_27' title='bbox 368 576 462 633; x_wconf 91' lang='lat' dir='ltr'><strong><em>sui</em></strong></span> <span class='ocrx_word' id='word_1_28' title='bbox 492 580 725 634; x_wconf 89' lang='lat' dir='ltr'><strong><em>tumore</em></strong></span> <span class='ocrx_word' id='word_1_29' title='bbox 741 580 819 642; x_wconf 88' lang='lat' dir='ltr'><strong><em>;et</em></strong></span> <span class='ocrx_word' id='word_1_30' title='bbox 845 576 975 649; x_wconf 91' lang='lat' dir='ltr'><strong><em>ipse</em></strong></span> <span class='ocrx_word' id='word_1_31' title='bbox 1005 575 1229 649; x_wconf 86' lang='lat' dir='ltr'><strong><em>accepit</em></strong></span> <span class='ocrx_word' id='word_1_32' title='bbox 1258 572 1492 632; x_wconf 82' lang='lat' dir='ltr'><strong><em>salubre</em></strong></span> <span class='ocrx_word' id='word_1_33' title='bbox 1523 576 1893 642; x_wconf 83' lang='lat' dir='ltr'><strong><em>mandatum,</em></strong></span> 
     </span>
    </p>
   </div>
   <div class='ocr_carea' id='block_1_6' title="bbox 254 664 1898 737">
    <p class='ocr_par' dir='ltr' id='par_1_6' title="bbox 254 664 1898 737">
     <span class='ocr_line' id='line_1_6' title="bbox 254 664 1898 737; baseline -0.002 -15"><span class='ocrx_word' id='word_1_34' title='bbox 254 667 309 722; x_wconf 89' lang='lat' dir='ltr'><strong><em>in</em></strong></span> <span class='ocrx_word' id='word_1_35' title='bbox 336 666 682 737; x_wconf 86' lang='lat' dir='ltr'><strong><em>hujusmodi</em></strong></span> <span class='ocrx_word' id='word_1_36' title='bbox 729 666 1083 721; x_wconf 89' lang='lat' dir='ltr'><strong><em>sententiam</em></strong></span> <span class='ocrx_word' id='word_1_37' title='bbox 1131 665 1451 721; x_wconf 89' lang='lat' dir='ltr'><strong><em>resultante</em></strong></span> <span class='ocrx_word' id='word_1_38' title='bbox 1503 664 1736 721; x_wconf 87' lang='lat' dir='ltr'><strong><em>oraculo</em></strong></span> <span class='ocrx_word' id='word_1_39' title='bbox 1772 682 1783 718; x_wconf 92' lang='lat'><strong>:</strong></span> <span class='ocrx_word' id='word_1_40' title='bbox 1820 669 1898 720; x_wconf 87' lang='lat' dir='ltr'><strong><em>Ne</em></strong></span> 
     </span>
    </p>
   </div>
   <div class='ocr_carea' id='block_1_7' title="bbox 254 755 1893 828">
    <p class='ocr_par' dir='ltr' id='par_1_7' title="bbox 254 755 1893 828">
     <span class='ocr_line' id='line_1_7' title="bbox 254 755 1893 828; baseline -0.002 -16"><span class='ocrx_word' id='word_1_41' title='bbox 254 756 394 812; x_wconf 83' lang='lat' dir='ltr'><strong><em>dicas</em></strong></span> <span class='ocrx_word' id='word_1_42' title='bbox 416 759 477 811; x_wconf 85' lang='lat' dir='ltr'><strong><em>in</em></strong></span> <span class='ocrx_word' id='word_1_43' title='bbox 505 755 665 811; x_wconf 89' lang='lat' dir='ltr'><strong><em>corde</em></strong></span> <span class='ocrx_word' id='word_1_44' title='bbox 690 760 802 823; x_wconf 88' lang='lat' dir='ltr'><strong><em>tuo,</em></strong></span> <span class='ocrx_word' id='word_1_45' title='bbox 844 771 968 810; x_wconf 85' lang='lat' dir='ltr'><strong><em>cum</em></strong></span> <span class='ocrx_word' id='word_1_46' title='bbox 1010 771 1329 811; x_wconf 72' lang='lat' dir='ltr'><strong><em>consumere</em></strong></span> <span class='ocrx_word' id='word_1_47' title='bbox 1370 757 1586 828; x_wconf 70' lang='lat' dir='ltr'><strong><em>experti</em></strong></span> <span class='ocrx_word' id='word_1_48' title='bbox 1637 755 1893 810; x_wconf 81' lang='lat' dir='ltr'><strong><em>Dominus</em></strong></span> 
     </span>
    </p>
   </div>
   <div class='ocr_carea' id='block_1_8' title="bbox 253 843 1891 915">
    <p class='ocr_par' dir='ltr' id='par_1_8' title="bbox 253 843 1891 915">
     <span class='ocr_line' id='line_1_8' title="bbox 253 843 1891 915; baseline -0.002 -14"><span class='ocrx_word' id='word_1_49' title='bbox 253 846 385 901; x_wconf 84' lang='lat' dir='ltr'><strong><em>Deus</em></strong></span> <span class='ocrx_word' id='word_1_50' title='bbox 412 848 541 899; x_wconf 74' lang='lat' dir='ltr'><strong><em>tuus</em></strong></span> <span class='ocrx_word' id='word_1_51' title='bbox 569 847 749 915; x_wconf 81' lang='lat' dir='ltr'><strong><em>gentes</em></strong></span> <span class='ocrx_word' id='word_1_52' title='bbox 779 845 908 899; x_wconf 88' lang='lat' dir='ltr'><strong><em>illas</em></strong></span> <span class='ocrx_word' id='word_1_53' title='bbox 953 861 988 897; x_wconf 91' lang='lat' dir='ltr'><strong><em>a</em></strong></span> <span class='ocrx_word' id='word_1_54' title='bbox 1027 847 1311 915; x_wconf 87' lang='lat' dir='ltr'><strong><em>conspectu</em></strong></span> <span class='ocrx_word' id='word_1_55' title='bbox 1355 853 1465 910; x_wconf 89' lang='lat' dir='ltr'><strong><em>tuo,</em></strong></span> <span class='ocrx_word' id='word_1_56' title='bbox 1498 843 1681 899; x_wconf 83' lang='lat' dir='ltr'><strong><em>dicens</em></strong></span> <span class='ocrx_word' id='word_1_57' title='bbox 1713 860 1727 900; x_wconf 89' lang='lat'><strong>:</strong></span> <span class='ocrx_word' id='word_1_58' title='bbox 1758 845 1891 898; x_wconf 86' lang='lat' dir='ltr'><strong><em>Pro-</em></strong></span> 
     </span>
    </p>
   </div>
   <div class='ocr_carea' id='block_1_9' title="bbox 248 933 1895 1007">
    <p class='ocr_par' dir='ltr' id='par_1_9' title="bbox 248 933 1895 1007">
     <span class='ocr_line' id='line_1_9' title="bbox 248 933 1895 1007; baseline -0.002 -17"><span class='ocrx_word' id='word_1_59' title='bbox 248 943 366 1007; x_wconf 82' lang='lat' dir='ltr'><strong><em>pter</em></strong></span> <span class='ocrx_word' id='word_1_60' title='bbox 393 935 675 1005; x_wconf 75' lang='lat' dir='ltr'><strong><em>justitiam</em></strong></span> <span class='ocrx_word' id='word_1_61' title='bbox 699 950 880 988; x_wconf 85' lang='lat' dir='ltr'><strong><em>meam</em></strong></span> <span class='ocrx_word' id='word_1_62' title='bbox 910 933 1136 988; x_wconf 86' lang='lat' dir='ltr'><strong><em>induxit</em></strong></span> <span class='ocrx_word' id='word_1_63' title='bbox 1182 949 1269 989; x_wconf 90' lang='lat' dir='ltr'><strong><em>me</em></strong></span> <span class='ocrx_word' id='word_1_64' title='bbox 1319 935 1584 990; x_wconf 77' lang='lat' dir='ltr'><strong><em>Dominus</em></strong></span> <span class='ocrx_word' id='word_1_65' title='bbox 1624 933 1895 1003; x_wconf 82' lang='lat' dir='ltr'><strong><em>possidere</em></strong></span> 
     </span>
    </p>
   </div>
   <div class='ocr_carea' id='block_1_10' title="bbox 252 1021 1892 1093">
    <p class='ocr_par' dir='ltr' id='par_1_10' title="bbox 252 1021 1892 1093">
     <span class='ocr_line' id='line_1_10' title="bbox 252 1021 1892 1093; baseline -0.001 -16"><span class='ocrx_word' id='word_1_66' title='bbox 252 1026 454 1079; x_wconf 86' lang='lat' dir='ltr'><strong><em>terram</em></strong></span> <span class='ocrx_word' id='word_1_67' title='bbox 481 1024 648 1077; x_wconf 85' lang='lat' dir='ltr'><strong><em>istam</em></strong></span> <span class='ocrx_word' id='word_1_68' title='bbox 673 1040 690 1075; x_wconf 93' lang='lat'><strong><em>:</em></strong></span> <span class='ocrx_word' id='word_1_69' title='bbox 719 1021 811 1077; x_wconf 89' lang='lat' dir='ltr'><strong><em>sed</em></strong></span> <span class='ocrx_word' id='word_1_70' title='bbox 836 1030 1059 1093; x_wconf 86' lang='lat' dir='ltr'><strong><em>prapter</em></strong></span> <span class='ocrx_word' id='word_1_71' title='bbox 1098 1023 1415 1093; x_wconf 75' lang='lat' dir='ltr'><strong><em>iniquitates</em></strong></span> <span class='ocrx_word' id='word_1_72' title='bbox 1461 1023 1710 1092; x_wconf 87' lang='lat' dir='ltr'><strong><em>gentium</em></strong></span> <span class='ocrx_word' id='word_1_73' title='bbox 1758 1024 1892 1077; x_wconf 57' lang='lat' dir='ltr'><strong><em>ista-</em></strong></span> 
     </span>
    </p>
   </div>
   <div class='ocr_carea' id='block_1_11' title="bbox 236 1111 1892 1183">
    <p class='ocr_par' dir='ltr' id='par_1_11' title="bbox 236 1111 1892 1183">
     <span class='ocr_line' id='line_1_11' title="bbox 236 1111 1892 1183; baseline -0.001 -16"><span class='ocrx_word' id='word_1_74' title='bbox 236 1116 375 1167; x_wconf 86' lang='lat' dir='ltr'><strong><em>rum</em></strong></span> <span class='ocrx_word' id='word_1_75' title='bbox 399 1113 724 1183; x_wconf 80' lang='lat' dir='ltr'><strong><em>exstirpavit</em></strong></span> <span class='ocrx_word' id='word_1_76' title='bbox 751 1111 877 1165; x_wconf 87' lang='lat' dir='ltr'><strong><em>illos</em></strong></span> <span class='ocrx_word' id='word_1_77' title='bbox 909 1112 1164 1165; x_wconf 78' lang='lat' dir='ltr'><strong><em>Dominus</em></strong></span> <span class='ocrx_word' id='word_1_78' title='bbox 1202 1128 1235 1165; x_wconf 92' lang='lat' dir='ltr'><strong><em>a</em></strong></span> <span class='ocrx_word' id='word_1_79' title='bbox 1278 1113 1422 1182; x_wconf 78' lang='lat' dir='ltr'><strong><em>facie</em></strong></span> <span class='ocrx_word' id='word_1_80' title='bbox 1463 1120 1558 1166; x_wconf 83' lang='lat' dir='ltr'><strong><em>tua</em></strong></span> <span class='ocrx_word' id='word_1_81' title='bbox 1588 1113 1762 1181; x_wconf 82' lang='lat' dir='ltr'><strong><em>(Deut.</em></strong></span> <span class='ocrx_word' id='word_1_82' title='bbox 1815 1128 1892 1177; x_wconf 78' lang='lat' dir='ltr'><strong><em>IX,</em></strong></span> 
     </span>
    </p>
   </div>
   <div class='ocr_carea' id='block_1_12' title="bbox 253 1199 1894 1272">
    <p class='ocr_par' dir='ltr' id='par_1_12' title="bbox 253 1199 1894 1272">
     <span class='ocr_line' id='line_1_12' title="bbox 253 1199 1894 1272; baseline -0.001 -16"><span class='ocrx_word' id='word_1_83' title='bbox 253 1202 322 1271; x_wconf 69' lang='grc'><strong><em>4).</em></strong></span> <span class='ocrx_word' id='word_1_84' title='bbox 354 1201 478 1256; x_wconf 85' lang='lat' dir='ltr'><strong><em>Non</em></strong></span> <span class='ocrx_word' id='word_1_85' title='bbox 511 1204 749 1271; x_wconf 79' lang='lat' dir='ltr'><strong><em>propter</em></strong></span> <span class='ocrx_word' id='word_1_86' title='bbox 769 1199 1067 1270; x_wconf 76' lang='lat' dir='ltr'><strong><em>justitiam</em></strong></span> <span class='ocrx_word' id='word_1_87' title='bbox 1100 1204 1285 1268; x_wconf 88' lang='lat' dir='ltr'><strong><em>tuam,</em></strong></span> <span class='ocrx_word' id='word_1_88' title='bbox 1321 1216 1435 1255; x_wconf 90' lang='lat' dir='ltr'><strong><em>nou</em></strong></span> <span class='ocrx_word' id='word_1_89' title='bbox 1469 1206 1704 1272; x_wconf 77' lang='lat' dir='ltr'><strong><em>propter</em></strong></span> <span class='ocrx_word' id='word_1_90' title='bbox 1728 1199 1894 1255; x_wconf 86' lang='lat' dir='ltr'><strong><em>boni-</em></strong></span> 
     </span>
    </p>
   </div>
   <div class='ocr_carea' id='block_1_13' title="bbox 252 1288 1894 1360">
    <p class='ocr_par' dir='ltr' id='par_1_13' title="bbox 252 1288 1894 1360">
     <span class='ocr_line' id='line_1_13' title="bbox 252 1288 1894 1360; baseline -0.001 -15"><span class='ocrx_word' id='word_1_91' title='bbox 252 1293 424 1345; x_wconf 84' lang='lat' dir='ltr'><strong><em>tatem</em></strong></span> <span class='ocrx_word' id='word_1_92' title='bbox 454 1293 754 1353; x_wconf 87' lang='lat' dir='ltr'><strong><em>tuam,uec</em></strong></span> <span class='ocrx_word' id='word_1_93' title='bbox 779 1293 1015 1360; x_wconf 78' lang='lat' dir='ltr'><strong><em>propter</em></strong></span> <span class='ocrx_word' id='word_1_94' title='bbox 1032 1288 1362 1360; x_wconf 73' lang='lat' dir='ltr'><strong><em>aequitatem</em></strong></span> <span class='ocrx_word' id='word_1_95' title='bbox 1386 1289 1577 1345; x_wconf 85' lang='lat' dir='ltr'><strong><em>cordis</em></strong></span> <span class='ocrx_word' id='word_1_96' title='bbox 1597 1289 1683 1344; x_wconf 91' lang='lat' dir='ltr'><strong><em>tui</em></strong></span> <span class='ocrx_word' id='word_1_97' title='bbox 1708 1288 1894 1344; x_wconf 83' lang='lat' dir='ltr'><strong><em>intras</em></strong></span> 
     </span>
    </p>
   </div>
   <div class='ocr_carea' id='block_1_14' title="bbox 249 1376 1890 1451">
    <p class='ocr_par' dir='ltr' id='par_1_14' title="bbox 249 1376 1890 1451">
     <span class='ocr_line' id='line_1_14' title="bbox 249 1376 1890 1451; baseline -0.002 -18"><span class='ocrx_word' id='word_1_98' title='bbox 249 1377 546 1451; x_wconf 87' lang='lat' dir='ltr'><strong><em>possidere</em></strong></span> <span class='ocrx_word' id='word_1_99' title='bbox 584 1382 798 1432; x_wconf 87' lang='lat' dir='ltr'><strong><em>terram</em></strong></span> <span class='ocrx_word' id='word_1_100' title='bbox 833 1377 1005 1431; x_wconf 87' lang='lat' dir='ltr'><strong><em>istam</em></strong></span> <span class='ocrx_word' id='word_1_101' title='bbox 1058 1393 1072 1432; x_wconf 90' lang='lat'>:</span> <span class='ocrx_word' id='word_1_102' title='bbox 1127 1376 1227 1431; x_wconf 90' lang='lat' dir='ltr'><strong><em>sed</em></strong></span> <span class='ocrx_word' id='word_1_103' title='bbox 1259 1381 1495 1448; x_wconf 87' lang='lat' dir='ltr'><strong>propter</strong></span> <span class='ocrx_word' id='word_1_104' title='bbox 1522 1376 1890 1447; x_wconf 85' lang='lat' dir='ltr'><strong><em>iniquitatem</em></strong></span> 
     </span>
    </p>
   </div>
   <div class='ocr_carea' id='block_1_15' title="bbox 248 1463 1894 1537">
    <p class='ocr_par' dir='ltr' id='par_1_15' title="bbox 248 1463 1894 1537">
     <span class='ocr_line' id='line_1_15' title="bbox 248 1463 1894 1537; baseline 0 -18"><span class='ocrx_word' id='word_1_105' title='bbox 248 1465 512 1537; x_wconf 87' lang='lat' dir='ltr'><strong><em>gentium</em></strong></span> <span class='ocrx_word' id='word_1_106' title='bbox 543 1463 842 1536; x_wconf 80' lang='lat' dir='ltr'><strong><em>disperdat</em></strong></span> <span class='ocrx_word' id='word_1_107' title='bbox 870 1480 969 1520; x_wconf 89' lang='lat' dir='ltr'><strong><em>eos</em></strong></span> <span class='ocrx_word' id='word_1_108' title='bbox 1001 1464 1286 1519; x_wconf 85' lang='lat' dir='ltr'><strong><em>Dominus</em></strong></span> <span class='ocrx_word' id='word_1_109' title='bbox 1334 1481 1368 1519; x_wconf 88' lang='lat' dir='ltr'><strong><em>a</em></strong></span> <span class='ocrx_word' id='word_1_110' title='bbox 1416 1469 1730 1536; x_wconf 89' lang='lat' dir='ltr'><strong><em>conspectu</em></strong></span> <span class='ocrx_word' id='word_1_111' title='bbox 1771 1469 1894 1531; x_wconf 89' lang='lat' dir='ltr'><strong><em>tuo,</em></strong></span> 
     </span>
    </p>
   </div>
   <div class='ocr_carea' id='block_1_16' title="bbox 250 1552 1895 1625">
    <p class='ocr_par' dir='ltr' id='par_1_16' title="bbox 250 1552 1895 1625">
     <span class='ocr_line' id='line_1_16' title="bbox 250 1552 1895 1625; baseline -0.002 -16"><span class='ocrx_word' id='word_1_112' title='bbox 250 1558 304 1609; x_wconf 88' lang='lat' dir='ltr'><strong><em>et</em></strong></span> <span class='ocrx_word' id='word_1_113' title='bbox 331 1553 603 1609; x_wconf 80' lang='lat' dir='ltr'><strong><em>restituet</em></strong></span> <span class='ocrx_word' id='word_1_114' title='bbox 627 1557 1045 1608; x_wconf 68' lang='lat' dir='ltr'><strong><em>testamentum</em></strong></span> <span class='ocrx_word' id='word_1_115' title='bbox 1075 1557 1245 1607; x_wconf 90' lang='lat' dir='ltr'><strong><em>tuum</em></strong></span> <span class='ocrx_word' id='word_1_116' title='bbox 1277 1553 1431 1624; x_wconf 91' lang='lat' dir='ltr'><strong><em>quod</em></strong></span> <span class='ocrx_word' id='word_1_117' title='bbox 1456 1552 1679 1623; x_wconf 90' lang='lat' dir='ltr'><strong><em>juravit</em></strong></span> <span class='ocrx_word' id='word_1_118' title='bbox 1719 1552 1895 1625; x_wconf 89' lang='lat' dir='ltr'><strong><em>patri-</em></strong></span> 
     </span>
    </p>
   </div>
   <div class='ocr_carea' id='block_1_17' title="bbox 252 1640 1893 1712">
    <p class='ocr_par' dir='ltr' id='par_1_17' title="bbox 252 1640 1893 1712">
     <span class='ocr_line' id='line_1_17' title="bbox 252 1640 1893 1712; baseline -0.001 -15"><span class='ocrx_word' id='word_1_119' title='bbox 252 1642 362 1698; x_wconf 91' lang='lat' dir='ltr'><strong><em>bus</em></strong></span> <span class='ocrx_word' id='word_1_120' title='bbox 392 1642 628 1697; x_wconf 89' lang='lat' dir='ltr'><strong><em>vestris.</em></strong></span> <span class='ocrx_word' id='word_1_121' title='bbox 669 1641 1111 1697; x_wconf 78' lang='lat' dir='ltr'><strong><em>Testamentum</em></strong></span> <span class='ocrx_word' id='word_1_122' title='bbox 1144 1640 1395 1712; x_wconf 85' lang='lat' dir='ltr'><strong><em>perfecta</em></strong></span> <span class='ocrx_word' id='word_1_123' title='bbox 1414 1640 1513 1695; x_wconf 91' lang='lat' dir='ltr'><strong><em>Dei</em></strong></span> <span class='ocrx_word' id='word_1_124' title='bbox 1544 1641 1732 1712; x_wconf 88' lang='lat' dir='ltr'><strong><em>gratia</em></strong></span> <span class='ocrx_word' id='word_1_125' title='bbox 1762 1645 1850 1696; x_wconf 91' lang='lat' dir='ltr'><strong><em>est</em></strong></span> <span class='ocrx_word' id='word_1_126' title='bbox 1879 1657 1893 1696; x_wconf 89' lang='lat'><strong>:</strong></span> 
     </span>
    </p>
   </div>
   <div class='ocr_carea' id='block_1_18' title="bbox 251 1728 1895 1801">
    <p class='ocr_par' dir='ltr' id='par_1_18' title="bbox 251 1728 1895 1801">
     <span class='ocr_line' id='line_1_18' title="bbox 251 1728 1895 1801; baseline -0.001 -16"><span class='ocrx_word' id='word_1_127' title='bbox 251 1730 394 1786; x_wconf 86' lang='lat' dir='ltr'><strong><em>nihil</em></strong></span> <span class='ocrx_word' id='word_1_128' title='bbox 423 1729 584 1785; x_wconf 90' lang='lat' dir='ltr'><strong><em>enim</em></strong></span> <span class='ocrx_word' id='word_1_129' title='bbox 614 1729 1019 1801; x_wconf 88' lang='lat' dir='ltr'><strong><em>imperfectum</em></strong></span> <span class='ocrx_word' id='word_1_130' title='bbox 1049 1729 1151 1783; x_wconf 92' lang='lat' dir='ltr'><strong><em>dat</em></strong></span> <span class='ocrx_word' id='word_1_131' title='bbox 1181 1728 1336 1784; x_wconf 90' lang='lat' dir='ltr'><strong><em>Deus</em></strong></span> <span class='ocrx_word' id='word_1_132' title='bbox 1366 1747 1378 1784; x_wconf 89' lang='lat'><strong>:</strong></span> <span class='ocrx_word' id='word_1_133' title='bbox 1413 1729 1669 1801; x_wconf 89' lang='lat' dir='ltr'><strong><em>perfecta</em></strong></span> <span class='ocrx_word' id='word_1_134' title='bbox 1699 1733 1895 1784; x_wconf 88' lang='lat' dir='ltr'><strong><em>autem</em></strong></span> 
     </span>
    </p>
   </div>
   <div class='ocr_carea' id='block_1_19' title="bbox 245 1816 1895 1889">
    <p class='ocr_par' dir='ltr' id='par_1_19' title="bbox 245 1816 1895 1889">
     <span class='ocr_line' id='line_1_19' title="bbox 245 1816 1895 1889; baseline -0.002 -15"><span class='ocrx_word' id='word_1_135' title='bbox 245 1818 431 1874; x_wconf 84' lang='lat' dir='ltr'><strong><em>virtus</em></strong></span> <span class='ocrx_word' id='word_1_136' title='bbox 462 1821 574 1885; x_wconf 86' lang='lat' dir='ltr'><strong><em>est,</em></strong></span> <span class='ocrx_word' id='word_1_137' title='bbox 621 1822 679 1873; x_wconf 87' lang='lat' dir='ltr'><strong><em>et</em></strong></span> <span class='ocrx_word' id='word_1_138' title='bbox 719 1833 896 1889; x_wconf 89' lang='lat' dir='ltr'><strong><em>opera</em></strong></span> <span class='ocrx_word' id='word_1_139' title='bbox 939 1816 1192 1872; x_wconf 89' lang='lat' dir='ltr'><strong><em>virtutis.</em></strong></span> <span class='ocrx_word' id='word_1_140' title='bbox 1226 1817 1665 1872; x_wconf 83' lang='lat' dir='ltr'><strong><em>Testamentum</em></strong></span> <span class='ocrx_word' id='word_1_141' title='bbox 1698 1822 1895 1873; x_wconf 90' lang='lat' dir='ltr'><strong><em>autem</em></strong></span> 
     </span>
    </p>
   </div>
   <div class='ocr_carea' id='block_1_20' title="bbox 244 1904 1899 1978">
    <p class='ocr_par' dir='ltr' id='par_1_20' title="bbox 244 1904 1899 1978">
     <span class='ocr_line' id='line_1_20' title="bbox 244 1904 1899 1978; baseline -0.001 -16"><span class='ocrx_word' id='word_1_142' title='bbox 244 1904 483 1975; x_wconf 88' lang='lat' dir='ltr'><strong><em>dicitur,</em></strong></span> <span class='ocrx_word' id='word_1_143' title='bbox 515 1922 633 1978; x_wconf 92' lang='lat' dir='ltr'><strong><em>quo</em></strong></span> <span class='ocrx_word' id='word_1_144' title='bbox 663 1905 921 1962; x_wconf 88' lang='lat' dir='ltr'><strong><em>defertur</em></strong></span> <span class='ocrx_word' id='word_1_145' title='bbox 948 1905 1234 1961; x_wconf 75' lang='lat' dir='ltr'><strong><em>bonarum</em></strong></span> <span class='ocrx_word' id='word_1_146' title='bbox 1266 1904 1811 1961; x_wconf 66' lang='lat' dir='ltr'><strong><em>haereditas.Merito</em></strong></span> <span class='ocrx_word' id='word_1_147' title='bbox 1843 1910 1899 1961; x_wconf 90' lang='lat' dir='ltr'><strong><em>et</em></strong></span> 
     </span>
    </p>
   </div>
   <div class='ocr_carea' id='block_1_21' title="bbox 245 1993 1899 2066">
    <p class='ocr_par' dir='ltr' id='par_1_21' title="bbox 245 1993 1899 2066">
     <span class='ocr_line' id='line_1_21' title="bbox 245 1993 1899 2066; baseline -0.001 -14"><span class='ocrx_word' id='word_1_148' title='bbox 245 1998 669 2052; x_wconf 82' lang='lat' dir='ltr'><strong><em>testamentum</em></strong></span> <span class='ocrx_word' id='word_1_149' title='bbox 698 1994 933 2058; x_wconf 90' lang='lat' dir='ltr'><strong><em>dicitur,</em></strong></span> <span class='ocrx_word' id='word_1_150' title='bbox 964 1998 1021 2048; x_wconf 91' lang='lat' dir='ltr'><strong><em>et</em></strong></span> <span class='ocrx_word' id='word_1_151' title='bbox 1046 1993 1481 2061; x_wconf 89' lang='lat' dir='ltr'><strong><em>divinum,cum</em></strong></span> <span class='ocrx_word' id='word_1_152' title='bbox 1514 2010 1581 2049; x_wconf 89' lang='lat' dir='ltr'><strong><em>ea</em></strong></span> <span class='ocrx_word' id='word_1_153' title='bbox 1612 2011 1738 2066; x_wconf 69' lang='lat' dir='ltr'><strong><em>quae</em></strong></span> <span class='ocrx_word' id='word_1_154' title='bbox 1768 2010 1899 2050; x_wconf 91' lang='lat' dir='ltr'><strong><em>vere</em></strong></span> 
     </span>
    </p>
   </div>
   <div class='ocr_carea' id='block_1_22' title="bbox 244 2082 1897 2150">
    <p class='ocr_par' dir='ltr' id='par_1_22' title="bbox 244 2082 1897 2150">
     <span class='ocr_line' id='line_1_22' title="bbox 244 2082 1897 2150; baseline -0.001 -11"><span class='ocrx_word' id='word_1_155' title='bbox 244 2083 401 2140; x_wconf 88' lang='lat' dir='ltr'><strong><em>bona</em></strong></span> <span class='ocrx_word' id='word_1_156' title='bbox 451 2087 614 2150; x_wconf 88' lang='lat' dir='ltr'><strong><em>sunt,</em></strong></span> <span class='ocrx_word' id='word_1_157' title='bbox 668 2082 1040 2138; x_wconf 89' lang='lat' dir='ltr'><strong><em>attestatioue</em></strong></span> <span class='ocrx_word' id='word_1_158' title='bbox 1099 2083 1515 2137; x_wconf 86' lang='lat' dir='ltr'><strong><em>mandatorum</em></strong></span> <span class='ocrx_word' id='word_1_159' title='bbox 1574 2082 1897 2139; x_wconf 79' lang='lat' dir='ltr'><strong><em>cculestium</em></strong></span> 
     </span>
    </p>
   </div>
   <div class='ocr_carea' id='block_1_23' title="bbox 244 2170 1896 2243">
    <p class='ocr_par' dir='ltr' id='par_1_23' title="bbox 244 2170 1896 2243">
     <span class='ocr_line' id='line_1_23' title="bbox 244 2170 1896 2243; baseline -0.001 -15"><span class='ocrx_word' id='word_1_160' title='bbox 244 2170 639 2228; x_wconf 84' lang='lat' dir='ltr'><strong><em>conferantur.</em></strong></span> <span class='ocrx_word' id='word_1_161' title='bbox 673 2170 743 2226; x_wconf 87' lang='lat' dir='ltr'><strong><em>Et</em></strong></span> <span class='ocrx_word' id='word_1_162' title='bbox 770 2171 1213 2226; x_wconf 86' lang='lat' dir='ltr'><strong><em>Testamentum</em></strong></span> <span class='ocrx_word' id='word_1_163' title='bbox 1261 2172 1410 2227; x_wconf 68' lang='grc' dir='ltr'><strong><em>ιιι-ι</em></strong></span> <span class='ocrx_word' id='word_1_164' title='bbox 1464 2171 1697 2239; x_wconf 89' lang='lat' dir='ltr'><strong><em>dicitur,</em></strong></span> <span class='ocrx_word' id='word_1_165' title='bbox 1746 2188 1896 2243; x_wconf 90' lang='lat' dir='ltr'><strong><em>quo-</em></strong></span> 
     </span>
    </p>
   </div>
   <div class='ocr_carea' id='block_1_24' title="bbox 246 2258 1900 2332">
    <p class='ocr_par' dir='ltr' id='par_1_24' title="bbox 246 2258 1900 2332">
     <span class='ocr_line' id='line_1_24' title="bbox 246 2258 1900 2332; baseline 0 -17"><span class='ocrx_word' id='word_1_166' title='bbox 246 2260 408 2315; x_wconf 88' lang='lat' dir='ltr'><strong><em>uiam</em></strong></span> <span class='ocrx_word' id='word_1_167' title='bbox 440 2259 730 2331; x_wconf 87' lang='lat' dir='ltr'><strong><em>sanguine</em></strong></span> <span class='ocrx_word' id='word_1_168' title='bbox 760 2258 1096 2314; x_wconf 88' lang='lat' dir='ltr'><strong><em>dedicatum</em></strong></span> <span class='ocrx_word' id='word_1_169' title='bbox 1124 2263 1210 2314; x_wconf 86' lang='lat' dir='ltr'><strong><em>est</em></strong></span> <span class='ocrx_word' id='word_1_170' title='bbox 1243 2276 1257 2314; x_wconf 90' lang='lat'><strong>:</strong></span> <span class='ocrx_word' id='word_1_171' title='bbox 1304 2259 1482 2314; x_wconf 86' lang='lat' dir='ltr'><strong><em>Vetus</em></strong></span> <span class='ocrx_word' id='word_1_172' title='bbox 1512 2259 1570 2314; x_wconf 91' lang='lat' dir='ltr'><strong><em>iu</em></strong></span> <span class='ocrx_word' id='word_1_173' title='bbox 1604 2265 1758 2332; x_wconf 85' lang='lat' dir='ltr'><strong>typo,</strong></span> <span class='ocrx_word' id='word_1_174' title='bbox 1791 2261 1900 2315; x_wconf 92' lang='lat' dir='ltr'><strong><em>No-</em></strong></span> 
     </span>
    </p>
   </div>
   <div class='ocr_carea' id='block_1_25' title="bbox 244 2347 1896 2422">
    <p class='ocr_par' dir='ltr' id='par_1_25' title="bbox 244 2347 1896 2422">
     <span class='ocr_line' id='line_1_25' title="bbox 244 2347 1896 2422; baseline -0.001 -19"><span class='ocrx_word' id='word_1_175' title='bbox 244 2364 385 2403; x_wconf 87' lang='lat' dir='ltr'><strong><em>vum</em></strong></span> <span class='ocrx_word' id='word_1_176' title='bbox 413 2347 475 2402; x_wconf 92' lang='lat' dir='ltr'><strong><em>in</em></strong></span> <span class='ocrx_word' id='word_1_177' title='bbox 504 2347 765 2403; x_wconf 84' lang='lat' dir='ltr'><strong><em>veritate.</em></strong></span> <span class='ocrx_word' id='word_1_178' title='bbox 784 2348 909 2412; x_wconf 87' lang='lat' dir='ltr'><strong><em>Quo</em></strong></span> <span class='ocrx_word' id='word_1_179' title='bbox 939 2348 1313 2402; x_wconf 88' lang='lat' dir='ltr'><strong><em>Testamento</em></strong></span> <span class='ocrx_word' id='word_1_180' title='bbox 1344 2347 1550 2403; x_wconf 73' lang='lat' dir='ltr'><strong><em>divinae</em></strong></span> <span class='ocrx_word' id='word_1_181' title='bbox 1580 2348 1778 2420; x_wconf 63' lang='lat' dir='ltr'><strong><em>gratim</em></strong></span> <span class='ocrx_word' id='word_1_182' title='bbox 1810 2348 1896 2422; x_wconf 86' lang='lat' dir='ltr'><strong><em>pi-</em></strong></span> 
     </span>
    </p>
   </div>
   <div class='ocr_carea' id='block_1_26' title="bbox 247 2434 1895 2509">
    <p class='ocr_par' dir='ltr' id='par_1_26' title="bbox 247 2434 1895 2509">
     <span class='ocr_line' id='line_1_26' title="bbox 247 2434 1895 2509; baseline 0.001 -18"><span class='ocrx_word' id='word_1_183' title='bbox 247 2452 402 2509; x_wconf 90' lang='lat' dir='ltr'><strong><em>gnus</em></strong></span> <span class='ocrx_word' id='word_1_184' title='bbox 424 2436 873 2506; x_wconf 88' lang='lat' dir='ltr'><strong><em>tenemus;quia</em></strong></span> <span class='ocrx_word' id='word_1_185' title='bbox 897 2434 980 2489; x_wconf 90' lang='lat' dir='ltr'><strong><em>sic</em></strong></span> <span class='ocrx_word' id='word_1_186' title='bbox 1009 2434 1210 2491; x_wconf 86' lang='lat' dir='ltr'><strong><em>dilexit</em></strong></span> <span class='ocrx_word' id='word_1_187' title='bbox 1230 2435 1384 2490; x_wconf 90' lang='lat' dir='ltr'><strong><em>Deus</em></strong></span> <span class='ocrx_word' id='word_1_188' title='bbox 1404 2436 1561 2491; x_wconf 91' lang='lat' dir='ltr'><strong><em>hunc</em></strong></span> <span class='ocrx_word' id='word_1_189' title='bbox 1584 2437 1895 2505; x_wconf 89' lang='lat' dir='ltr'><strong><em>mundum,</em></strong></span> 
     </span>
    </p>
   </div>
   <div class='ocr_carea' id='block_1_27' title="bbox 246 2522 1895 2596">
    <p class='ocr_par' dir='ltr' id='par_1_27' title="bbox 246 2522 1895 2596">
     <span class='ocr_line' id='line_1_27' title="bbox 246 2522 1895 2596; baseline 0.001 -17"><span class='ocrx_word' id='word_1_190' title='bbox 246 2529 312 2579; x_wconf 89' lang='lat' dir='ltr'><strong><em>ut</em></strong></span> <span class='ocrx_word' id='word_1_191' title='bbox 342 2523 714 2596; x_wconf 85' lang='lat' dir='ltr'><strong><em>unigenitum</em></strong></span> <span class='ocrx_word' id='word_1_192' title='bbox 746 2522 957 2578; x_wconf 90' lang='lat' dir='ltr'><strong><em>Filium</em></strong></span> <span class='ocrx_word' id='word_1_193' title='bbox 991 2540 1165 2578; x_wconf 89' lang='lat' dir='ltr'><strong><em>suum</em></strong></span> <span class='ocrx_word' id='word_1_194' title='bbox 1186 2541 1287 2595; x_wconf 92' lang='lat' dir='ltr'><strong>pro</strong></span> <span class='ocrx_word' id='word_1_195' title='bbox 1312 2524 1482 2580; x_wconf 89' lang='lat' dir='ltr'><strong><em>nobis</em></strong></span> <span class='ocrx_word' id='word_1_196' title='bbox 1497 2524 1773 2581; x_wconf 89' lang='lat' dir='ltr'><strong><em>omnibus</em></strong></span> <span class='ocrx_word' id='word_1_197' title='bbox 1794 2526 1895 2581; x_wconf 89' lang='lat' dir='ltr'><strong><em>da-</em></strong></span> 
     </span>
    </p>
   </div>
   <div class='ocr_carea' id='block_1_28' title="bbox 246 2611 1898 2685">
    <p class='ocr_par' dir='ltr' id='par_1_28' title="bbox 246 2611 1898 2685">
     <span class='ocr_line' id='line_1_28' title="bbox 246 2611 1898 2685; baseline 0 -16"><span class='ocrx_word' id='word_1_198' title='bbox 246 2616 355 2669; x_wconf 85' lang='lat' dir='ltr'><strong><em>ret.</em></strong></span> <span class='ocrx_word' id='word_1_199' title='bbox 372 2613 534 2669; x_wconf 89' lang='lat' dir='ltr'><strong><em>Unde</em></strong></span> <span class='ocrx_word' id='word_1_200' title='bbox 565 2611 977 2683; x_wconf 85' lang='lat' dir='ltr'><strong><em>perfectionem</em></strong></span> <span class='ocrx_word' id='word_1_201' title='bbox 1004 2612 1201 2683; x_wconf 79' lang='lat' dir='ltr'><strong><em>gratiae</em></strong></span> <span class='ocrx_word' id='word_1_202' title='bbox 1234 2612 1555 2683; x_wconf 71' lang='lat' dir='ltr'><strong><em>praedicans</em></strong></span> <span class='ocrx_word' id='word_1_203' title='bbox 1584 2613 1898 2685; x_wconf 87' lang='lat' dir='ltr'><strong><em>Apostolus</em></strong></span> 
     </span>
    </p>
   </div>
   <div class='ocr_carea' id='block_1_29' title="bbox 250 2700 1896 2770">
    <p class='ocr_par' dir='ltr' id='par_1_29' title="bbox 250 2700 1896 2770">
     <span class='ocr_line' id='line_1_29' title="bbox 250 2700 1896 2770; baseline 0.002 -14"><span class='ocrx_word' id='word_1_204' title='bbox 250 2700 330 2756; x_wconf 86' lang='lat' dir='ltr'><strong><em>ait</em></strong></span> <span class='ocrx_word' id='word_1_205' title='bbox 364 2719 378 2757; x_wconf 90' lang='lat'>:</span> <span class='ocrx_word' id='word_1_206' title='bbox 411 2700 683 2770; x_wconf 82' lang='lat' dir='ltr'><strong><em>Quomodo</em></strong></span> <span class='ocrx_word' id='word_1_207' title='bbox 712 2717 824 2756; x_wconf 86' lang='lat' dir='ltr'><strong><em>non</em></strong></span> <span class='ocrx_word' id='word_1_208' title='bbox 851 2702 1023 2755; x_wconf 87' lang='lat' dir='ltr'><strong><em>etiam</em></strong></span> <span class='ocrx_word' id='word_1_209' title='bbox 1051 2717 1175 2756; x_wconf 86' lang='lat' dir='ltr'><strong><em>cum</em></strong></span> <span class='ocrx_word' id='word_1_210' title='bbox 1204 2700 1302 2756; x_wconf 90' lang='lat' dir='ltr'><strong><em>illo</em></strong></span> <span class='ocrx_word' id='word_1_211' title='bbox 1326 2702 1511 2759; x_wconf 63' lang='lat' dir='ltr'><strong><em>omnia</em></strong></span> <span class='ocrx_word' id='word_1_212' title='bbox 1532 2703 1689 2758; x_wconf 88' lang='lat' dir='ltr'><strong><em>nobis</em></strong></span> <span class='ocrx_word' id='word_1_213' title='bbox 1725 2703 1896 2759; x_wconf 87' lang='lat' dir='ltr'><strong><em>dona-</em></strong></span> 
     </span>
    </p>
   </div>
   <div class='ocr_carea' id='block_1_30' title="bbox 250 2788 855 2861">
    <p class='ocr_par' dir='ltr' id='par_1_30' title="bbox 250 2788 855 2861">
     <span class='ocr_line' id='line_1_30' title="bbox 250 2788 855 2861; baseline -0.002 -17"><span class='ocrx_word' id='word_1_214' title='bbox 250 2791 331 2845; x_wconf 81' lang='lat' dir='ltr'><strong><em>vit</em></strong></span> <span class='ocrx_word' id='word_1_215' title='bbox 359 2791 532 2859; x_wconf 83' lang='lat' dir='ltr'><strong><em>(Rom.</em></strong></span> <span class='ocrx_word' id='word_1_216' title='bbox 566 2805 689 2857; x_wconf 85' lang='lat' dir='ltr'><strong><em>vm,</em></strong></span> <span class='ocrx_word' id='word_1_217' title='bbox 720 2788 855 2861; x_wconf 77' lang='lat'><strong><em>32)?</em></strong></span> 
     </span>
    </p>
   </div>
   <div class='ocr_carea' id='block_1_31' title="bbox 865 2921 1282 2978">
    <p class='ocr_par' dir='ltr' id='par_1_31' title="bbox 865 2921 1282 2978">
     <span class='ocr_line' id='line_1_31' title="bbox 865 2921 1282 2978; baseline -0.002 0"><span class='ocrx_word' id='word_1_218' title='bbox 865 2921 1097 2978; x_wconf 85' lang='lat' dir='ltr'><strong><em>CAPUT</em></strong></span> <span class='ocrx_word' id='word_1_219' title='bbox 1135 2922 1282 2977; x_wconf 83' lang='lat' dir='ltr'><strong><em>VIII.</em></strong></span> 
     </span>
    </p>
   </div>
   <div class='ocr_carea' id='block_1_32' title="bbox 261 3010 1900 3097">
    <p class='ocr_par' dir='ltr' id='par_1_32' title="bbox 261 3010 1900 3097">
     <span class='ocr_line' id='line_1_32' title="bbox 261 3010 1900 3097; baseline 0.003 -32"><span class='ocrx_word' id='word_1_220' title='bbox 261 3012 511 3097; x_wconf 65' lang='lat' dir='ltr'><strong><em>Exemplo</em></strong></span> <span class='ocrx_word' id='word_1_221' title='bbox 538 3010 803 3097; x_wconf 70' lang='lat' dir='ltr'><strong><em>sacriﬁcii</em></strong></span> <span class='ocrx_word' id='word_1_222' title='bbox 818 3011 867 3095; x_wconf 81' lang='grc' dir='ltr'><strong><em>⁸Α</em></strong></span> <span class='ocrx_word' id='word_1_223' title='bbox 878 3012 1103 3097; x_wconf 80' lang='lat' dir='ltr'><strong><em>braham</em></strong></span> <span class='ocrx_word' id='word_1_224' title='bbox 1128 3012 1418 3097; x_wconf 73' lang='lat' dir='ltr'><strong><em>qualitates</em></strong></span> <span class='ocrx_word' id='word_1_225' title='bbox 1438 3014 1587 3097; x_wconf 75' lang='lat' dir='ltr'><strong><em>queis</em></strong></span> <span class='ocrx_word' id='word_1_226' title='bbox 1606 3014 1900 3097; x_wconf 75' lang='lat' dir='ltr'><strong><em>Deograta</em></strong></span> 
     </span>
    </p>
   </div>
   <div class='ocr_carea' id='block_1_33' title="bbox 324 3084 1896 3154">
    <p class='ocr_par' dir='ltr' id='par_1_33' title="bbox 324 3084 1896 3154">
     <span class='ocr_line' id='line_1_33' title="bbox 324 3084 1896 3154; baseline 0.002 -16"><span class='ocrx_word' id='word_1_227' title='bbox 324 3084 383 3153; x_wconf 76' lang='lat' dir='ltr'><strong><em>fit</em></strong></span> <span class='ocrx_word' id='word_1_228' title='bbox 412 3084 635 3145; x_wconf 88' lang='lat' dir='ltr'><strong><em>oblatio,</em></strong></span> <span class='ocrx_word' id='word_1_229' title='bbox 668 3084 1074 3153; x_wconf 86' lang='lat' dir='ltr'><strong><em>exprimuntur.</em></strong></span> <span class='ocrx_word' id='word_1_230' title='bbox 1095 3099 1288 3154; x_wconf 83' lang='lat' dir='ltr'><strong><em>nempe</em></strong></span> <span class='ocrx_word' id='word_1_231' title='bbox 1314 3084 1582 3153; x_wconf 88' lang='lat' dir='ltr'><strong><em>celeritas,</em></strong></span> <span class='ocrx_word' id='word_1_232' title='bbox 1608 3084 1896 3141; x_wconf 85' lang='lat' dir='ltr'><strong><em>continua-</em></strong></span> 
     </span>
    </p>
   </div>
   <div class='ocr_carea' id='block_1_34' title="bbox 326 3154 1897 3227">
    <p class='ocr_par' dir='ltr' id='par_1_34' title="bbox 326 3154 1897 3227">
     <span class='ocr_line' id='line_1_34' title="bbox 326 3154 1897 3227; baseline 0.002 -18"><span class='ocrx_word' id='word_1_233' title='bbox 326 3156 397 3210; x_wconf 89' lang='lat' dir='ltr'><strong><em>tio</em></strong></span> <span class='ocrx_word' id='word_1_234' title='bbox 423 3163 475 3210; x_wconf 84' lang='lat' dir='ltr'><strong><em>et</em></strong></span> <span class='ocrx_word' id='word_1_235' title='bbox 503 3154 655 3224; x_wconf 77' lang='lat' dir='ltr'><strong><em>ﬁdes.</em></strong></span> <span class='ocrx_word' id='word_1_236' title='bbox 680 3155 1025 3210; x_wconf 81' lang='lat' dir='ltr'><strong><em>Celeritatem</em></strong></span> <span class='ocrx_word' id='word_1_237' title='bbox 1052 3154 1191 3227; x_wconf 82' lang='lat' dir='ltr'><strong><em>Deus</em></strong></span> <span class='ocrx_word' id='word_1_238' title='bbox 1226 3156 1283 3227; x_wconf 83' lang='lat' dir='ltr'><strong><em>in</em></strong></span> <span class='ocrx_word' id='word_1_239' title='bbox 1309 3158 1537 3227; x_wconf 86' lang='lat' dir='ltr'><strong><em>utroque</em></strong></span> <span class='ocrx_word' id='word_1_240' title='bbox 1569 3157 1897 3212; x_wconf 80' lang='lat' dir='ltr'><strong><em>Testamento</em></strong></span> 
     </span>
    </p>
   </div>
   <div class='ocr_carea' id='block_1_35' title="bbox 2003 575 3649 650">
    <p class='ocr_par' dir='ltr' id='par_1_35' title="bbox 2003 575 3649 650">
     <span class='ocr_line' id='line_1_35' title="bbox 2003 575 3649 650; baseline 0.001 -18"><span class='ocrx_word' id='word_1_241' title='bbox 2003 578 2213 634; x_wconf 78' lang='lat' dir='ltr'><strong><em>debeat</em></strong></span> <span class='ocrx_word' id='word_1_242' title='bbox 2242 579 2475 635; x_wconf 81' lang='lat' dir='ltr'><strong><em>credere</em></strong></span> <span class='ocrx_word' id='word_1_243' title='bbox 2501 575 2827 634; x_wconf 87' lang='lat' dir='ltr'><strong><em>Trinitatis.</em></strong></span> <span class='ocrx_word' id='word_1_244' title='bbox 2858 576 2923 633; x_wconf 89' lang='lat' dir='ltr'><strong><em>Ei</em></strong></span> <span class='ocrx_word' id='word_1_245' title='bbox 2955 576 3110 634; x_wconf 90' lang='lat' dir='ltr'><strong><em>enim</em></strong></span> <span class='ocrx_word' id='word_1_246' title='bbox 3143 577 3244 650; x_wconf 89' lang='lat' dir='ltr'><strong><em>qui</em></strong></span> <span class='ocrx_word' id='word_1_247' title='bbox 3276 577 3529 635; x_wconf 82' lang='lat' dir='ltr'><strong><em>ﬁdeliter</em></strong></span> <span class='ocrx_word' id='word_1_248' title='bbox 3558 595 3649 635; x_wconf 90' lang='lat' dir='ltr'><strong><em>sa-</em></strong></span> 
     </span>
    </p>
   </div>
   <div class='ocr_carea' id='block_1_36' title="bbox 1991 665 3649 747">
    <p class='ocr_par' dir='ltr' id='par_1_36' title="bbox 1991 665 3649 747">
     <span class='ocr_line' id='line_1_36' title="bbox 1991 665 3649 747; baseline -0.001 -24"><span class='ocrx_word' id='word_1_249' title='bbox 1991 668 2244 747; x_wconf 78' lang='lat' dir='ltr'><strong><em>crificat,</em></strong></span> <span class='ocrx_word' id='word_1_250' title='bbox 2278 667 2400 722; x_wconf 88' lang='lat' dir='ltr'><strong><em>dies</em></strong></span> <span class='ocrx_word' id='word_1_251' title='bbox 2456 666 2631 733; x_wconf 87' lang='lat' dir='ltr'><strong><em>lucet,</em></strong></span> <span class='ocrx_word' id='word_1_252' title='bbox 2666 684 2778 721; x_wconf 85' lang='lat' dir='ltr'><strong><em>nox</em></strong></span> <span class='ocrx_word' id='word_1_253' title='bbox 2835 665 2998 722; x_wconf 90' lang='lat' dir='ltr'><strong><em>nulla</em></strong></span> <span class='ocrx_word' id='word_1_254' title='bbox 3050 671 3140 723; x_wconf 90' lang='lat' dir='ltr'><strong><em>est</em></strong></span> <span class='ocrx_word' id='word_1_255' title='bbox 3169 667 3304 739; x_wconf 74' lang='lat'><strong><em>(24).</em></strong></span> <span class='ocrx_word' id='word_1_256' title='bbox 3348 667 3441 722; x_wconf 86' lang='lat' dir='ltr'><strong><em>Sic</em></strong></span> <span class='ocrx_word' id='word_1_257' title='bbox 3487 671 3544 722; x_wconf 91' lang='lat' dir='ltr'><strong><em>et</em></strong></span> <span class='ocrx_word' id='word_1_258' title='bbox 3591 667 3649 721; x_wconf 87' lang='lat' dir='ltr'><strong><em>in</em></strong></span> 
     </span>
    </p>
   </div>
   <div class='ocr_carea' id='block_1_37' title="bbox 2003 757 3657 829">
    <p class='ocr_par' dir='ltr' id='par_1_37' title="bbox 2003 757 3657 829">
     <span class='ocr_line' id='line_1_37' title="bbox 2003 757 3657 829; baseline 0 -16"><span class='ocrx_word' id='word_1_259' title='bbox 2003 758 2194 813; x_wconf 82' lang='lat' dir='ltr'><strong>Exodo</strong></span> <span class='ocrx_word' id='word_1_260' title='bbox 2241 758 2466 829; x_wconf 85' lang='lat' dir='ltr'><strong><em>Moyses</em></strong></span> <span class='ocrx_word' id='word_1_261' title='bbox 2489 757 2569 811; x_wconf 85' lang='lat' dir='ltr'><strong><em>ait</em></strong></span> <span class='ocrx_word' id='word_1_262' title='bbox 2600 773 2614 810; x_wconf 88' lang='lat'><strong>:</strong></span> <span class='ocrx_word' id='word_1_263' title='bbox 2650 758 2799 811; x_wconf 87' lang='lat' dir='ltr'><strong><em>Viam</em></strong></span> <span class='ocrx_word' id='word_1_264' title='bbox 2845 759 3020 810; x_wconf 87' lang='lat' dir='ltr'><strong><em>trium</em></strong></span> <span class='ocrx_word' id='word_1_265' title='bbox 3066 757 3283 811; x_wconf 85' lang='lat' dir='ltr'><strong><em>dierum</em></strong></span> <span class='ocrx_word' id='word_1_266' title='bbox 3331 757 3555 821; x_wconf 88' lang='lat' dir='ltr'><strong><em>ibimus,</em></strong></span> <span class='ocrx_word' id='word_1_267' title='bbox 3604 765 3657 813; x_wconf 87' lang='lat' dir='ltr'><strong><em>et</em></strong></span> 
     </span>
    </p>
   </div>
   <div class='ocr_carea' id='block_1_38' title="bbox 2003 845 3651 916">
    <p class='ocr_par' dir='ltr' id='par_1_38' title="bbox 2003 845 3651 916">
     <span class='ocr_line' id='line_1_38' title="bbox 2003 845 3651 916; baseline 0 -14"><span class='ocrx_word' id='word_1_268' title='bbox 2003 846 2407 902; x_wconf 83' lang='lat' dir='ltr'><strong><em>immolabzmus</em></strong></span> <span class='ocrx_word' id='word_1_269' title='bbox 2467 845 2697 900; x_wconf 90' lang='lat' dir='ltr'><strong><em>Domino</em></strong></span> <span class='ocrx_word' id='word_1_270' title='bbox 2756 848 2860 900; x_wconf 91' lang='lat' dir='ltr'><strong><em>Deo</em></strong></span> <span class='ocrx_word' id='word_1_271' title='bbox 2907 849 3091 901; x_wconf 90' lang='lat' dir='ltr'><strong><em>nostro</em></strong></span> <span class='ocrx_word' id='word_1_272' title='bbox 3146 845 3337 912; x_wconf 84' lang='lat' dir='ltr'><strong><em>(Exod.</em></strong></span> <span class='ocrx_word' id='word_1_273' title='bbox 3400 863 3487 912; x_wconf 80' lang='grc' dir='ltr'><strong>ιιι,</strong></span> <span class='ocrx_word' id='word_1_274' title='bbox 3539 846 3651 916; x_wconf 76' lang='grc'><strong><em>48).</em></strong></span> 
     </span>
    </p>
   </div>
   <div class='ocr_carea' id='block_1_39' title="bbox 2002 932 3647 991">
    <p class='ocr_par' dir='ltr' id='par_1_39' title="bbox 2002 932 3647 991">
     <span class='ocr_line' id='line_1_39' title="bbox 2002 932 3647 991; baseline -0.001 0"><span class='ocrx_word' id='word_1_275' title='bbox 2002 935 2114 991; x_wconf 91' lang='lat' dir='ltr'><strong><em>Sed</em></strong></span> <span class='ocrx_word' id='word_1_276' title='bbox 2147 934 2318 991; x_wconf 88' lang='lat' dir='ltr'><strong><em>etiam</em></strong></span> <span class='ocrx_word' id='word_1_277' title='bbox 2352 932 2487 988; x_wconf 85' lang='lat' dir='ltr'><strong><em>alibi</em></strong></span> <span class='ocrx_word' id='word_1_278' title='bbox 2516 950 2651 989; x_wconf 89' lang='lat' dir='ltr'><strong><em>cum</em></strong></span> <span class='ocrx_word' id='word_1_279' title='bbox 2702 934 2864 989; x_wconf 88' lang='lat' dir='ltr'><strong><em>visus</em></strong></span> <span class='ocrx_word' id='word_1_280' title='bbox 2914 937 3069 989; x_wconf 83' lang='lat' dir='ltr'><strong><em>esset</em></strong></span> <span class='ocrx_word' id='word_1_281' title='bbox 3106 939 3257 988; x_wconf 88' lang='lat' dir='ltr'><strong><em>Deus</em></strong></span> <span class='ocrx_word' id='word_1_282' title='bbox 3303 934 3546 990; x_wconf 74' lang='lat' dir='ltr'><strong><em>Abrahae</em></strong></span> <span class='ocrx_word' id='word_1_283' title='bbox 3579 936 3647 990; x_wconf 87' lang='lat' dir='ltr'><strong><em>ad</em></strong></span> 
     </span>
    </p>
   </div>
   <div class='ocr_carea' id='block_1_40' title="bbox 2002 1022 3655 1094">
    <p class='ocr_par' dir='ltr' id='par_1_40' title="bbox 2002 1022 3655 1094">
     <span class='ocr_line' id='line_1_40' title="bbox 2002 1022 3655 1094; baseline 0.001 -16"><span class='ocrx_word' id='word_1_284' title='bbox 2002 1023 2193 1080; x_wconf 89' lang='lat' dir='ltr'><strong><em>ilicem</em></strong></span> <span class='ocrx_word' id='word_1_285' title='bbox 2222 1024 2482 1078; x_wconf 89' lang='lat' dir='ltr'><strong><em>Mambre</em></strong></span> <span class='ocrx_word' id='word_1_286' title='bbox 2515 1039 2528 1077; x_wconf 90' lang='lat'>:</span> <span class='ocrx_word' id='word_1_287' title='bbox 2564 1023 2888 1094; x_wconf 75' lang='lat' dir='ltr'><strong><em>Respiciens,</em></strong></span> <span class='ocrx_word' id='word_1_288' title='bbox 2922 1022 3132 1094; x_wconf 84' lang='lat' dir='ltr'><strong><em>inquit,</em></strong></span> <span class='ocrx_word' id='word_1_289' title='bbox 3170 1023 3456 1078; x_wconf 68' lang='lat' dir='ltr'><strong><em>Abraham</em></strong></span> <span class='ocrx_word' id='word_1_290' title='bbox 3483 1025 3655 1080; x_wconf 86' lang='lat' dir='ltr'><strong><em>oculis</em></strong></span> 
     </span>
    </p>
   </div>
   <div class='ocr_carea' id='block_1_41' title="bbox 1999 1111 3658 1181">
    <p class='ocr_par' dir='ltr' id='par_1_41' title="bbox 1999 1111 3658 1181">
     <span class='ocr_line' id='line_1_41' title="bbox 1999 1111 3658 1181; baseline 0 -13"><span class='ocrx_word' id='word_1_291' title='bbox 1999 1115 2115 1169; x_wconf 84' lang='lat' dir='ltr'><strong><em>suis</em></strong></span> <span class='ocrx_word' id='word_1_292' title='bbox 2146 1112 2308 1178; x_wconf 82' lang='lat' dir='ltr'><strong><em>vidit,</em></strong></span> <span class='ocrx_word' id='word_1_293' title='bbox 2343 1120 2394 1167; x_wconf 88' lang='lat' dir='ltr'><strong><em>et</em></strong></span> <span class='ocrx_word' id='word_1_294' title='bbox 2444 1128 2563 1167; x_wconf 84' lang='lat' dir='ltr'><strong><em>ecce</em></strong></span> <span class='ocrx_word' id='word_1_295' title='bbox 2611 1119 2716 1167; x_wconf 89' lang='lat' dir='ltr'><strong><em>tres</em></strong></span> <span class='ocrx_word' id='word_1_296' title='bbox 2759 1112 2877 1166; x_wconf 86' lang='lat' dir='ltr'><strong><em>viri</em></strong></span> <span class='ocrx_word' id='word_1_297' title='bbox 2919 1111 3135 1166; x_wconf 85' lang='lat' dir='ltr'><strong><em>stabant</em></strong></span> <span class='ocrx_word' id='word_1_298' title='bbox 3178 1127 3341 1181; x_wconf 80' lang='lat' dir='ltr'><strong><em>super</em></strong></span> <span class='ocrx_word' id='word_1_299' title='bbox 3387 1129 3530 1167; x_wconf 87' lang='lat' dir='ltr'><strong><em>eum.</em></strong></span> <span class='ocrx_word' id='word_1_300' title='bbox 3582 1115 3658 1168; x_wconf 80' lang='lat' dir='ltr'><strong><em>Et</em></strong></span> 
     </span>
    </p>
   </div>
   <div class='ocr_carea' id='block_1_42' title="bbox 2002 1200 3658 1258">
    <p class='ocr_par' dir='ltr' id='par_1_42' title="bbox 2002 1200 3658 1258">
     <span class='ocr_line' id='line_1_42' title="bbox 2002 1200 3658 1258; baseline -0.001 -1"><span class='ocrx_word' id='word_1_301' title='bbox 2002 1203 2189 1258; x_wconf 86' lang='lat' dir='ltr'><strong><em>videns</em></strong></span> <span class='ocrx_word' id='word_1_302' title='bbox 2239 1202 2476 1257; x_wconf 83' lang='lat' dir='ltr'><strong><em>occurrit</em></strong></span> <span class='ocrx_word' id='word_1_303' title='bbox 2521 1202 2737 1255; x_wconf 82' lang='lat' dir='ltr'><strong><em>obviam</em></strong></span> <span class='ocrx_word' id='word_1_304' title='bbox 2784 1201 2899 1254; x_wconf 85' lang='lat' dir='ltr'><strong><em>illis</em></strong></span> <span class='ocrx_word' id='word_1_305' title='bbox 2946 1200 3017 1254; x_wconf 90' lang='lat' dir='ltr'><strong><em>ad</em></strong></span> <span class='ocrx_word' id='word_1_306' title='bbox 3064 1202 3269 1255; x_wconf 76' lang='lat' dir='ltr'><strong><em>ostium</em></strong></span> <span class='ocrx_word' id='word_1_307' title='bbox 3315 1201 3658 1256; x_wconf 83' lang='lat' dir='ltr'><strong><em>tabernaculi</em></strong></span> 
     </span>
    </p>
   </div>
   <div class='ocr_carea' id='block_1_43' title="bbox 2001 1288 3659 1360">
    <p class='ocr_par' dir='ltr' id='par_1_43' title="bbox 2001 1288 3659 1360">
     <span class='ocr_line' id='line_1_43' title="bbox 2001 1288 3659 1360; baseline -0.001 -14"><span class='ocrx_word' id='word_1_308' title='bbox 2001 1293 2111 1358; x_wconf 87' lang='lat' dir='ltr'><strong><em>sui,</em></strong></span> <span class='ocrx_word' id='word_1_309' title='bbox 2145 1298 2195 1345; x_wconf 87' lang='lat' dir='ltr'><strong><em>et</em></strong></span> <span class='ocrx_word' id='word_1_310' title='bbox 2225 1291 2475 1345; x_wconf 74' lang='lat' dir='ltr'><strong><em>adoravit</em></strong></span> <span class='ocrx_word' id='word_1_311' title='bbox 2518 1306 2683 1360; x_wconf 79' lang='lat' dir='ltr'><strong><em>super</em></strong></span> <span class='ocrx_word' id='word_1_312' title='bbox 2733 1294 2957 1354; x_wconf 87' lang='lat' dir='ltr'><strong><em>terram,</em></strong></span> <span class='ocrx_word' id='word_1_313' title='bbox 2986 1296 3037 1344; x_wconf 90' lang='lat' dir='ltr'><strong><em>et</em></strong></span> <span class='ocrx_word' id='word_1_314' title='bbox 3081 1288 3223 1344; x_wconf 84' lang='lat' dir='ltr'><strong><em>dixit</em></strong></span> <span class='ocrx_word' id='word_1_315' title='bbox 3253 1308 3271 1343; x_wconf 92' lang='lat'><em>:</em></span> <span class='ocrx_word' id='word_1_316' title='bbox 3303 1291 3554 1353; x_wconf 84' lang='lat' dir='ltr'><strong><em>Domine,</em></strong></span> <span class='ocrx_word' id='word_1_317' title='bbox 3606 1291 3659 1345; x_wconf 88' lang='lat' dir='ltr'><strong><em>si</em></strong></span> 
     </span>
    </p>
   </div>
   <div class='ocr_carea' id='block_1_44' title="bbox 2003 1378 3655 1449">
    <p class='ocr_par' dir='ltr' id='par_1_44' title="bbox 2003 1378 3655 1449">
     <span class='ocr_line' id='line_1_44' title="bbox 2003 1378 3655 1449; baseline -0.001 -14"><span class='ocrx_word' id='word_1_318' title='bbox 2003 1381 2193 1435; x_wconf 83' lang='lat' dir='ltr'><strong><em>inveni</em></strong></span> <span class='ocrx_word' id='word_1_319' title='bbox 2217 1381 2458 1449; x_wconf 79' lang='lat' dir='ltr'><strong><em>gratiam</em></strong></span> <span class='ocrx_word' id='word_1_320' title='bbox 2488 1382 2615 1434; x_wconf 86' lang='lat' dir='ltr'><strong><em>ante</em></strong></span> <span class='ocrx_word' id='word_1_321' title='bbox 2664 1386 2711 1433; x_wconf 89' lang='lat' dir='ltr'><strong><em>te</em></strong></span> <span class='ocrx_word' id='word_1_322' title='bbox 2761 1378 2912 1448; x_wconf 89' lang='lat' dir='ltr'><strong><em>(Gen.</em></strong></span> <span class='ocrx_word' id='word_1_323' title='bbox 2944 1395 3105 1448; x_wconf 82' lang='lat' dir='ltr'><strong><em>xvm,</em></strong></span> <span class='ocrx_word' id='word_1_324' title='bbox 3136 1379 3270 1448; x_wconf 86' lang='lat'><strong><em>2-3).</em></strong></span> <span class='ocrx_word' id='word_1_325' title='bbox 3305 1379 3449 1433; x_wconf 90' lang='lat' dir='ltr'><strong><em>Tres</em></strong></span> <span class='ocrx_word' id='word_1_326' title='bbox 3478 1378 3655 1447; x_wconf 75' lang='lat' dir='ltr'><strong><em>videt,</em></strong></span> 
     </span>
    </p>
   </div>
   <div class='ocr_carea' id='block_1_45' title="bbox 2004 1465 3653 1537">
    <p class='ocr_par' dir='ltr' id='par_1_45' title="bbox 2004 1465 3653 1537">
     <span class='ocr_line' id='line_1_45' title="bbox 2004 1465 3653 1537; baseline -0.001 -13"><span class='ocrx_word' id='word_1_327' title='bbox 2004 1485 2186 1524; x_wconf 89' lang='lat' dir='ltr'><strong><em>unum</em></strong></span> <span class='ocrx_word' id='word_1_328' title='bbox 2220 1468 2441 1532; x_wconf 88' lang='lat' dir='ltr'><strong><em>adorat,</em></strong></span> <span class='ocrx_word' id='word_1_329' title='bbox 2456 1471 2594 1522; x_wconf 86' lang='lat' dir='ltr'><strong><em>Tres</em></strong></span> <span class='ocrx_word' id='word_1_330' title='bbox 2613 1482 2923 1522; x_wconf 86' lang='lat' dir='ltr'><strong><em>mensuras</em></strong></span> <span class='ocrx_word' id='word_1_331' title='bbox 2946 1467 3111 1521; x_wconf 82' lang='lat' dir='ltr'><strong><em>oil&#39;ert</em></strong></span> <span class='ocrx_word' id='word_1_332' title='bbox 3127 1465 3653 1537; x_wconf 76' lang='lat' dir='ltr'><strong><em>similaginisUbid.</em></strong></span> 
     </span>
    </p>
   </div>
   <div class='ocr_carea' id='block_1_46' title="bbox 2004 1555 3658 1629">
    <p class='ocr_par' dir='ltr' id='par_1_46' title="bbox 2004 1555 3658 1629">
     <span class='ocr_line' id='line_1_46' title="bbox 2004 1555 3658 1629; baseline -0.001 -17"><span class='ocrx_word' id='word_1_333' title='bbox 2004 1556 2231 1629; x_wconf 89' lang='lat' dir='ltr'><strong><em>6).Nam</em></strong></span> <span class='ocrx_word' id='word_1_334' title='bbox 2254 1555 2361 1610; x_wconf 89' lang='lat' dir='ltr'><strong><em>etsi</em></strong></span> <span class='ocrx_word' id='word_1_335' title='bbox 2386 1555 2716 1609; x_wconf 88' lang='lat' dir='ltr'><strong><em>immensus</em></strong></span> <span class='ocrx_word' id='word_1_336' title='bbox 2745 1555 2920 1622; x_wconf 84' lang='lat' dir='ltr'><strong><em>Deus,</em></strong></span> <span class='ocrx_word' id='word_1_337' title='bbox 2954 1559 3149 1608; x_wconf 87' lang='lat' dir='ltr'><strong><em>tamen</em></strong></span> <span class='ocrx_word' id='word_1_338' title='bbox 3177 1571 3509 1610; x_wconf 74' lang='lat' dir='ltr'><strong><em>mensuram</em></strong></span> <span class='ocrx_word' id='word_1_339' title='bbox 3538 1572 3658 1611; x_wconf 90' lang='lat' dir='ltr'><strong><em>om-</em></strong></span> 
     </span>
    </p>
   </div>
   <div class='ocr_carea' id='block_1_47' title="bbox 2006 1643 3657 1714">
    <p class='ocr_par' dir='ltr' id='par_1_47' title="bbox 2006 1643 3657 1714">
     <span class='ocr_line' id='line_1_47' title="bbox 2006 1643 3657 1714; baseline -0.001 -15"><span class='ocrx_word' id='word_1_340' title='bbox 2006 1644 2171 1699; x_wconf 90' lang='lat' dir='ltr'><strong><em>nium</em></strong></span> <span class='ocrx_word' id='word_1_341' title='bbox 2202 1643 2535 1708; x_wconf 82' lang='lat' dir='ltr'><strong><em>tenet,sicut</em></strong></span> <span class='ocrx_word' id='word_1_342' title='bbox 2555 1643 2843 1714; x_wconf 90' lang='lat' dir='ltr'><strong><em>scriptum</em></strong></span> <span class='ocrx_word' id='word_1_343' title='bbox 2865 1646 2973 1697; x_wconf 91' lang='lat' dir='ltr'><strong><em>est:</em></strong></span> <span class='ocrx_word' id='word_1_344' title='bbox 2999 1644 3132 1710; x_wconf 84' lang='lat' dir='ltr'><strong><em>Quis</em></strong></span> <span class='ocrx_word' id='word_1_345' title='bbox 3150 1660 3369 1699; x_wconf 85' lang='lat' dir='ltr'><strong><em>mensus</em></strong></span> <span class='ocrx_word' id='word_1_346' title='bbox 3390 1646 3466 1699; x_wconf 86' lang='lat' dir='ltr'><strong><em>est</em></strong></span> <span class='ocrx_word' id='word_1_347' title='bbox 3484 1660 3657 1698; x_wconf 87' lang='lat' dir='ltr'><strong><em>manu</em></strong></span> 
     </span>
    </p>
   </div>
   <div class='ocr_carea' id='block_1_48' title="bbox 2004 1732 3658 1804">
    <p class='ocr_par' dir='ltr' id='par_1_48' title="bbox 2004 1732 3658 1804">
     <span class='ocr_line' id='line_1_48' title="bbox 2004 1732 3658 1804; baseline -0.001 -16"><span class='ocrx_word' id='word_1_348' title='bbox 2004 1749 2223 1804; x_wconf 87' lang='lat' dir='ltr'><strong><em>aquam,</em></strong></span> <span class='ocrx_word' id='word_1_349' title='bbox 2255 1735 2304 1787; x_wconf 90' lang='lat' dir='ltr'><strong><em>et</em></strong></span> <span class='ocrx_word' id='word_1_350' title='bbox 2333 1733 2528 1787; x_wconf 58' lang='lat' dir='ltr'><strong><em>caelum</em></strong></span> <span class='ocrx_word' id='word_1_351' title='bbox 2551 1732 2758 1802; x_wconf 87' lang='lat' dir='ltr'><strong><em>palmo,</em></strong></span> <span class='ocrx_word' id='word_1_352' title='bbox 2790 1735 2841 1786; x_wconf 87' lang='lat' dir='ltr'><strong><em>et</em></strong></span> <span class='ocrx_word' id='word_1_353' title='bbox 2870 1733 3184 1786; x_wconf 88' lang='lat' dir='ltr'><strong><em>universam</em></strong></span> <span class='ocrx_word' id='word_1_354' title='bbox 3218 1740 3424 1787; x_wconf 88' lang='lat' dir='ltr'><strong><em>terram</em></strong></span> <span class='ocrx_word' id='word_1_355' title='bbox 3466 1733 3658 1787; x_wconf 89' lang='lat' dir='ltr'><strong><em>clausa</em></strong></span> 
     </span>
    </p>
   </div>
   <div class='ocr_carea' id='block_1_49' title="bbox 2005 1820 3655 1891">
    <p class='ocr_par' dir='ltr' id='par_1_49' title="bbox 2005 1820 3655 1891">
     <span class='ocr_line' id='line_1_49' title="bbox 2005 1820 3655 1891; baseline -0.002 -14"><span class='ocrx_word' id='word_1_356' title='bbox 2005 1838 2173 1877; x_wconf 88' lang='lat' dir='ltr'><strong><em>manu</em></strong></span> <span class='ocrx_word' id='word_1_357' title='bbox 2203 1822 2329 1891; x_wconf 89' lang='lat' dir='ltr'><strong><em>(Isa.</em></strong></span> <span class='ocrx_word' id='word_1_358' title='bbox 2361 1837 2452 1887; x_wconf 82' lang='lat' dir='ltr'><strong><em>XL,</em></strong></span> <span class='ocrx_word' id='word_1_359' title='bbox 2486 1820 2608 1887; x_wconf 76' lang='lat' dir='ltr'><strong><em>l2)?</em></strong></span> <span class='ocrx_word' id='word_1_360' title='bbox 2638 1820 2906 1875; x_wconf 70' lang='lat' dir='ltr'><strong><em>Perfecta:</em></strong></span> <span class='ocrx_word' id='word_1_361' title='bbox 2932 1820 3112 1891; x_wconf 84' lang='lat' dir='ltr'><strong><em>igitur</em></strong></span> <span class='ocrx_word' id='word_1_362' title='bbox 3140 1820 3197 1874; x_wconf 91' lang='lat' dir='ltr'><strong><em>in</em></strong></span> <span class='ocrx_word' id='word_1_363' title='bbox 3229 1820 3495 1891; x_wconf 89' lang='lat' dir='ltr'><strong><em>personis</em></strong></span> <span class='ocrx_word' id='word_1_364' title='bbox 3534 1820 3655 1875; x_wconf 88' lang='lat' dir='ltr'><strong><em>sin-</em></strong></span> 
     </span>
    </p>
   </div>
   <div class='ocr_carea' id='block_1_50' title="bbox 2009 1907 3655 1983">
    <p class='ocr_par' dir='ltr' id='par_1_50' title="bbox 2009 1907 3655 1983">
     <span class='ocr_line' id='line_1_50' title="bbox 2009 1907 3655 1983; baseline -0.001 -20"><span class='ocrx_word' id='word_1_365' title='bbox 2009 1908 2163 1983; x_wconf 87' lang='lat' dir='ltr'><strong><em>gulis</em></strong></span> <span class='ocrx_word' id='word_1_366' title='bbox 2183 1908 2475 1974; x_wconf 89' lang='lat' dir='ltr'><strong><em>Trinitati,</em></strong></span> <span class='ocrx_word' id='word_1_367' title='bbox 2508 1908 2781 1964; x_wconf 90' lang='lat' dir='ltr'><strong><em>interiore</em></strong></span> <span class='ocrx_word' id='word_1_368' title='bbox 2813 1907 3028 1963; x_wconf 88' lang='lat' dir='ltr'><strong><em>mentis</em></strong></span> <span class='ocrx_word' id='word_1_369' title='bbox 3056 1923 3290 1974; x_wconf 84' lang='lat' dir='ltr'><strong><em>arcano,</em></strong></span> <span class='ocrx_word' id='word_1_370' title='bbox 3324 1907 3434 1962; x_wconf 92' lang='lat' dir='ltr'><strong><em>hoc</em></strong></span> <span class='ocrx_word' id='word_1_371' title='bbox 3463 1908 3655 1973; x_wconf 89' lang='lat' dir='ltr'><strong><em>est,si-</em></strong></span> 
     </span>
    </p>
   </div>
   <div class='ocr_carea' id='block_1_51' title="bbox 2009 1994 3657 2069">
    <p class='ocr_par' dir='ltr' id='par_1_51' title="bbox 2009 1994 3657 2069">
     <span class='ocr_line' id='line_1_51' title="bbox 2009 1994 3657 2069; baseline -0.002 -15"><span class='ocrx_word' id='word_1_372' title='bbox 2009 1997 2306 2069; x_wconf 83' lang='lat' dir='ltr'><strong><em>milagiuis</em></strong></span> <span class='ocrx_word' id='word_1_373' title='bbox 2337 1996 2622 2069; x_wconf 86' lang='lat' dir='ltr'><strong><em>spiritalis</em></strong></span> <span class='ocrx_word' id='word_1_374' title='bbox 2653 2000 2892 2052; x_wconf 89' lang='lat' dir='ltr'><strong><em>sanctus</em></strong></span> <span class='ocrx_word' id='word_1_375' title='bbox 2922 1996 3254 2069; x_wconf 80' lang='lat' dir='ltr'><strong><em>patriarcha</em></strong></span> <span class='ocrx_word' id='word_1_376' title='bbox 3303 1994 3657 2052; x_wconf 83' lang='lat' dir='ltr'><strong><em>sacrificium</em></strong></span> 
     </span>
    </p>
   </div>
   <div class='ocr_carea' id='block_1_52' title="bbox 2007 2083 3657 2158">
    <p class='ocr_par' dir='ltr' id='par_1_52' title="bbox 2007 2083 3657 2158">
     <span class='ocr_line' id='line_1_52' title="bbox 2007 2083 3657 2158; baseline 0 -17"><span class='ocrx_word' id='word_1_377' title='bbox 2007 2086 2320 2142; x_wconf 81' lang='lat' dir='ltr'><strong><em>deferebat.</em></strong></span> <span class='ocrx_word' id='word_1_378' title='bbox 2353 2086 2482 2141; x_wconf 67' lang='lat' dir='ltr'><strong><em>Haec</em></strong></span> <span class='ocrx_word' id='word_1_379' title='bbox 2532 2090 2620 2141; x_wconf 92' lang='lat' dir='ltr'><strong><em>est</em></strong></span> <span class='ocrx_word' id='word_1_380' title='bbox 2668 2084 2958 2157; x_wconf 89' lang='lat' dir='ltr'><strong><em>similago,</em></strong></span> <span class='ocrx_word' id='word_1_381' title='bbox 3010 2100 3188 2156; x_wconf 88' lang='lat' dir='ltr'><strong><em>quam</em></strong></span> <span class='ocrx_word' id='word_1_382' title='bbox 3239 2084 3299 2139; x_wconf 90' lang='lat' dir='ltr'><strong><em>in</em></strong></span> <span class='ocrx_word' id='word_1_383' title='bbox 3347 2083 3657 2158; x_wconf 79' lang='lat' dir='ltr'><strong><em>Evangelia</em></strong></span> 
     </span>
    </p>
   </div>
   <div class='ocr_carea' id='block_1_53' title="bbox 2007 2172 3655 2246">
    <p class='ocr_par' dir='ltr' id='par_1_53' title="bbox 2007 2172 3655 2246">
     <span class='ocr_line' id='line_1_53' title="bbox 2007 2172 3655 2246; baseline 0 -17"><span class='ocrx_word' id='word_1_384' title='bbox 2007 2174 2186 2230; x_wconf 91' lang='lat' dir='ltr'><strong><em>molet</em></strong></span> <span class='ocrx_word' id='word_1_385' title='bbox 2216 2173 2429 2230; x_wconf 90' lang='lat' dir='ltr'><strong><em>mulier</em></strong></span> <span class='ocrx_word' id='word_1_386' title='bbox 2455 2172 2577 2239; x_wconf 88' lang='lat' dir='ltr'><strong><em>illa,</em></strong></span> <span class='ocrx_word' id='word_1_387' title='bbox 2607 2190 2731 2246; x_wconf 67' lang='lat' dir='ltr'><strong><em>qua:</em></strong></span> <span class='ocrx_word' id='word_1_388' title='bbox 2763 2180 3101 2229; x_wconf 87' lang='lat' dir='ltr'><strong><em>assumetur</em></strong></span> <span class='ocrx_word' id='word_1_389' title='bbox 3132 2189 3144 2227; x_wconf 92' lang='lat'>:</span> <span class='ocrx_word' id='word_1_390' title='bbox 3183 2175 3300 2230; x_wconf 89' lang='lat' dir='ltr'><strong><em>Una</em></strong></span> <span class='ocrx_word' id='word_1_391' title='bbox 3358 2173 3536 2242; x_wconf 89' lang='lat' dir='ltr'><strong><em>enim,</em></strong></span> <span class='ocrx_word' id='word_1_392' title='bbox 3568 2173 3655 2229; x_wconf 91' lang='lat' dir='ltr'><strong><em>iu-</em></strong></span> 
     </span>
    </p>
   </div>
   <div class='ocr_carea' id='block_1_54' title="bbox 2008 2262 3658 2335">
    <p class='ocr_par' dir='ltr' id='par_1_54' title="bbox 2008 2262 3658 2335">
     <span class='ocr_line' id='line_1_54' title="bbox 2008 2262 3658 2335; baseline 0 -18"><span class='ocrx_word' id='word_1_393' title='bbox 2008 2264 2159 2335; x_wconf 87' lang='lat' dir='ltr'><strong><em>quit,</em></strong></span> <span class='ocrx_word' id='word_1_394' title='bbox 2218 2266 2553 2328; x_wconf 83' lang='lat' dir='ltr'><strong><em>assumetur,</em></strong></span> <span class='ocrx_word' id='word_1_395' title='bbox 2602 2264 2783 2317; x_wconf 87' lang='lat' dir='ltr'><strong><em>altera</em></strong></span> <span class='ocrx_word' id='word_1_396' title='bbox 2830 2262 3181 2333; x_wconf 82' lang='lat' dir='ltr'><strong><em>relinquetur</em></strong></span> <span class='ocrx_word' id='word_1_397' title='bbox 3235 2262 3442 2332; x_wconf 79' lang='lat' dir='ltr'><strong><em>(Matth.</em></strong></span> <span class='ocrx_word' id='word_1_398' title='bbox 3502 2279 3658 2330; x_wconf 83' lang='lat' dir='ltr'><strong><em>xx1v,</em></strong></span> 
     </span>
    </p>
   </div>
   <div class='ocr_carea' id='block_1_55' title="bbox 2006 2349 3654 2423">
    <p class='ocr_par' dir='ltr' id='par_1_55' title="bbox 2006 2349 3654 2423">
     <span class='ocr_line' id='line_1_55' title="bbox 2006 2349 3654 2423; baseline 0 -18"><span class='ocrx_word' id='word_1_399' title='bbox 2006 2351 2119 2422; x_wconf 69' lang='grc'><strong><em>41).</em></strong></span> <span class='ocrx_word' id='word_1_400' title='bbox 2170 2353 2521 2406; x_wconf 87' lang='lat' dir='ltr'><strong><em>Assumetur</em></strong></span> <span class='ocrx_word' id='word_1_401' title='bbox 2577 2350 2854 2418; x_wconf 86' lang='lat' dir='ltr'><strong><em>Ecclesia,</em></strong></span> <span class='ocrx_word' id='word_1_402' title='bbox 2908 2349 3271 2421; x_wconf 87' lang='lat' dir='ltr'><strong><em>relinquetur</em></strong></span> <span class='ocrx_word' id='word_1_403' title='bbox 3331 2351 3654 2423; x_wconf 83' lang='lat' dir='ltr'><strong><em>Synagoga.</em></strong></span> 
     </span>
    </p>
   </div>
   <div class='ocr_carea' id='block_1_56' title="bbox 2010 2438 3655 2510">
    <p class='ocr_par' dir='ltr' id='par_1_56' title="bbox 2010 2438 3655 2510">
     <span class='ocr_line' id='line_1_56' title="bbox 2010 2438 3655 2510; baseline 0 -17"><span class='ocrx_word' id='word_1_404' title='bbox 2010 2439 2107 2495; x_wconf 89' lang='lat' dir='ltr'><strong><em>Vel</em></strong></span> <span class='ocrx_word' id='word_1_405' title='bbox 2140 2455 2307 2494; x_wconf 82' lang='lat' dir='ltr'><strong><em>mons</em></strong></span> <span class='ocrx_word' id='word_1_406' title='bbox 2342 2439 2494 2495; x_wconf 85' lang='lat' dir='ltr'><strong><em>bona</em></strong></span> <span class='ocrx_word' id='word_1_407' title='bbox 2521 2439 2861 2507; x_wconf 85' lang='lat' dir='ltr'><strong><em>assumitur,</em></strong></span> <span class='ocrx_word' id='word_1_408' title='bbox 2896 2438 3165 2510; x_wconf 84' lang='lat' dir='ltr'><strong><em>improba</em></strong></span> <span class='ocrx_word' id='word_1_409' title='bbox 3209 2438 3655 2510; x_wconf 89' lang='lat' dir='ltr'><strong><em>derelinquitur.</em></strong></span> 
     </span>
    </p>
   </div>
   <div class='ocr_carea' id='block_1_57' title="bbox 2006 2526 3653 2598">
    <p class='ocr_par' dir='ltr' id='par_1_57' title="bbox 2006 2526 3653 2598">
     <span class='ocr_line' id='line_1_57' title="bbox 2006 2526 3653 2598; baseline -0.001 -15"><span class='ocrx_word' id='word_1_410' title='bbox 2006 2528 2159 2584; x_wconf 75' lang='lat'><strong><em>198</em></strong></span> <span class='ocrx_word' id='word_1_411' title='bbox 2190 2528 2261 2583; x_wconf 88' lang='lat' dir='ltr'><strong><em>Ut</em></strong></span> <span class='ocrx_word' id='word_1_412' title='bbox 2291 2528 2442 2583; x_wconf 83' lang='lat' dir='ltr'><strong><em>scias</em></strong></span> <span class='ocrx_word' id='word_1_413' title='bbox 2477 2531 2670 2583; x_wconf 90' lang='lat' dir='ltr'><strong><em>autem</em></strong></span> <span class='ocrx_word' id='word_1_414' title='bbox 2703 2527 2842 2598; x_wconf 88' lang='lat' dir='ltr'><strong><em>quia</em></strong></span> <span class='ocrx_word' id='word_1_415' title='bbox 2868 2531 2924 2581; x_wconf 89' lang='lat' dir='ltr'><strong><em>et</em></strong></span> <span class='ocrx_word' id='word_1_416' title='bbox 2953 2526 3245 2581; x_wconf 87' lang='lat' dir='ltr'><strong><em>Abraham</em></strong></span> <span class='ocrx_word' id='word_1_417' title='bbox 3277 2526 3336 2581; x_wconf 93' lang='lat' dir='ltr'><strong><em>iu</em></strong></span> <span class='ocrx_word' id='word_1_418' title='bbox 3359 2526 3653 2582; x_wconf 89' lang='lat' dir='ltr'><strong><em>Christum</em></strong></span> 
     </span>
    </p>
   </div>
   <div class='ocr_carea' id='block_1_58' title="bbox 2005 2615 3659 2686">
    <p class='ocr_par' dir='ltr' id='par_1_58' title="bbox 2005 2615 3659 2686">
     <span class='ocr_line' id='line_1_58' title="bbox 2005 2615 3659 2686; baseline -0.001 -15"><span class='ocrx_word' id='word_1_419' title='bbox 2005 2616 2250 2671; x_wconf 89' lang='lat' dir='ltr'><strong><em>credidit</em></strong></span> <span class='ocrx_word' id='word_1_420' title='bbox 2300 2633 2313 2670; x_wconf 90' lang='lat'><strong>:</strong></span> <span class='ocrx_word' id='word_1_421' title='bbox 2364 2617 2657 2683; x_wconf 83' lang='lat' dir='ltr'><strong><em>Abraham,</em></strong></span> <span class='ocrx_word' id='word_1_422' title='bbox 2704 2615 2916 2686; x_wconf 90' lang='lat' dir='ltr'><strong><em>inquit,</em></strong></span> <span class='ocrx_word' id='word_1_423' title='bbox 2966 2615 3112 2669; x_wconf 85' lang='lat' dir='ltr'><strong><em>diem</em></strong></span> <span class='ocrx_word' id='word_1_424' title='bbox 3161 2630 3345 2669; x_wconf 87' lang='lat' dir='ltr'><strong><em>meum</em></strong></span> <span class='ocrx_word' id='word_1_425' title='bbox 3390 2615 3553 2680; x_wconf 85' lang='lat' dir='ltr'><strong><em>vidit,</em></strong></span> <span class='ocrx_word' id='word_1_426' title='bbox 3608 2620 3659 2670; x_wconf 89' lang='lat' dir='ltr'><strong><em>et</em></strong></span> 
     </span>
    </p>
   </div>
   <div class='ocr_carea' id='block_1_59' title="bbox 2002 2702 3656 2776">
    <p class='ocr_par' dir='ltr' id='par_1_59' title="bbox 2002 2702 3656 2776">
     <span class='ocr_line' id='line_1_59' title="bbox 2002 2702 3656 2776; baseline -0.002 -16"><span class='ocrx_word' id='word_1_427' title='bbox 2002 2706 2225 2776; x_wconf 85' lang='lat' dir='ltr'><strong><em>gavisus</em></strong></span> <span class='ocrx_word' id='word_1_428' title='bbox 2255 2708 2334 2759; x_wconf 85' lang='lat' dir='ltr'><strong><em>est</em></strong></span> <span class='ocrx_word' id='word_1_429' title='bbox 2360 2708 2551 2763; x_wconf 85' lang='lat' dir='ltr'><strong><em>(Joan.</em></strong></span> <span class='ocrx_word' id='word_1_430' title='bbox 2597 2721 2719 2771; x_wconf 84' lang='lat' dir='ltr'><strong><em>vm,</em></strong></span> <span class='ocrx_word' id='word_1_431' title='bbox 2764 2705 2874 2770; x_wconf 88' lang='lat'><strong><em>56).</em></strong></span> <span class='ocrx_word' id='word_1_432' title='bbox 2913 2702 2980 2757; x_wconf 90' lang='lat' dir='ltr'><strong><em>Et</em></strong></span> <span class='ocrx_word' id='word_1_433' title='bbox 3010 2702 3110 2773; x_wconf 89' lang='lat' dir='ltr'><strong><em>qui</em></strong></span> <span class='ocrx_word' id='word_1_434' title='bbox 3161 2702 3346 2757; x_wconf 91' lang='lat' dir='ltr'><strong><em>credit</em></strong></span> <span class='ocrx_word' id='word_1_435' title='bbox 3386 2702 3445 2756; x_wconf 92' lang='lat' dir='ltr'><strong><em>in</em></strong></span> <span class='ocrx_word' id='word_1_436' title='bbox 3493 2702 3656 2757; x_wconf 88' lang='lat' dir='ltr'><strong><em>Chri-</em></strong></span> 
     </span>
    </p>
   </div>
   <div class='ocr_carea' id='block_1_60' title="bbox 2006 2790 3661 2861">
    <p class='ocr_par' dir='ltr' id='par_1_60' title="bbox 2006 2790 3661 2861">
     <span class='ocr_line' id='line_1_60' title="bbox 2006 2790 3661 2861; baseline -0.004 -12"><span class='ocrx_word' id='word_1_437' title='bbox 2006 2798 2185 2859; x_wconf 87' lang='lat' dir='ltr'><strong><em>stum,</em></strong></span> <span class='ocrx_word' id='word_1_438' title='bbox 2220 2793 2403 2847; x_wconf 91' lang='lat' dir='ltr'><strong><em>credit</em></strong></span> <span class='ocrx_word' id='word_1_439' title='bbox 2450 2797 2509 2848; x_wconf 88' lang='lat' dir='ltr'><strong><em>ct</em></strong></span> <span class='ocrx_word' id='word_1_440' title='bbox 2548 2792 2608 2847; x_wconf 90' lang='lat' dir='ltr'><strong><em>in</em></strong></span> <span class='ocrx_word' id='word_1_441' title='bbox 2640 2793 2892 2847; x_wconf 88' lang='lat' dir='ltr'><strong><em>Patrem.</em></strong></span> <span class='ocrx_word' id='word_1_442' title='bbox 2927 2793 2996 2846; x_wconf 86' lang='lat' dir='ltr'><strong><em>Et</em></strong></span> <span class='ocrx_word' id='word_1_443' title='bbox 3044 2790 3141 2861; x_wconf 90' lang='lat' dir='ltr'><strong><em>qui</em></strong></span> <span class='ocrx_word' id='word_1_444' title='bbox 3197 2790 3446 2861; x_wconf 86' lang='lat' dir='ltr'><strong><em>perfecte</em></strong></span> <span class='ocrx_word' id='word_1_445' title='bbox 3474 2790 3661 2845; x_wconf 88' lang='lat' dir='ltr'><strong><em>credit</em></strong></span> 
     </span>
    </p>
   </div>
   <div class='ocr_carea' id='block_1_61' title="bbox 2004 2877 3654 2950">
    <p class='ocr_par' dir='ltr' id='par_1_61' title="bbox 2004 2877 3654 2950">
     <span class='ocr_line' id='line_1_61' title="bbox 2004 2877 3654 2950; baseline -0.002 -13"><span class='ocrx_word' id='word_1_446' title='bbox 2004 2882 2064 2936; x_wconf 90' lang='lat' dir='ltr'><strong><em>in</em></strong></span> <span class='ocrx_word' id='word_1_447' title='bbox 2096 2880 2546 2947; x_wconf 88' lang='lat' dir='ltr'><strong><em>Patrem,credit</em></strong></span> <span class='ocrx_word' id='word_1_448' title='bbox 2574 2880 2635 2935; x_wconf 89' lang='lat' dir='ltr'><strong><em>in</em></strong></span> <span class='ocrx_word' id='word_1_449' title='bbox 2669 2880 2878 2935; x_wconf 92' lang='lat' dir='ltr'><strong><em>Filium</em></strong></span> <span class='ocrx_word' id='word_1_450' title='bbox 2929 2882 2986 2935; x_wconf 91' lang='lat' dir='ltr'><strong><em>et</em></strong></span> <span class='ocrx_word' id='word_1_451' title='bbox 3037 2877 3323 2950; x_wconf 89' lang='lat' dir='ltr'><strong><em>Spiritum</em></strong></span> <span class='ocrx_word' id='word_1_452' title='bbox 3363 2883 3654 2933; x_wconf 88' lang='lat' dir='ltr'><strong><em>sanctum.</em></strong></span> 
     </span>
    </p>
   </div>
   <div class='ocr_carea' id='block_1_62' title="bbox 2003 2965 3657 3041">
    <p class='ocr_par' dir='ltr' id='par_1_62' title="bbox 2003 2965 3657 3041">
     <span class='ocr_line' id='line_1_62' title="bbox 2003 2965 3657 3041; baseline -0.002 -16"><span class='ocrx_word' id='word_1_453' title='bbox 2003 2970 2144 3025; x_wconf 90' lang='lat' dir='ltr'><strong><em>Tres</em></strong></span> <span class='ocrx_word' id='word_1_454' title='bbox 2174 2986 2310 3041; x_wconf 84' lang='lat' dir='ltr'><strong><em>ergo</em></strong></span> <span class='ocrx_word' id='word_1_455' title='bbox 2352 2986 2665 3039; x_wconf 60' lang='lat' dir='ltr'><strong><em>mensurae,</em></strong></span> <span class='ocrx_word' id='word_1_456' title='bbox 2715 2984 2834 3024; x_wconf 88' lang='lat' dir='ltr'><strong><em>una</em></strong></span> <span class='ocrx_word' id='word_1_457' title='bbox 2863 2966 3158 3038; x_wconf 84' lang='lat' dir='ltr'><strong><em>similago,</em></strong></span> <span class='ocrx_word' id='word_1_458' title='bbox 3192 2965 3302 3022; x_wconf 90' lang='lat' dir='ltr'><strong><em>hoc</em></strong></span> <span class='ocrx_word' id='word_1_459' title='bbox 3333 2971 3442 3032; x_wconf 90' lang='lat' dir='ltr'><strong><em>est,</em></strong></span> <span class='ocrx_word' id='word_1_460' title='bbox 3472 2983 3657 3021; x_wconf 89' lang='lat' dir='ltr'><strong><em>unum</em></strong></span> 
     </span>
    </p>
   </div>
   <div class='ocr_carea' id='block_1_63' title="bbox 2005 3051 3661 3127">
    <p class='ocr_par' dir='ltr' id='par_1_63' title="bbox 2005 3051 3661 3127">
     <span class='ocr_line' id='line_1_63' title="bbox 2005 3051 3661 3127; baseline -0.002 -15"><span class='ocrx_word' id='word_1_461' title='bbox 2005 3061 2129 3113; x_wconf 87' lang='lat' dir='ltr'><strong><em>erat</em></strong></span> <span class='ocrx_word' id='word_1_462' title='bbox 2177 3057 2554 3119; x_wconf 82' lang='lat' dir='ltr'><strong><em>sacrificium,</em></strong></span> <span class='ocrx_word' id='word_1_463' title='bbox 2608 3056 2762 3127; x_wconf 91' lang='lat' dir='ltr'><strong><em>quod</em></strong></span> <span class='ocrx_word' id='word_1_464' title='bbox 2813 3053 3130 3110; x_wconf 90' lang='lat' dir='ltr'><strong><em>venerabili</em></strong></span> <span class='ocrx_word' id='word_1_465' title='bbox 3192 3051 3482 3119; x_wconf 89' lang='lat' dir='ltr'><strong><em>Triuitati,</em></strong></span> <span class='ocrx_word' id='word_1_466' title='bbox 3536 3054 3661 3124; x_wconf 88' lang='lat' dir='ltr'><strong><em>pari</em></strong></span> 
     </span>
    </p>
   </div>
   <div class='ocr_carea' id='block_1_64' title="bbox 2005 3140 3662 3217">
    <p class='ocr_par' dir='ltr' id='par_1_64' title="bbox 2005 3140 3662 3217">
     <span class='ocr_line' id='line_1_64' title="bbox 2005 3140 3662 3217; baseline -0.002 -16"><span class='ocrx_word' id='word_1_467' title='bbox 2005 3147 2260 3217; x_wconf 88' lang='lat' dir='ltr'><strong><em>quadam</em></strong></span> <span class='ocrx_word' id='word_1_468' title='bbox 2294 3162 2576 3202; x_wconf 88' lang='lat' dir='ltr'><strong><em>mensura</em></strong></span> <span class='ocrx_word' id='word_1_469' title='bbox 2604 3143 2947 3209; x_wconf 86' lang='lat' dir='ltr'><strong><em>devotionis,</em></strong></span> <span class='ocrx_word' id='word_1_470' title='bbox 2973 3149 3029 3199; x_wconf 88' lang='lat' dir='ltr'><strong><em>et</em></strong></span> <span class='ocrx_word' id='word_1_471' title='bbox 3059 3158 3319 3214; x_wconf 87' lang='lat' dir='ltr'><strong><em>congrua</em></strong></span> <span class='ocrx_word' id='word_1_472' title='bbox 3348 3140 3662 3214; x_wconf 85' lang='lat' dir='ltr'><strong><em>plenitudi-</em></strong></span> 
     </span>
    </p>
   </div>
   <div class='ocr_carea' id='block_1_65' title="bbox 325 3219 2779 3307">
    <p class='ocr_par' dir='ltr' id='par_1_65' title="bbox 325 3219 2779 3307">
     <span class='ocr_line' id='line_1_65' title="bbox 325 3219 2779 3307; baseline 0.004 -29"><span class='ocrx_word' id='word_1_473' title='bbox 325 3219 610 3307; x_wconf 51' lang='lat' dir='ltr'><strong><em>prxcipit,‘</em></strong></span> <span class='ocrx_word' id='word_1_474' title='bbox 639 3240 804 3307; x_wconf 84' lang='lat' dir='ltr'><strong><em>quam</em></strong></span> <span class='ocrx_word' id='word_1_475' title='bbox 852 3228 904 3307; x_wconf 77' lang='lat' dir='ltr'><strong><em>et</em></strong></span> <span class='ocrx_word' id='word_1_476' title='bbox 939 3227 1065 3307; x_wconf 74' lang='lat' dir='ltr'><strong><em>ipse</em></strong></span> <span class='ocrx_word' id='word_1_477' title='bbox 1093 3224 1333 3290; x_wconf 86' lang='lat' dir='ltr'><strong><em>exhibet,</em></strong></span> <span class='ocrx_word' id='word_1_478' title='bbox 1364 3219 1640 3307; x_wconf 68' lang='lat' dir='ltr'><strong><em>cumnon</em></strong></span> <span class='ocrx_word' id='word_1_479' title='bbox 1685 3232 1899 3283; x_wconf 88' lang='lat' dir='ltr'><strong><em>tantum</em></strong></span> <span class='ocrx_word' id='word_1_480' title='bbox 1927 3219 1971 3285; x_wconf 85' lang='lat' dir='ltr'><strong><em>C</em></strong></span> <span class='ocrx_word' id='word_1_481' title='bbox 2010 3252 2081 3291; x_wconf 84' lang='lat' dir='ltr'><strong><em>ne</em></strong></span> <span class='ocrx_word' id='word_1_482' title='bbox 2111 3235 2346 3307; x_wconf 80' lang='lat' dir='ltr'><strong><em>pietatis</em></strong></span> <span class='ocrx_word' id='word_1_483' title='bbox 2377 3234 2639 3291; x_wconf 83' lang='lat' dir='ltr'><strong><em>oblatum</em></strong></span> <span class='ocrx_word' id='word_1_484' title='bbox 2673 3240 2779 3290; x_wconf 86' lang='lat' dir='ltr'><strong><em>est.</em></strong></span> 
     </span>
    </p>
   </div>
   <div class='ocr_carea' id='block_1_66' title="bbox 326 3295 1533 3368">
    <p class='ocr_par' dir='ltr' id='par_1_66' title="bbox 326 3295 1533 3368">
     <span class='ocr_line' id='line_1_66' title="bbox 326 3295 1533 3368; baseline 0.001 -16"><span class='ocrx_word' id='word_1_485' title='bbox 326 3295 425 3352; x_wconf 74' lang='lat' dir='ltr'><strong><em>cito</em></strong></span> <span class='ocrx_word' id='word_1_486' title='bbox 454 3295 751 3365; x_wconf 82' lang='lat' dir='ltr'><strong><em>largiatur,</em></strong></span> <span class='ocrx_word' id='word_1_487' title='bbox 782 3295 874 3351; x_wconf 89' lang='lat' dir='ltr'><strong><em>sed</em></strong></span> <span class='ocrx_word' id='word_1_488' title='bbox 901 3295 1070 3352; x_wconf 84' lang='lat' dir='ltr'><strong><em>etiam</em></strong></span> <span class='ocrx_word' id='word_1_489' title='bbox 1092 3312 1190 3352; x_wconf 87' lang='lat' dir='ltr'><strong><em>nos</em></strong></span> <span class='ocrx_word' id='word_1_490' title='bbox 1213 3300 1533 3368; x_wconf 72' lang='lat' dir='ltr'><strong><em>prxveniat.</em></strong></span> 
     </span>
    </p>
   </div>
   <div class='ocr_carea' id='block_1_67' title="bbox 325 3411 1892 3484">
    <p class='ocr_par' dir='ltr' id='par_1_67' title="bbox 325 3411 1892 3484">
     <span class='ocr_line' id='line_1_67' title="bbox 325 3411 1892 3484; baseline 0.002 -17"><span class='ocrx_word' id='word_1_491' title='bbox 325 3412 410 3467; x_wconf 90' lang='lat'><strong><em>29.</em></strong></span> <span class='ocrx_word' id='word_1_492' title='bbox 442 3411 641 3467; x_wconf 87' lang='lat' dir='ltr'><strong><em>Prima</em></strong></span> <span class='ocrx_word' id='word_1_493' title='bbox 668 3412 848 3484; x_wconf 89' lang='lat' dir='ltr'><strong><em>igitur</em></strong></span> <span class='ocrx_word' id='word_1_494' title='bbox 877 3411 991 3467; x_wconf 88' lang='lat' dir='ltr'><strong><em>voti</em></strong></span> <span class='ocrx_word' id='word_1_495' title='bbox 1019 3411 1209 3483; x_wconf 87' lang='lat' dir='ltr'><strong><em>gratia</em></strong></span> <span class='ocrx_word' id='word_1_496' title='bbox 1238 3417 1327 3468; x_wconf 90' lang='lat' dir='ltr'><strong><em>est</em></strong></span> <span class='ocrx_word' id='word_1_497' title='bbox 1358 3412 1621 3469; x_wconf 89' lang='lat' dir='ltr'><strong><em>celeritas</em></strong></span> <span class='ocrx_word' id='word_1_498' title='bbox 1652 3413 1892 3470; x_wconf 88' lang='lat' dir='ltr'><strong><em>solutio-</em></strong></span> 
     </span>
    </p>
   </div>
   <div class='ocr_carea' id='block_1_68' title="bbox 264 3499 1892 3572">
    <p class='ocr_par' dir='ltr' id='par_1_68' title="bbox 264 3499 1892 3572">
     <span class='ocr_line' id='line_1_68' title="bbox 264 3499 1892 3572; baseline 0.002 -17"><span class='ocrx_word' id='word_1_499' title='bbox 264 3500 641 3572; x_wconf 89' lang='lat' dir='ltr'><strong><em>nis.Denique</em></strong></span> <span class='ocrx_word' id='word_1_500' title='bbox 668 3499 958 3555; x_wconf 83' lang='lat' dir='ltr'><strong><em>Abraham</em></strong></span> <span class='ocrx_word' id='word_1_501' title='bbox 980 3499 1168 3555; x_wconf 83' lang='lat' dir='ltr'><strong><em>filium</em></strong></span> <span class='ocrx_word' id='word_1_502' title='bbox 1192 3517 1368 3556; x_wconf 89' lang='lat' dir='ltr'><strong><em>suum</em></strong></span> <span class='ocrx_word' id='word_1_503' title='bbox 1390 3501 1461 3556; x_wconf 88' lang='lat' dir='ltr'><strong><em>ad</em></strong></span> <span class='ocrx_word' id='word_1_504' title='bbox 1484 3501 1892 3559; x_wconf 89' lang='lat' dir='ltr'><strong><em>holocaustum</em></strong></span> 
     </span>
    </p>
   </div>
   <div class='ocr_carea' id='block_1_69' title="bbox 255 3588 1892 3660">
    <p class='ocr_par' dir='ltr' id='par_1_69' title="bbox 255 3588 1892 3660">
     <span class='ocr_line' id='line_1_69' title="bbox 255 3588 1892 3660; baseline 0.002 -17"><span class='ocrx_word' id='word_1_505' title='bbox 255 3588 448 3660; x_wconf 88' lang='lat' dir='ltr'><strong><em>jussus</em></strong></span> <span class='ocrx_word' id='word_1_506' title='bbox 473 3589 699 3655; x_wconf 84' lang='lat' dir='ltr'><strong><em>oﬂ&#39;erre,</em></strong></span> <span class='ocrx_word' id='word_1_507' title='bbox 734 3604 848 3643; x_wconf 91' lang='lat' dir='ltr'><strong><em>non</em></strong></span> <span class='ocrx_word' id='word_1_508' title='bbox 882 3593 1013 3660; x_wconf 89' lang='lat' dir='ltr'><strong><em>post</em></strong></span> <span class='ocrx_word' id='word_1_509' title='bbox 1042 3588 1189 3655; x_wconf 92' lang='lat' dir='ltr'><strong><em>dies,</em></strong></span> <span class='ocrx_word' id='word_1_510' title='bbox 1222 3593 1287 3644; x_wconf 88' lang='lat' dir='ltr'><strong><em>ut</em></strong></span> <span class='ocrx_word' id='word_1_511' title='bbox 1315 3589 1457 3644; x_wconf 88' lang='lat' dir='ltr'><strong><em>Cain</em></strong></span> <span class='ocrx_word' id='word_1_512' title='bbox 1501 3590 1711 3645; x_wconf 91' lang='lat' dir='ltr'><strong><em>obtulit</em></strong></span> <span class='ocrx_word' id='word_1_513' title='bbox 1742 3607 1756 3646; x_wconf 90' lang='lat'><strong>:</strong></span> <span class='ocrx_word' id='word_1_514' title='bbox 1792 3592 1892 3647; x_wconf 86' lang='lat' dir='ltr'><strong><em>sed</em></strong></span> 
     </span>
    </p>
   </div>
   <div class='ocr_carea' id='block_1_70' title="bbox 261 3675 1891 3746">
    <p class='ocr_par' dir='ltr' id='par_1_70' title="bbox 261 3675 1891 3746">
     <span class='ocr_line' id='line_1_70' title="bbox 261 3675 1891 3746; baseline 0.001 -14"><span class='ocrx_word' id='word_1_515' title='bbox 261 3691 545 3746; x_wconf 77' lang='lat' dir='ltr'><strong><em>exsurgens</em></strong></span> <span class='ocrx_word' id='word_1_516' title='bbox 572 3692 735 3732; x_wconf 87' lang='lat' dir='ltr'><strong><em>mane</em></strong></span> <span class='ocrx_word' id='word_1_517' title='bbox 760 3677 958 3730; x_wconf 85' lang='lat' dir='ltr'><strong><em>stravit</em></strong></span> <span class='ocrx_word' id='word_1_518' title='bbox 987 3676 1207 3731; x_wconf 84' lang='lat' dir='ltr'><strong><em>asinam</em></strong></span> <span class='ocrx_word' id='word_1_519' title='bbox 1234 3691 1411 3742; x_wconf 85' lang='lat' dir='ltr'><strong><em>suam,</em></strong></span> <span class='ocrx_word' id='word_1_520' title='bbox 1443 3679 1494 3731; x_wconf 87' lang='lat' dir='ltr'><strong><em>et</em></strong></span> <span class='ocrx_word' id='word_1_521' title='bbox 1523 3675 1776 3733; x_wconf 86' lang='lat' dir='ltr'><strong><em>adhibuit</em></strong></span> <span class='ocrx_word' id='word_1_522' title='bbox 1808 3694 1891 3733; x_wconf 83' lang='lat' dir='ltr'><strong><em>se-</em></strong></span> 
     </span>
    </p>
   </div>
   <div class='ocr_carea' id='block_1_71' title="bbox 262 3764 1895 3838">
    <p class='ocr_par' dir='ltr' id='par_1_71' title="bbox 262 3764 1895 3838">
     <span class='ocr_line' id='line_1_71' title="bbox 262 3764 1895 3838; baseline 0.001 -18"><span class='ocrx_word' id='word_1_523' title='bbox 262 3781 376 3821; x_wconf 82' lang='lat' dir='ltr'><strong><em>cum</em></strong></span> <span class='ocrx_word' id='word_1_524' title='bbox 401 3766 533 3821; x_wconf 90' lang='lat' dir='ltr'><strong><em>duos</em></strong></span> <span class='ocrx_word' id='word_1_525' title='bbox 548 3780 767 3838; x_wconf 86' lang='lat' dir='ltr'><strong><em>pueros,</em></strong></span> <span class='ocrx_word' id='word_1_526' title='bbox 801 3768 853 3820; x_wconf 89' lang='lat' dir='ltr'><strong><em>et</em></strong></span> <span class='ocrx_word' id='word_1_527' title='bbox 880 3766 1037 3819; x_wconf 87' lang='lat' dir='ltr'><strong><em>Isaae</em></strong></span> <span class='ocrx_word' id='word_1_528' title='bbox 1065 3764 1245 3835; x_wconf 80' lang='lat' dir='ltr'><strong><em>ﬁlium</em></strong></span> <span class='ocrx_word' id='word_1_529' title='bbox 1272 3780 1433 3819; x_wconf 87' lang='lat' dir='ltr'><strong><em>suum</em></strong></span> <span class='ocrx_word' id='word_1_530' title='bbox 1462 3782 1481 3819; x_wconf 90' lang='lat'><em>:</em></span> <span class='ocrx_word' id='word_1_531' title='bbox 1511 3768 1564 3819; x_wconf 85' lang='lat' dir='ltr'><strong><em>et</em></strong></span> <span class='ocrx_word' id='word_1_532' title='bbox 1609 3766 1895 3821; x_wconf 84' lang='lat' dir='ltr'><strong><em>concidens</em></strong></span> 
     </span>
    </p>
   </div>
   <div class='ocr_carea' id='block_1_72' title="bbox 265 3853 1892 3924">
    <p class='ocr_par' dir='ltr' id='par_1_72' title="bbox 265 3853 1892 3924">
     <span class='ocr_line' id='line_1_72' title="bbox 265 3853 1892 3924; baseline 0.002 -16"><span class='ocrx_word' id='word_1_533' title='bbox 265 3854 406 3923; x_wconf 84' lang='lat' dir='ltr'><strong><em>ligna</em></strong></span> <span class='ocrx_word' id='word_1_534' title='bbox 432 3854 503 3910; x_wconf 88' lang='lat' dir='ltr'><strong><em>ad</em></strong></span> <span class='ocrx_word' id='word_1_535' title='bbox 532 3854 923 3920; x_wconf 83' lang='lat' dir='ltr'><strong><em>holocaustum,</em></strong></span> <span class='ocrx_word' id='word_1_536' title='bbox 955 3868 1181 3924; x_wconf 87' lang='lat' dir='ltr'><strong><em>surgens</em></strong></span> <span class='ocrx_word' id='word_1_537' title='bbox 1229 3853 1383 3919; x_wconf 88' lang='lat' dir='ltr'><strong><em>abiit,</em></strong></span> <span class='ocrx_word' id='word_1_538' title='bbox 1416 3861 1469 3909; x_wconf 91' lang='lat' dir='ltr'><strong><em>et</em></strong></span> <span class='ocrx_word' id='word_1_539' title='bbox 1512 3855 1662 3909; x_wconf 88' lang='lat' dir='ltr'><strong><em>venit</em></strong></span> <span class='ocrx_word' id='word_1_540' title='bbox 1697 3855 1767 3909; x_wconf 87' lang='lat' dir='ltr'><strong><em>ad</em></strong></span> <span class='ocrx_word' id='word_1_541' title='bbox 1814 3857 1892 3911; x_wconf 86' lang='lat' dir='ltr'><strong><em>lo-</em></strong></span> 
     </span>
    </p>
   </div>
   <div class='ocr_carea' id='block_1_73' title="bbox 261 3941 1889 4015">
    <p class='ocr_par' dir='ltr' id='par_1_73' title="bbox 261 3941 1889 4015">
     <span class='ocr_line' id='line_1_73' title="bbox 261 3941 1889 4015; baseline 0.002 -17"><span class='ocrx_word' id='word_1_542' title='bbox 261 3958 374 3998; x_wconf 86' lang='lat' dir='ltr'><strong><em>cum</em></strong></span> <span class='ocrx_word' id='word_1_543' title='bbox 398 3959 559 4015; x_wconf 85' lang='lat' dir='ltr'><strong><em>quem</em></strong></span> <span class='ocrx_word' id='word_1_544' title='bbox 585 3941 800 3998; x_wconf 68' lang='lat' dir='ltr'><strong><em>dixeiat</em></strong></span> <span class='ocrx_word' id='word_1_545' title='bbox 845 3944 901 3997; x_wconf 88' lang='lat' dir='ltr'><strong><em>ei</em></strong></span> <span class='ocrx_word' id='word_1_546' title='bbox 946 3943 1108 4011; x_wconf 88' lang='lat' dir='ltr'><strong><em>Deus,</em></strong></span> <span class='ocrx_word' id='word_1_547' title='bbox 1159 3941 1250 3997; x_wconf 89' lang='lat' dir='ltr'><strong><em>die</em></strong></span> <span class='ocrx_word' id='word_1_548' title='bbox 1292 3944 1456 3998; x_wconf 86' lang='lat' dir='ltr'><strong><em>tertia</em></strong></span> <span class='ocrx_word' id='word_1_549' title='bbox 1486 3941 1640 4013; x_wconf 86' lang='lat' dir='ltr'><strong><em>(Gen.</em></strong></span> <span class='ocrx_word' id='word_1_550' title='bbox 1669 3960 1806 4012; x_wconf 86' lang='lat' dir='ltr'><strong><em>xxn,</em></strong></span> <span class='ocrx_word' id='word_1_551' title='bbox 1834 3947 1889 4012; x_wconf 89' lang='lat'><strong><em>3,</em></strong></span> 
     </span>
    </p>
   </div>
   <div class='ocr_carea' id='block_1_74' title="bbox 264 4030 1895 4101">
    <p class='ocr_par' dir='ltr' id='par_1_74' title="bbox 264 4030 1895 4101">
     <span class='ocr_line' id='line_1_74' title="bbox 264 4030 1895 4101; baseline 0.002 -16"><span class='ocrx_word' id='word_1_552' title='bbox 264 4030 524 4101; x_wconf 63' lang='lat' dir='ltr'><strong><em>4).Primo</em></strong></span> <span class='ocrx_word' id='word_1_553' title='bbox 554 4031 786 4087; x_wconf 88' lang='lat' dir='ltr'><strong><em>adverte</em></strong></span> <span class='ocrx_word' id='word_1_554' title='bbox 812 4030 1172 4086; x_wconf 88' lang='lat' dir='ltr'><strong><em>immolaturi</em></strong></span> <span class='ocrx_word' id='word_1_555' title='bbox 1204 4030 1467 4086; x_wconf 90' lang='lat' dir='ltr'><strong><em>studium</em></strong></span> <span class='ocrx_word' id='word_1_556' title='bbox 1489 4036 1788 4087; x_wconf 89' lang='lat' dir='ltr'><strong><em>maturum</em></strong></span> <span class='ocrx_word' id='word_1_557' title='bbox 1811 4037 1895 4088; x_wconf 90' lang='lat' dir='ltr'><strong><em>at-</em></strong></span> 
     </span>
    </p>
   </div>
   <div class='ocr_carea' id='block_1_75' title="bbox 258 4120 1888 4190">
    <p class='ocr_par' dir='ltr' id='par_1_75' title="bbox 258 4120 1888 4190">
     <span class='ocr_line' id='line_1_75' title="bbox 258 4120 1888 4190; baseline 0.001 -15"><span class='ocrx_word' id='word_1_558' title='bbox 258 4133 361 4190; x_wconf 84' lang='lat' dir='ltr'><strong><em>que</em></strong></span> <span class='ocrx_word' id='word_1_559' title='bbox 383 4120 696 4187; x_wconf 81' lang='lat' dir='ltr'><strong><em>festiuum;</em></strong></span> <span class='ocrx_word' id='word_1_560' title='bbox 731 4123 794 4174; x_wconf 88' lang='lat' dir='ltr'><strong><em>ut</em></strong></span> <span class='ocrx_word' id='word_1_561' title='bbox 840 4135 1005 4174; x_wconf 90' lang='lat' dir='ltr'><strong><em>mora</em></strong></span> <span class='ocrx_word' id='word_1_562' title='bbox 1054 4120 1504 4190; x_wconf 86' lang='lat' dir='ltr'><strong><em>exspectationis</em></strong></span> <span class='ocrx_word' id='word_1_563' title='bbox 1552 4137 1668 4176; x_wconf 90' lang='lat' dir='ltr'><strong><em>non</em></strong></span> <span class='ocrx_word' id='word_1_564' title='bbox 1714 4126 1888 4190; x_wconf 89' lang='lat' dir='ltr'><strong><em>esset,</em></strong></span> 
     </span>
    </p>
   </div>
   <div class='ocr_carea' id='block_1_76' title="bbox 255 4206 1894 4266">
    <p class='ocr_par' dir='ltr' id='par_1_76' title="bbox 255 4206 1894 4266">
     <span class='ocr_line' id='line_1_76' title="bbox 255 4206 1894 4266; baseline 0.002 -4"><span class='ocrx_word' id='word_1_565' title='bbox 255 4208 360 4264; x_wconf 88' lang='lat' dir='ltr'><strong><em>nisi</em></strong></span> <span class='ocrx_word' id='word_1_566' title='bbox 387 4209 569 4265; x_wconf 90' lang='lat' dir='ltr'><strong><em>donec</em></strong></span> <span class='ocrx_word' id='word_1_567' title='bbox 598 4208 902 4265; x_wconf 88' lang='lat' dir='ltr'><strong><em>audiretur</em></strong></span> <span class='ocrx_word' id='word_1_568' title='bbox 930 4206 1232 4263; x_wconf 88' lang='lat' dir='ltr'><strong><em>oraculum</em></strong></span> <span class='ocrx_word' id='word_1_569' title='bbox 1252 4207 1482 4263; x_wconf 90' lang='lat' dir='ltr'><strong><em>:deiude</em></strong></span> <span class='ocrx_word' id='word_1_570' title='bbox 1517 4212 1579 4264; x_wconf 90' lang='lat' dir='ltr'><strong><em>ut</em></strong></span> <span class='ocrx_word' id='word_1_571' title='bbox 1608 4215 1894 4266; x_wconf 88' lang='lat' dir='ltr'><strong><em>sterneret</em></strong></span> 
     </span>
    </p>
   </div>
   <div class='ocr_carea' id='block_1_77' title="bbox 253 4295 1895 4369">
    <p class='ocr_par' dir='ltr' id='par_1_77' title="bbox 253 4295 1895 4369">
     <span class='ocr_line' id='line_1_77' title="bbox 253 4295 1895 4369; baseline 0 -16"><span class='ocrx_word' id='word_1_572' title='bbox 253 4297 463 4354; x_wconf 85' lang='lat' dir='ltr'><strong><em>asinam</em></strong></span> <span class='ocrx_word' id='word_1_573' title='bbox 494 4314 691 4365; x_wconf 90' lang='lat' dir='ltr'><strong><em>suam,</em></strong></span> <span class='ocrx_word' id='word_1_574' title='bbox 715 4296 1067 4369; x_wconf 88' lang='lat' dir='ltr'><strong><em>obsequium</em></strong></span> <span class='ocrx_word' id='word_1_575' title='bbox 1099 4312 1273 4352; x_wconf 88' lang='lat' dir='ltr'><strong><em>omne</em></strong></span> <span class='ocrx_word' id='word_1_576' title='bbox 1304 4295 1429 4367; x_wconf 87' lang='lat' dir='ltr'><strong><em>ipse</em></strong></span> <span class='ocrx_word' id='word_1_577' title='bbox 1459 4297 1801 4369; x_wconf 89' lang='lat' dir='ltr'><strong><em>susciperet,</em></strong></span> <span class='ocrx_word' id='word_1_578' title='bbox 1835 4304 1895 4353; x_wconf 89' lang='lat' dir='ltr'><strong><em>et</em></strong></span> 
     </span>
    </p>
   </div>
   <div class='ocr_carea' id='block_1_78' title="bbox 252 4385 1889 4458">
    <p class='ocr_par' dir='ltr' id='par_1_78' title="bbox 252 4385 1889 4458">
     <span class='ocr_line' id='line_1_78' title="bbox 252 4385 1889 4458; baseline 0.002 -19"><span class='ocrx_word' id='word_1_579' title='bbox 252 4386 528 4443; x_wconf 79' lang='lat' dir='ltr'><strong><em>sacrificio</em></strong></span> <span class='ocrx_word' id='word_1_580' title='bbox 587 4386 918 4443; x_wconf 89' lang='lat' dir='ltr'><strong><em>necessaria</em></strong></span> <span class='ocrx_word' id='word_1_581' title='bbox 961 4388 1335 4457; x_wconf 69' lang='lat' dir='ltr'><strong><em>praepararet,</em></strong></span> <span class='ocrx_word' id='word_1_582' title='bbox 1366 4385 1599 4441; x_wconf 89' lang='lat' dir='ltr'><strong><em>duabus</em></strong></span> <span class='ocrx_word' id='word_1_583' title='bbox 1655 4402 1889 4458; x_wconf 87' lang='lat' dir='ltr'><strong><em>quoque</em></strong></span> 
     </span>
    </p>
   </div>
   <div class='ocr_carea' id='block_1_79' title="bbox 243 4473 1887 4549">
    <p class='ocr_par' dir='ltr' id='par_1_79' title="bbox 243 4473 1887 4549">
     <span class='ocr_line' id='line_1_79' title="bbox 243 4473 1887 4549; baseline 0.002 -21"><span class='ocrx_word' id='word_1_584' title='bbox 243 4473 353 4531; x_wconf 80' lang='lat' dir='ltr'><strong><em>ﬁde</em></strong></span> <span class='ocrx_word' id='word_1_585' title='bbox 396 4479 453 4532; x_wconf 90' lang='lat' dir='ltr'><strong><em>et</em></strong></span> <span class='ocrx_word' id='word_1_586' title='bbox 499 4492 605 4549; x_wconf 88' lang='lat' dir='ltr'><strong><em>spe</em></strong></span> <span class='ocrx_word' id='word_1_587' title='bbox 651 4474 964 4531; x_wconf 88' lang='lat' dir='ltr'><strong><em>virtutibus</em></strong></span> <span class='ocrx_word' id='word_1_588' title='bbox 993 4474 1105 4545; x_wconf 80' lang='lat'><strong><em>(23)</em></strong></span> <span class='ocrx_word' id='word_1_589' title='bbox 1137 4473 1574 4542; x_wconf 89' lang='lat' dir='ltr'><strong><em>comitantibus,</em></strong></span> <span class='ocrx_word' id='word_1_590' title='bbox 1635 4475 1887 4531; x_wconf 90' lang='lat' dir='ltr'><strong><em>hostiam</em></strong></span> 
     </span>
    </p>
   </div>
   <div class='ocr_carea' id='block_1_80' title="bbox 2073 3409 3648 3485">
    <p class='ocr_par' dir='ltr' id='par_1_80' title="bbox 2073 3409 3648 3485">
     <span class='ocr_line' id='line_1_80' title="bbox 2073 3409 3648 3485; baseline -0.001 -19"><span class='ocrx_word' id='word_1_591' title='bbox 2073 3411 2161 3467; x_wconf 84' lang='lat'><strong><em>3|.</em></strong></span> <span class='ocrx_word' id='word_1_592' title='bbox 2193 3412 2400 3466; x_wconf 87' lang='lat' dir='ltr'><strong><em>Adhuc</em></strong></span> <span class='ocrx_word' id='word_1_593' title='bbox 2457 3426 2740 3485; x_wconf 82' lang='lat' dir='ltr'><strong><em>cognosce</em></strong></span> <span class='ocrx_word' id='word_1_594' title='bbox 2796 3409 3000 3466; x_wconf 89' lang='lat' dir='ltr'><strong><em>celeris</em></strong></span> <span class='ocrx_word' id='word_1_595' title='bbox 3053 3409 3251 3465; x_wconf 87' lang='lat' dir='ltr'><strong><em>studia</em></strong></span> <span class='ocrx_word' id='word_1_596' title='bbox 3279 3410 3648 3467; x_wconf 87' lang='lat' dir='ltr'><strong><em>devotionis:</em></strong></span> 
     </span>
    </p>
   </div>
   <div class='ocr_carea' id='block_1_81' title="bbox 2005 3500 3659 3572">
    <p class='ocr_par' dir='ltr' id='par_1_81' title="bbox 2005 3500 3659 3572">
     <span class='ocr_line' id='line_1_81' title="bbox 2005 3500 3659 3572; baseline -0.001 -16"><span class='ocrx_word' id='word_1_597' title='bbox 2005 3500 2280 3567; x_wconf 83' lang='lat' dir='ltr'><strong><em>Cucurrit,</em></strong></span> <span class='ocrx_word' id='word_1_598' title='bbox 2312 3500 2524 3571; x_wconf 84' lang='lat' dir='ltr'><strong><em>inquit,</em></strong></span> <span class='ocrx_word' id='word_1_599' title='bbox 2556 3508 2609 3555; x_wconf 83' lang='lat' dir='ltr'><strong><em>et</em></strong></span> <span class='ocrx_word' id='word_1_600' title='bbox 2636 3501 2841 3572; x_wconf 84' lang='lat' dir='ltr'><strong><em>accepit</em></strong></span> <span class='ocrx_word' id='word_1_601' title='bbox 2895 3500 3136 3554; x_wconf 88' lang='lat' dir='ltr'><strong><em>vitulum</em></strong></span> <span class='ocrx_word' id='word_1_602' title='bbox 3186 3515 3361 3554; x_wconf 86' lang='lat' dir='ltr'><strong><em>unum</em></strong></span> <span class='ocrx_word' id='word_1_603' title='bbox 3410 3503 3659 3554; x_wconf 88' lang='lat' dir='ltr'><strong><em>tenerum</em></strong></span> 
     </span>
    </p>
   </div>
   <div class='ocr_carea' id='block_1_82' title="bbox 2002 3588 3659 3659">
    <p class='ocr_par' dir='ltr' id='par_1_82' title="bbox 2002 3588 3659 3659">
     <span class='ocr_line' id='line_1_82' title="bbox 2002 3588 3659 3659; baseline -0.001 -14"><span class='ocrx_word' id='word_1_604' title='bbox 2002 3598 2054 3645; x_wconf 91' lang='lat' dir='ltr'><strong><em>et</em></strong></span> <span class='ocrx_word' id='word_1_605' title='bbox 2103 3589 2319 3651; x_wconf 83' lang='lat' dir='ltr'><strong><em>bonum,</em></strong></span> <span class='ocrx_word' id='word_1_606' title='bbox 2352 3596 2405 3643; x_wconf 89' lang='lat' dir='ltr'><strong><em>et</em></strong></span> <span class='ocrx_word' id='word_1_607' title='bbox 2449 3588 2597 3643; x_wconf 84' lang='lat' dir='ltr'><strong><em>dedit</em></strong></span> <span class='ocrx_word' id='word_1_608' title='bbox 2633 3604 2823 3659; x_wconf 89' lang='lat' dir='ltr'><strong><em>puero,</em></strong></span> <span class='ocrx_word' id='word_1_609' title='bbox 2883 3591 2933 3643; x_wconf 84' lang='lat' dir='ltr'><strong><em>et</em></strong></span> <span class='ocrx_word' id='word_1_610' title='bbox 2977 3590 3261 3659; x_wconf 82' lang='lat' dir='ltr'><strong><em>festinavit</em></strong></span> <span class='ocrx_word' id='word_1_611' title='bbox 3304 3591 3486 3659; x_wconf 82' lang='lat' dir='ltr'><strong><em>facere</em></strong></span> <span class='ocrx_word' id='word_1_612' title='bbox 3534 3604 3659 3643; x_wconf 89' lang='lat' dir='ltr'><strong><em>eum</em></strong></span> 
     </span>
    </p>
   </div>
   <div class='ocr_carea' id='block_1_83' title="bbox 2004 3676 3658 3749">
    <p class='ocr_par' dir='ltr' id='par_1_83' title="bbox 2004 3676 3658 3749">
     <span class='ocr_line' id='line_1_83' title="bbox 2004 3676 3658 3749; baseline 0 -17"><span class='ocrx_word' id='word_1_613' title='bbox 2004 3677 2158 3749; x_wconf 89' lang='lat' dir='ltr'><strong><em>(Gen.</em></strong></span> <span class='ocrx_word' id='word_1_614' title='bbox 2191 3692 2350 3744; x_wconf 85' lang='lat' dir='ltr'><strong><em>xvm,</em></strong></span> <span class='ocrx_word' id='word_1_615' title='bbox 2396 3678 2473 3745; x_wconf 91' lang='lat'><strong><em>7).</em></strong></span> <span class='ocrx_word' id='word_1_616' title='bbox 2526 3676 2751 3748; x_wconf 90' lang='lat' dir='ltr'><strong><em>Ubique</em></strong></span> <span class='ocrx_word' id='word_1_617' title='bbox 2808 3676 3062 3748; x_wconf 78' lang='lat' dir='ltr'><strong><em>impigre</em></strong></span> <span class='ocrx_word' id='word_1_618' title='bbox 3119 3676 3366 3741; x_wconf 81' lang='lat' dir='ltr'><strong><em>devotio,</em></strong></span> <span class='ocrx_word' id='word_1_619' title='bbox 3415 3682 3474 3732; x_wconf 89' lang='lat' dir='ltr'><strong><em>et</em></strong></span> <span class='ocrx_word' id='word_1_620' title='bbox 3528 3676 3658 3733; x_wconf 92' lang='lat' dir='ltr'><strong><em>ideo</em></strong></span> 
     </span>
    </p>
   </div>
   <div class='ocr_carea' id='block_1_84' title="bbox 2004 3764 3661 3836">
    <p class='ocr_par' dir='ltr' id='par_1_84' title="bbox 2004 3764 3661 3836">
     <span class='ocr_line' id='line_1_84' title="bbox 2004 3764 3661 3836; baseline -0.001 -15"><span class='ocrx_word' id='word_1_621' title='bbox 2004 3765 2120 3821; x_wconf 91' lang='lat' dir='ltr'><strong><em>Deo</em></strong></span> <span class='ocrx_word' id='word_1_622' title='bbox 2153 3766 2264 3821; x_wconf 91' lang='lat' dir='ltr'><strong><em>fuit</em></strong></span> <span class='ocrx_word' id='word_1_623' title='bbox 2295 3782 2518 3821; x_wconf 89' lang='lat' dir='ltr'><strong><em>munus</em></strong></span> <span class='ocrx_word' id='word_1_624' title='bbox 2544 3766 2672 3836; x_wconf 82' lang='lat' dir='ltr'><strong><em>ejus</em></strong></span> <span class='ocrx_word' id='word_1_625' title='bbox 2704 3769 3005 3835; x_wconf 86' lang='lat' dir='ltr'><strong><em>acceptum</em></strong></span> <span class='ocrx_word' id='word_1_626' title='bbox 3061 3765 3251 3820; x_wconf 89' lang='lat' dir='ltr'><strong><em>Habes</em></strong></span> <span class='ocrx_word' id='word_1_627' title='bbox 3299 3769 3356 3820; x_wconf 87' lang='lat' dir='ltr'><strong><em>et</em></strong></span> <span class='ocrx_word' id='word_1_628' title='bbox 3402 3764 3562 3833; x_wconf 88' lang='lat' dir='ltr'><strong><em>alibi,</em></strong></span> <span class='ocrx_word' id='word_1_629' title='bbox 3596 3769 3661 3820; x_wconf 90' lang='lat' dir='ltr'><strong><em>ut</em></strong></span> 
     </span>
    </p>
   </div>
   <div class='ocr_carea' id='block_1_85' title="bbox 2002 3852 3649 3924">
    <p class='ocr_par' dir='ltr' id='par_1_85' title="bbox 2002 3852 3649 3924">
     <span class='ocr_line' id='line_1_85' title="bbox 2002 3852 3649 3924; baseline -0.002 -15"><span class='ocrx_word' id='word_1_630' title='bbox 2002 3853 2174 3909; x_wconf 90' lang='lat' dir='ltr'><strong><em>sorlis</em></strong></span> <span class='ocrx_word' id='word_1_631' title='bbox 2204 3858 2394 3909; x_wconf 91' lang='lat' dir='ltr'><strong><em>ortum</em></strong></span> <span class='ocrx_word' id='word_1_632' title='bbox 2420 3853 2680 3908; x_wconf 89' lang='lat' dir='ltr'><strong><em>oratione</em></strong></span> <span class='ocrx_word' id='word_1_633' title='bbox 2711 3852 3023 3924; x_wconf 66' lang='lat' dir='ltr'><strong><em>praevenias</em></strong></span> <span class='ocrx_word' id='word_1_634' title='bbox 3077 3869 3088 3906; x_wconf 93' lang='lat'><strong>:</strong></span> <span class='ocrx_word' id='word_1_635' title='bbox 3143 3853 3392 3917; x_wconf 83' lang='lat' dir='ltr'><strong><em>Occurre,</em></strong></span> <span class='ocrx_word' id='word_1_636' title='bbox 3435 3853 3649 3924; x_wconf 85' lang='lat' dir='ltr'><strong><em>inquit,</em></strong></span> 
     </span>
    </p>
   </div>
   <div class='ocr_carea' id='block_1_86' title="bbox 2001 3939 3655 4013">
    <p class='ocr_par' dir='ltr' id='par_1_86' title="bbox 2001 3939 3655 4013">
     <span class='ocr_line' id='line_1_86' title="bbox 2001 3939 3655 4013; baseline -0.001 -15"><span class='ocrx_word' id='word_1_637' title='bbox 2001 3942 2072 3998; x_wconf 90' lang='lat' dir='ltr'><strong><em>ad</em></strong></span> <span class='ocrx_word' id='word_1_638' title='bbox 2100 3944 2232 3998; x_wconf 84' lang='lat' dir='ltr'><strong><em>solis</em></strong></span> <span class='ocrx_word' id='word_1_639' title='bbox 2263 3952 2441 3998; x_wconf 86' lang='lat' dir='ltr'><strong><em>ortum</em></strong></span> <span class='ocrx_word' id='word_1_640' title='bbox 2475 3942 2620 4013; x_wconf 89' lang='lat' dir='ltr'><strong><em>(Sap.</em></strong></span> <span class='ocrx_word' id='word_1_641' title='bbox 2672 3958 2785 4007; x_wconf 69' lang='lat' dir='ltr'><strong><em>xvr,</em></strong></span> <span class='ocrx_word' id='word_1_642' title='bbox 2834 3940 2948 4012; x_wconf 88' lang='lat'><strong><em>28).</em></strong></span> <span class='ocrx_word' id='word_1_643' title='bbox 3000 3939 3190 3996; x_wconf 88' lang='lat' dir='ltr'><strong><em>Habes</em></strong></span> <span class='ocrx_word' id='word_1_644' title='bbox 3236 3940 3293 3994; x_wconf 90' lang='lat' dir='ltr'><strong><em>in</em></strong></span> <span class='ocrx_word' id='word_1_645' title='bbox 3346 3940 3655 4013; x_wconf 86' lang='lat' dir='ltr'><strong><em>Evangelio</em></strong></span> 
     </span>
    </p>
   </div>
   <div class='ocr_carea' id='block_1_87' title="bbox 2003 4028 3652 4099">
    <p class='ocr_par' dir='ltr' id='par_1_87' title="bbox 2003 4028 3652 4099">
     <span class='ocr_line' id='line_1_87' title="bbox 2003 4028 3652 4099; baseline -0.002 -13"><span class='ocrx_word' id='word_1_646' title='bbox 2003 4030 2290 4087; x_wconf 89' lang='lat' dir='ltr'><strong><em>dicentem</em></strong></span> <span class='ocrx_word' id='word_1_647' title='bbox 2328 4030 2638 4086; x_wconf 90' lang='lat' dir='ltr'><strong><em>Dominum</em></strong></span> <span class='ocrx_word' id='word_1_648' title='bbox 2670 4031 2874 4086; x_wconf 86' lang='lat' dir='ltr'><strong><em>Jesum</em></strong></span> <span class='ocrx_word' id='word_1_649' title='bbox 2904 4046 2916 4084; x_wconf 77' lang='grc' dir='ltr'>ε</span> <span class='ocrx_word' id='word_1_650' title='bbox 2950 4030 3219 4094; x_wconf 74' lang='lat' dir='ltr'><strong><em>Zacchaee,</em></strong></span> <span class='ocrx_word' id='word_1_651' title='bbox 3250 4029 3518 4099; x_wconf 73' lang='lat' dir='ltr'><strong><em>festinam</em></strong></span> <span class='ocrx_word' id='word_1_652' title='bbox 3562 4028 3652 4083; x_wconf 88' lang='lat' dir='ltr'><strong><em>de-</em></strong></span> 
     </span>
    </p>
   </div>
   <div class='ocr_carea' id='block_1_88' title="bbox 1999 4117 3653 4194">
    <p class='ocr_par' dir='ltr' id='par_1_88' title="bbox 1999 4117 3653 4194">
     <span class='ocr_line' id='line_1_88' title="bbox 1999 4117 3653 4194; baseline -0.002 -20"><span class='ocrx_word' id='word_1_653' title='bbox 1999 4120 2194 4175; x_wconf 84' lang='lat' dir='ltr'><strong><em>scende</em></strong></span> <span class='ocrx_word' id='word_1_654' title='bbox 2222 4120 2372 4190; x_wconf 84' lang='lat' dir='ltr'><strong><em>(Luc.</em></strong></span> <span class='ocrx_word' id='word_1_655' title='bbox 2402 4136 2522 4183; x_wconf 71' lang='lat' dir='ltr'><strong><em>xxx,</em></strong></span> <span class='ocrx_word' id='word_1_656' title='bbox 2552 4119 2708 4186; x_wconf 86' lang='lat' dir='ltr'><strong><em>5).Et</em></strong></span> <span class='ocrx_word' id='word_1_657' title='bbox 2736 4117 2833 4173; x_wconf 92' lang='lat' dir='ltr'><strong><em>ille</em></strong></span> <span class='ocrx_word' id='word_1_658' title='bbox 2864 4118 3003 4188; x_wconf 88' lang='lat' dir='ltr'><strong><em>quia</em></strong></span> <span class='ocrx_word' id='word_1_659' title='bbox 3048 4117 3467 4194; x_wconf 63' lang='lat' dir='ltr'><strong><em>impetraverat</em></strong></span> <span class='ocrx_word' id='word_1_660' title='bbox 3499 4117 3653 4188; x_wconf 89' lang='lat' dir='ltr'><strong><em>quod</em></strong></span> 
     </span>
    </p>
   </div>
   <div class='ocr_carea' id='block_1_89' title="bbox 1998 4202 3652 4277">
    <p class='ocr_par' dir='ltr' id='par_1_89' title="bbox 1998 4202 3652 4277">
     <span class='ocr_line' id='line_1_89' title="bbox 1998 4202 3652 4277; baseline -0.001 -17"><span class='ocrx_word' id='word_1_661' title='bbox 1998 4207 2247 4274; x_wconf 88' lang='lat' dir='ltr'><strong><em>volebat,</em></strong></span> <span class='ocrx_word' id='word_1_662' title='bbox 2279 4214 2347 4263; x_wconf 90' lang='lat' dir='ltr'><strong><em>ut</em></strong></span> <span class='ocrx_word' id='word_1_663' title='bbox 2377 4206 2675 4263; x_wconf 89' lang='lat' dir='ltr'><strong><em>Christum</em></strong></span> <span class='ocrx_word' id='word_1_664' title='bbox 2708 4206 2961 4271; x_wconf 81' lang='lat' dir='ltr'><strong><em>videret;</em></strong></span> <span class='ocrx_word' id='word_1_665' title='bbox 2995 4211 3052 4261; x_wconf 90' lang='lat' dir='ltr'><strong><em>et</em></strong></span> <span class='ocrx_word' id='word_1_666' title='bbox 3100 4202 3652 4277; x_wconf 89' lang='lat' dir='ltr'><strong><em>ampliusimpetra-</em></strong></span> 
     </span>
    </p>
   </div>
   <div class='ocr_carea' id='block_1_90' title="bbox 1997 4292 3653 4365">
    <p class='ocr_par' dir='ltr' id='par_1_90' title="bbox 1997 4292 3653 4365">
     <span class='ocr_line' id='line_1_90' title="bbox 1997 4292 3653 4365; baseline -0.002 -14"><span class='ocrx_word' id='word_1_667' title='bbox 1997 4301 2176 4365; x_wconf 89' lang='lat' dir='ltr'><strong><em>verat,</em></strong></span> <span class='ocrx_word' id='word_1_668' title='bbox 2215 4302 2279 4351; x_wconf 92' lang='lat' dir='ltr'><strong><em>ut</em></strong></span> <span class='ocrx_word' id='word_1_669' title='bbox 2319 4296 2615 4351; x_wconf 87' lang='lat' dir='ltr'><strong><em>videretur</em></strong></span> <span class='ocrx_word' id='word_1_670' title='bbox 2659 4301 2716 4350; x_wconf 92' lang='lat' dir='ltr'><strong><em>et</em></strong></span> <span class='ocrx_word' id='word_1_671' title='bbox 2763 4299 3068 4350; x_wconf 84' lang='lat' dir='ltr'><strong><em>vocaretur</em></strong></span> <span class='ocrx_word' id='word_1_672' title='bbox 3123 4311 3157 4349; x_wconf 90' lang='lat' dir='ltr'><strong><em>a</em></strong></span> <span class='ocrx_word' id='word_1_673' title='bbox 3205 4292 3455 4358; x_wconf 88' lang='lat' dir='ltr'><strong><em>Christo,</em></strong></span> <span class='ocrx_word' id='word_1_674' title='bbox 3489 4293 3653 4348; x_wconf 82' lang='lat' dir='ltr'><strong><em>festi-</em></strong></span> 
     </span>
    </p>
   </div>
   <div class='ocr_carea' id='block_1_91' title="bbox 1999 4381 3652 4454">
    <p class='ocr_par' dir='ltr' id='par_1_91' title="bbox 1999 4381 3652 4454">
     <span class='ocr_line' id='line_1_91' title="bbox 1999 4381 3652 4454; baseline -0.002 -14"><span class='ocrx_word' id='word_1_675' title='bbox 1999 4402 2149 4441; x_wconf 89' lang='lat' dir='ltr'><strong><em>nans</em></strong></span> <span class='ocrx_word' id='word_1_676' title='bbox 2180 4384 2500 4451; x_wconf 82' lang='lat' dir='ltr'><strong><em>descendit,</em></strong></span> <span class='ocrx_word' id='word_1_677' title='bbox 2536 4391 2590 4439; x_wconf 90' lang='lat' dir='ltr'><strong><em>et</em></strong></span> <span class='ocrx_word' id='word_1_678' title='bbox 2620 4384 2845 4454; x_wconf 84' lang='lat' dir='ltr'><strong><em>excepit</em></strong></span> <span class='ocrx_word' id='word_1_679' title='bbox 2884 4382 3052 4437; x_wconf 91' lang='lat' dir='ltr'><strong><em>illum</em></strong></span> <span class='ocrx_word' id='word_1_680' title='bbox 3098 4383 3394 4454; x_wconf 83' lang='lat' dir='ltr'><strong><em>gaudens;</em></strong></span> <span class='ocrx_word' id='word_1_681' title='bbox 3430 4384 3487 4437; x_wconf 87' lang='lat' dir='ltr'><strong><em>et</em></strong></span> <span class='ocrx_word' id='word_1_682' title='bbox 3521 4381 3652 4437; x_wconf 90' lang='lat' dir='ltr'><strong><em>ideo</em></strong></span> 
     </span>
    </p>
   </div>
   <div class='ocr_carea' id='block_1_92' title="bbox 1998 4471 3654 4546">
    <p class='ocr_par' dir='ltr' id='par_1_92' title="bbox 1998 4471 3654 4546">
     <span class='ocr_line' id='line_1_92' title="bbox 1998 4471 3654 4546; baseline -0.002 -17"><span class='ocrx_word' id='word_1_683' title='bbox 1998 4474 2262 4546; x_wconf 89' lang='lat' dir='ltr'><strong><em>probavit</em></strong></span> <span class='ocrx_word' id='word_1_684' title='bbox 2293 4473 2578 4528; x_wconf 89' lang='lat' dir='ltr'><strong><em>Dominus</em></strong></span> <span class='ocrx_word' id='word_1_685' title='bbox 2608 4474 2737 4542; x_wconf 89' lang='lat' dir='ltr'><strong><em>ejus</em></strong></span> <span class='ocrx_word' id='word_1_686' title='bbox 2768 4472 3066 4533; x_wconf 70' lang='lat' dir='ltr'><strong><em>affectum,</em></strong></span> <span class='ocrx_word' id='word_1_687' title='bbox 3100 4476 3156 4525; x_wconf 89' lang='lat' dir='ltr'><strong><em>et</em></strong></span> <span class='ocrx_word' id='word_1_688' title='bbox 3186 4487 3318 4526; x_wconf 91' lang='lat' dir='ltr'><strong><em>eum</em></strong></span> <span class='ocrx_word' id='word_1_689' title='bbox 3353 4471 3525 4526; x_wconf 81' lang='lat' dir='ltr'><strong><em>celeri</em></strong></span> <span class='ocrx_word' id='word_1_690' title='bbox 3569 4487 3654 4526; x_wconf 89' lang='lat' dir='ltr'><strong><em>re-</em></strong></span> 
     </span>
    </p>
   </div>
   <div class='ocr_carea' id='block_1_93' title="bbox 241 4560 3651 4648">
    <p class='ocr_par' dir='ltr' id='par_1_93' title="bbox 241 4560 3651 4648">
     <span class='ocr_line' id='line_1_93' title="bbox 241 4560 3651 4648; baseline -0.001 -29"><span class='ocrx_word' id='word_1_691' title='bbox 241 4579 404 4621; x_wconf 83' lang='lat' dir='ltr'><strong><em>suam</em></strong></span> <span class='ocrx_word' id='word_1_692' title='bbox 433 4565 677 4621; x_wconf 86' lang='lat' dir='ltr'><strong><em>duceret</em></strong></span> <span class='ocrx_word' id='word_1_693' title='bbox 713 4564 786 4620; x_wconf 88' lang='lat' dir='ltr'><strong><em>de</em></strong></span> <span class='ocrx_word' id='word_1_694' title='bbox 829 4566 1115 4636; x_wconf 87' lang='lat' dir='ltr'><strong><em>potestate</em></strong></span> <span class='ocrx_word' id='word_1_695' title='bbox 1146 4562 1245 4618; x_wconf 92' lang='lat' dir='ltr'><strong><em>Dei</em></strong></span> <span class='ocrx_word' id='word_1_696' title='bbox 1296 4566 1510 4629; x_wconf 89' lang='lat' dir='ltr'><strong><em>certus,</em></strong></span> <span class='ocrx_word' id='word_1_697' title='bbox 1541 4568 1600 4619; x_wconf 89' lang='lat' dir='ltr'><strong><em>et</em></strong></span> <span class='ocrx_word' id='word_1_698' title='bbox 1629 4563 1887 4620; x_wconf 88' lang='lat' dir='ltr'><strong><em>bonitate</em></strong></span> <span class='ocrx_word' id='word_1_699' title='bbox 1917 4584 1963 4648; x_wconf 73' lang='grc' dir='ltr'>Ι)</span> <span class='ocrx_word' id='word_1_700' title='bbox 1998 4562 2401 4619; x_wconf 86' lang='lat' dir='ltr'><strong><em>muneratione</em></strong></span> <span class='ocrx_word' id='word_1_701' title='bbox 2430 4561 2668 4616; x_wconf 89' lang='lat' dir='ltr'><strong><em>donavit</em></strong></span> <span class='ocrx_word' id='word_1_702' title='bbox 2698 4560 2900 4616; x_wconf 90' lang='lat' dir='ltr'><strong><em>dicens</em></strong></span> <span class='ocrx_word' id='word_1_703' title='bbox 2945 4576 2957 4615; x_wconf 91' lang='lat'><strong>:</strong></span> <span class='ocrx_word' id='word_1_704' title='bbox 2999 4560 3137 4627; x_wconf 86' lang='lat' dir='ltr'><strong><em>Quia</em></strong></span> <span class='ocrx_word' id='word_1_705' title='bbox 3174 4560 3334 4615; x_wconf 87' lang='lat' dir='ltr'><strong><em>hodie</em></strong></span> <span class='ocrx_word' id='word_1_706' title='bbox 3377 4562 3529 4615; x_wconf 82' lang='lat' dir='ltr'><strong><em>salus</em></strong></span> <span class='ocrx_word' id='word_1_707' title='bbox 3551 4560 3651 4614; x_wconf 88' lang='lat' dir='ltr'><strong><em>do-</em></strong></span> 
     </span>
    </p>
   </div>
   <div class='ocr_carea' id='block_1_94' title="bbox 240 4668 501 4709">
    <p class='ocr_par' dir='ltr' id='par_1_94' title="bbox 240 4668 501 4709">
     <span class='ocr_line' id='line_1_94' title="bbox 240 4668 501 4709; baseline -0.004 -1"><span class='ocrx_word' id='word_1_708' title='bbox 240 4668 501 4709; x_wconf 83' lang='lat' dir='ltr'><strong><em>securus.</em></strong></span> 
     </span>
    </p>
   </div>
   <div class='ocr_carea' id='block_1_95' title="bbox 302 4739 1885 4813">
    <p class='ocr_par' dir='ltr' id='par_1_95' title="bbox 302 4739 1885 4813">
     <span class='ocr_line' id='line_1_95' title="bbox 302 4739 1885 4813; baseline -0.001 -15"><span class='ocrx_word' id='word_1_709' title='bbox 302 4742 392 4797; x_wconf 82' lang='lat'><strong><em>30.</em></strong></span> <span class='ocrx_word' id='word_1_710' title='bbox 425 4742 590 4808; x_wconf 86' lang='lat' dir='ltr'><strong><em>Quod</em></strong></span> <span class='ocrx_word' id='word_1_711' title='bbox 640 4744 838 4797; x_wconf 85' lang='lat' dir='ltr'><strong><em>autem</em></strong></span> <span class='ocrx_word' id='word_1_712' title='bbox 869 4739 969 4809; x_wconf 86' lang='lat' dir='ltr'><strong><em>ait,</em></strong></span> <span class='ocrx_word' id='word_1_713' title='bbox 1001 4740 1091 4796; x_wconf 89' lang='lat' dir='ltr'><strong><em>die</em></strong></span> <span class='ocrx_word' id='word_1_714' title='bbox 1120 4742 1279 4796; x_wconf 86' lang='lat' dir='ltr'><strong><em>tertia</em></strong></span> <span class='ocrx_word' id='word_1_715' title='bbox 1308 4759 1328 4795; x_wconf 87' lang='lat'><strong><em>:</em></strong></span> <span class='ocrx_word' id='word_1_716' title='bbox 1360 4739 1449 4796; x_wconf 90' lang='lat' dir='ltr'><strong><em>vel</em></strong></span> <span class='ocrx_word' id='word_1_717' title='bbox 1500 4741 1655 4813; x_wconf 90' lang='lat' dir='ltr'><strong><em>quod</em></strong></span> <span class='ocrx_word' id='word_1_718' title='bbox 1706 4742 1885 4797; x_wconf 88' lang='lat' dir='ltr'><strong><em>couti-</em></strong></span> 
     </span>
    </p>
   </div>
   <div class='ocr_carea' id='block_1_96' title="bbox 234 4828 1881 4901">
    <p class='ocr_par' dir='ltr' id='par_1_96' title="bbox 234 4828 1881 4901">
     <span class='ocr_line' id='line_1_96' title="bbox 234 4828 1881 4901; baseline 0.001 -17"><span class='ocrx_word' id='word_1_719' title='bbox 234 4845 354 4886; x_wconf 85' lang='lat' dir='ltr'><strong><em>uua</em></strong></span> <span class='ocrx_word' id='word_1_720' title='bbox 380 4846 511 4887; x_wconf 87' lang='lat' dir='ltr'><strong><em>esse</em></strong></span> <span class='ocrx_word' id='word_1_721' title='bbox 540 4830 748 4887; x_wconf 90' lang='lat' dir='ltr'><strong><em>debeat</em></strong></span> <span class='ocrx_word' id='word_1_722' title='bbox 791 4834 849 4884; x_wconf 89' lang='lat' dir='ltr'><strong><em>et</em></strong></span> <span class='ocrx_word' id='word_1_723' title='bbox 894 4832 1174 4901; x_wconf 87' lang='lat' dir='ltr'><strong><em>perpetua</em></strong></span> <span class='ocrx_word' id='word_1_724' title='bbox 1221 4828 1465 4884; x_wconf 90' lang='lat' dir='ltr'><strong><em>devotio.</em></strong></span> <span class='ocrx_word' id='word_1_725' title='bbox 1500 4829 1881 4901; x_wconf 86' lang='lat' dir='ltr'><strong><em>Tripartitum</em></strong></span> 
     </span>
    </p>
   </div>
   <div class='ocr_carea' id='block_1_97' title="bbox 231 4916 1877 4990">
    <p class='ocr_par' dir='ltr' id='par_1_97' title="bbox 231 4916 1877 4990">
     <span class='ocr_line' id='line_1_97' title="bbox 231 4916 1877 4990; baseline 0.002 -17"><span class='ocrx_word' id='word_1_726' title='bbox 231 4923 325 4974; x_wconf 88' lang='lat' dir='ltr'><strong><em>est</em></strong></span> <span class='ocrx_word' id='word_1_727' title='bbox 351 4919 509 4975; x_wconf 88' lang='lat' dir='ltr'><strong><em>enim</em></strong></span> <span class='ocrx_word' id='word_1_728' title='bbox 540 4923 795 4990; x_wconf 89' lang='lat' dir='ltr'><strong><em>tempus,</em></strong></span> <span class='ocrx_word' id='word_1_729' title='bbox 827 4916 1480 4990; x_wconf 65' lang='lat' dir='ltr'><strong><em>prateritum,prasseus</em></strong></span> <span class='ocrx_word' id='word_1_730' title='bbox 1506 4922 1563 4974; x_wconf 92' lang='lat' dir='ltr'><strong><em>et</em></strong></span> <span class='ocrx_word' id='word_1_731' title='bbox 1592 4919 1877 4976; x_wconf 82' lang='lat' dir='ltr'><strong><em>futurum.</em></strong></span> 
     </span>
    </p>
   </div>
   <div class='ocr_carea' id='block_1_98' title="bbox 231 5006 1884 5078">
    <p class='ocr_par' dir='ltr' id='par_1_98' title="bbox 231 5006 1884 5078">
     <span class='ocr_line' id='line_1_98' title="bbox 231 5006 1884 5078; baseline 0.002 -17"><span class='ocrx_word' id='word_1_732' title='bbox 231 5007 359 5073; x_wconf 88' lang='lat' dir='ltr'><strong><em>Quo</em></strong></span> <span class='ocrx_word' id='word_1_733' title='bbox 388 5008 779 5064; x_wconf 87' lang='lat' dir='ltr'><strong><em>admonemur</em></strong></span> <span class='ocrx_word' id='word_1_734' title='bbox 808 5006 961 5078; x_wconf 88' lang='lat' dir='ltr'><strong><em>quod</em></strong></span> <span class='ocrx_word' id='word_1_735' title='bbox 998 5022 1102 5061; x_wconf 90' lang='lat' dir='ltr'><strong><em>nec</em></strong></span> <span class='ocrx_word' id='word_1_736' title='bbox 1133 5006 1558 5078; x_wconf 70' lang='lat' dir='ltr'><strong><em>praeteritorum</em></strong></span> <span class='ocrx_word' id='word_1_737' title='bbox 1580 5008 1884 5064; x_wconf 85' lang='lat' dir='ltr'><strong><em>beneficio-</em></strong></span> 
     </span>
    </p>
   </div>
   <div class='ocr_carea' id='block_1_99' title="bbox 231 5093 1882 5168">
    <p class='ocr_par' dir='ltr' id='par_1_99' title="bbox 231 5093 1882 5168">
     <span class='ocr_line' id='line_1_99' title="bbox 231 5093 1882 5168; baseline 0.002 -18"><span class='ocrx_word' id='word_1_738' title='bbox 231 5110 365 5152; x_wconf 83' lang='lat' dir='ltr'><strong><em>rum</em></strong></span> <span class='ocrx_word' id='word_1_739' title='bbox 396 5095 521 5164; x_wconf 89' lang='lat' dir='ltr'><strong><em>Dei,</em></strong></span> <span class='ocrx_word' id='word_1_740' title='bbox 555 5093 643 5151; x_wconf 91' lang='lat' dir='ltr'><strong><em>vel</em></strong></span> <span class='ocrx_word' id='word_1_741' title='bbox 694 5094 1088 5167; x_wconf 62' lang='lat' dir='ltr'><strong><em>praesentium,</em></strong></span> <span class='ocrx_word' id='word_1_742' title='bbox 1122 5093 1210 5149; x_wconf 89' lang='lat' dir='ltr'><strong><em>vel</em></strong></span> <span class='ocrx_word' id='word_1_743' title='bbox 1253 5093 1585 5149; x_wconf 85' lang='lat' dir='ltr'><strong><em>futurorum</em></strong></span> <span class='ocrx_word' id='word_1_744' title='bbox 1630 5096 1882 5168; x_wconf 91' lang='lat' dir='ltr'><strong><em>irrepere</em></strong></span> 
     </span>
    </p>
   </div>
   <div class='ocr_carea' id='block_1_100' title="bbox 228 5181 1878 5257">
    <p class='ocr_par' dir='ltr' id='par_1_100' title="bbox 228 5181 1878 5257">
     <span class='ocr_line' id='line_1_100' title="bbox 228 5181 1878 5257; baseline 0.002 -20"><span class='ocrx_word' id='word_1_745' title='bbox 228 5181 441 5241; x_wconf 88' lang='lat' dir='ltr'><strong><em>debeat</em></strong></span> <span class='ocrx_word' id='word_1_746' title='bbox 470 5183 593 5239; x_wconf 88' lang='lat' dir='ltr'><strong><em>ulla</em></strong></span> <span class='ocrx_word' id='word_1_747' title='bbox 621 5183 854 5253; x_wconf 91' lang='lat' dir='ltr'><strong><em>oblivio,</em></strong></span> <span class='ocrx_word' id='word_1_748' title='bbox 872 5182 973 5238; x_wconf 89' lang='lat' dir='ltr'><strong><em>sed</em></strong></span> <span class='ocrx_word' id='word_1_749' title='bbox 1005 5186 1179 5238; x_wconf 78' lang='lat' dir='ltr'><strong><em>tenax</em></strong></span> <span class='ocrx_word' id='word_1_750' title='bbox 1205 5182 1405 5256; x_wconf 79' lang='lat' dir='ltr'><strong><em>gratias</em></strong></span> <span class='ocrx_word' id='word_1_751' title='bbox 1437 5183 1720 5240; x_wconf 89' lang='lat' dir='ltr'><strong><em>memoria</em></strong></span> <span class='ocrx_word' id='word_1_752' title='bbox 1750 5200 1878 5257; x_wconf 89' lang='lat' dir='ltr'><strong><em>per-</em></strong></span> 
     </span>
    </p>
   </div>
   <div class='ocr_carea' id='block_1_101' title="bbox 229 5268 1876 5342">
    <p class='ocr_par' dir='ltr' id='par_1_101' title="bbox 229 5268 1876 5342">
     <span class='ocr_line' id='line_1_101' title="bbox 229 5268 1876 5342; baseline 0.001 -17"><span class='ocrx_word' id='word_1_753' title='bbox 229 5284 517 5337; x_wconf 84' lang='lat' dir='ltr'><strong><em>severare,</em></strong></span> <span class='ocrx_word' id='word_1_754' title='bbox 551 5273 608 5325; x_wconf 90' lang='lat' dir='ltr'><strong><em>et</em></strong></span> <span class='ocrx_word' id='word_1_755' title='bbox 661 5268 992 5325; x_wconf 87' lang='lat' dir='ltr'><strong><em>obedientia</em></strong></span> <span class='ocrx_word' id='word_1_756' title='bbox 1046 5285 1162 5323; x_wconf 90' lang='lat' dir='ltr'><strong><em>non</em></strong></span> <span class='ocrx_word' id='word_1_757' title='bbox 1216 5269 1437 5325; x_wconf 90' lang='lat' dir='ltr'><strong><em>deesse.</em></strong></span> <span class='ocrx_word' id='word_1_758' title='bbox 1480 5269 1582 5325; x_wconf 83' lang='lat' dir='ltr'><strong><em>Vel</em></strong></span> <span class='ocrx_word' id='word_1_759' title='bbox 1633 5271 1771 5342; x_wconf 89' lang='lat' dir='ltr'><strong><em>quia</em></strong></span> <span class='ocrx_word' id='word_1_760' title='bbox 1827 5272 1876 5327; x_wconf 90' lang='lat' dir='ltr'><strong><em>is</em></strong></span> 
     </span>
    </p>
   </div>
   <div class='ocr_carea' id='block_1_102' title="bbox 300 5444 1879 5519">
    <p class='ocr_par' dir='ltr' id='par_1_102' title="bbox 300 5444 1879 5519">
     <span class='ocr_line' id='line_1_102' title="bbox 300 5444 1879 5519; baseline 0.003 -20"><span class='ocrx_word' id='word_1_761' title='bbox 300 5444 417 5519; x_wconf 66' lang='lat' dir='ltr'><strong><em>(23f)</em></strong></span> <span class='ocrx_word' id='word_1_762' title='bbox 445 5446 543 5519; x_wconf 80' lang='lat' dir='ltr'><strong><em>Sic</em></strong></span> <span class='ocrx_word' id='word_1_763' title='bbox 574 5446 710 5501; x_wconf 87' lang='lat' dir='ltr'><strong><em>edit.</em></strong></span> <span class='ocrx_word' id='word_1_764' title='bbox 745 5462 982 5519; x_wconf 81' lang='lat' dir='ltr'><strong><em>omnes;</em></strong></span> <span class='ocrx_word' id='word_1_765' title='bbox 1016 5445 1369 5519; x_wconf 84' lang='lat' dir='ltr'><strong><em>Mss.coutra</em></strong></span> <span class='ocrx_word' id='word_1_766' title='bbox 1397 5463 1609 5519; x_wconf 74' lang='lat' dir='ltr'><strong><em>magno</em></strong></span> <span class='ocrx_word' id='word_1_767' title='bbox 1641 5464 1879 5504; x_wconf 90' lang='lat' dir='ltr'><strong><em>consen-</em></strong></span> 
     </span>
    </p>
   </div>
   <div class='ocr_carea' id='block_1_103' title="bbox 228 5516 1875 5589">
    <p class='ocr_par' dir='ltr' id='par_1_103' title="bbox 228 5516 1875 5589">
     <span class='ocr_line' id='line_1_103' title="bbox 228 5516 1875 5589; baseline 0.004 -20"><span class='ocrx_word' id='word_1_768' title='bbox 228 5530 325 5583; x_wconf 88' lang='lat' dir='ltr'><strong><em>su,</em></strong></span> <span class='ocrx_word' id='word_1_769' title='bbox 354 5516 569 5589; x_wconf 79' lang='lat' dir='ltr'><strong><em>duabus</em></strong></span> <span class='ocrx_word' id='word_1_770' title='bbox 597 5533 807 5589; x_wconf 86' lang='lat' dir='ltr'><strong><em>quoque</em></strong></span> <span class='ocrx_word' id='word_1_771' title='bbox 835 5517 1418 5589; x_wconf 84' lang='lat' dir='ltr'><strong><em>ﬁdeivirtutibus,etc.</em></strong></span> <span class='ocrx_word' id='word_1_772' title='bbox 1452 5516 1577 5589; x_wconf 55' lang='lat' dir='ltr'><strong><em>Nan</em></strong></span> <span class='ocrx_word' id='word_1_773' title='bbox 1610 5518 1789 5587; x_wconf 90' lang='lat' dir='ltr'><strong><em>male;</em></strong></span> <span class='ocrx_word' id='word_1_774' title='bbox 1826 5522 1875 5577; x_wconf 91' lang='lat' dir='ltr'><strong><em>si</em></strong></span> 
     </span>
    </p>
   </div>
   <div class='ocr_carea' id='block_1_104' title="bbox 229 5586 1874 5663">
    <p class='ocr_par' dir='ltr' id='par_1_104' title="bbox 229 5586 1874 5663">
     <span class='ocr_line' id='line_1_104' title="bbox 229 5586 1874 5663; baseline 0.004 -21"><span class='ocrx_word' id='word_1_775' title='bbox 229 5588 406 5663; x_wconf 68' lang='lat' dir='ltr'><strong><em>modo</em></strong></span> <span class='ocrx_word' id='word_1_776' title='bbox 438 5588 587 5663; x_wconf 88' lang='lat' dir='ltr'><strong><em>duas</em></strong></span> <span class='ocrx_word' id='word_1_777' title='bbox 606 5586 860 5663; x_wconf 66' lang='lat' dir='ltr'><strong><em>virtutes</em></strong></span> <span class='ocrx_word' id='word_1_778' title='bbox 913 5587 1046 5645; x_wconf 82' lang='lat' dir='ltr'><strong><em>ﬁdei</em></strong></span> <span class='ocrx_word' id='word_1_779' title='bbox 1091 5586 1334 5643; x_wconf 88' lang='lat' dir='ltr'><strong><em>comites</em></strong></span> <span class='ocrx_word' id='word_1_780' title='bbox 1366 5587 1677 5661; x_wconf 88' lang='lat' dir='ltr'><strong><em>intelligas,</em></strong></span> <span class='ocrx_word' id='word_1_781' title='bbox 1712 5586 1874 5663; x_wconf 88' lang='lat' dir='ltr'><strong><em>spem</em></strong></span> 
     </span>
    </p>
   </div>
   <div class='ocr_carea' id='block_1_105' title="bbox 228 5657 979 5717">
    <p class='ocr_par' dir='ltr' id='par_1_105' title="bbox 228 5657 979 5717">
     <span class='ocr_line' id='line_1_105' title="bbox 228 5657 979 5717; baseline 0.005 -6"><span class='ocrx_word' id='word_1_782' title='bbox 228 5657 501 5716; x_wconf 84' lang='lat' dir='ltr'><strong><em>videlicet</em></strong></span> <span class='ocrx_word' id='word_1_783' title='bbox 529 5662 587 5716; x_wconf 88' lang='lat' dir='ltr'><strong><em>et</em></strong></span> <span class='ocrx_word' id='word_1_784' title='bbox 613 5659 979 5717; x_wconf 86' lang='lat' dir='ltr'><strong><em>charitatem.</em></strong></span> 
     </span>
    </p>
   </div>
   <div class='ocr_carea' id='block_1_106' title="bbox 1993 4647 3651 4722">
    <p class='ocr_par' dir='ltr' id='par_1_106' title="bbox 1993 4647 3651 4722">
     <span class='ocr_line' id='line_1_106' title="bbox 1993 4647 3651 4722; baseline -0.003 -15"><span class='ocrx_word' id='word_1_785' title='bbox 1993 4654 2114 4707; x_wconf 89' lang='lat' dir='ltr'><strong><em>mui</em></strong></span> <span class='ocrx_word' id='word_1_786' title='bbox 2141 4652 2268 4706; x_wconf 84' lang='lat' dir='ltr'><strong><em>huic</em></strong></span> <span class='ocrx_word' id='word_1_787' title='bbox 2292 4652 2441 4722; x_wconf 81' lang='lat' dir='ltr'><strong><em>facta</em></strong></span> <span class='ocrx_word' id='word_1_788' title='bbox 2470 4652 2550 4705; x_wconf 86' lang='lat' dir='ltr'><strong><em>est</em></strong></span> <span class='ocrx_word' id='word_1_789' title='bbox 2575 4649 2741 4720; x_wconf 88' lang='lat' dir='ltr'><strong><em>(Ibid.</em></strong></span> <span class='ocrx_word' id='word_1_790' title='bbox 2771 4650 2850 4717; x_wconf 83' lang='lat'><strong><em>9).</em></strong></span> <span class='ocrx_word' id='word_1_791' title='bbox 2884 4649 3201 4705; x_wconf 89' lang='lat' dir='ltr'><strong><em>Festinavit</em></strong></span> <span class='ocrx_word' id='word_1_792' title='bbox 3230 4650 3388 4704; x_wconf 91' lang='lat' dir='ltr'><strong><em>enim</em></strong></span> <span class='ocrx_word' id='word_1_793' title='bbox 3437 4653 3494 4702; x_wconf 89' lang='lat' dir='ltr'><strong><em>et</em></strong></span> <span class='ocrx_word' id='word_1_794' title='bbox 3531 4647 3651 4703; x_wconf 91' lang='lat' dir='ltr'><strong><em>Do-</em></strong></span> 
     </span>
    </p>
   </div>
   <div class='ocr_carea' id='block_1_107' title="bbox 1994 4737 3649 4808">
    <p class='ocr_par' dir='ltr' id='par_1_107' title="bbox 1994 4737 3649 4808">
     <span class='ocr_line' id='line_1_107' title="bbox 1994 4737 3649 4808; baseline -0.005 -13"><span class='ocrx_word' id='word_1_795' title='bbox 1994 4740 2193 4795; x_wconf 89' lang='lat' dir='ltr'><strong><em>minus</em></strong></span> <span class='ocrx_word' id='word_1_796' title='bbox 2243 4740 2313 4794; x_wconf 89' lang='lat' dir='ltr'><strong><em>ad</em></strong></span> <span class='ocrx_word' id='word_1_797' title='bbox 2362 4737 2747 4803; x_wconf 82' lang='lat' dir='ltr'><strong><em>beneﬁcium;</em></strong></span> <span class='ocrx_word' id='word_1_798' title='bbox 2781 4742 2839 4793; x_wconf 92' lang='lat' dir='ltr'><strong><em>et</em></strong></span> <span class='ocrx_word' id='word_1_799' title='bbox 2867 4737 2996 4793; x_wconf 90' lang='lat' dir='ltr'><strong><em>ideo</em></strong></span> <span class='ocrx_word' id='word_1_800' title='bbox 3030 4755 3145 4793; x_wconf 90' lang='lat' dir='ltr'><strong><em>non</em></strong></span> <span class='ocrx_word' id='word_1_801' title='bbox 3177 4737 3550 4808; x_wconf 84' lang='lat' dir='ltr'><strong><em>exspectavit,</em></strong></span> <span class='ocrx_word' id='word_1_802' title='bbox 3584 4739 3649 4788; x_wconf 89' lang='lat' dir='ltr'><strong><em>ut</em></strong></span> 
     </span>
    </p>
   </div>
   <div class='ocr_carea' id='block_1_108' title="bbox 1992 4821 3648 4900">
    <p class='ocr_par' dir='ltr' id='par_1_108' title="bbox 1992 4821 3648 4900">
     <span class='ocr_line' id='line_1_108' title="bbox 1992 4821 3648 4900; baseline -0.005 -17"><span class='ocrx_word' id='word_1_803' title='bbox 1992 4827 2381 4900; x_wconf 87' lang='lat' dir='ltr'><strong><em>promitteret,</em></strong></span> <span class='ocrx_word' id='word_1_804' title='bbox 2413 4831 2470 4881; x_wconf 93' lang='lat' dir='ltr'><strong><em>et</em></strong></span> <span class='ocrx_word' id='word_1_805' title='bbox 2499 4831 2702 4897; x_wconf 87' lang='lat' dir='ltr'><strong><em>postea</em></strong></span> <span class='ocrx_word' id='word_1_806' title='bbox 2733 4825 3037 4898; x_wconf 89' lang='lat' dir='ltr'><strong><em>impleret;</em></strong></span> <span class='ocrx_word' id='word_1_807' title='bbox 3072 4828 3172 4881; x_wconf 88' lang='lat' dir='ltr'><strong><em>sed</em></strong></span> <span class='ocrx_word' id='word_1_808' title='bbox 3199 4830 3371 4880; x_wconf 88' lang='lat' dir='ltr'><strong><em>antea</em></strong></span> <span class='ocrx_word' id='word_1_809' title='bbox 3403 4821 3557 4885; x_wconf 87' lang='lat' dir='ltr'><strong><em>fecit,</em></strong></span> <span class='ocrx_word' id='word_1_810' title='bbox 3591 4825 3648 4875; x_wconf 89' lang='lat' dir='ltr'><strong><em>et</em></strong></span> 
     </span>
    </p>
   </div>
   <div class='ocr_carea' id='block_1_109' title="bbox 1992 4907 3644 4989">
    <p class='ocr_par' dir='ltr' id='par_1_109' title="bbox 1992 4907 3644 4989">
     <span class='ocr_line' id='line_1_109' title="bbox 1992 4907 3644 4989; baseline -0.008 -16"><span class='ocrx_word' id='word_1_811' title='bbox 1992 4920 2195 4989; x_wconf 89' lang='lat' dir='ltr'><strong><em>postea</em></strong></span> <span class='ocrx_word' id='word_1_812' title='bbox 2224 4914 2556 4971; x_wconf 88' lang='lat' dir='ltr'><strong><em>declaravit.</em></strong></span> <span class='ocrx_word' id='word_1_813' title='bbox 2610 4915 2764 4971; x_wconf 88' lang='lat' dir='ltr'><strong><em>Dixit</em></strong></span> <span class='ocrx_word' id='word_1_814' title='bbox 2810 4915 2967 4970; x_wconf 89' lang='lat' dir='ltr'><strong><em>enim</em></strong></span> <span class='ocrx_word' id='word_1_815' title='bbox 3022 4933 3033 4970; x_wconf 93' lang='lat'><strong>:</strong></span> <span class='ocrx_word' id='word_1_816' title='bbox 3083 4916 3247 4969; x_wconf 84' lang='lat' dir='ltr'><strong><em>Facta</em></strong></span> <span class='ocrx_word' id='word_1_817' title='bbox 3291 4917 3371 4966; x_wconf 87' lang='lat' dir='ltr'><strong><em>est</em></strong></span> <span class='ocrx_word' id='word_1_818' title='bbox 3419 4907 3577 4962; x_wconf 84' lang='lat' dir='ltr'><strong><em>salus</em></strong></span> <span class='ocrx_word' id='word_1_819' title='bbox 3624 4925 3644 4961; x_wconf 92' lang='lat'><em>:</em></span> 
     </span>
    </p>
   </div>
   <div class='ocr_carea' id='block_1_110' title="bbox 1990 4996 3645 5077">
    <p class='ocr_par' dir='ltr' id='par_1_110' title="bbox 1990 4996 3645 5077">
     <span class='ocr_line' id='line_1_110' title="bbox 1990 4996 3645 5077; baseline -0.006 -16"><span class='ocrx_word' id='word_1_820' title='bbox 1990 5004 2147 5077; x_wconf 89' lang='lat' dir='ltr'><strong><em>quod</em></strong></span> <span class='ocrx_word' id='word_1_821' title='bbox 2181 5004 2383 5075; x_wconf 88' lang='lat' dir='ltr'><strong><em>utique</em></strong></span> <span class='ocrx_word' id='word_1_822' title='bbox 2411 5003 2816 5075; x_wconf 74' lang='lat' dir='ltr'><strong><em>przsveuieutis</em></strong></span> <span class='ocrx_word' id='word_1_823' title='bbox 2847 5004 2961 5073; x_wconf 86' lang='lat'><strong><em>(25)</em></strong></span> <span class='ocrx_word' id='word_1_824' title='bbox 2997 5003 3126 5069; x_wconf 89' lang='lat' dir='ltr'><strong><em>fuit,</em></strong></span> <span class='ocrx_word' id='word_1_825' title='bbox 3160 5016 3272 5054; x_wconf 88' lang='lat' dir='ltr'><strong><em>non</em></strong></span> <span class='ocrx_word' id='word_1_826' title='bbox 3307 4996 3645 5069; x_wconf 88' lang='lat' dir='ltr'><strong><em>promitten-</em></strong></span> 
     </span>
    </p>
   </div>
   <div class='ocr_carea' id='block_1_111' title="bbox 1989 5087 3641 5165">
    <p class='ocr_par' dir='ltr' id='par_1_111' title="bbox 1989 5087 3641 5165">
     <span class='ocr_line' id='line_1_111' title="bbox 1989 5087 3641 5165; baseline -0.006 -16"><span class='ocrx_word' id='word_1_827' title='bbox 1989 5092 2085 5150; x_wconf 88' lang='lat' dir='ltr'><strong><em>tis.</em></strong></span> <span class='ocrx_word' id='word_1_828' title='bbox 2115 5096 2323 5148; x_wconf 87' lang='lat' dir='ltr'><strong><em>Justus</em></strong></span> <span class='ocrx_word' id='word_1_829' title='bbox 2354 5093 2539 5165; x_wconf 91' lang='lat' dir='ltr'><strong><em>igitur</em></strong></span> <span class='ocrx_word' id='word_1_830' title='bbox 2568 5097 2766 5147; x_wconf 87' lang='lat' dir='ltr'><strong><em>votum</em></strong></span> <span class='ocrx_word' id='word_1_831' title='bbox 2802 5106 2975 5146; x_wconf 89' lang='lat' dir='ltr'><strong><em>suum</em></strong></span> <span class='ocrx_word' id='word_1_832' title='bbox 3008 5087 3297 5144; x_wconf 88' lang='lat' dir='ltr'><strong><em>celeritate</em></strong></span> <span class='ocrx_word' id='word_1_833' title='bbox 3345 5100 3641 5140; x_wconf 89' lang='lat' dir='ltr'><strong><em>commen-</em></strong></span> 
     </span>
    </p>
   </div>
   <div class='ocr_carea' id='block_1_112' title="bbox 1989 5172 3644 5253">
    <p class='ocr_par' dir='ltr' id='par_1_112' title="bbox 1989 5172 3644 5253">
     <span class='ocr_line' id='line_1_112' title="bbox 1989 5172 3644 5253; baseline -0.006 -16"><span class='ocrx_word' id='word_1_834' title='bbox 1989 5182 2108 5237; x_wconf 84' lang='lat' dir='ltr'><strong><em>dat.</em></strong></span> <span class='ocrx_word' id='word_1_835' title='bbox 2165 5182 2233 5236; x_wconf 87' lang='lat' dir='ltr'><strong><em>Et</em></strong></span> <span class='ocrx_word' id='word_1_836' title='bbox 2290 5186 2485 5253; x_wconf 88' lang='lat' dir='ltr'><strong><em>patres</em></strong></span> <span class='ocrx_word' id='word_1_837' title='bbox 2543 5180 2727 5235; x_wconf 89' lang='lat' dir='ltr'><strong><em>nostri</em></strong></span> <span class='ocrx_word' id='word_1_838' title='bbox 2794 5176 3143 5233; x_wconf 88' lang='lat' dir='ltr'><strong><em>festinantes</em></strong></span> <span class='ocrx_word' id='word_1_839' title='bbox 3208 5172 3644 5228; x_wconf 85' lang='lat' dir='ltr'><strong><em>manducabaut</em></strong></span> 
     </span>
    </p>
   </div>
   <div class='ocr_carea' id='block_1_113' title="bbox 1987 5260 3636 5343">
    <p class='ocr_par' dir='ltr' id='par_1_113' title="bbox 1987 5260 3636 5343">
     <span class='ocr_line' id='line_1_113' title="bbox 1987 5260 3636 5343; baseline -0.005 -17"><span class='ocrx_word' id='word_1_840' title='bbox 1987 5269 2224 5343; x_wconf 89' lang='lat' dir='ltr'><strong><em>pascha,</em></strong></span> <span class='ocrx_word' id='word_1_841' title='bbox 2275 5267 2558 5325; x_wconf 88' lang='lat' dir='ltr'><strong><em>succincti</em></strong></span> <span class='ocrx_word' id='word_1_842' title='bbox 2608 5267 2865 5330; x_wconf 89' lang='lat' dir='ltr'><strong><em>lumbos,</em></strong></span> <span class='ocrx_word' id='word_1_843' title='bbox 2897 5268 2954 5318; x_wconf 91' lang='lat' dir='ltr'><strong><em>et</em></strong></span> <span class='ocrx_word' id='word_1_844' title='bbox 3002 5262 3177 5334; x_wconf 90' lang='lat' dir='ltr'><strong><em>pedes</em></strong></span> <span class='ocrx_word' id='word_1_845' title='bbox 3227 5277 3368 5317; x_wconf 91' lang='lat' dir='ltr'><strong><em>suos</em></strong></span> <span class='ocrx_word' id='word_1_846' title='bbox 3416 5260 3636 5317; x_wconf 89' lang='lat' dir='ltr'><strong><em>calcea-</em></strong></span> 
     </span>
    </p>
   </div>
   <div class='ocr_carea' id='block_1_114' title="bbox 2054 5440 3640 5575">
    <p class='ocr_par' dir='ltr' id='par_1_114' title="bbox 2054 5440 3640 5575">
     <span class='ocr_line' id='line_1_114' title="bbox 2058 5440 3640 5574; baseline -0.005 -71"><span class='ocrx_word' id='word_1_847' title='bbox 2058 5448 2380 5574; x_wconf 49' lang='lat' dir='ltr'><strong><em>(212Abest</em></strong></span> <span class='ocrx_word' id='word_1_848' title='bbox 2409 5463 2442 5500; x_wconf 90' lang='lat' dir='ltr'><strong><em>a</em></strong></span> <span class='ocrx_word' id='word_1_849' title='bbox 2471 5460 2579 5499; x_wconf 89' lang='lat' dir='ltr'><strong><em>ms.</em></strong></span> <span class='ocrx_word' id='word_1_850' title='bbox 2616 5442 2749 5498; x_wconf 92' lang='lat' dir='ltr'><strong><em>Flor</em></strong></span> <span class='ocrx_word' id='word_1_851' title='bbox 2775 5444 2843 5497; x_wconf 88' lang='lat' dir='ltr'><strong><em>Ei</em></strong></span> <span class='ocrx_word' id='word_1_852' title='bbox 2869 5442 3019 5497; x_wconf 86' lang='lat' dir='ltr'><strong><em>enim</em></strong></span> <span class='ocrx_word' id='word_1_853' title='bbox 3048 5442 3146 5512; x_wconf 87' lang='lat' dir='ltr'><strong><em>qui</em></strong></span> <span class='ocrx_word' id='word_1_854' title='bbox 3173 5440 3408 5511; x_wconf 84' lang='lat' dir='ltr'><strong><em>ﬁdeliter</em></strong></span> <span class='ocrx_word' id='word_1_855' title='bbox 3433 5442 3640 5512; x_wconf 84' lang='lat' dir='ltr'><strong><em>sacriﬁ-</em></strong></span> 
     </span>
     <span class='ocr_line' id='line_1_115' title="bbox 2054 5514 2887 5575; baseline -0.011 0"><span class='ocrx_word' id='word_1_856' title='bbox 2054 5525 2094 5575; x_wconf 85' lang='lat' dir='ltr'><strong><em>t.</em></strong></span> <span class='ocrx_word' id='word_1_857' title='bbox 2166 5535 2242 5574; x_wconf 75' lang='lat' dir='ltr'><strong><em>tes</em></strong></span> <span class='ocrx_word' id='word_1_858' title='bbox 2273 5519 2432 5575; x_wconf 85' lang='lat' dir='ltr'><strong><em>lucet.</em></strong></span> <span class='ocrx_word' id='word_1_859' title='bbox 2462 5530 2575 5569; x_wconf 84' lang='lat' dir='ltr'><strong><em>nox</em></strong></span> <span class='ocrx_word' id='word_1_860' title='bbox 2604 5514 2763 5567; x_wconf 88' lang='lat' dir='ltr'><strong><em>nulla</em></strong></span> <span class='ocrx_word' id='word_1_861' title='bbox 2791 5515 2887 5569; x_wconf 84' lang='lat' dir='ltr'><strong><em>est.</em></strong></span> 
     </span>
    </p>
   </div>
   <div class='ocr_carea' id='block_1_115' title="bbox 1985 5538 2094 5586">
    <p class='ocr_par' dir='ltr' id='par_1_115' title="bbox 1985 5538 2094 5586">
     <span class='ocr_line' id='line_1_116' title="bbox 1985 5538 2094 5586; baseline -0.018 -9"><span class='ocrx_word' id='word_1_862' title='bbox 1985 5538 2094 5586; x_wconf 81' lang='lat' dir='ltr'><strong><em>cat,</em></strong></span> 
     </span>
    </p>
   </div>
   <div class='ocr_carea' id='block_1_116' title="bbox 2166 5514 2887 5582">
    <p class='ocr_par' dir='ltr' id='par_1_116' title="bbox 2166 5514 2887 5582">
     <span class='ocr_line' id='line_1_117' title="bbox 2166 5514 2887 5582; baseline -0.01 -9"><span class='ocrx_word' id='word_1_863' title='bbox 2166 5521 2242 5574; x_wconf 86' lang='lat' dir='ltr'><strong><em>ies</em></strong></span> <span class='ocrx_word' id='word_1_864' title='bbox 2273 5519 2432 5582; x_wconf 88' lang='lat' dir='ltr'><strong><em>lucet,</em></strong></span> <span class='ocrx_word' id='word_1_865' title='bbox 2462 5530 2575 5569; x_wconf 85' lang='lat' dir='ltr'><strong><em>nox</em></strong></span> <span class='ocrx_word' id='word_1_866' title='bbox 2604 5514 2763 5567; x_wconf 88' lang='lat' dir='ltr'><strong><em>nulla</em></strong></span> <span class='ocrx_word' id='word_1_867' title='bbox 2791 5515 2887 5569; x_wconf 84' lang='lat' dir='ltr'><strong><em>est.</em></strong></span> 
     </span>
    </p>
   </div>
   <div class='ocr_carea' id='block_1_117' title="bbox 2058 5583 3636 5663">
    <p class='ocr_par' dir='ltr' id='par_1_117' title="bbox 2058 5583 3636 5663">
     <span class='ocr_line' id='line_1_118' title="bbox 2058 5583 3636 5663; baseline -0.004 -16"><span class='ocrx_word' id='word_1_868' title='bbox 2058 5583 2167 5663; x_wconf 88' lang='lat'><strong><em>(25)</em></strong></span> <span class='ocrx_word' id='word_1_869' title='bbox 2193 5588 2318 5643; x_wconf 90' lang='lat' dir='ltr'><strong><em>Vet.</em></strong></span> <span class='ocrx_word' id='word_1_870' title='bbox 2351 5586 2488 5663; x_wconf 82' lang='lat' dir='ltr'><strong><em>edit.</em></strong></span> <span class='ocrx_word' id='word_1_871' title='bbox 2522 5590 2579 5639; x_wconf 89' lang='lat' dir='ltr'><strong><em>et</em></strong></span> <span class='ocrx_word' id='word_1_872' title='bbox 2609 5585 2878 5663; x_wconf 79' lang='lat' dir='ltr'><strong><em>quaedam</em></strong></span> <span class='ocrx_word' id='word_1_873' title='bbox 2903 5583 3261 5663; x_wconf 55' lang='lat' dir='ltr'><strong><em>Paris.,quod</em></strong></span> <span class='ocrx_word' id='word_1_874' title='bbox 3281 5585 3469 5656; x_wconf 83' lang='lat' dir='ltr'><strong><em>utique</em></strong></span> <span class='ocrx_word' id='word_1_875' title='bbox 3488 5588 3636 5657; x_wconf 71' lang='lat' dir='ltr'><strong><em>prte-</em></strong></span> 
     </span>
    </p>
   </div>
   <div class='ocr_carea' id='block_1_118' title="bbox 1986 5658 2957 5743">
    <p class='ocr_par' dir='ltr' id='par_1_118' title="bbox 1986 5658 2957 5743">
     <span class='ocr_line' id='line_1_119' title="bbox 1986 5658 2957 5743; baseline -0.007 -24"><span class='ocrx_word' id='word_1_876' title='bbox 1986 5658 2232 5719; x_wconf 80' lang='lat' dir='ltr'><strong><em>venienti</em></strong></span> <span class='ocrx_word' id='word_1_877' title='bbox 2251 5660 2434 5727; x_wconf 86' lang='lat' dir='ltr'><strong><em>servit,</em></strong></span> <span class='ocrx_word' id='word_1_878' title='bbox 2457 5672 2567 5714; x_wconf 85' lang='lat' dir='ltr'><strong><em>non</em></strong></span> <span class='ocrx_word' id='word_1_879' title='bbox 2593 5658 2957 5743; x_wconf 82' lang='lat' dir='ltr'><strong><em>promittenti.</em></strong></span> 
     </span>
    </p>
   </div>
  </div>
