4084 6188
378 286 501 357 481

1850 286 1914 364 S.
1960 285 2336 367 AMBROSII

3674 288 3808 361 ως

388 425 719 493 mentorum
762 420 954 482 induti
985 420 1319 494 vinculis,et
1356 424 1638 497 tanquam
1688 436 2032 497 corporeum
2062 424 2118 492 Α
2145 427 2280 494 trat,
2313 422 2628 483 immemor
2671 419 2851 482 ﬂebat
2892 421 3126 499 gratiae;
3174 426 3234 483 et
3279 421 3567 484 excitatus
3612 427 3813 484 mente

388 514 657 589 (26)onus
684 514 1140 586 deponentes,ut
1158 517 1356 570 essent
1374 513 1564 586 parati
1584 513 1656 585 ad
1680 514 1993 570 transitum
2019 532 2031 580 ;

383 603 602 678 pascha
630 602 785 659 enim
818 605 1044 659 Domini
1074 603 1357 659 transitus
1380 607 1470 659 est
1501 620 1534 657 a
1562 602 1939 675 passionibus
1963 602 2035 658 azl

381 691 995 749 exorcitiavirtutis.Et
1012 692 1138 747 ideo
1162 692 1381 763 pascha
1406 691 1628 747 Domini
1654 691 2038 764 dicitur;quu-

382 780 543 836 niam
574 785 631 836 et
648 785 787 836 tunc
816 781 874 835 in
905 786 1039 852 typo
1056 779 1155 834 illo
1172 780 1305 853 agni
1324 779 1539 835 veritas
1562 780 1877 836 Dominicaa
1901 796 2033 851 pas-

382 868 568 927 sionis
588 868 1128 933 annuntiabatur,et
1146 885 1301 925 nunc
1319 870 1448 940 ejus
1472 868 1798 925 celebratur
1818 869 2029 941 gratia.

454 960 544 1013 32.
577 959 699 1014 Cito
731 974 865 1028 ergo
896 956 1005 1012 hoc
1037 974 1250 1029 quaere,
1302 958 1526 1026 anima;
1580 962 1645 1013 ut
1695 958 1807 1013 cito
1856 958 2033 1014 etiam

381 1047 606 1112 audias,
650 1046 802 1101 sicut
853 1046 1075 1101 audivit.
1123 1050 1179 1101 et
1226 1047 1405 1103 Jacob
1440 1064 1452 1101 :
1489 1048 1630 1116 Quid
1660 1051 1739 1102 est
1769 1047 1866 1102 hoc
1895 1047 2036 1118 quod

380 1141 494 1192 tam
534 1134 639 1188 cito
687 1135 968 1204 invenisti,
1021 1135 1103 1203 fili
1152 1134 1302 1199 (Gen.
1336 1153 1510 1203 xxvu,
1542 1135 1673 1207 20)?
1702 1136 1772 1190 Et
1801 1134 1897 1191 ille
1944 1151 2034 1191 se-

378 1220 637 1277 cundum
678 1221 890 1294 dogma
936 1224 1278 1296 respondit:
1316 1224 1464 1290 Quod
1507 1223 1736 1279 tradidit
1775 1225 2036 1280 Dominus

378 1310 516 1366 Deus
567 1314 689 1365 tuus
738 1313 795 1365 in
845 1328 1046 1367 manus
1093 1327 1240 1368 meas
1291 1312 1495 1385 (Ibid)
1529 1312 1652 1368 Cito
1696 1312 1797 1367 dat
1848 1312 2032 1379 Deus;

379 1398 518 1472 quia
540 1398 772 1466 dixit,et
802 1399 958 1455 facta
989 1404 1130 1456 sunt
1159 1416 1171 1455 :
1208 1400 1527 1467 mandavit,
1561 1405 1618 1456 et
1647 1404 1838 1456 creata
1869 1404 2028 1455 sunt.

376 1478 631 1544 Verbum
663 1487 823 1543 enim
853 1487 953 1542 Dei
987 1505 1101 1544 non
1135 1488 1289 1545 sicut
1332 1490 1575 1562 quidam
1620 1489 1718 1554 ait,
1751 1505 1900 1560 opus
1924 1488 2031 1557 est,

376 1575 478 1632 sed
512 1590 760 1646 operans
791 1576 901 1647 (27)
937 1576 1092 1632 sicut
1121 1576 1304 1633 habes
1335 1576 1619 1650 scriptum
1652 1594 1667 1632 :
1701 1578 1865 1632 Pater
1880 1593 2033 1631 meus

376 1680 547 1737 usque
593 1663 748 1720 modo
798 1669 1079 1736 aperatur,
1127 1669 1179 1720 et
1230 1681 1324 1736 ego
1372 1681 1563 1738 operor
1592 1666 1769 1738 (Joan.
1812 1683 1868 1733 v,
1918 1666 2028 1737 l7).

376 1753 657 1809 Praevenit
687 1753 914 1821 omnia;
951 1757 1037 1808 est
1067 1754 1222 1809 enim
1256 1758 1390 1809 ante
1420 1754 1616 1810 omnia
1644 1753 1796 1810 sicut
1837 1754 2026 1822 Pater,
2061 1795 2107 1862 Β

380 1845 431 1862 ,ι
464 1842 516 1862 .-__
563 1841 827 1862 UH..-“
865 1841 1012 1862 _,___.
1046 1842 1191 1862 ελ---
1818 1842 1998 1862 -____._

377 1845 435 1911 et
464 1842 524 1897 in
555 1841 829 1898 omnibus
861 1841 1016 1897 sicut
1045 1842 1201 1898 idem
1237 1846 1424 1911 Pater,
1458 1848 1771 1915 penetrans
1810 1842 2026 1898 omnia.

375 1928 649 1988 Validum
681 1929 835 1987 enim
866 1935 924 1987 et
955 1935 1214 2000 acutum,
1246 1935 1303 1987 et
1350 1932 1509 1987 omni
1559 1930 1754 2004 gladio
1799 1930 2029 1987 acutius

375 2023 802 2092 est,penetrans
832 2035 1020 2091 usque
1048 2020 1117 2075 ad
1151 2019 1501 2076 divisionem
1534 2020 1744 2075 animae
1775 2024 1833 2076 et
1865 2018 2032 2092 spiri-

375 2111 857 2180 tus,artuumque
874 2112 931 2163 et
959 2107 1745 2164 medullarum.Praeveniens
1765 2107 2029 2164 omnium

379 2196 862 2269 cogitationes,de
892 2213 1008 2269 quo
1040 2196 1120 2252 ait
1148 2197 1319 2252 Pater
1347 2197 1502 2253 Deus
1536 2212 1549 2251 :
1580 2198 1704 2253 Iam
1749 2196 1955 2253 videbis
1982 2198 2032 2252 si

376 2285 781 2357 comprehendit
828 2292 876 2342 te
928 2285 1154 2342 Verbum
1200 2302 1402 2353 meum,
1434 2294 1534 2341 aut
1581 2302 1693 2342 non
1732 2286 1916 2357 (Num.
1951 2303 2031 2354 χι,

374 2374 489 2447 23).
522 2372 628 2429 Ubi
657 2373 812 2430 enim
866 2374 1042 2440 Deus,
1093 2378 1150 2430 et
1197 2375 1459 2430 Verbum
1503 2377 1611 2442 est,
1655 2373 1807 2430 sicut
1836 2373 2029 2429 dixit:

383 2450 663 2520 Veniamus
692 2465 743 2517 et
786 2464 1127 2519 mansionem
1173 2463 1320 2535 apud
1370 2479 1494 2518 eum
1539 2464 1810 2535 faciemus
1841 2464 2029 2536 (Joan.

374 2568 491 2619 xxv,
522 2552 634 2621 23).
662 2551 727 2605 Et
755 2550 908 2605 sicut
943 2551 1125 2606 habes
1168 2550 1228 2605 in
1280 2550 1413 2606 aliis
1461 2552 1530 2607 de
1579 2552 1695 2608 Deo
1743 2550 1964 2607 lectum
2016 2567 2030 2606 :

375 2644 490 2710 Ego
534 2640 661 2694 steti
705 2639 796 2694 hic
835 2641 999 2710 prius
1039 2655 1206 2711 quam
1236 2643 1296 2695 tu
1327 2640 1516 2710 (Exod.
1553 2657 1690 2709 xvn,
1720 2641 1778 2707 6)
1813 2657 1825 2694 :
1858 2638 1939 2695 ita
1976 2642 2036 2695 et

373 2725 628 2783 Verbum
669 2726 810 2783 dicit
858 2743 870 2784 :
919 2728 1252 2800 Priusquam
1307 2735 1481 2784 stares
1528 2728 1628 2784 sub
1675 2728 1871 2785 arbore
1909 2730 2032 2800 fici,

374 2815 489 2873 vidi
519 2823 568 2872 te
597 2816 773 2886 (Joan.
810 2834 846 2887 ι,
881 2816 992 2887 48).
1024 2816 1094 2871 Et
1138 2818 1209 2873 de
1258 2816 1387 2888 ipso
1431 2817 1653 2873 dictum
1687 2821 1777 2873 est
1815 2817 2029 2884 Verbo,

377 2892 490 2961 hoc
521 2908 629 2970 est,
663 2903 805 2958 Filio
836 2904 937 2960 Dei
970 2921 983 2958 :
1018 2904 1223 2960 Medius
1246 2907 1429 2960 autem
1454 2908 1697 2960 vestrum
1727 2909 1833 2961 stat
1875 2920 2035 2976 quem

377 3009 468 3050 vos
514 2993 735 3048 nescitis
764 2991 921 3064 (Ibid.
952 2993 1065 3064 26).
1100 2992 1442 3065 Ubicunque
1476 2993 1633 3049 enim
1684 2993 1896 3060 sancti,
1950 2993 2031 3049 ibi

376 3080 438 3137 in
468 3096 669 3137 eorum
696 3079 887 3137 medio
918 3080 1019 3137 Dei
1053 3083 1203 3139 I99
1234 3080 1490 3137 Verbum
1513 3082 1626 3154 (28)
1663 3082 1723 3137 in
1768 3081 2028 3154 singulo-

2144 515 2338 571 carnis
2372 532 2513 583 suas,
2537 512 2997 573 obliviscebatur
3023 515 3234 572 Deum.

2215 602 2303 659 35.
2336 602 2652 659 Humilitas
2681 606 2878 659 autem
2918 604 3296 661 commendat
3344 604 3696 662 orationem.
3730 605 3815 662 Si-

2142 691 2381 764 quidem
2414 695 2471 747 et
2500 692 2831 749 Pharismus
2878 691 2978 748 ille
3030 693 3423 765 reprehensus
3453 696 3541 749 est
3571 693 3681 765 qui
3717 694 3809 765 je-

2135 780 2309 852 junia
2340 798 2448 836 sua
2474 780 2632 837 velut
2660 780 2944 838 beneﬁcia
2973 781 3374 851 enumerabat,
3414 786 3471 838 et
3518 786 3808 855 tanquam

2142 869 2472 941 objectabat
2500 870 2638 939 Deo,
2672 874 2730 925 et
2760 886 2823 927 se
2851 869 3170 926 criminum
3201 871 3571 927 memorabat
3609 887 3805 927 exsor-

2142 960 2282 1014 tem.
2317 958 2670 1015 Publicanus
2701 963 2899 1016 autem
2930 959 3284 1031 praedicatus
3313 963 3425 1026 est,
3459 961 3556 1031 qui
3582 976 3618 1015 a
3648 960 3805 1031 longe

2141 1052 2294 1104 stans
2322 1049 2538 1105 nolebat
2564 1049 2747 1106 oculos
2778 1049 2850 1104 ad
2877 1050 3074 1105 caelum
3103 1050 3303 1117 levare,
3334 1048 3427 1105 sed
3464 1051 3809 1120 percutiebat

2137 1140 2326 1208 pectus
2371 1153 2557 1204 suum,
2586 1137 2772 1193 dicens
2821 1155 2841 1192 :
2896 1137 3123 1193 Domine
3165 1139 3323 1205 Deus,
3366 1138 3644 1208 propitius
3693 1147 3807 1195 esto
3880 1184 3883 1199 .

2142 1226 2286 1282 mihi
2308 1228 2581 1299 peecatori
2609 1226 2760 1297 (Luc.
2791 1241 2953 1292 xvm,
2990 1226 3099 1294 13).
3131 1226 3197 1281 Et
3245 1224 3378 1280 ideo
3426 1225 3624 1281 divina
3664 1242 3806 1283 eum

2144 1315 2430 1371 sententia
2471 1313 2729 1387 prmtulit
2772 1314 2975 1370 dicens
3008 1331 3021 1369 :
3058 1315 3201 1383 Quia
3227 1313 3505 1370 descendit
3556 1314 3648 1370 hic
3690 1332 3805 1385 pu-

2145 1404 2389 1460 blicanus
2435 1404 2762 1474 iustiﬁcatus
2804 1404 3003 1474 magis,
3062 1419 3230 1475 quam
3276 1403 3587 1474 pharisaeus
3635 1403 3806 1471 (Ibid.

2146 1492 2254 1564 14).
2289 1492 2389 1549 Ille
2422 1491 2579 1547 enim
2601 1491 2967 1563 justiﬂcatur
3007 1491 3108 1563 qui
3153 1495 3457 1562 peccatum
3490 1490 3803 1563 prOprium

2141 1581 2473 1647 conﬁtetur,
2524 1580 2677 1636 sicut
2720 1578 2951 1636 locutus
2995 1583 3088 1635 est
3136 1578 3264 1651 ipse
3311 1578 3644 1636 Dominus:
3678 1581 3808 1637 Dic.

2141 1670 2461 1741 iniquitates
2514 1670 2752 1735 tuasut
2798 1668 3127 1740 justiﬁceris
3185 1669 3310 1740 (Isa.
3369 1683 3527 1736 nun,
3576 1668 3688 1739 26).
3731 1669 3810 1725 Et

2145 1757 2317 1815 David
2368 1758 2450 1815 ait
2492 1774 2505 1812 :
2539 1758 2893 1827 Sacriﬁcium
2937 1757 3072 1821 Deo,
3122 1757 3354 1828 spiritus
3400 1755 3810 1815 contribulem:

2137 1849 2308 1920 (Psal.
2341 1864 2392 1914 L,
2428 1847 2537 1918 19).
2574 1846 2643 1902 Et
2681 1845 2896 1902 iterum
2953 1861 2967 1900 :
3020 1844 3124 1900 Cor
3169 1845 3469 1903 contritum
3512 1852 3563 1901 et
3610 1844 3809 1901 humi-

2137 1936 2336 1993 liatum
2380 1937 2518 1991 Deus
2566 1950 2680 1991 non
2708 1935 2919 2006 spernit
2949 1932 3154 2004 (Ibid),
3184 1931 3472 1989 Jeremias
3502 1932 3615 2004 (29)
3648 1949 3801 2005 quo-

2138 2041 2252 2096 que
2310 2024 2392 2080 ait
2452 2039 2465 2079 :
2516 2022 2803 2095 Animalin
2831 2023 3127 2093 angustiis,
3172 2025 3229 2077 et
3285 2022 3509 2093 spiritus
3536 2022 3808 2077 anxietas

2136 2113 2337 2169 clamat
2358 2111 2427 2168 ad
2453 2113 2506 2166 te
2535 2109 2797 2180 (Baruch.
2830 2126 2916 2176 ην,
2966 2108 3037 2180 ι).
3068 2108 3219 2179 Ergo
3248 2111 3307 2163 et
3336 2107 3571 2167 Pharao
3598 2107 3804 2179 (Ezod.

2136 2218 2192 2268 v,
2223 2201 2301 2272 2),
2333 2204 2391 2256 et
2421 2216 2520 2256 rex
2548 2197 2824 2270 Assyrius
2866 2195 2980 2268 (30)
3033 2197 3135 2268 qui
3181 2195 3413 2254 dicebat
3443 2214 3457 2251 ε
3491 2197 3625 2264 Quis
3670 2196 3806 2253 deo-

2139 2305 2265 2345 rum
2330 2289 2581 2358 gentium
2642 2288 2878 2343 istarum
2937 2284 3191 2341 liberabit
3252 2289 3459 2341 terram
3514 2301 3677 2345 suam
3735 2286 3807 2343 de

2138 2394 2310 2434 manu
2354 2380 2514 2432 mea?
2561 2376 2821 2449 quoniam
2864 2373 3117 2429 liberabit
3162 2374 3426 2430 Dominus
3479 2377 3628 2430 Deus
3673 2377 3807 2431 tuus

2139 2466 2445 2524 Jerusalem
2473 2464 2539 2520 de
2564 2479 2740 2519 manu
2767 2478 2890 2519 mea
2921 2463 3018 2534 (IV
3049 2463 3181 2532 Reg.
3211 2477 3373 2531 xvm,
3403 2461 3536 2534 35)?
3580 2460 3806 2522 exalta-

2141 2554 2299 2612 tione
2332 2570 2441 2612 sua
2471 2551 2680 2622 dejecti
2711 2554 2870 2607 sunt.
2896 2550 3108 2606 Justus
3140 2553 3360 2619 autem,
3393 2550 3550 2609 sicut
3589 2550 3803 2620 Jacob,

2141 2643 2213 2700 ad
2241 2646 2540 2699 auctorem
2587 2640 2774 2703 Deum
2825 2638 3002 2695 refert
3048 2653 3411 2711 quaecunque
3440 2637 3612 2694 fuerit
3639 2639 3809 2699 bona

2141 2732 2512 2796 consecutus,
2557 2727 2759 2784 dicens
2816 2727 2887 2783 de
2937 2726 3213 2782 omnibus
3270 2743 3636 2799 quascunque
3684 2726 3805 2787 sibi

2141 2833 2486 2891 prosperare
2525 2815 2858 2889 cognoverit
2890 2831 2903 2869 :
2940 2815 3211 2884 Quoniam
3254 2814 3484 2871 tradidit
3512 2831 3576 2871 ea
3606 2816 3804 2871 Domi—

2142 2925 2247 2964 nus
2306 2909 2445 2962 Deus
2493 2907 2554 2960 in
2600 2920 2801 2960 manus
2851 2919 2998 2960 meas
3055 2903 3209 2976 (Gen.
3267 2921 3441 2971 xxvn,
3500 2905 3616 2975 20).
3672 2904 3807 2962 Haec

2141 2995 2323 3070 igitur
2352 2993 2560 3050 melior
2587 2995 2855 3049 votorum
2887 3008 3129 3048 suorum
3162 2991 3373 3048 solutio
3404 2996 3512 3060 est,
3548 2991 3703 3048 sicut
3745 2998 3808 3050 et

2139 3083 2319 3143 David
2352 3083 2433 3139 ait
2466 3099 2478 3138 :
2512 3082 2742 3139 Immola
2767 3082 2875 3137 Deo
2912 3080 3251 3151 sacriﬁcium
3298 3076 3500 3147 laudis,
3541 3084 3594 3137 et
3640 3081 3808 3138 redde

383 3186 513 3226 rum
546 3170 882 3242 praecordiis
913 3169 1212 3243 complens
1261 3170 1449 3226 maria
1477 3174 1535 3226 et
1562 3177 1768 3228 terras.
1803 3171 1869 3226 Et
1897 3187 2033 3226 cum
2066 3159 2110 3228 C
2146 3173 2423 3230 Altissimo
2450 3178 2570 3227 vota
2600 3174 2695 3226 tua
2722 3169 2894 3241 (Psal.
2943 3186 3094 3236 xux,
3146 3170 3259 3238 14).
3314 3169 3579 3225 Laudare
3615 3169 3804 3227 Deum

382 3259 481 3315 hic
509 3262 620 3323 est,
652 3258 827 3314 etiam
862 3257 1001 3314 alibi
1033 3263 1154 3326 est;
1208 3276 1324 3315 non
1375 3263 1601 3315 mutato
1634 3259 1781 3328 loco,
1809 3260 1909 3315 sed
1940 3275 2029 3314 re-

382 3346 538 3421 pleto
573 3345 773 3419 utique
806 3346 897 3402 sui
932 3348 1261 3419 praesentia.
1313 3347 1536 3421 Ubique
1581 3347 1739 3405 enim
1788 3352 1897 3414 est,
1929 3347 2031 3420 qui

382 3452 487 3510 per
518 3434 736 3504 omnia,
769 3439 828 3491 et
855 3435 917 3490 in
947 3436 1245 3504 omnibus,
1299 3435 1529 3494 nullum
1573 3436 1768 3493 locum
1812 3436 2030 3493 immu-

382 3540 517 3607 nem
567 3523 659 3581 sui
705 3523 1063 3597 relinquens.
1111 3526 1181 3580 Et
1228 3525 1328 3581 ubi
1379 3526 1568 3595 adest,
1620 3530 1744 3580 erat
1777 3543 1790 3580 :
1825 3529 1883 3582 et
1929 3524 2031 3581 ubi

382 3618 525 3683 erat,
560 3614 743 3670 adest.
775 3615 845 3669 Et
874 3612 1005 3670 ideo
1035 3613 1137 3686 qui
1168 3614 1328 3670 novit
1371 3614 1537 3671 velox
1582 3631 1730 3671 esse.
1773 3614 2029 3671 Verbum

384 3702 510 3770 Dei,
533 3702 647 3758 cito
679 3703 846 3775 petit,
868 3706 925 3760 et
953 3702 1065 3759 cito
1091 3702 1389 3775 impetrat.

382 3863 615 3935 Pharao,
626 3866 848 3935 propter
878 3878 1089 3918 moram
1138 3864 1200 3918 in
1245 3861 1539 3935 obediendo
1569 3863 1843 3930 arguitur.
1878 3863 2031 3935 Gom-

452 3932 747 3991 mendatur
790 3935 851 3988 in
897 3935 1143 3989 oratione
1184 3934 1492 3999 humilitas,
1524 3942 1787 3988 secretum
1819 3949 1883 3988 ac
1914 3934 2033 3988 bre-

454 4008 614 4074 vitas,
674 4020 800 4060 cum
853 4005 1299 4077 reprehensione
1335 4005 1692 4077 verbositatis.
1763 4004 2035 4077 Quomodo

456 4078 653 4133 orandi
679 4075 920 4148 formam
950 4078 1212 4149 Dominus
1266 4075 1536 4137 docuerit;
1579 4092 1644 4131 ac
1689 4075 1909 4132 tandem
1931 4092 2036 4149 pro

456 4149 652 4221 quibus
677 4147 956 4221 praecipue
979 4147 1258 4203 orandum
1272 4152 1298 4201 .9

459 4239 550 4297 33.
580 4240 652 4293 At
681 4253 813 4293 vero
845 4236 1088 4303 Pharao,
1110 4236 1210 4308 qui
1240 4234 1615 4307 opinionibus
1644 4235 1811 4291 vanis
1840 4240 1897 4291 et
1916 4236 2038 4291 ina-

390 4326 566 4381 nibus
613 4327 879 4383 studium
928 4325 1307 4398 impendebat
1353 4341 1529 4381 suum
1588 4324 1771 4397 (ranis
1820 4324 2038 4397 repleta

394 4413 637 4485 [Egypto
687 4432 898 4471 sonum
948 4416 1186 4471 inanem
1236 4431 1431 4470 rerum
1479 4417 1538 4470 et
1584 4413 1892 4486 strepitum
1945 4431 2040 4470 va-

393 4516 539 4556 num
583 4502 989 4573 reddentibus)
1035 4502 1251 4559 dicenti
1302 4502 1485 4574 Moysi
1537 4520 1550 4558 :

392 4587 610 4661 quando
648 4604 750 4659 pro
795 4594 846 4645 te
891 4607 1059 4659 orem,
1108 4600 1158 4646 et
1204 4608 1305 4662 pro
1333 4593 1564 4662 [amntis
1594 4594 1722 4662 tuis,
1748 4597 1799 4648 et
1824 4608 1925 4663 pro
1952 4609 2045 4664 po-

388 4678 524 4752 ραιο
554 4680 667 4746 tuo,
702 4683 763 4733 ut
789 4682 1117 4735 exte"minet
1144 4680 1406 4735 Dominus
1434 4697 1599 4737 ranas
1630 4682 2040 4754 (Exod.vm,9);

396 4784 532 4826 cum
565 4766 835 4824 debuerit
862 4768 921 4823 in
952 4771 1117 4824 tanta
1154 4767 1382 4841 positus
1427 4771 1774 4826 necessitate
1820 4787 2041 4844 rogare,

395 4861 462 4914 ut
482 4859 610 4929 jam
643 4862 835 4914 oraret
865 4873 969 4914 nec
1000 4857 1277 4923 differret,
1297 4860 1599 4930 respondit
1630 4877 1642 4915 :
1679 4859 1931 4916 Crastina
1959 4860 2049 4917 die

396 4946 553 5018 (Ibid.
615 4945 701 5011 lO)
764 4964 777 5002 :
828 4949 1053 5005 otiosus
1112 4952 1170 5003 et
1215 4947 1540 5020 negligens,
1590 4965 1765 5005 morae
1814 4967 2046 5022 pcenam

396 5036 625 5108 Egypti
670 5037 974 5094 soluturus
1024 5036 1266 5094 excidio.
1318 5038 1518 5110 Itaque
1563 5038 1674 5096 iste
1720 5039 1820 5095 ubi
1864 5040 2049 5113 impe-

471 5177 583 5248 (26)
632 5179 799 5236 Rom.
850 5180 987 5236 edit.
1042 5180 1183 5247 sola,
1237 5180 1502 5236 succincti
1548 5180 1741 5235 lunbos
1790 5189 2052 5251 tanquam

400 5263 716 5323 corporeum
745 5267 883 5307 onus
911 5253 1257 5323 deponentes,
1291 5256 1341 5307 et
1369 5251 1528 5323 pedes
1555 5267 1680 5306 suos
1708 5252 2053 5322 calceamen-

403 5321 593 5443 mum
612 5320 799 5443 ὑέιέἔεί
826 5320 1082 5391 vinculis,
1112 5332 1163 5379 et
1194 5320 1412 5379 buculos
1571 5320 1828 5414 manibus
1857 5327 2054 5378 tenen-

420 5395 500 5456 ‘es,
533 5395 616 5452 ut,
646 5395 757 5445 etc.
1478 5405 1487 5412 ·
1760 5395 1797 5443 1'
1822 5412 1831 5426 -

475 5459 593 5539 (27)
624 5460 706 5514 Ita
734 5478 938 5539 omnes
972 5482 1113 5521 mss.
1149 5469 1207 5521 et
1250 5464 1559 5539 vet._edit,;
1616 5464 1784 5520 Rom.
1834 5468 2054 5534 autem,

404 5546 526 5608 non
540 5534 684 5608 sicut
713 5534 984 5608 quoddam
1014 5553 1147 5608 Opus
1176 5541 1274 5603 est,
1304 5537 1397 5593 sed
1425 5542 1506 5593 est
1534 5551 1787 5608 operans.

478 5600 590 5674 (28)
624 5600 764 5659 Mss.
797 5605 920 5661 Div.
954 5614 1010 5663 et
1040 5600 1215 5675 Flor.,
1248 5600 1365 5665 ideo
1393 5610 1455 5663 in
1483 5600 1659 5666 medio
1677 5611 1781 5666 Dei
1806 5608 2057 5667 Verbum.

2136 3261 2547 3319 commendare
2576 3262 2668 3315 est
2693 3262 2915 3324 votum,
2946 3261 3007 3313 et
3034 3256 3277 3314 solvere.
3314 3257 3478 3313 Unde
3507 3261 3564 3313 et
3594 3258 3810 3313 Sama-

2137 3350 2364 3407 ritanus
2392 3348 2490 3405 ille
2521 3347 2652 3404 aliis
2684 3347 3025 3415 antefertur,
3054 3346 3157 3419 qui
3201 3362 3338 3423 cum
3384 3345 3803 3418 leprosisaliis

2089 3465 2094 3470 ·
2139 3455 2343 3498 novem
2366 3436 2691 3495 secundum
2723 3440 3078 3509 praceptum
3106 3435 3362 3506 Domini,
3395 3436 3717 3492 mundatus
3770 3452 3808 3491 a

2139 3528 2320 3601 lepra,
2371 3526 2534 3583 solus
2582 3540 2886 3598 regressus
2931 3525 3006 3580 ad
3048 3524 3347 3581 Christum
3396 3523 3807 3596 ampliﬁeabat

2137 3618 2322 3675 Deum
2349 3620 2409 3672 et
2435 3615 2645 3689 agebat
2668 3613 2912 3686 gratias.
2949 3612 3032 3670 De
3087 3629 3202 3685 quo
3248 3613 3423 3670 Jesus
3469 3612 3551 3668 ait
3606 3630 3619 3668 :
3677 3612 3808 3669 Non

2136 3708 2247 3780 fuit
2273 3706 2490 3776 exiillis
2514 3704 2614 3777 qui
2640 3702 2845 3759 rediret
2873 3706 2926 3758 et
2954 3703 3168 3773 gratias
3198 3705 3382 3773 ageret
3410 3703 3537 3769 Deo,
3568 3702 3683 3756 nisi
3711 3700 3812 3757 hic

2141 3797 2519 3866 alienigena...
2569 3794 2634 3849 Et
2682 3793 2763 3847 ait
2808 3792 2968 3853 ΞΜ)
2996 3792 3088 3847 illi
3117 3809 3135 3845 :
3168 3790 3360 3861 Surge,
3386 3794 3440 3846 et
3469 3789 3637 3851 vade;
3667 3791 3810 3861 quia

2140 3885 2270 3959 ﬁdes
2302 3892 2397 3939 tua
2427 3891 2477 3939 te
2495 3881 2710 3938 salvum
2736 3881 2866 3952 fecit
2897 3882 3047 3951 (Luc.
3069 3896 3207 3949 xvu,
3238 3879 3457 3950 48-19).

2210 3975 2299 4029 35.
2334 3973 2434 4027 Est
2460 3970 2641 4027 etiam
2672 3968 2775 4024 illa
2804 3967 3281 4029 commendandae
3308 3965 3557 4023 orationi
3587 3968 3647 4021 et
3672 3965 3801 4023 voti

2143 4059 2457 4133 disciplina
2488 4076 2502 4114 :
2537 4061 2603 4113 ut
2635 4073 2750 4114 non
2784 4055 3159 4130 divulgemus
3187 4056 3512 4115 orationem
3542 4054 3643 4111 sed
3668 4054 3809 4111 abs-

2144 4148 2378 4209 condita
2404 4150 2713 4206 teneamus
2743 4144 3042 4218 mysteria,
3079 4143 3236 4201 sicut
3263 4143 3456 4201 tenuit
3482 4141 3809 4213 Abraham,

2145 4239 2244 4312 qui
2301 4234 2720 4295 subcinericias
2759 4233 2897 4291 fecit
2925 4233 3082 4306 (Gen.
3141 4249 3304 4302 xvm,
3332 4233 3412 4303 6).
3459 4232 3814 4288 Tenuerunt

2145 4332 2204 4385 et
2233 4323 2559 4401 patres.qui
2584 4339 2789 4383 coxere
2831 4337 3217 4394 conspersum
3268 4320 3425 4393 quod
3476 4319 3818 4379 extulerant

2147 4418 2217 4475 de
2245 4416 2511 4488 Egypto,
2532 4410 2923 4469 subcinericia
2950 4410 3234 4469 facientes
3265 4426 3626 4482 azyma,quie
3657 4409 3820 4465 Gre-

1604 4503 1878 4559 Constitue
1901 4504 2042 4560 mihi
2073 4528 2120 4592 Β
2149 4521 2212 4562 ce
2251 4511 2487 4576 ἐγιρύφια
2510 4501 2822 4592 Δ(11011111ιηῖ
2848 4516 2916 4557 eo
2944 4501 3102 4572 quod
3135 4498 3573 4592 abscondantur
3598 4499 3680 4592 _in
3718 4499 3817 4554 oi-

2152 4609 2289 4651 nere
2323 4611 2335 4648 :
2370 4590 2769 4664 signiﬁcantes
2798 4589 3151 4645 fermentum
3184 4587 3332 4643 illud
3365 4588 3520 4660 quod
3553 4587 3820 4649 ,ahgoon-

2153 4683 2241 4739 dit
2286 4679 2499 4738 mulier
2544 4678 2647 4735 illa
2691 4676 3027 4750 evangelica
3057 4678 3205 4749 (Luc.
3238 4694 3362 4743 xm,
3394 4675 3483 4747 21)
3514 4675 3575 4731 in
3612 4673 3820 4739 farina;

2155 4770 2452 4830 mensuris
2480 4768 2694 4835 tribus,
2723 4768 2906 4827 donec
2954 4768 3402 4824 fermentaretur
3446 4770 3660 4833 totum,
3695 4780 3828 4837 my-

2156 4860 2468 4918 steriorum
2499 4872 2733 4929 quoque
2763 4855 3079 4917 innuentes
3109 4855 3490 4927 premendam
3541 4868 3672 4910 esse
3710 4852 3828 4909 do-

2156 4949 2429 5006 ctrinam.
2462 4946 2624 5012 Quod
2656 4945 2917 5018 apertius
2950 4944 3236 5002 Dominus
3284 4943 3344 5000 in
3375 4940 3682 5014 Evangelio
3712 4941 3828 4998 do-

2158 5037 2278 5096 cuit
2306 5036 2507 5093 dicens
2540 5053 2554 5092 :
2590 5036 2667 5091 Tu
2696 5037 2880 5091 autem
2905 5050 3031 5090 eum
3058 5034 3261 5102 orabis,
3296 5035 3444 5090 intra
3494 5033 3558 5086 in
3599 5030 3830 5087 cubicu-

2233 5179 2345 5253 (29)
2375 5170 2759 5253 Nonmoveat
2807 5177 2966 5253 quod
3012 5175 3208 5253 locum
3260 5174 3419 5253 hunc
3458 5171 3699 5253 nomine
3722 5172 3825 5228 Je-

2162 5243 2355 5308 remiaa
2386 5250 2627 5305 citatum
2657 5264 2773 5303 non
2806 5243 2920 5304 nisi
2951 5247 3013 5303 in
3045 5246 3352 5319 prophetia
3381 5243 3609 5319 Barucb
3652 5260 3830 5316 repe-

2163 5323 2275 5379 rire
2305 5322 2400 5378 sit.
2434 5322 2518 5377 Ita
2565 5320 2724 5375 enim
2776 5316 3064 5375 ultimum
3111 5316 3269 5373 hunc
3325 5316 3631 5373 laudatum
3692 5331 3830 5372 esse

2165 5394 2323 5477 apud
2354 5390 2922 5477 plurimosponstat,
2955 5389 3111 5462 quod
3131 5388 3184 5445 is
3209 5392 3367 5445 esset
3389 5386 3655 5446 Jeremiaa
3688 5400 3831 5443 con-

2162 5467 2348 5525 victor
2376 5480 2444 5520 ac
2476 5467 2762 5523 notarius.

2238 5536 2349 5606 (30)
2379 5538 2494 5595 Rea:
2510 5534 2891 5606 desideratur
2920 5533 2980 5606 in
3011 5534 3274 5606 quatuor
3295 5544 3465 5606 mss.,
3482 5546 3588 5603 pro
3616 5546 3738 5603 quo
3764 5529 3833 5587 in

2167 5603 2285 5665 uno
2311 5603 2594 5664 Vaticano
2625 5604 2842 5679 legitur
2869 5612 2920 5663 et
2947 5603 3211 5676 Rapsaces
3237 5603 3512 5674 Assyrius.
