4084 6188
223 362 316 423 353

1382 358 1483 421 DE
1528 359 1713 422 CAlN
1763 361 1861 423 ET
1906 356 2105 421 ABEL
2150 362 2297 424 LIB.
2348 366 2397 428 l.

3483 371 3598 434 354

220 496 311 551 tum
331 496 505 561 tuum,
538 497 591 548 et
618 494 802 551 clauso
829 495 965 552 ostio
1012 495 1237 551 Patrem
1262 497 1422 550 tuum
1474 509 1574 550 ora
1602 494 1661 548 in
1719 493 1834 547 abs-
1860 492 1917 560 Α
1946 492 2232 550 dicentem
2267 513 2280 551 :
2340 498 2424 554 Sit
2484 502 2634 561 enim
2680 504 2836 572 pater
2890 510 3064 558 vester
3091 504 3224 573 quia
3266 504 3414 559 vobis
3470 507 3606 577 opu‘

220 581 475 651 condito,et
498 592 664 654 pater
689 585 818 639 tuus
847 586 945 657 qui
982 583 1128 640 videt
1156 584 1217 639 in
1274 582 1608 650 abscondito,
1653 581 1837 638 reddet
1942 583 2017 637 sit
2062 591 2359 656 antequam
2413 590 2611 659 petatis
2682 590 2751 643 ab
2792 605 2851 644 eo
2907 590 3076 660 (Matt.
3152 607 3230 657 v1,
3263 592 3341 663 8).
3402 591 3607 663 Coque

220 671 334 728 tibi:
353 679 565 727 orantes
585 680 768 728 autem
787 672 960 728 nolite
985 673 1222 728 multum
1243 672 1677 745 loqui(Math,v1,
1697 670 1836 742 6,7.)

220 761 275 818 Et
298 759 441 816 infra
472 778 486 816 :
518 763 633 817 Scit
660 763 810 817 enim
838 763 1005 818 Pater
1033 766 1207 818 vester
1235 762 1367 835 quid
1408 762 1555 819 vobis
1591 777 1724 834 opus
1743 764 1835 827 sit,

217 853 485 922 antequam
507 853 705 923 petatis
732 851 799 906 ab
829 867 890 908 eo
946 851 1104 923 (Ibid,
1137 851 1216 923 8).
1248 850 1596 908 Cubiculum
1643 857 1838 918 tuum,

217 939 407 996 mentis
437 955 738 1007 arcanum,
798 940 1101 1013 animique
1149 943 1438 997 secretum
1468 945 1577 998 est.
1612 942 1674 997 In
1730 941 1840 997 hoc

216 1026 529 1087 cubiculum
561 1033 732 1084 tuum
763 1028 940 1101 intra,
973 1028 1083 1085 hoc
1111 1033 1221 1097 est,
1243 1030 1397 1086 intra
1450 1030 1512 1086 in
1544 1030 1662 1086 alta
1690 1047 1840 1103 prie-

214 1119 410 1186 cordia,
443 1122 597 1174 lotus
653 1117 958 1190 ingredere
988 1120 1060 1175 de
1118 1118 1376 1191 corporis
1437 1120 1524 1176 tui
1574 1119 1843 1176 exteriori

211 1205 478 1263 vestibulo
510 1207 644 1279 (31),
674 1210 732 1262 et
762 1207 970 1265 claude
1000 1208 1219 1266 ostium
1252 1212 1446 1265 tuum.

272 1297 351 1351 36.
384 1296 549 1362 Quod
581 1296 660 1353 sit
681 1297 900 1353 ostium
931 1301 1123 1368 tuum,
1155 1297 1312 1357 disce
1347 1316 1359 1354 :
1389 1299 1539 1355 Pone
1592 1300 1841 1369 Domine,

210 1385 492 1443 custodiam
541 1386 629 1441 ori
655 1402 799 1454 meo,
838 1391 894 1441 et
941 1389 1145 1444 ostium
1194 1389 1456 1445 circuitus
1502 1388 1665 1445 labiis
1705 1391 1845 1445 meis

208 1475 361 1543 (Psal.
394 1491 525 1541 ch,
544 1473 623 1546 3).
656 1475 727 1530 Et
755 1474 974 1531 Paulus
1005 1475 1153 1548 petit
1180 1476 1335 1532 orari
1367 1494 1471 1549 pro
1496 1493 1558 1534 se
1591 1495 1604 1533 :
1642 1479 1704 1535 Ut
1723 1494 1847 1550 ape-

208 1565 377 1619 riatur
449 1562 612 1631 mihi,
671 1563 884 1636 inquit,
914 1567 1113 1621 ostium
1165 1565 1340 1634 verbi,
1391 1566 1462 1621 ad
1518 1566 1846 1638 loquendum

207 1653 519 1725 mysterium
562 1651 769 1709 Christi
820 1653 1042 1723 (Coloss.
1107 1671 1182 1723 ιν,
1215 1655 1294 1726 3).
1355 1656 1464 1711 Sed
1493 1654 1590 1712 ille
1647 1660 1846 1729 utpote

207 1740 413 1798 electus
444 1741 517 1797 ad
547 1741 843 1814 Evangelii
874 1741 1371 1814 praedicationem,
1428 1747 1580 1800 recte
1607 1744 1719 1801 sibi
1752 1761 1843 1801 os-

206 1831 343 1885 tium
374 1829 533 1885 verbi
565 1829 802 1902 optabat
832 1829 1043 1903 aperiri
1072 1848 1085 1886 :
1149 1822 1288 1903 quia
1316 1831 1387 1888 de
1418 1848 1515 1888 ore
1571 1834 1700 1904 ejus
1729 1833 1845 1889 exi-

205 1920 297 1974 bat
315 1916 479 1975 salus
508 1918 800 1991 gentium,
831 1919 902 1976 de
922 1936 1019 1976 ore
1049 1920 1178 1991 ejus
1205 1920 1477 1994 prodibat
1504 1922 1623 1979 vita
1668 1939 1849 1996 popu-

204 2007 408 2063 lorum.
466 2006 585 2064 Nos
614 2011 809 2065 autem
843 2007 1191 2065 claudamus
1251 2010 1493 2080 ostium,
1549 2028 1622 2067 ne
1679 2011 1852 2084 culpa

206 2098 477 2165 intret,ne
503 2095 708 2169 lapsus
741 2097 955 2169 aliquis
976 2097 1266 2159 sermonis
1294 2103 1480 2157 exeat.
1518 2103 1706 2157 Intrat
1726 2101 1849 2157 cul-

207 2203 292 2259 pa,
322 2185 374 2241 si
400 2184 605 2257 lapsus
631 2185 852 2243 exierit.
885 2187 1037 2242 Audi
1071 2188 1363 2261 quomodo
1422 2188 1599 2245 intret
1654 2189 1846 2263 culpa.

207 2277 263 2330 In
288 2275 658 2347 multiloquio,
702 2274 914 2347 inquit,
945 2292 1058 2332 non
1103 2276 1328 2349 effugies
1349 2280 1635 2350 peccatum
1665 2280 1847 2349 (Prov.

205 2381 256 2434 x,
288 2364 420 2436 (19).
474 2363 661 2421 Exivit
703 2363 1168 2437 multiloquium,
1199 2370 1506 2438 peccatum
1564 2367 1802 2424 intravit
1833 2386 1846 2436 ;

208 2453 341 2526 quia
369 2452 429 2508 in
480 2451 856 2525 multiloquio
887 2469 1262 2526 nequaquam
1311 2455 1414 2527 qui
1438 2460 1604 2512 exeat
1633 2472 1848 2527 sermo,

205 2543 540 2609 trutinatur,
575 2541 978 2614 imprudenter
1019 2541 1257 2614 labitur,
1288 2542 1424 2600 licet
1451 2543 1647 2616 ipsum
1699 2543 1853 2604 ultra

209 2647 543 2689 mensuram
575 2629 799 2703 aliquid
830 2630 992 2703 loqui
1022 2632 1243 2704 grande
1274 2636 1579 2704 peccatum
1609 2633 1706 2690 sit.

270 2719 359 2777 37.
392 2721 463 2775 Et
485 2719 621 2778 ideo
653 2736 788 2776 cave
819 2736 891 2775 ne
921 2720 1321 2792 imprudenter
1350 2719 1612 2792 loquaris
1646 2738 1660 2788 ;
1694 2720 1853 2777 labia

203 2808 352 2865 enim
386 2809 778 2882 imprudentis
808 2808 1097 2865 inducunt
1124 2825 1259 2866 eum
1290 2809 1363 2866 ad
1394 2808 1570 2866 mala.
1606 2810 1753 2867 Cave
1779 2826 1851 2867 ne

205 2898 261 2952 in
289 2896 556 2954 oratione
586 2901 643 2953 te
672 2896 913 2953 extollas
948 2915 962 2965 ;
996 2897 1179 2955 oratio
1209 2897 1371 2955 enim
1400 2897 1767 2957 humiliantis
1790 2915 1852 2955 se

210 2986 394 3059 nubes
423 2981 773 3059 penetrabit.
833 2985 980 3043 Cave
1034 3002 1108 3043 ne
1154 2985 1390 3044 incaute
1448 2987 1710 3060 Sy-mboli
1763 2988 1853 3044 vel

209 3068 523 3133 nomium
554 3063 844 3131 orationis
870 3075 1135 3148 divulges
1162 3075 1458 3149 mysteria.
1512 3078 1600 3132 An
1659 3078 1852 3136 nescis

207 3179 383 3234 quam
412 3179 585 3235 grave
639 3163 719 3221 sit
745 3161 805 3218 in
863 3165 1125 3220 oratione
1150 3164 1491 3235 contrahere
1547 3169 1848 3238 peccatum

206 3251 297 3307 ubi
332 3248 536 3325 speres
567 3251 896 3309 remedium
921 3251 949 3307 ?
979 3251 1453 3321 Certe,Dominus
1485 3270 1587 3326 per
1602 3254 1851 3327 Prophe-

204 3345 319 3396 tam
368 3339 569 3396 docuit
624 3340 733 3396 hoc
764 3356 937 3409 grave
968 3356 1097 3398 esse
1148 3330 1534 3399 maledictum
1603 3341 1853 3401 dicens:

199 3422 274 3484 Et
299 3431 479 3485 oratio
535 3430 651 3501 ejus
701 3427 811 3498 ﬁat
866 3431 926 3484 in
975 3439 1259 3501 peccatum
1317 3431 1490 3500 (Psat.
1552 3447 1711 3497 cvm,
1758 3435 1853 3503 7);

200 3518 313 3575 nisi
344 3518 496 3575 forte
526 3517 819 3577 mediocre
849 3518 909 3574 id
935 3517 1038 3574 tibi
1072 3523 1245 3591 putas
1269 3535 1418 3577 esse.
1453 3519 1729 3578 Diffidere
1769 3526 1859 3579 est

196 3606 355 3662 enim
389 3608 460 3663 de
491 3607 752 3679 potentia
782 3607 906 3674 Dei,
968 3607 1258 3665 aestimare
1306 3608 1462 3680 quod
1496 3625 1610 3666 non
1653 3611 1856 3669 audia-

197 3696 300 3763 ris,
334 3694 452 3751 nisi
482 3694 847 3751 clamaveris.
910 3693 1175 3752 Clament
1230 3684 1407 3768 opera
1462 3701 1585 3758 tua.
1646 3696 1858 3755 clamet

196 3784 366 3851 ﬁdes,
391 3783 608 3840 clamet
638 3784 900 3852 allectus,
931 3783 1187 3840 clament
1218 3784 1525 3856 passiones
1555 3776 1692 3856 tuae,
1733 3786 1855 3844 cla-

195 3879 314 3929 met
346 3872 598 3946 sanguis
626 3876 785 3942 tuus,
818 3872 972 3929 sicut
1001 3872 1186 3929 sancti
1221 3872 1387 3943 Abel,
1419 3866 1490 3930 de
1539 3891 1654 3947 quo
1712 3875 1857 3932 dixit

191 3961 354 4018 Deus
380 3960 462 4019 'ad
494 3960 633 4017 Cain
668 3980 681 4018 :
721 3963 829 4017 Vox
851 3963 1141 4033 sanguinis
1168 3964 1361 4034 fratris
1388 3964 1475 4018 tui
1502 3964 1573 4019 ad
1601 3981 1690 4021 me
1734 3967 1855 4023 cla-

190 4058 309 4107 mat
344 4051 507 4123 (Gen.
540 4068 623 4118 iv,
642 4044 760 4122 10).
790 4050 968 4106 Audit
1015 4051 1172 4107 enim
1203 4056 1260 4107 te
1316 4050 1376 4106 in
1426 4052 1692 4121 occultis,
1751 4056 1854 4127 qui

182 4140 451 4211 mundat
481 4139 543 4195 in
576 4138 842 4195 occultis.
877 4132 1001 4194 'Nos
1051 4139 1165 4195 nisi
1222 4137 1557 4211 loquentem
1594 4132 1850 4216 aliquem

180 4228 400 4285 audire
431 4245 552 4285 non
583 4243 900 4301 possumus
929 4246 943 4283 :
978 4229 1137 4301 apud
1164 4228 1348 4285 Deum
1376 4228 1691 4303 loquentur
1733 4249 1850 4289 non

177 4319 390 4386 verba,
451 4318 557 4374 sed
617 4317 1014 4390 cogitationes.
1063 4318 1135 4374 Et
1182 4321 1249 4373 ut
1290 4317 1399 4374 hoc
1427 4334 1630 4376 verum
1672 4321 1846 4391 scias,

174 4398 425 4463 dicebat
450 4405 746 4463 Dominus
780 4406 952 4462 Jesus
983 4407 1056 4462 ad
1083 4406 1321 4463 Judzeos
1355 4423 1368 4460 :
1406 4408 1547 4475 Quid
1601 4412 1849 4479 cogitatis

172 4496 339 4551 mata
373 4498 439 4550 in
460 4495 719 4552 cordibus
749 4496 941 4551 vestris
966 4494 1177 4564 (Matth.
1210 4512 1288 4564 1x,
1314 4496 1368 4567 4)
1396 4496 1425 4552 ‘I
1453 4497 1578 4553 Non
1608 4498 1848 4556 interro-

1945 685 2081 744 ergo
2114 674 2564 732 subcinericiam
2601 681 2761 732 tuam
2802 694 3011 750 vapore
3040 678 3294 751 Spiritus
3354 682 3542 739 sancti
3590 709 3607 754 ς

1947 775 2129 833 coque
2159 764 2335 820 etiam
2382 765 2563 821 animi
2620 767 2926 838 passiones
2984 767 3140 823 vorbi
3201 767 3411 825 calore.
3452 770 3523 826 Et
3554 769 3605 826 si

1948 851 2251 909 crudiores
2281 859 2422 910 sunt
2469 856 2773 927 passiones
2826 860 2955 922 tua},
3017 873 3203 929 nuper
3257 859 3504 916 fortasse
3536 861 3607 916 de

1949 941 2192 1014 Egypto
2227 944 2614 1016 egredientes,
2675 945 2895 1015 operite
2944 962 3064 1015 eas,
3091 950 3148 1001 et
3198 946 3354 1003 lento
3412 948 3601 1005 calore

1950 1046 2202 1103 excoque
2239 1050 2251 1101 ;
2284 1049 2355 1087 ne
2388 1033 2681 1089 fortiorem
2714 1033 2909 1105 ignem
2970 1035 3116 1090 ferre
3177 1037 3291 1090 no'n
3354 1038 3600 1108 possint,

1950 1123 2006 1175 et
2035 1120 2523 1178 semiustulentur
2581 1123 2776 1195 potius
2817 1140 2991 1195 quam
3056 1128 3401 1194 coquantur.
3453 1126 3603 1180 Sunt

1951 1209 2107 1264 enim
2139 1210 2392 1283 plurima
2423 1230 2547 1284 quae
2580 1212 2761 1268 cruda
2790 1213 3136 1285 displiceant
3167 1214 3469 1284 (32),cocta
3498 1215 3594 1270 de-

1951 1296 2181 1355 lectent.
2216 1300 2363 1357 Fove
2390 1302 2567 1373 igitur
2598 1307 2825 1375 pectore
2860 1308 2957 1356 tuo
2989 1301 3105 1357 alta
3136 1302 3415 1375 mysteria
3448 1321 3462 1370 ;
3525 1320 3599 1359 ne

1953 1392 2302 1458 praematuro
2334 1407 2604 1447 sermone
2632 1395 2691 1447 et
2723 1392 2920 1446 inﬁdis
2951 1392 3200 1447 auribus
3229 1391 3317 1447 vel
3346 1391 3601 1449 inﬁrmis

1955 1477 2119 1548 quasi
2153 1477 2378 1535 incocta
2407 1480 2762 1546 committas,
2797 1486 2970 1553 atque
3013 1480 3247 1537 auditor
3303 1485 3599 1540 avertatur

1955 1570 2012 1621 et
2043 1583 2174 1623 cum
2206 1567 2444 1624 horrore
2480 1569 2761 1638 fastidiat,
2796 1570 2895 1641 qui
2929 1569 2977 1626 si
3017 1569 3268 1627 coctiora
3321 1574 3604 1643 gustaret,

1956 1655 2239 1727 spiritalis
2261 1658 2374 1714 cibi
2409 1658 2731 1731 perciperet
2760 1657 3126 1715 suavitatem.

2023 1790 2113 1845 38.
2147 1790 2350 1846 Divine
2380 1798 2572 1846 autem
2604 1790 2887 1846 Dominus
2919 1791 3091 1846 Jesus
3122 1793 3178 1849 et
3205 1791 3527 1849 bonitatem
3548 1796 3607 1850 te

1876 1865 1925 1930 B
1956 1879 2153 1934 docuit
2181 1878 2393 1947 Patris,
2427 1880 2528 1951 qui
2562 1881 2713 1936 bona
2745 1879 2969 1935 noverit
2998 1880 3135 1936 dare
3161 1880 3311 1951 (Luc.
3347 1896 3428 1947 χι,
3462 1882 3550 1953 13)
3589 1900 3602 1951 ;

1958 1972 2022 2023 ut
2052 1984 2177 2039 quae
2210 1968 2361 2023 bona
2411 1973 2551 2024 sunt
2602 1985 2635 2024 a
2681 1969 2832 2024 bono
2864 1986 3071 2041 poscas
3105 1986 3118 2024 :
3179 1974 3236 2027 et
3259 1969 3523 2043 impense
3552 1977 3609 2028 et

1960 2057 2293 2129 frequenter
2351 2058 2578 2113 monuit
2633 2059 2953 2126 orandum;
3011 2074 3126 2114 non
3188 2062 3253 2114 ut
3304 2059 3611 2118 fastidiosa

1958 2145 2549 2212 continueturoratio,
2586 2147 2686 2202 sed
2720 2153 2782 2201 ut
2811 2148 3050 2202 assidua
3067 2148 3402 2219 frequenter
3424 2150 3608 2205 etl'un-

1959 2236 2134 2291 datur
2186 2235 2370 2307 (Ibid)
2425 2236 2477 2290 9.
2537 2234 2887 2307 Plerumque
2944 2236 3101 2291 enim
3166 2237 3359 2292 inanis
3414 2237 3603 2310 gloria

1958 2323 2141 2396 longae
2172 2323 2491 2396 precationi
2523 2324 2655 2395 (33),
2708 2324 3054 2380 intermissae
3114 2328 3307 2381 autem
3363 2343 3605 2400 prorsus

1960 2413 2187 2485 obrepit
2216 2413 2461 2467 incuria.
2495 2413 2714 2469 Deinde
2746 2418 2942 2468 monet
2974 2413 3182 2484 (Matth.
3231 2430 3387 2484 xvm,
3423 2416 3513 2487 35)
3546 2420 3611 2472 ut

1959 2516 2093 2556 cum
2126 2501 2249 2572 ipse
2282 2499 2513 2556 veniam
2560 2499 2665 2554 tibi
2724 2501 2937 2572 poscis,
2997 2505 3123 2556 tum
3181 2503 3435 2560 maxime
3495 2503 3608 2559 lar-

1958 2589 2228 2663 giendum
2273 2587 2401 2644 aliis
2432 2588 2679 2654 noveris,
2736 2606 2850 2660 quo
2910 2606 3140 2661 precem
3189 2595 3352 2646 tuam
3416 2592 3609 2664 operis

1960 2678 2046 2733 tui
2076 2692 2211 2732 voce
2242 2678 2640 2734 commendes.
2700 2676 3014 2750 Apostolus
3044 2694 3277 2750 quoque
3331 2679 3500 2735 docet
3565 2681 3617 2749 (Ι

1963 2767 2225 2839 Tim.n,8)
2256 2765 2544 2821 orandum
2573 2766 2699 2821 sine
2730 2766 2817 2821 ira
2847 2770 2901 2821 et
2933 2765 3377 2837 disceptatione,
3397 2770 3463 2822 ut
3491 2784 3608 2823 non

1958 2855 2248 2921 turbetur,
2280 2871 2395 2909 non
2421 2854 2807 2926 interpoletur
2835 2854 3016 2909 oratio
3047 2858 3167 2909 tua.
3202 2854 3377 2910 Docet
3434 2855 3611 2911 etiam

1962 2943 2248 2999 orandum
2276 2943 2341 2997 in
2373 2942 2531 2997 omni
2562 2941 2707 3010 loco,
2744 2960 2881 2998 cum
2913 2941 3176 2999 Salvator
3203 2944 3357 2999 dicat
3395 2960 3410 3000 :
3464 2945 3617 3001 Intra
3696 2992 3705 2997 -

1961 3034 2021 3087 in
2050 3032 2293 3087 cubitum
2320 3035 2480 3086 tuum
2509 3030 2716 3100 (Matth.
2748 3048 2824 3100 γι,
2877 3032 2953 3103 6).
3016 3031 3129 3087 Sed
3182 3031 3440 3105 intellige
3498 3050 3612 3088 non

1961 3120 2300 3177 cubiculum
2332 3119 2675 3176 conclusum
2708 3120 3051 3192 parietibus,
3072 3137 3187 3192 quo
3218 3124 3320 3177 tua
3349 3123 3616 3178 membra

1963 3209 2352 3265 claudantur:
2389 3209 2489 3265 sed
2524 3208 2861 3265 cubiculum
2895 3208 3048 3281 quod
3080 3208 3139 3264 in
3169 3216 3227 3264 te
3259 3214 3367 3279 est,
3401 3210 3460 3265 in
3493 3226 3608 3281 quo

1970 3298 2357 3354 includuntur
2386 3297 2775 3370 cogitationes
2818 3302 2952 3364 tuae,
3013 3297 3073 3352 in
3142 3314 3255 3370 quo
3312 3301 3621 3356 versantur

1966 3402 2177 3443 sensus
2221 3386 2329 3441 tui.
2368 3386 2485 3441 Hoc
2536 3386 2815 3442 orationis
2844 3390 2954 3441 tuae
3009 3382 3344 3442 cubiculum
3400 3387 3617 3458 ubique

1964 3480 2159 3532 tecum
2188 3478 2301 3540 est,
2335 3477 2392 3530 et
2422 3474 2639 3545 ubique
2685 3478 2973 3531 secretum
3038 3479 3147 3543 est,
3181 3477 3349 3547 cujus
3404 3474 3620 3532 arbiter

1966 3564 2163 3621 nullus
2192 3566 2281 3619 est
2309 3562 2422 3617 nisi
2452 3561 2616 3618 solus
2646 3563 2819 3618 Deus.

2033 3698 2120 3753 39.
2155 3695 2453 3752 Orandum
2486 3699 2681 3751 autem
2713 3694 3004 3768 prrecipue
3032 3699 3089 3751 et
3120 3713 3222 3768 pro
3248 3695 3466 3769 populo
3507 3697 3616 3754 do-

1964 3786 2112 3843 ceris
2143 3786 2190 3854 (ι
2218 3786 2351 3840 Tim.
2375 3801 2437 3852 ιι,
2473 3783 2547 3854 1),
2580 3782 2689 3838 hoc
2720 3787 2810 3839 est
2858 3801 2961 3855 pro
3017 3787 3138 3839 toto
3189 3801 3447 3856 corpore,
3508 3802 3614 3856 pro

1964 3874 2245 3931 membris
2274 3872 2549 3929 omnibus
2583 3870 2789 3928 matris
2817 3876 2952 3941 tum,
2985 3870 3046 3927 in
3079 3888 3194 3944 quo
3225 3876 3441 3927 mutuae
3472 3872 3614 3929 cha-

1964 3963 2153 4020 ritatis
2177 3965 2267 4018 est
2287 3960 2533 4033 insigne.
2567 3960 2625 4014 Si
2657 3959 2814 4015 enim
2871 3977 2972 4031 pro
3030 3963 3087 4015 te
3135 3975 3304 4032 roges
3360 3964 3611 4027 tantum,

1962 4052 2125 4109 solus
2154 4068 2257 4124 pro
2289 4055 2345 4106 te
2376 4048 2608 4122 rogabis
2643 4048 2772 4120 (34).
2806 4049 2877 4103 Et
2903 4048 2953 4104 si
2985 4065 3088 4121 pro
3120 4066 3183 4105 se
3213 4053 3441 4106 tantum
3491 4049 3612 4105 sin-

1960 4141 2082 4215 guli
2111 4144 2295 4207 orent,
2347 4138 2539 4194 minor
2596 4138 2916 4209 peccatoris
2970 4138 3082 4209 (35)
3136 4154 3313 4211 quam
3366 4138 3612 4194 interce-

1960 4230 2154 4287 dentis
2176 4233 2265 4285 est
2294 4227 2500 4300 gratia.
2525 4226 2692 4282 Nunc
2771 4230 2967 4282 autem
3000 4225 3142 4298 quia
3170 4225 3387 4299 singuli
3445 4229 3615 4282 orant
3714 4278 3724 4287 ,

1956 4336 2061 4391 pro
2086 4317 2383 4384 omnibus,
2416 4315 2593 4371 etiam
2625 4329 2838 4370 omnes
2868 4319 3037 4370 orant
3065 4332 3169 4388 pro
3200 4314 3473 4387 singulis.
3507 4317 3609 4372 Er-

1956 4425 2027 4481 go
2060 4412 2127 4464 ut
2146 4405 2586 4471 concludamus,
2628 4403 2677 4458 si
2709 4420 2813 4475 pro
2846 4406 2901 4458 te
2936 4420 3104 4475 roges
3134 4409 3388 4472 tantum,
3423 4404 3609 4473 solus,

1956 4503 2023 4554 ut
2050 4496 2326 4561 diximus,
2361 4510 2463 4565 pro
2494 4496 2550 4546 te
2582 4491 2837 4563 rogabis.
2872 4491 2930 4546 Si
2966 4495 3162 4548 autem
3194 4509 3298 4564 pro
3331 4493 3612 4550 omnibus

176 4584 389 4655 gentis
415 4599 528 4640 vox
556 4584 672 4639 ista
701 4586 811 4653 est,
846 4584 948 4639 sed
980 4583 1240 4639 scientis.
1275 4585 1440 4650 Quod
1490 4585 1596 4641 tibi
1656 4587 1843 4644 mani-
1877 4603 1924 4667 ι)
1953 4603 2144 4660 roges,
2178 4598 2382 4640 omnes
2414 4597 2517 4654 pro
2548 4583 2604 4635 te
2635 4578 2951 4651 rogabunt.
2987 4580 3297 4651 Siquidem
3346 4585 3404 4637 et
3462 4586 3524 4638 tu
3557 4582 3617 4637 in

176 4670 365 4727 festat
396 4670 775 4744 evangelista,
822 4672 1026 4728 dicens
1059 4689 1073 4728 :
1105 4673 1260 4728 Iesus
1290 4672 1433 4729 201
1500 4678 1682 4731 autem
1714 4678 1847 4732 scie-

182 4758 277 4813 bat
302 4762 665 4832 cogitationes
694 4776 879 4816 eorum
925 4761 1073 4833 (Luc.
1104 4777 1184 4817 VI.
1215 4762 1292 4834 8).
1350 4760 1513 4818 Sicut
1567 4779 1704 4836 ergo
1763 4764 1850 4820 Fi-

183 4845 303 4903 lius
334 4849 523 4917 novit,
554 4849 717 4906 novit
739 4853 799 4905 et
820 4850 1009 4906 Pater.
1047 4848 1261 4906 Filium
1291 4867 1469 4907 nosse
1505 4853 1847 4926 cognovisti,

188 4933 424 4994 Patrem
457 4953 656 5003 nosse,
702 4938 839 4994 audi
880 4937 1281 4994 consiliarium
1310 4944 1368 4996 et
1394 4943 1605 4997 testem
1661 4942 1851 4998 Patris

196 5120 230 5129 ἢ
262 5052 385 5129 (31)
410 5053 565 5108 Edit.
600 5052 1019 5129 Romanontra
1050 5070 1195 5111 mss.
1232 5058 1288 5110 et
1325 5060 1447 5129 aut.
1502 5057 1643 5129 edit.
1671 5056 1848 5114 ﬁdem

194 5123 276 5200 ita
302 5123 502 5200 locum
523 5124 982 5200 consarcinaret,
999 5124 1097 5181 hoc
1122 5125 1478 5200 est,egredere
1507 5127 1573 5184 de
1607 5133 1850 5200 corporis

192 5194 586 5321 giaeyteﬁore
613 5196 898 5264 vestibulo,
931 5201 982 5253 et
1007 5202 1146 5253 totus
1178 5194 1329 5254 intra
1343 5199 1406 5254 in
1420 5199 1535 5255 alta
1546 5194 1849 5272 prxcbrdia

326 5282 376 5320 is
427 5284 508 5321 ui.

195 5278 376 5320 6011118
404 5278 508 5323 tut.

266 5337 381 5401 (32)
410 5339 505 5395 Sic
535 5337 675 5393 edit.
714 5338 878 5393 Rom.
905 5353 1038 5393 cum
1063 5339 1293 5395 duobus
1318 5356 1463 5395 mss.
1496 5339 1622 5395 Vet.
1649 5346 1844 5396 autem

198 5404 334 5461 edit.
367 5414 425 5465 et
452 5409 554 5465 alii
590 5424 736 5464 mss.
767 5408 994 5481 legunt,
1034 5410 1174 5484 Sunt
1192 5413 1342 5484 enim
1378 5412 1650 5484 plurima,
1723 5427 1849 5484 quae

197 5485 527 5555 praematuro
546 5495 813 5555 mne,
836 5480 1253 5555 ’etc.,_omissis
1283 5480 1414 5553 quis
1458 5480 1846 5554 interponun-

198 5549 290 5603 tu'r
319 5550 386 5606 in
416 5557 619 5608 nostra
646 5555 704 5606 et
732 5551 899 5607 Rom.
919 5551 1059 5608 edit.

264 5620 384 5692 (33)
413 5622 556 5701 Mss.
587 5626 857 5701 quatuor,
887 5623 979 5701 sed
1007 5622 1252 5701 assidua.
1301 5624 1633 5701 Frequenter
1663 5625 1845 5701 offun-

197 5690 402 5752 duntur
428 5690 751 5772 plerumque
781 5695 975 5753 inania
1004 5696 1183 5773 longe:
1199 5690 1520 5774 precationi,
1553 5699 1662 5757 etc.

1960 4675 2235 4733 omnibus
2266 4688 2347 4728 es.
2382 4671 2467 4726 Ita
2496 4685 2710 4742 magna
2738 4678 2883 4725 remi
2909 4669 3131 4726 neratio
3163 4674 3271 4736 est,
3304 4673 3370 4727 ut
3399 4670 3610 4726 oratio-

1959 4766 2134 4821 nibus
2164 4760 2532 4834 singulorum
2565 4757 2946 4831 acquirantur
2976 4758 3231 4832 singulis
3262 4760 3443 4814 totius
3488 4757 3608 4830 ple—

1958 4854 2050 4910 bis
2080 4850 2377 4923 suil‘ragia.
2414 4848 2477 4903 In
2510 4864 2624 4919 quo
2657 4847 2993 4921 arrogantia
3023 4847 3205 4916 nulla,
3239 4846 3341 4903 sed
3362 4843 3607 4901 humili-

1958 4946 2048 4999 tas
2081 4941 2267 5011 major
2291 4942 2399 5007 est,
2432 4941 2489 4993 et
2518 4937 2745 4993 fructus
2777 4937 3029 4993 uberior.

2030 5059 2142 5130 (34)
2172 5055 2298 5130 Yet.
2331 5054 2466 5130 edit.
2501 5057 2558 5109 et
2586 5056 3011 5130 quatuormss.
3042 5067 3141 5121 pro
3171 5059 3219 5106 te
3280 5064 3451 5130 roges,
3482 5050 3606 5103 tan-

1957 5122 2230 5185 tummodo
2266 5142 2366 5198 pro
2398 5129 2451 5180 te
2498 5122 2749 5198 rogabis.)
2796 5124 2865 5178 Et
2897 5122 3065 5198 intra,
3124 5138 3172 5176 si
3197 5136 3299 5192 pro
3327 5123 3378 5174 te
3428 5135 3603 5190 roges,

1957 5204 2196 5274 tantum,
2228 5194 2290 5253 ut
2314 5194 2574 5274 diximus,
2606 5210 2704 5274 pro
2732 5196 2784 5248 te
2806 5194 3044 5274 rogabis:
3119 5260 3176 5274 Ν
3412 5259 3425 5274 ,

2029 5270 2141 5342 (35)
2166 5260 2250 5325 Ita
2278 5265 2543 5342 vget._edit
2562 5260 2627 5319 et
2650 5260 3087 5342 mss.,_excepto
3119 5260 3448 5342 Flor.,_qui,
3482 5261 3607 5316 loco

1992 5333 2273 5404 ei'cat'oris,
2304 5339 2446 5410 legit
2472 5335 2790 5410 precatoris.
2824 5333 3224 5410 Hanc’vocem
3269 5333 3444 5410 etiam
3507 5349 3602 5410 ex-

1992 5359 2273 5404 creatoris,
2306 5359 2446 5410 leg“.
2472 5359 2790 5408 precuwrzs.
2824 5359 2983 5388 nam:
3015 5359 3206 5388 VUUUUI
3269 5359 3444 5411 cuqu
3507 5359 3602 5387 cx-

1952 5359 2118 5470 gibet
2157 5412 2296 5478 edit,
2331 5410 2498 5464 Rom.
2534 5424 2549 5473 ;
2580 5406 2683 5478 sed
2711 5405 2991 5478 expunxit
3015 5420 3182 5474 quam
3203 5405 3602 5478 intercedentis.

1956 5484 2124 5545 Forte
2154 5475 2310 5554 quod
2330 5480 2627 5554 videretur
2669 5475 2843 5554 idem
2877 5491 3018 5554 esse
3039 5476 3482 5554 precator,__qui
3510 5476 3605 5554 jn-

1954 5545 2303 5619 tercedens;
2354 5552 2718 5623 cumtamen
2764 5545 3608 5623 intercedensintelligendus

1955 5627 2033 5685 sit
2062 5627 2113 5685 is
2134 5625 2235 5710 qui
2264 5616 2587 5690 intercedit,
2620 5618 2679 5678 id
2705 5621 2813 5695 est,
2841 5623 2905 5678 ut
2930 5616 3102 5694 vulgo
3126 5618 3353 5691 dicunt,
3379 5616 3486 5697 Elui
3539 5636 3602 5679 se

1955 5702 2213 5776 opponit.
