4166 6154
418 311 423 317 ἢ
461 359 581 419 355

1024 485 1177 542 πω
1231 480 1461 538 CAPUT
1499 474 1565 535 X.

458 559 725 631 Exposita
750 558 953 631 primo
977 554 1239 631 sacriﬁcii
1297 552 1439 631 Cain_
1465 549 2113 631 Ade/eetunlransitur

529 621 786 696 alterum,
819 630 958 703 quod
986 621 1192 683 scilz'eet
1230 640 1341 703 uon
1387 621 1647 703 obtulerit
1700 621 1783 703 de.
1818 622 2107 703 primitiis.

528 692 1049 760 Primitias'animze
1074 696 1358 769 prwcipue
1381 694 1706 769 o/ferentlas,
1735 697 1787 747 et
1815 692 1941 769 qua:
1997 692 2112 769 illm

528 778 661 832 sint.
694 774 921 829 Easdem
940 763 1154 825 Abelem
1182 763 1460 828 obtulisse,
1495 782 1557 821 ac
1587 766 1783 835 legem
1811 763 2112 835 aﬂerendas

529 847 859 921 praecipisse.
884 840 1088 920 Ibidem
1143 839 1374 909 quinam
1427 837 1685 921 dicantur
1759 834 2063 917 Chdnanagi
2091 851 2110 887 .'

531 907 661 976 item
684 907 784 970 our
811 916 949 969 Deus
998 907 1218 981 jurasse
1261 912 1595 964 memoretur
1624 926 1642 981 ξ
1670 923 1781 981 non
1807 922 1963 981 posse
1991 907 2111 981 sine

532 991 687 1045 illius
773 1001 867 1050 ape
954 976 1132 1036 animi
1221 983 1396 1035 motus
1448 979 1663 1051 pacari
1698 976 1942 1051 Denique
2016 976 2112 1051 llos

522 1061 716 1198 part/us
745 1048 932 1182 qﬂbrri
955 1052 1144 1108 debere
1173 1051 1242 1107 ad
1272 1068 1403 1122 quos
1427 1048 1586 1106 sexus
1630 1049 1912 1105 distinctio
1965 1048 2110 1103 nihil

526 1148 629 1187 con
659 1144 753 1184 era
780 1166 792 1181 .

526 1131 586 1187 eo
598 1148 629 1185 η
634 1131 792 1187 ferat.

530 1221 617 1276 40.
649 1217 761 1274 Sed
799 1217 925 1285 jam
962 1217 1049 1269 est
1080 1217 1313 1285 tempus
1345 1211 1457 1266 alio
1500 1209 1772 1277 transire,
1829 1207 2107 1280 quoniam

465 1312 536 1366 de
565 1324 631 1364 eo
663 1304 818 1378 quod
854 1306 983 1375 post
1014 1301 1138 1357 dies
1169 1300 1381 1356 obtulit
1445 1300 1584 1355 Cain
1637 1298 1803 1371 plene
1829 1296 2106 1351 diximus.

458 1400 668 1456 Factus
698 1397 787 1450 est
815 1390 1105 1448 indicium
1139 1389 1422 1462 resupini,
1457 1404 1589 1444 cum
1624 1387 1754 1459 ipsa
1794 1383 2111 1457 postulatio

455 1486 573 1543 voti
605 1487 817 1541 natura
837 1496 964 1536 esse
993 1479 1201 1534 debeat
1236 1495 1251 1545 ;
1283 1494 1354 1532 ne
1382 1477 1686 1531 videamur
1713 1476 1784 1530 de
1832 1473 2110 1541 humanis

457 1576 703 1639 artibus,
764 1571 873 1625 hoc
918 1572 1007 1624 est
1054 1566 1326 1622 medendi
1388 1565 1614 1637 peritia,
1674 1563 2109 1634 herbarumque

457 1662 651 1720 succis
726 1673 994 1732 sperasse
1069 1655 1259 1726 magis
1332 1653 1680 1712 remedium.
1758 1667 1935 1722 quam
2038 1650 2109 1705 de

457 1760 572 1809 Deo
612 1748 945 1807 subsidium
984 1743 1340 1816 poposcisse.
1383 1743 1464 1797 Ad
1508 1742 1700 1813 ipsum
1744 1740 1899 1794 enim
1944 1739 2109 1811 prius

1931 347 1996 406 S.
2042 335 2416 405 AMBROSII

2136 478 2193 543 Α
2223 474 2463 547 plicium
2485 469 2891 545 deprehendas
2922 473 3096 542 atque
3127 467 3367 525 haurias
3397 468 3513 541 (36)
3547 467 3878 524 ubertatem

3761 332 3879 397 356

2219 564 2416 636 gratiae
2448 560 2730 635 spiritalis
2755 559 2783 615 ?
2813 559 3124 615 Chananaai
3156 558 3314 613 enim
3372 555 3622 613 mobiles
3673 560 3732 611 et
3785 555 3877 611 in-

2219 653 2402 725 quieti
2434 655 2592 708 sunt.
2625 651 2771 706 Cum
2801 648 3069 721 igitur‘in
3095 664 3297 703 eorum
3325 651 3541 703 terram
3577 645 3757 701 fueris
3786 644 3877 701 in-

2219 758 2477 816 gressus,
2511 756 2659 813 quos
2689 737 2943 794 advertis
2976 742 3212 810 propter
3240 735 3556 804 levitatem,
3586 733 3879 806 inquietu-

2221 833 2439 897 dinem,
2473 835 2532 885 et
2557 826 3002 884 instabilitatem
3035 842 3286 892 morum,
3325 823 3696 897 possessione
3726 823 3878 894 deje-

2221 925 2363 986 ctos,
2386 924 2447 974 tu
2482 922 2674 974 teneto
2695 915 3107 972 constantiam.
3130 914 3254 969 Non
3288 920 3343 968 te
3372 912 3505 968 vilis
3532 912 3702 978 ratio,
3763 928 3876 967 non

2220 1010 2361 1066 levis
2393 1023 2587 1064 sermo
2626 1004 2930 1077 perturbet
2962 1020 2975 1057 :
3036 1004 3144 1058 hoc
3175 1007 3265 1058 est
3294 1004 3451 1057 enim
3482 1002 3870 1071 Chananaaus,

2220 1097 2454 1154 mobilis
2479 1111 2693 1160 sermo,
2717 1093 2957 1149 all‘ectus
2988 1089 3305 1155 instabilis,
3353 1095 3412 1146 et
3440 1090 3706 1162 inquieta
3735 1105 3873 1145 con-

2218 1187 2400 1243 tentio
2434 1202 2446 1240 :
2482 1184 2583 1240 sed
2606 1182 2794 1255 magis
2825 1180 3312 1252 tranquillitatem
3352 1178 3568 1247 cordis,
3602 1183 3661 1235 et
3691 1177 3875 1234 animi

2219 1274 2591 1332 serenitatem
2614 1270 2879 1343 placidus
2911 1274 3136 1325 servato
3171 1287 3184 1336 ;
3222 1274 3285 1324 ut
3312 1271 3595 1340 tanquam
3630 1267 3690 1323 in
3748 1265 3870 1323 salo

2220 1363 2401 1419 maris
2422 1366 2609 1417 tutam
2630 1358 2877 1415 navibus
2907 1358 3245 1425 stationem,
3270 1360 3438 1428 portu
3471 1356 3727 1429 quodam
3760 1360 3874 1411 tua;

2220 1450 2434 1507 mentis
2464 1448 2761 1504 exhibeas.

2290 1559 2376 1612 43.
2412 1557 2573 1612 Hanc
2599 1554 3031 1626 possessionem
3063 1552 3169 1608 tibi
3203 1550 3485 1607 Dominus
3543 1547 3873 1622 pollicetur,

2217 1654 2273 1704 et
2304 1646 2558 1719 quodam
2592 1643 2941 1699 sacramenti
2982 1640 3270 1712 promittit
3323 1637 3580 1706 vinculo,
3611 1641 3677 1693 ut
3732 1653 3878 1695 con-

2219 1735 2499 1792 stantiam
2524 1737 2687 1787 tuam
2721 1731 2935 1785 ﬁrmet.
2962 1729 3161 1801 Neque
3200 1727 3358 1784 enim
3392 1727 3520 1782 ideo
3572 1725 3726 1782 Deus
3772 1726 3880 1798 ju-

457 1845 546 1898 est
584 1814 1080 1908 confugiendum;
1104 1833 1201 1905 qui
1244 1835 1456 1887 nostra;
1496 1844 1700 1885 curare
1741 1828 1925 1900 possit
1980 1827 2105 1882 ani-
2136 1859 2184 1924 Β
2213 1829 2322 1891 rat,
2351 1823 2503 1896 quod
2538 1821 2652 1876 fide
2683 1820 2971 1875 credentis
2999 1817 3284 1889 indigeat,
3343 1820 3444 1872 aut
3502 1814 3880 1871 testimonio-

458 1947 565 1985 maz
606 1925 927 2000 passiones.
968 1921 1187 1977 Verum
1227 1920 1495 1976 homines
1543 1917 1787 1989 quidam
1853 1932 2107 1989 praepos-

457 2024 581 2075 tero
621 2015 824 2072 ordine
854 2015 987 2067 ante
1019 2009 1131 2066 sibi
1157 2009 1229 2064 ab
1275 2007 1620 2064 hominibus
1678 2022 1844 2077 Opem
1923 2021 2109 2060 arces-

458 2111 598 2163 sunt
631 2122 645 2159 :
680 2102 779 2158 ubi
811 2105 1007 2157 autem
1038 2098 1297 2152 humana
1328 2094 1594 2151 subsidia
1628 2092 2107 2161 defecerint,tuno

458 2195 772 2269 opinantur
799 2188 976 2245 divini
1011 2185 1421 2259 postulandam
1460 2182 1672 2239 favoris
1704 2181 1976 2254 gratiam.

529 2283 618 2339 41.
653 2277 940 2336 Conclusa
979 2291 1114 2347 ergo
1146 2273 1243 2328 illo
1274 2277 1330 2329 et
1359 2271 1619 2328 convicto
1650 2270 1789 2326 Cain
1840 2269 2107 2338 crimine,

459 2372 617 2430 aliud
642 2366 953 2426 oblationis
983 2363 1192 2418 vitium
1222 2361 1630 2418 discutiamus.
1659 2358 2102 2430 0btulit,inquit,

456 2477 527 2517 ea:
552 2455 822 2531 fructibus
851 2461 1032 2518 terrae,
1068 2467 1182 2506 non
1225 2466 1260 2504 a
1291 2448 1496 2520 primis
1554 2447 1842 2502 fructibus
1899 2445 2104 2517 primi-

456 2549 569 2605 tias
596 2551 730 2601 Deo.
765 2542 883 2598 Hoc
911 2544 1002 2597 est
1030 2537 1323 2611 primitias
1370 2536 1483 2592 sibi
1539 2536 1703 2607 prius
1759 2534 2056 2590 vindicare
2090 2549 2103 2587 :

457 2639 572 2694 Deo
607 2637 801 2690 autem
838 2627 1143 2701 sequentia
1166 2626 1410 2682 deferre.
1444 2625 1642 2696 Itaque
1671 2640 1805 2680 cum
1837 2638 1966 2679 vere
1988 2623 2109 2679 ani—

456 2742 555 2782 ma
579 2719 805 2794 corpori
835 2724 1120 2790 tanquam
1148 2730 1314 2770 servo
1346 2713 1588 2769 domina
1618 2712 1696 2768 sit
1724 2711 2105 2783 praeferenda,

456 2815 659 2886 utique
688 2807 980 2882 primitias
1008 2805 1158 2876 ejus,
1185 2803 1294 2858 hoc
1315 2805 1425 2866 est,
1458 2800 1666 2857 animae
1709 2800 1872 2872 prius
1928 2815 2105 2871 quam

456 2900 716 2974 corporis
747 2898 952 2953 offerre
982 2893 1283 2949 debemus.
1318 2888 1593 2944 Primitias
1626 2887 1836 2943 animae
1889 2887 2106 2959 prima-

453 2997 553 3049 tus
582 2990 722 3045 sunt
749 2985 1038 3041 bonarum
1067 2978 1534 3050 disciplinarum.
1566 2976 1699 3040 Quae
1730 2975 1865 3032 licet
1881 2979 2106 3048 tempo-

456 3096 518 3136 re
550 3074 899 3152 posteriores
931 3070 1051 3127 sint
1080 3083 1261 3140 quam
1309 3064 1567 3137 corporis
1624 3064 1918 3137 primitiae,
1980 3080 2106 3136 quaa

458 3170 599 3226 sunt
626 3180 778 3230 esca,
809 3160 1260 3220 incrementum,
1291 3154 1477 3222 visus,
1510 3153 1769 3220 auditus,
1804 3157 1862 3208 et
1888 3156 2102 3218 tactus,

2219 1930 2348 1969 rum
2381 1908 2898 1983 astipulationibus
2929 1907 3245 1963 destitutus
3277 1903 3626 1976 suffragium
3677 1920 3874 1960 sacra-

2218 2002 2396 2058 menti
2428 1998 2705 2071 requirat,
2731 1997 2885 2053 sicut
2904 1994 3173 2051 homines
3203 1994 3304 2066 qui
3340 1993 3513 2049 ﬁdem
3547 1992 3715 2049 nobis
3764 1992 3877 2049 ad-

2216 2090 2524 2147 sciscimus
2554 2088 2941 2150 sacramento,
2973 2087 3031 2140 et
3062 2084 3189 2139 ideo
3213 2084 3510 2154 juramus,
3544 2085 3611 2136 ut
3674 2081 3876 2136 creda-

2217 2197 2352 2237 mur
2378 2194 2516 2234 vera
2541 2176 2777 2232 dixisse.
2819 2174 2976 2230 Deus
2998 2179 3191 2229 autem
3230 2176 3288 2228 et
3318 2186 3452 2227 cum
3510 2169 3772 2241 loquitur
3796 2170 3869 2224 fi-

2216 2268 2366 2325 delis
2406 2271 2516 2331 est,
2584 2265 2754 2336 cujus
2819 2278 3010 2318 sermo
3077 2264 3508 2317 sacramentum
3575 2262 3682 2315 est.
3740 2258 3871 2314 Non

2216 2357 2373 2413 enim
2440 2358 2677 2428 propter
2739 2355 3170 2408 sacramentum
3228 2348 3416 2405 fidelis
3500 2348 3873 2419 omnipotens

2216 2448 2391 2513 Deus,
2424 2444 2525 2501 sed
2567 2447 2805 2516 propter
2832 2441 3015 2496 Deum
3041 2439 3217 2495 etiam
3249 2440 3683 2493 sacramentum
3725 2436 3873 2497 lida-

2214 2537 2270 2592 le
2300 2540 2407 2592 est.
2442 2534 2565 2598 Qua
2595 2532 2818 2588 ratione
2851 2529 3031 2603 igitur
3061 2529 3291 2600 Moyses
3324 2527 3625 2598 jurantem
3683 2525 3875 2581 Deum

2215 2621 2494 2679 inducit?
2523 2618 2667 2683 Quia
2698 2634 2806 2673 nos
2836 2634 2947 2673 usu
2984 2615 3240 2688 quodam
3271 2612 3611 2671 mortalium
3641 2611 3879 2668 claudi-

2216 2728 2369 2777 mur,
2403 2714 2462 2765 et
2480 2707 2640 2764 velut
2668 2704 2859 2762 echini
2890 2704 3102 2760 cortice
3148 2702 3404 2775 quodam
3462 2717 3573 2757 nos
3609 2699 3877 2773 vulgaris

2215 2798 2505 2873 opinionis
2536 2794 2910 2863 involvimus,
2942 2796 3046 2849 aut
3077 2791 3235 2849 velut
3261 2789 3511 2847 cochlea;
3570 2805 3699 2862 qua)
3750 2787 3873 2844 nisi

2210 2892 2371 2946 intra
2400 2889 2563 2944 testae
2583 2884 3016 2958 Operimentum
3033 2882 3171 2949 sint,
3195 2880 3418 2953 spirare
3448 2896 3565 2935 non
3594 2881 3873 2951 possunt,

2216 2996 2321 3036 nec
2338 2992 2530 3034 aerem
2548 2974 2801 3030 liberum
2823 2987 3026 3043 capere
3039 2974 3140 3027 aut
3164 2969 3455 3026 sustinere
3479 2985 3492 3023 :
3518 2968 3603 3024 sic
3623 2983 3728 3023 nos
3739 2982 3865 3023 non

2214 3067 2330 3124 nisi
2357 3066 2511 3121 intra
2541 3062 2805 3136 quaedam
2838 3060 3110 3116 humanae
3142 3056 3587 3115 consuetudinis
3614 3054 3868 3113 latibula

2212 3163 2445 3215 terrena
2461 3168 2783 3210 versamur.
2809 3149 2972 3206 Unde
2998 3148 3137 3221 quia
3177 3146 3319 3202 illud
3346 3146 3544 3202 verius
3602 3144 3866 3201 solemus

456 3259 619 3324 Odor,
644 3270 754 3310 VOX
781 3251 971 3323 (mens
997 3249 1194 3303 antem
1224 3247 1281 3299 et
1310 3259 1519 3299 sensus
1545 3258 1683 3314 Ρβνε
1703 3240 1933 3313 animi”)
1966 3256 2102 3313 Pars
2129 3225 2174 3289 (ἶ
2213 3246 2465 3313 credere,
2489 3242 2644 3315 quod
2659 3237 3045 3313 jurejurando
3066 3236 3370 3305 ﬁrmatur;
3395 3250 3467 3291 ne
3484 3237 3683 3292 nostra
3707 3231 3873 3290 clau-

458 3342 716 3418 corporis
746 3344 855 3407 est,
881 3340 1079 3393 tamen
1109 3333 1332 3407 priores
1359 3335 1498 3387 sunt
1544 3329 1893 3403 disciplinis.
1952 3329 2105 3393 Qua-

2216 3337 2371 3393 dicet
2399 3333 2567 3398 fides,
2593 3331 2797 3402 jurare
2828 3325 3179 3384 describitur
3206 3324 3361 3381 Deus
3410 3324 3511 3395 qui
3564 3323 3689 3396 ipse
3745 3337 3874 3380 non

458 3411 590 3491 rum
623 3427 921 3504 primitiva
949 3429 1038 3482 est
1067 3440 1215 3496 puro
1246 3421 1418 3478 corde
1465 3424 1522 3476 et
1550 3418 1804 3491 simplici
1835 3432 2105 3475 sermone
2206 3427 2392 3499 ἀυτεῖ,
2426 3420 2528 3478 sed
2550 3418 2883 3492 jurantium
2905 3415 3109 3488 judex,
3132 3417 3190 3470 et
3245 3413 3402 3469 ultor
3456 3416 3548 3469 est
3596 3411 3874 3484 pejemn-

458 3521 653 3579 oblata
682 3519 797 3574 Deo
821 3512 1143 3589 gratiarum
1175 3511 1345 3567 actio.

529 3612 621 3666 42.
654 3608 781 3663 Haec
802 3618 1049 3660 munera
1077 3599 1291 3657 obtulit
1334 3598 1497 3665 Abel,
1544 3600 1604 3653 et
1658 3597 1786 3653 ideo
1853 3595 2107 3667 respexit

458 3702 614 3758 Deus
644 3697 701 3752 in
730 3709 976 3752 munera
1008 3690 1158 3761 ejus,
1193 3687 1472 3761 quoniam
1503 3703 1534 3743 e
1564 3684 1878 3758 primitivis
1936 3684 2104 3739 obtu-

457 3790 543 3846 lit.
576 3785 811 3844 Accedit
838 3798 973 3854 ergo
1005 3780 1146 3852 quia
1165 3779 1236 3834 de
1258 3776 1568 3850 primitivis
1590 3775 1870 3839 ovium,et
1889 3773 1960 3827 de
1983 3771 2105 3827 adi-

457 3878 630 3952 pibus
653 3888 873 3931 earum.
892 3868 1209 3927 Considera
1230 3866 1369 3938 quia
1390 3865 1601 3943 nonde
1640 3858 2103 3923 insensibilibus,

457 3949 557 4026 sed
579 3968 651 4023 de
671 3960 1076 4021 animantibus
1105 3954 1336 4013 obtulit.
1364 3953 1503 4009 Plus
1550 3955 1639 4008 est
1666 3951 1822 4007 enim
1881 3949 2106 4005 anima-

455 4058 552 4124 lis,
583 4070 761 4129 quam
782 4055 1053 4107 terrenus
1085 4062 1101 4112 ;
1136 4043 1432 4116 siquidem
1475 4039 1750 4097 animalis
1805 4037 2106 4110 proximus

456 4126 704 4220 spiritali
736 4145 843 4198 est.
873 4137 1000 4193 Non
1033 4134 1190 4190 enim
1222 4131 1385 4204 prius
1415 4129 1569 4202 quod
1602 4126 1861 4200 spiritale
1889 4126 2105 4195 est,sed

457 4216 612 4308 quod
646 4227 919 4294 animale,
954 4222 1163 4279 deinde
1193 4220 1348 4293 quod
1379 4217 1663 4292 spiritale.
1685 4216 1847 4281 Quod
1880 4216 2105 4271 anima-

457 4304 511 4380 le
541 4321 744 4395 spirat,
776 4316 955 4372 habet
982 4310 1213 4367 vitalem
1247 4308 1518 4381 spiritum
1554 4325 1566 4362 :
1603 4322 1717 4361 non
1750 4305 1832 4361 ita
1861 4305 2016 4377 quod
2038 4304 2109 4359 de

458 4394 747 4468 terrarum
779 4410 867 4461 est
892 4400 1196 4457 fructibus.
1232 4398 1446 4453 Deinde
1476 4394 1691 4451 obtulit
1721 4410 1838 4451 non
1898 4410 2107 4449 secun-

460 4502 555 4566 da,
589 4499 691 4554 sed
722 4493 958 4567 prima;
1008 4506 1123 4545 non
1180 4487 1408 4560 exigua,
1466 4485 1569 4541 sed
1627 4483 1909 4556 pinguia;
1969 4481 2110 4537 talia

460 4587 617 4645 enim
646 4585 739 4640 lex
760 4579 1044 4656 probavit,
1081 4581 1137 4634 et
1160 4576 1342 4649 jussit
1366 4574 1582 4641 oli'erri,
1612 4573 1765 4628 sicut
1823 4571 2107 4643 scriptum
2141 4588 2186 4652 Ι)

461 4680 552 4735 est
583 4694 596 4732 :
628 4675 696 4730 Et
724 4674 849 4738 erit,
881 4668 1091 4740 inquit,
1118 4682 1243 4721 eum
1271 4664 1490 4720 inducet
1512 4665 1564 4718 te
1619 4664 1760 4717 Deus
1790 4662 1851 4715 in
1906 4669 2112 4716 terram

422 4769 437 4778 ’
463 4767 927 4824 ϐὴαηαηέεοηιτη,
962 4759 1099 4813 sicut
1120 4756 1337 4828 juravit
1364 4752 1612 4825 patribus
1669 4752 1799 4815 tuis,
1863 4757 1914 4803 et
1961 4749 2115 4804 dabit

462 4857 610 4914 tibi:
646 4853 798 4911 tolles
826 4864 985 4908 omne
1034 4844 1173 4919 quod
1238 4844 1416 4914 aperit
1470 4840 1687 4895 vulvam
1744 4837 2114 4893 masculinum

460 4946 711 5002 Domino.
761 4940 930 4995 Omne
984 4934 1125 5008 quod
1183 4932 1363 5004 aperit
1390 4929 1607 4985 vulvam
1661 4928 1727 4983 de
1779 4930 2045 4983 armentis
2065 4935 2116 4982 et

458 5033 747 5107 pecoribus
778 5030 908 5094 tuis,
939 5038 1278 5098 qumvnqua
1313 5022 1447 5075 nata
1485 5018 1696 5089 fuerint
1751 5016 1855 5071 tibi
1908 5031 2117 5071 mascu-

467 5105 606 5189 lina,
637 5119 914 5190 sanetiﬁca
956 5114 1203 5177 Domino,
1265 5108 1433 5165 Omne
1463 5106 1604 5179 quod
1658 5107 1836 5177 aperit
1893 5105 2116 5160 vulvam

466 5212 664 5278 asinae,
697 5207 933 5263 mulabis
979 5201 1122 5260 illud
1150 5216 1246 5257 ove
1276 5217 1295 5255 :
1350 5198 1402 5253 si
1452 5204 1634 5252 autem
1688 5210 1800 5250 non
1854 5192 2113 5260 mutabis,

468 5299 703 5356 redimes
734 5296 885 5353 208
918 5291 1061 5349 illud
1091 5287 1283 5364 (Exod.
1342 5303 1462 5352 xm,
1518 5283 1726 5355 11-13).
1790 5281 1938 5347 Quid
1997 5284 2117 5336 tam

470 5385 742 5462 profundi
779 5381 1055 5456 mysterii,
1087 5384 1205 5436 tam
1239 5375 1365 5433 alta:
1395 5378 1746 5443 secretasque
1795 5368 2118 5442 sapientiae,

472 5458 649 5550 quam
730 5478 795 5530 ut
866 5471 927 5527 in
973 5469 1137 5527 venis
1196 5464 1548 5542 quibusdam
1607 5459 1916 5518 verborum
1970 5458 2119 5515 sim-

2213 3515 2385 3570 tium.
2419 3510 2682 3581 Denique
2714 3506 3000 3577 scriptum
3030 3506 3120 3559 est
3152 3521 3165 3558 :
3206 3503 3423 3559 Juravit
3472 3502 3757 3569 Dominus,
3815 3509 3875 3556 et

2212 3620 2328 3659 non
2359 3598 2643 3667 paenitebit
2694 3610 2818 3651 eum
2846 3611 2865 3648 :
2926 3594 3002 3649 Tu
3059 3608 3113 3648 es
3169 3591 3417 3648 sacerdos
3475 3592 3534 3646 in
3593 3593 3876 3647 xtemum

2215 3692 2386 3765 (Psal.
2420 3706 2532 3755 CIX,
2567 3686 2642 3758 4).
2677 3683 2938 3741 Servavit
2967 3681 3170 3754 utique
3201 3681 3356 3754 quod
3401 3679 3645 3751 juravit,
3709 3677 3879 3735 dedit

2216 3780 2386 3837 nobis
2415 3781 2697 3833 aeternum
2727 3770 3050 3845 principem
3101 3770 3471 3826 sacerdotum
3506 3786 3519 3823 :
3580 3772 3645 3824 ut
3687 3772 3747 3823 et
3801 3770 3874 3824 tu

2214 3870 2370 3944 quod
2395 3863 2707 3939 juraveris,
2739 3861 2821 3917 ita
2867 3860 3095 3916 noveris
3152 3875 3281 3915 esse
3333 3858 3687 3917 servandum
3723 3874 3738 3925 ;
3800 3860 3875 3912 ut

2215 3959 2353 4031 quia
2384 3972 2486 4028 per
2511 3969 2645 4010 eum
2672 3953 2842 4023 juras
2874 3949 2975 4022 qui
3014 3965 3130 4005 non
3181 3947 3482 4017 mentitur,
3522 3946 3674 4003 scias
3727 3960 3874 4002 eum

2216 4048 2501 4111 futurum,
2534 4042 2585 4099 si
2616 4038 2943 4105 mentiaris,
2974 4037 3247 4094 ultorem.

2286 4173 2373 4227 44.
2409 4165 2677 4241 Expulsis
2696 4164 2876 4237 igitur
2896 4162 3175 4236 inquietis
3198 4165 3255 4218 et
3273 4160 3593 4218 mobilibus
3644 4160 3876 4234 cogita-

2214 4260 2493 4325 tionibus,
2527 4255 2690 4312 dabit
2709 4253 2815 4310 tibi
2845 4253 2998 4309 Deus
3014 4268 3256 4309 vacuam
3279 4242 3712 4324 possessionem
3742 4264 3877 4307 cor-

2216 4350 2307 4407 dis
2332 4354 2391 4406 et
2422 4346 2634 4403 mentis
2669 4362 2683 4412 ;
2706 4346 2771 4399 ut
2798 4359 2927 4399 eam
2959 4340 3119 4398 cultu
3143 4341 3397 4413 quodam
3418 4335 3875 4412 tranquillitatis

2217 4453 2506 4507 exerceas,
2537 4438 2594 4491 et
2615 4434 2870 4489 fructum
2901 4446 2970 4485 ex
2999 4447 3067 4485 ea
3095 4429 3313 4502 capias,
3349 4444 3452 4485 nec
3485 4426 3784 4485 sustineas
3812 4426 3876 4483 in

2216 4546 2285 4585 ea
2311 4528 2688 4595 Chananosos,
2721 4521 2829 4577 hoc
2860 4524 2969 4588 est,
2999 4517 3265 4575 turbidos
3324 4533 3537 4574 sensus
3597 4531 3873 4572 recurre-

2220 4635 2327 4687 re;
2367 4614 2624 4672 eradices
2680 4609 2989 4685 gentilium
3041 4607 3313 4663 vitiorum
3363 4621 3598 4662 omnem
3658 4620 3875 4661 conce-

2219 4712 2387 4780 ptum
2425 4724 2439 4774 ;
2471 4704 2634 4759 lucos
2664 4716 2866 4758 eorum
2897 4698 3099 4753 diruas
3121 4696 3338 4769 quibus
3359 4695 3751 4752 obumbratur
3773 4708 3878 4749 ve-

2220 4797 2386 4866 ritas,
2416 4799 2473 4850 et
2502 4791 2741 4865 quidam
2780 4786 3031 4844 cmlestis
3078 4785 3225 4842 liber
3280 4784 3442 4841 visus
3494 4781 3881 4856 cogitationis

2221 4886 2459 4942 horrore
2482 4881 2800 4938 tenebrosae
2831 4874 3272 4948 disceptationis
3305 4872 3708 4931 absconditur.

2298 5012 2386 5066 45.
2416 5008 2527 5065 Sed
2556 5006 2667 5062 hoc
2696 5004 2810 5060 nisi
2836 5001 3030 5058 divino
3055 5000 3307 5056 donatus
3346 5013 3590 5054 munere
3644 4994 3885 5052 elﬂcere

2224 5116 2341 5156 non
2371 5102 2537 5171 potes
2571 5114 2583 5162 ;
2615 5094 2747 5149 ideo
2769 5092 2850 5148 ait
2885 5090 3082 5146 :Dabit
3111 5089 3215 5145 tibi
3239 5085 3590 5159 Deus(Ea:od.
3622 5082 3880 5171 xm,1l),

2224 5187 2335 5244 hoc
2365 5170 2472 5253 est,
2503 5184 2661 5240 204
2689 5178 3068 5253 cogitationes
3097 5176 3371 5250 optimas,
3408 5172 3628 5246 placita
3684 5170 3885 5227 consi-

2225 5276 2324 5344 lia,
2355 5270 2703 5345 tranquillas
2734 5267 3118 5324 inventiones.
3152 5266 3296 5321 Cum
3326 5261 3554 5319 dederit
3579 5261 3725 5331 haec,
3774 5257 3891 5315 tol-

2227 5365 2312 5421 les
2367 5378 2540 5419 omne
2596 5359 2749 5433 quod
2802 5357 2988 5430 aperit
3037 5353 3272 5411 vulvam
3345 5348 3764 5415 masculinum,
3828 5351 3890 5404 et

2232 5449 2599 5511 sanciticabis
2628 5446 2896 5505 Domino.
2927 5445 3054 5502 Non
3110 5446 3297 5500 totum
3329 5439 3510 5513 exigit
3546 5454 3582 5495 a
3609 5441 3667 5495 te
3695 5435 3893 5510 Deus,

533 5616 650 5689 (36)
666 5617 828 5689 Mss.
855 5630 1057 5671 omnes
1087 5617 1144 5671 et
1184 5615 1295 5668 vet.
1358 5608 1519 5675 edit.,
1579 5621 1741 5681 quam
1793 5606 1854 5663 in
1911 5600 2238 5679 quibusdam
2285 5596 2499 5656 invenis
2550 5592 2834 5652 verborum
2878 5584 3261 5663 simplicium?
3311 5580 3689 5659 Deprehendas
3727 5579 3899 5650 licet,

454 5686 914 5769 atoue/muricis,
946 5690 1058 5746 etc.
