4166 6154
268 249 397 312 357

1492 249 1595 309 DE
1638 249 1821 310 CAIN
1866 248 1966 310 ET
2011 248 2212 310 ABEL
2252 251 2403 312 LIB.
2450 250 2526 312 Il.

3615 260 3738 322 358

267 380 378 455 qui
411 382 607 436 totum
639 380 897 437 donavit.
932 377 1123 437 Multa
1152 378 1310 436 enim
1340 380 1414 436 ad
1447 396 1624 437 usum
1680 380 1952 436 substan-
1984 382 2037 448 Α
2068 381 2375 437 Generatio
2405 382 2519 438 ista
2549 380 2945 439 successionis
2976 381 3249 439 humana:
3281 383 3593 447 mulierem
3635 394 3736 452 de-

266 471 370 526 tiaa
404 468 665 543 largitur
689 469 985 538 humanas,
1019 473 1080 526 et
1107 469 1221 527 hoc
1251 485 1370 525 non
1419 472 1613 542 potest
1642 484 1771 525 esse
1803 469 1949 523 divi-

264 576 424 616 num
457 559 845 626 sacriﬁcium,
878 558 978 616 ubi
1015 562 1111 616 est
1158 575 1305 615 usus
1354 562 1596 615 natura.
1630 559 1834 628 Edere,
1867 557 1951 613 bi-

266 650 440 716 bere,
473 648 756 716 dormire,
789 647 1025 721 aliaque
1074 647 1257 704 etiam
1315 646 1644 704 ministeria
1696 645 1955 718 corporis

268 739 437 794 dono
466 740 611 794 sunt
639 737 746 793 tibi
779 735 1144 805 collata,non
1176 737 1298 809 a;te
1328 735 1513 792 relata
1542 736 1656 795 Deo
1688 751 1952 792 munera.

268 826 584 898 Quidquid
620 829 815 882 autem
843 829 1121 881 sanctum
1153 824 1522 899 cogitaveris,
1554 823 1665 880 hoc
1695 823 1796 879 Dei
1831 840 1955 879 mu-

270 934 400 973 nus
431 914 651 985 est,Dei
683 914 1121 988 inspiratio,Dei
1155 913 1342 988 gratia
1373 931 1386 970 :
1420 913 1575 970 sicut
1604 929 1634 969 e
1664 913 1953 969 contrario

271 1004 391 1063 illa
422 1021 554 1077 que
576 1020 712 1060 cum
730 1004 789 1059 in
808 1020 920 1061 usu
953 1008 1181 1060 natura:
1207 1002 1479 1058 humanas
1504 1002 1765 1070 sint,non
1789 1001 1954 1057 coin-

271 1094 545 1168 quinant
591 1093 923 1161 hominem;
957 1093 1060 1149 sed
1118 1092 1274 1164 quod
1325 1092 1442 1148 exit
1491 1091 1564 1148 de
1611 1106 1730 1159 ore,
1775 1090 1953 1156 furta,

274 1182 441 1239 falsa
461 1182 823 1251 testimonia,
858 1180 1191 1254 sacrilegia,
1220 1180 1346 1238 haec
1377 1183 1518 1236 sunt
1544 1196 1670 1252 quae
1698 1178 1955 1251 coinqui-

277 1276 437 1329 nant
464 1271 793 1327 hominem.

353 1361 448 1416 46.
485 1359 774 1416 Interiora
819 1374 957 1432 ergo
1007 1360 1212 1414 nostra
1255 1357 1633 1424 mandemus,
1674 1359 1740 1415 ut
1767 1355 1954 1428 possit

276 1449 507 1508 oblatio
554 1465 673 1504 non
721 1446 1050 1521 displicere.
1087 1445 1172 1502 Ibi
1224 1462 1556 1518 quaeramus
1590 1460 1763 1500 omne
1795 1443 1948 1515 quod

276 1538 481 1613 aperit
528 1536 768 1592 vulvam
819 1535 1242 1601 masculinum,
1291 1534 1401 1590 hoc
1448 1538 1557 1598 est,
1604 1534 1839 1605 justum
1898 1536 1955 1587 et

278 1625 638 1702 principale,
690 1625 847 1697 quod
904 1622 1274 1680 sanctiﬁcare
1321 1622 1567 1678 Domino
1609 1622 1952 1677 debeamus.

278 1718 491 1789 Neque
520 1715 681 1771 enim
713 1712 775 1768 hi
806 1729 913 1768 nos
943 1710 1205 1785 corporei
1237 1711 1425 1768 coitus
1462 1711 1596 1783 (37),
1629 1713 1947 1782 conceptus

280 1809 618 1880 partusque
660 1802 1051 1872 sanctiﬁcant,
1085 1801 1306 1875 quibus
1356 1800 1531 1857 vulva
1584 1798 1801 1856 femina
1847 1799 1952 1854 de-

278 1896 495 1952 ﬂorato
526 1892 754 1966 pudore
801 1890 1154 1964 virginitatis
1184 1888 1467 1962 aperitur.
1501 1888 1649 1944 Nam
1681 1886 1790 1943 etsi
1823 1904 1952 1942 mu-

278 1983 398 2041 lier
426 1981 762 2038 sanctiﬁcat
791 1980 1003 2049 virum,
1034 1983 1091 2035 et
1122 1979 1211 2034 vir
1240 1977 1580 2046 mulierem;
1612 1980 1806 2032 tamen
1839 1975 1957 2047 ple-

283 2087 546 2144 rumque
575 2068 870 2142 contingit
896 2068 1141 2142 virginis
1170 2067 1404 2123 vulvam
1437 2067 1611 2122 etiam
1640 2065 1767 2121 sine
1815 2080 1952 2121 con-

274 2162 438 2235 jugii
469 2159 785 2217 sanctitate
812 2157 1079 2214 reserari.
1109 2157 1314 2228 Neque
1344 2172 1550 2212 rursus
1600 2152 1725 2211 sola
1768 2152 1955 2208 virilis

281 2255 380 2308 est
408 2246 858 2323 gratia,mulier
886 2250 1081 2302 autem
1117 2242 1603 2302 sanctiﬁcationis
1633 2241 1822 2297 aliena
1842 2244 1950 2308 est,

284 2344 391 2397 aut
419 2337 737 2409 utriusque
768 2352 942 2392 sexus
973 2334 1220 2391 confusa
1245 2335 1457 2388 natura
1485 2335 1595 2397 est,
1610 2333 1676 2385 ut
1707 2333 1954 2401 uterque

284 2443 603 2502 corporeos
634 2425 921 2481 fundatur
966 2423 1025 2479 in
1075 2426 1304 2497 partus.
1354 2420 1584 2476 Habent
1614 2435 1723 2474 sua
1752 2416 1956 2473 munia

287 2517 426 2587 viri,
458 2516 681 2573 habent
712 2512 989 2570 mulieres
1014 2528 1192 2569 sexus
1222 2509 1316 2566 sui
1346 2509 1537 2565 ofﬁcia
1565 2507 1837 2564 discreta.

2061 476 2169 536 cet,
2203 470 2589 542 impossibilis
2619 471 2827 527 eadem
2859 470 3001 526 viro.

2138 560 2221 614 47.
2257 560 2405 630 Ergo
2441 559 2489 615 si
2525 560 2720 616 carnis
2753 559 2889 614 usui
2923 577 3036 614 non
3089 562 3341 632 quadrat
3371 564 3469 622 hic
3501 587 3736 641 sensus,

2063 646 2259 704 ofﬁcia
2290 648 2501 704 animae
2532 648 3137 704 discutiamustiam
3173 668 3314 707 sane
3347 648 3738 735 invenio,quas

2062 735 2226 793 nullo
2257 736 2512 793 discreta
2540 738 2619 793 sit
2651 754 2795 792 sexu
2834 741 2919 791 :et
2949 753 3081 792 cum
3116 755 3318 796 sexum
3355 762 3475 801 non
3503 748 3735 822 habeat,

2061 825 2378 897 utriusque
2410 843 2584 882 sexus
2616 842 2869 881 munera
2910 834 3304 897 repraesentat.
3340 836 3524 906 subit,
3554 842 3738 898 conci-

2062 913 2166 986 pit,
2201 915 2373 986 parit.
2407 915 2476 968 Et
2502 914 2654 969 sicut
2684 914 2929 970 feminis
2961 915 3121 970 dedit
3149 917 3384 977 vulvam
3420 933 3652 999 natura,
3676 933 3736 988 in

2064 1018 2182 1075 qua
2214 1002 2688 1074 uniuscujusque
2739 1003 3063 1058 animantis
3096 1010 3393 1076 generatio
3423 1031 3527 1087 per
3574 1036 3736 1075 men-

2065 1095 2260 1146 struas
2293 1092 2581 1146 formatur
2611 1096 2820 1147 zetates
2847 1108 2860 1144 :
2887 1091 2967 1144 ita
2999 1096 3085 1145 est
3117 1096 3385 1164 quaedam
3407 1103 3597 1162 virtus
3617 1107 3738 1162 ani-

2064 1195 2171 1234 mas
2204 1196 2331 1251 qua:
2361 1178 2520 1234 velut
2551 1182 2814 1251 quodam
2843 1178 3031 1234 vnlvre
3062 1182 3336 1251 genitalis
3385 1198 3606 1250 secreto
3637 1211 3733 1251 co-

2064 1267 2412 1340 gitationum
2446 1273 2780 1325 nostrarum
2821 1267 3121 1339 suscipere
3153 1274 3402 1347 semina,
3418 1286 3736 1355 conceptus

2064 1356 2271 1423 fovere,
2305 1359 2508 1428 partus
2538 1355 2687 1411 solet
2715 1357 2915 1412 edere.
2952 1356 3150 1429 Neque
3178 1362 3337 1420 enim
3390 1367 3537 1425 alter
3577 1370 3734 1426 dice-

2063 1450 2152 1500 ret
2208 1444 2389 1500 Isaias
2452 1461 2464 1500 :
2525 1447 2585 1500 In
2644 1454 2799 1501 utero
2861 1449 3181 1516 accepimus,
3225 1460 3277 1507 et
3330 1460 3735 1526 parturivimus

2061 1535 2318 1606 spiritum
2350 1533 2551 1589 salutis
2582 1535 2710 1604 (Isa.
2752 1550 2915 1601 xxvx,
2970 1534 3089 1605 18);
3147 1537 3263 1594 nisi
3322 1544 3555 1602 vulvam
3606 1546 3734 1603 ani-

2064 1638 2172 1676 mea
2205 1621 2479 1677 novisset.
2509 1622 2725 1678 Harum
2763 1623 3215 1693 generationum
3247 1634 3520 1702 quaedam
3565 1634 3733 1691 femi-

2065 1727 2184 1765 nea:
2215 1714 2374 1775 sunt,
2403 1710 2645 1774 malitia,
2692 1712 3050 1783 petulantia,
3104 1713 3390 1790 luxuries,
3443 1723 3734 1795 intempe-

2064 1799 2277 1865 rantia,
2310 1799 2697 1871 impudicitia,
2726 1799 2968 1872 aliaque
2997 1802 3345 1873 hujusmodi
3394 1809 3550 1876 vitia,
3602 1811 3734 1882 qui-

2063 1888 2175 1943 bus
2205 1886 2387 1942 animi
2418 1888 2604 1943 nostri
2635 1891 2913 1959 quaedam
2946 1896 3256 1948 enervatur
3282 1895 3549 1952 virilitas.
3584 1898 3735 1956 Mas-

2064 1975 2271 2031 culinas
2299 1980 2456 2042 sunt,
2489 1977 2754 2043 castitas,
2783 1977 3088 2048 patientia.
3127 1982 3467 2053 prudentia,
3513 1990 3733 2059 tempe-

2064 2064 2276 2129 rantia,
2325 2065 2624 2131 fortitudo,
2667 2066 2911 2135 justitia
2955 2069 3172 2141 quibus
3222 2087 3396 2127 meus
3425 2078 3643 2143 nostra,
3675 2080 3734 2133 et

2065 2169 2199 2208 caro
2229 2151 2353 2224 ipse
2379 2153 2669 2222 ﬁrmatur,
2701 2157 2759 2209 et
2808 2155 2883 2210 ad
2932 2157 3205 2212 abeunda
3248 2158 3501 2232 impigre
3532 2163 3734 2221 munia

2062 2242 2299 2296 virtutis
2329 2242 2590 2314 erigitur.
2623 2242 2741 2299 Hos
2793 2250 3003 2311 partus
3029 2245 3193 2302 alvus
3222 2246 3322 2302 ille
3352 2248 3728 2320 propheticus

2066 2330 2399 2402 parturivit.
2428 2330 2497 2385 Et
2528 2331 2656 2386 ideo
2688 2331 2771 2386 ait
2804 2349 2818 2386 :
2856 2335 2919 2388 In
2949 2343 3105 2390 utero
3153 2339 3464 2407 accepimus
3505 2347 3558 2395 et
3598 2357 3728 2412 par-

2062 2419 2354 2507 turioimus
2383 2421 2640 2501 spiritum
2667 2421 2893 2477 salutis.
2928 2423 3262 2480 Masculum
3296 2424 3481 2497 igitur
3508 2433 3565 2483 et
3593 2446 3725 2502 par-

2064 2506 2286 2573 turiV‘it,
2319 2512 2377 2563 et
2406 2508 2652 2580 peperit,
2686 2509 2789 2581 qui
2820 2511 3102 2583 spiritum
3133 2513 3345 2570 salutis
3377 2516 3598 2573 effudit.

360 2695 475 2768 (37)
507 2693 594 2750 Ita
624 2706 773 2748 mss.
808 2694 864 2746 et
896 2689 1061 2745 Rom.
1095 2687 1236 2745 edit.
1268 2686 1397 2743 Vet.
1429 2700 1564 2741 vero
1593 2682 1759 2751 edit.,
1788 2686 2041 2756 corporei
2068 2687 2232 2757 fetus.

1483 3061 1826 3150 LIBER
1885 3060 2524 3153 SECUNDUS.

1798 3274 2213 3288 ψ

725 3454 878 3513 205
918 3453 1153 3510 CAPUT
1196 3450 1507 3509 PRIMUM.

266 3549 501 3605 Anima:
570 3548 772 3617 partus
796 3616 803 3617 γ
827 3547 1040 3599 mature
1091 3539 1466 3617 producendos
1517 3558 1536 3594 :

343 3621 535 3691 forma
562 3610 651 3691 iit.
685 3616 928 3691 Plebeios
952 3610 1142 3671 sensus
1168 3613 1373 3668 mentis
1403 3612 1634 3691 imperio
1677 3610 1940 3670 Jomitari

340 3686 505 3762 posse
520 3706 543 3753 ;
570 3686 779 3760 duplex
802 3688 1091 3762 enimesse
1119 3699 1382 3762 sensuum
1408 3686 1719 3762 nostrorum
1737 3698 1938 3762 genus;

345 3752 401 3816 ist
432 3762 493 3815 in
521 3752 659 3815 utro'
670 3758 971 3814 consistant
994 3756 1284 3828 primitiva
1321 3754 1428 3809 Deo
1476 3752 1766 3828 offerenda.
1806 3759 1935 3828 Pos-

348 3840 526 3887 tremo
549 3830 615 3886 de
642 3827 1019 3885 commistione
1054 3843 1165 3899 qua
1208 3832 1538 3892 constamus,
1567 3827 1793 3898 ejusque
1817 3827 1936 3897 pri-

348 3903 532 3957 mitiis
558 3901 890 3972 disputatur.

348 3991 407 4045 4.
440 3989 558 4046 Hos
588 3992 792 4062 partus
821 3988 1019 4045 anima
1050 3991 1253 4043 nostra
1282 3985 1593 4057 parturiat,
1609 4002 1714 4042 nec
1744 3985 1938 4043 solum

271 4078 701 4153 parturiat,sed
751 4076 925 4133 etiam
974 4074 1167 4150 pariat
1218 4074 1354 4147 (38),
1387 4077 1445 4129 et
1490 4074 1699 4131 diebus
1749 4075 1939 4148 pariat

272 4166 576 4241 impletis;
610 4183 681 4223 ne
710 4167 1063 4223 immaturos
1091 4168 1298 4238 partus
1327 4162 1455 4218 dies
1481 4163 1689 4233 judicii
1733 4164 1936 4236 depre-

275 4256 610 4314 hendat.De
640 4255 732 4312 his
756 4256 911 4312 enim
942 4255 1229 4328 partubus
1260 4251 1410 4308 dixit
1437 4251 1723 4310 Dominus
1740 4253 1933 4310 Jesus:

282 4348 379 4404 γε
428 4345 850 4417 praegnantibus
919 4353 971 4400 et
1035 4343 1412 4400 nutrientibus
1463 4343 1521 4396 in
1588 4342 1702 4397 illis
1751 4341 1936 4399 diebus

275 4438 438 4508 (Luc.
469 4452 564 4501 xx,
593 4436 707 4505 23).
743 4434 1024 4490 Maturius
1080 4432 1263 4506 igitur
1295 4429 1631 4487 absolvatur
1659 4429 1754 4485 hic
1800 4447 1934 4503 par-

275 4531 405 4596 tus,
432 4528 493 4582 et
522 4523 897 4596 cogitationes
926 4526 1138 4579 nostra:
1179 4521 1466 4576 bonorum
1516 4535 1758 4590 operum
1802 4536 1932 4591 pro-

276 4612 552 4669 cessibus
592 4611 977 4684 explicentur;
1024 4614 1091 4665 ut
1138 4607 1285 4664 nihil
1344 4608 1748 4679 imperfectum
1797 4608 1934 4664 ﬁnis

276 4705 486 4758 noster
511 4701 790 4769 inveniat,
823 4699 971 4755 nihil
1019 4697 1438 4771 inexplicatum
1485 4697 1774 4753 terminus
1802 4696 1932 4752 vitae

277 4795 500 4848 nostra:
530 4789 802 4855 offendat,
835 4786 983 4843 nihil
1015 4791 1297 4860 tanquam
1328 4786 1389 4840 in
1420 4785 1633 4841 incude
1675 4785 1931 4857 positum

278 4897 433 4937 usus
462 4879 644 4935 nostri
675 4877 866 4951 operis
895 4875 1281 4948 derelinquat.
1315 4873 1550 4930 Festina
1578 4873 1777 4947 igitur,
1803 4874 1927 4930 ani-

279 4987 405 5036 ma,
436 4968 688 5024 formare
716 4971 921 5039 partus
948 4969 1103 5033 tuos,
1149 4962 1561 5037 properantius
1609 4962 1927 5031 absolvere,

277 5056 534 5114 celerius
566 5072 712 5128 quos
740 5053 1015 5127 genueris
1044 5051 1324 5109 enutrirc.

352 5150 411 5201 2.
446 5147 581 5212 Quas
611 5144 755 5201 tanti
786 5142 975 5199 forma
1003 5141 1082 5198 sit
1110 5145 1339 5215 partus,
1380 5140 1739 5198 demonstrat
1774 5145 1927 5213 Apo-

1582 3555 1769 3613 εοννωπ
1816 3557 1941 3613 quae

1966 3459 2009 3526 C
2043 3470 2143 3511 nec
2214 3453 2489 3526 formetur
2559 3454 2806 3510 Christus
2862 3458 2926 3511 in
2994 3461 3143 3517 vobis
3199 3460 3397 3531 (Galat.
3468 3479 3523 3532 v,
3594 3465 3703 3537 19).

2048 3544 2112 3599 In
2146 3542 2297 3597 hanc
2326 3542 2575 3600 formam
2606 3546 2729 3598 tota
2759 3546 2977 3603 mentis
3008 3554 3217 3605 nostris
3258 3548 3586 3608 coalescant
3621 3553 3705 3609 vi-

2050 3647 2231 3698 scera,
2264 3635 2322 3687 et
2352 3632 2412 3687 in
2442 3632 2541 3688 illo
2571 3628 2811 3704 genitali
2861 3633 2988 3690 alvo
3032 3638 3245 3693 animas
3296 3643 3507 3695 nostra:
3535 3641 3703 3698 Chri-

2050 3724 2179 3776 stus
2209 3719 2513 3792 refulgeat.
2547 3721 2752 3776 Partus
2783 3725 2984 3777 noster
3021 3724 3166 3779 ﬁdes
3214 3726 3309 3790 sit,
3344 3728 3704 3787 nutrimenta

2048 3813 2248 3865 nostra
2275 3814 2561 3883 praecepta
2589 3805 2862 3865 doctrinae
2899 3810 3036 3867 sint.
3074 3812 3177 3867 His
3208 3815 3472 3884 quaedam
3506 3817 3698 3874 cordis

2049 3898 2234 3953 nostri
2265 3898 2565 3954 imbuatur
2593 3897 2861 3964 infantia,
2893 3899 3239 3955 instituatur
3286 3902 3556 3971 pueritia,
3593 3906 3695 3974 ju-

2046 3984 2417 4043 venculescat
2461 3985 2871 4056 adolescentia,
2923 3992 3156 4044 senecta
3202 3995 3492 4046 canescat.
3536 3992 3697 4050 ZEtas

2047 4075 2204 4130 enim
2234 4076 2550 4131 senectutis
2581 4075 2697 4129 vita
2724 4078 2813 4129 est
2840 4074 3242 4132 immaculata.
3276 4078 3475 4150 Itaque
3504 4095 3572 4136 ea
3600 4081 3697 4138 de-

2048 4179 2208 4218 mum
2240 4164 2395 4219 bona
2408 4168 2496 4219 est
2511 4163 2718 4219 animas
2749 4167 3226 4237 senectus,quam
3249 4166 3411 4223 nulla
3432 4168 3689 4240 perﬁdiis

2045 4251 2491 4323 inquinamenta
2538 4249 2974 4307 maculaverint.
3006 4254 3076 4308 Et
3130 4255 3260 4311 ideo
3302 4260 3504 4327 partus
3554 4275 3697 4317 suos

2045 4340 2116 4395 ab
2157 4340 2266 4395 hac
2319 4339 2550 4396 macula
2594 4337 2810 4394 Paulus
2857 4342 3119 4398 defendit
3152 4360 3164 4398 :
3198 4344 3306 4415 Ego
3338 4362 3447 4413 vos,
3478 4345 3693 4420 inquit,

2042 4431 2212 4497 genui
2242 4431 2299 4484 in
2332 4429 2623 4499 Evangelio
2667 4428 2711 4498 (1
2763 4428 2882 4484 Cor.
2934 4447 2989 4493 v,
3042 4433 3158 4503 i5);
3207 4450 3277 4489 ne
3328 4437 3499 4506 cujus
3547 4454 3698 4495 saeva

2042 4517 2434 4572 insusurratio
2498 4516 2662 4572 rudis
2686 4516 2818 4571 fidei
2849 4523 3101 4576 tentaret
3128 4521 3694 4583 infantiam.Mascu-

2042 4605 2163 4660 lina
2192 4604 2373 4675 igitur
2401 4605 2737 4677 generabat,
2773 4606 2873 4677 qui
2906 4607 2962 4661 in
2994 4607 3184 4664 virum
3228 4612 3551 4682 perfectum
3592 4632 3693 4686 po-

2043 4694 2212 4764 pulos
2244 4709 2392 4765 quos
2422 4694 2684 4760 docebat,
2704 4692 2837 4750 ﬁdei
2878 4696 3164 4767 gestiebat
3194 4701 3417 4757 unitate
3446 4718 3689 4757 concur-

2045 4798 2190 4848 rere,
2224 4788 2281 4836 et
2310 4783 2368 4837 in
2402 4782 2699 4856 agnitione
2730 4782 2854 4838 Filii
2889 4786 2989 4841 Dei
3020 4789 3332 4857 perfectam
3377 4789 3690 4860 plenitudi-

2042 4869 2132 4926 nis
2179 4870 2393 4927 Christi
2455 4876 2651 4927 tenere
2702 4888 3038 4930 mensuram
3081 4876 3295 4948 (Ephes.
3324 4894 3399 4943 IV,
3434 4877 3541 4947 13).
3571 4877 3689 4933 Hoc

2039 4960 2194 5014 enim
2229 4961 2587 5016 sacriﬁcium
2620 4962 2972 5032 acceptabile
3021 4968 3132 5019 Deo
3181 4969 3435 5030 noverat,
3470 4965 3542 5020 de
3572 4981 3687 5036 quo

2039 5048 2333 5120 scriptum
2366 5054 2454 5105 est
2487 5066 2499 5105 :
2539 5050 2828 5123 Separabis
2858 5052 2969 5121 (39)
2996 5067 3153 5106 omne
3196 5051 3337 5122 quod
3366 5055 3541 5122 aperit
3569 5055 3686 5109 vul-

2036 5154 2162 5192 vam
2209 5141 2595 5208 masculinum,
2646 5141 2875 5195 Domino
2926 5139 3116 5210 (Exod.
3166 5154 3290 5203 xm,
3334 5140 3442 5201 42).
3481 5141 3551 5196 Et
3580 5142 3682 5215 qui

272 5235 474 5293 stolus
502 5234 701 5291 dicens
730 5251 742 5289 :
770 5231 955 5287 Filioli
977 5233 1089 5288 mei
1117 5247 1248 5304 quos
1292 5232 1493 5287 iterum
1536 5231 1808 5302 parturio,
1841 5228 1929 5284 do-
2037 5226 2265 5283 addidit
2296 5244 2309 5282 :
2344 5230 2511 5285 Omne
2539 5228 2678 5301 quod
2707 5230 2879 5299 aperit
2920 5228 3137 5282 vulvam
3166 5227 3232 5281 de
3260 5231 3524 5285 armentis
3553 5232 3687 5289 etde

350 5401 469 5474 (38)
499 5398 665 5474 Edit._
680 5400 994 5474 addebant,
1044 5399 1343 5474 secundum
1389 5399 1530 5474 quod
1576 5400 1805 5472 legitur;
1837 5399 1928 5456 sed
2030 5397 2258 5470 parabis
2289 5418 2308 5454 :
2337 5402 2552 5474 etpost
2583 5412 2768 5471 pauca
2818 5396 2876 5453 in
2930 5397 3132 5456 eodem
3162 5403 3219 5457 et
3247 5398 3378 5459 Vat.
3424 5402 3685 5464 secunda

275 5470 470 5539 etiam,
503 5475 611 5528 etc.
644 5470 783 5530 Mss.
814 5489 950 5531 vero
980 5475 1046 5530 ut
1073 5471 1135 5529 in
1158 5475 1339 5531 textu.

351 5542 465 5617 (39)
491 5540 555 5600 In
597 5558 738 5600 mss.
782 5542 909 5603 Div.
961 5547 1020 5602 et
1070 5544 1253 5603 Laud.
1304 5543 1673 5605 desideratur
1700 5558 1811 5604 vox
1837 5558 1923 5603 se-

2033 5486 2163 5543 vox,
2194 5470 2496 5542 sancti/lca.
