4166 6154
438 309 556 371 359

1894 301 1961 367 S.
2005 302 2378 367 AMBROSII

3726 293 3845 376 360

435 442 718 512 pecoribus
746 455 873 511 quae
918 450 1046 497 sunt
1089 443 1209 508 tibi,
1261 443 1631 496 masculinum
1659 442 1941 511 sanctiﬁoa
1981 441 2081 495 Do-
2112 444 2166 506 Α
2196 441 2371 496 nebat
2400 447 2572 510 (Rom.
2610 458 2707 505 vu,
2737 443 2848 513 25).
2889 441 3045 500 Unde
3075 442 3260 515 liquet
3291 446 3442 518 quod
3474 445 3560 500 ha:
3591 460 3845 502 commo-

434 532 586 586 mino
617 530 829 602 (Ibid);
865 549 935 586 ne
967 531 1108 603 quid
1136 531 1509 587 obscuritatis
1539 530 1769 599 habeat,
1818 528 2081 586 conside-

434 635 658 676 remus.

501 710 557 764 3.
591 709 826 765 Dixerat
865 710 934 764 de
975 708 1395 780 principalibus
1445 707 1938 781 generationibus,
1973 707 2081 764 hoc

432 801 540 867 est,
571 798 760 872 plenis
815 797 1244 870 capacibusque
1290 797 1533 854 rationis
1586 817 1598 852 :
1652 798 1877 854 addidit
1924 802 1981 852 et
2011 798 2082 852 de

431 887 788 960 gregalibus,
821 887 929 942 hoc
962 890 1071 951 est,
1107 885 1350 958 reliquis
1394 887 1554 942 velut
1598 886 1840 958 plebeiis
1887 886 2078 941 sensi—

430 977 566 1044 bus,
624 976 722 1046 qui
797 975 1236 1030 irrationalibus
1303 981 1718 1048 comparantur
1775 975 2074 1046 iumentis.

430 1065 564 1128 Quae
600 1070 789 1119 tamen
823 1080 953 1118 cum
988 1081 1021 1118 a
1050 1068 1268 1120 rectore
1301 1064 1498 1136 aliquo
1537 1065 1960 1136 gubernantur,
1995 1064 2078 1118 t'a-

428 1153 534 1209 cile
566 1158 1022 1220 mansuescunt;
1057 1158 1113 1208 et
1151 1153 1436 1226 imperata
1483 1154 1740 1226 exsequi,
1772 1159 1828 1209 et
1863 1154 2077 1227 jugum

427 1244 644 1315 subire,
676 1247 733 1299 et
761 1244 833 1298 ad
865 1259 1064 1298 vocem
1114 1244 1381 1315 magistri
1433 1243 1754 1300 accelerare
1805 1244 2076 1316 gradum,

425 1337 526 1388 aut
557 1335 783 1397 sistere,
816 1337 916 1388 aut
969 1333 1296 1401 deflectere,
1343 1337 1444 1387 aut
1495 1331 1691 1405 aliqua
1735 1332 1938 1388 munia
1984 1332 2076 1387 sui

424 1423 616 1495 cperis
665 1440 792 1494 quae
831 1422 1136 1492 jubentur,
1170 1422 1432 1478 humano
1481 1423 1736 1493 quodam
1789 1421 2074 1478 famulatu

423 1512 582 1567 obire
631 1515 1074 1566 consueverunt.
1129 1515 1380 1565 Tantum
1430 1509 1584 1565 valet
1643 1510 1958 1577 institutio,
2011 1515 2076 1565 ut

422 1601 618 1656 vincat
647 1599 947 1654 naturam!
984 1599 1182 1670 Itaque
1213 1598 1313 1653 illa
1343 1601 1506 1655 206
1537 1617 1663 1671 quae
1713 1600 2069 1655 consortium

423 1695 633 1745 nostris
665 1687 1005 1744 substantiae
1056 1704 1170 1742 non
1215 1687 1451 1753 habent,
1501 1693 1831 1760 agnoscunt
1873 1692 2070 1744 tamen

422 1783 630 1833 nostrae
661 1777 818 1832 vocis
849 1775 1162 1846 imperium
1218 1791 1231 1829 ε

420 1866 536 1921 1am
569 1865 849 1921 rationem
881 1864 1386 1931 habeant,nostrze
1414 1865 1700 1922 rationem
1731 1870 2065 1937 capessunt,

420 1961 476 2012 et
506 1954 938 2026 quodammodo
970 1954 1330 2009 transfusam
1357 1954 1892 2025 acquirunt.Equos
1915 1955 2069 2010 vide-

422 2061 555 2100 mus
585 2041 969 2116 popularibus
999 2041 1231 2096 incitari
1285 2043 1523 2105 studiis,
1550 2044 1804 2114 gaudere
1856 2043 2072 2114 plausi-

420 2134 554 2202 bus,
597 2131 898 2187 blanditiis
949 2129 1219 2185 delectari
1272 2130 1558 2202 magistri.
1611 2132 1828 2186 Torvos
1873 2130 2070 2188 leones

421 2223 715 2279 cernimus
765 2218 1091 2275 naturalem
1141 2219 1429 2274 feritatem
1493 2219 1779 2290 imperata
1842 2225 2069 2276 mutare

421 2310 892 2380 mansuetudine,
944 2325 1113 2364 suam
1177 2308 1396 2363 rabiem
1463 2308 1771 2380 deponere,
1837 2315 2069 2366 nostros

420 2419 611 2458 mores
642 2415 909 2466 sumere;
945 2402 1000 2453 et
1030 2414 1160 2452 cum
1194 2397 1313 2452 sint
1341 2396 1453 2468 ipsi
1489 2397 1799 2466 terribiles,
1833 2398 2069 2454 discunt

417 2493 643 2546 timere.
677 2487 930 2544 Caeditur
957 2486 1141 2553 canis,
1179 2490 1241 2540 ut
1272 2490 1544 2557 pavescat
1575 2485 1662 2541 leo
1697 2504 1710 2540 :
1745 2492 1801 2542 et
1831 2488 1932 2558 qui
1959 2504 2067 2542 sua

416 2580 634 2652 injuria
677 2579 1072 2648 exasperatur,
1126 2579 1424 2630 coercetur
1466 2573 1673 2642 aliena,
1708 2575 2064 2648 alteriusque

419 2667 683 2740 exemplo
717 2665 1023 2737 frangitur.
1058 2665 1293 2729 Quoties
1343 2667 1545 2735 parata
1603 2666 1797 2735 praeda
1828 2669 1884 2718 et
1935 2665 2063 2721 cibo

415 2758 581 2814 obvio
613 2757 827 2811 famem
858 2753 1077 2825 perpeti
1110 2751 1361 2818 malunt,
1387 2752 1528 2806 dum
1560 2753 1845 2807 offensam
1879 2754 2061 2825 magi-

413 2847 519 2902 stri
580 2842 887 2899 verentur?
937 2841 1172 2907 Quoties
1251 2840 1552 2910 repentino
1608 2839 1848 2911 impulsi
1900 2848 2060 2898 motu

414 2938 616 3005 aperta
674 2932 744 2986 ad
795 2946 1026 2984 morsus
1072 2946 1173 2983 ora
1209 2927 1367 2998 jussi
1415 2927 1751 2983 resolvunt?
1782 2930 1866 2984 lta
1919 2931 2059 2985 dum

415 3026 624 3076 nostrae
656 3018 940 3074 voluntati
973 3017 1400 3088 obsequuntur,
1449 3032 1569 3070 sua:
1616 3015 2056 3074 obliviscuntur.

414 3111 539 3168 Non
571 3109 652 3163 ita
682 3107 791 3162 illa;
844 3107 998 3172 ferte,
1042 3105 1130 3159 vel
1179 3104 1280 3160 illa
1317 3110 1582 3160 armenta
1623 3121 1927 3176 equorum,
1971 3107 2057 3164 vel

2193 528 2382 584 tiones
2413 547 2540 601 quae
2572 531 2897 586 secundum
2947 531 3130 604 legem
3181 534 3395 589 mentis
3442 539 3602 602 sunt,
3637 551 3706 590 ex
3752 535 3840 591 di-

2192 618 2327 674 vino
2358 620 2550 674 favore
2582 620 2922 692 procedunt,
2947 621 3048 677 alii
3079 625 3273 678 autem
3308 640 3517 680 sensus
3547 640 3616 679 ex
3644 623 3842 698 volup-

2190 709 2308 762 tate
2331 724 2626 778 corporea.

2260 798 2313 851 5.
2345 796 2453 852 Illa
2482 796 2663 868 igitur
2691 813 2815 868 quae
2849 804 3050 854 sancta
3071 800 3532 873 sunt,primitiva
3560 807 3700 858 sunt
3729 820 3838 858 no-

2191 889 2448 940 strorum
2468 902 2783 953 sensuum;
2807 887 2921 942 ista
2936 887 3094 944 velut
3110 890 3178 944 de
3195 891 3449 961 quodam
3481 907 3655 964 grege
3675 896 3834 962 sunt,

2189 979 2246 1030 et
2275 974 2495 1030 vilitate
2519 975 2746 1047 plebeia
2767 995 2779 1032 :
2802 993 2929 1049 quae
2959 979 3117 1034 varia
3147 979 3373 1034 videtur
3393 981 3620 1053 Moyses
3647 982 3834 1036 nomi-

2188 1063 2365 1120 nibus
2398 1063 2761 1136 signilicasse
2793 1065 3037 1122 diversis
3067 1068 3198 1135 (40).
3234 1068 3372 1127 Hoc.
3393 1069 3547 1124 enim
3581 1067 3839 1126 declarat

2188 1154 2366 1210 etiam
2397 1153 2497 1208 illa
2527 1171 2660 1209 area
2693 1153 2838 1226 legis
2871 1154 3209 1228 mystica.de
3231 1174 3347 1228 qua
3367 1158 3447 1212 ait
3471 1174 3483 1212 :
3507 1159 3673 1214 Initia
3692 1176 3837 1215 areae

2186 1245 2300 1299 tute
2329 1255 2380 1298 et
2411 1244 2561 1298 lacus
2591 1243 2680 1298 tui
2704 1260 2817 1298 non
2843 1246 3139 1300 novissima
3161 1247 3678 1317 facies.Priimitiva
3696 1249 3835 1320 ﬁlio-

2186 1350 2313 1387 rum
2365 1337 2586 1388 tuorum
2633 1333 2786 1387 dabis
2836 1332 2980 1388 mihi
3022 1333 3213 1404 (Exod.
3265 1350 3404 1402 xxu,
3451 1336 3564 1407 29).
3607 1336 3831 1392 Sancta:

2185 1421 2607 1477 commotiones
2641 1438 2928 1477 sensuum
2959 1426 3313 1492 nostrorum,
3347 1440 3473 1494 quae
3505 1425 3828 1481 secundum

2185 1511 2430 1566 virtutes
2461 1515 2620 1577 sunt,
2655 1511 2792 1581 ipsa:
2825 1515 2964 1566 sunt
2994 1511 3262 1583 primitiae
3308 1529 3450 1567 area
3497 1513 3783 1585 spiritalis
3815 1531 3830 1570 :

2183 1604 2486 1671 propterea
2517 1599 2694 1654 etiam
2727 1598 2902 1654 rurali
2957 1617 3100 1656 area:
3151 1606 3586 1673 comparantur,
3614 1602 3674 1658 in
3716 1620 3833 1674 qua

2180 1688 2538 1744 ventilantur
2567 1688 3048 1744 frumenta.Sicut
3081 1689 3238 1745 enim
3270 1690 3328 1744 in
3361 1690 3465 1746 hac
3497 1691 3675 1748 rurali
3698 1709 3830 1748 area

1283 1781 1503 1831 etcum
1537 1793 1654 1832 suae
1681 1781 1902 1832 natura:
1938 1777 2068 1832 nul-
2100 1809 2147 1872 Β
2179 1776 2469 1832 excutitur
2515 1776 2769 1832 triticum
2817 1782 2992 1849 atque
3035 1778 3339 1847 hordeum,
3383 1781 3530 1835 207
3583 1784 3642 1836 et
3687 1781 3827 1838 dum

2184 1867 2396 1938 saepius
2426 1865 2758 1932 ventilatur,
2790 1870 3094 1938 separatur
3141 1885 3174 1923 a
3221 1867 3438 1940 paleis;
3473 1870 3611 1942 quia
3652 1869 3826 1941 paleae

2182 1959 2500 2026 caateraque
2532 1959 2919 2026 purgamenta
2941 1957 3149 2012 messis
3173 1957 3231 2011 in
3256 1958 3550 2014 diversum
3569 1958 3710 2014 levis
3732 1975 3828 2014 au-

2181 2061 2255 2098 rae
2288 2044 2606 2116 spiramine
2635 2043 3024 2115 dissipantur;
3060 2043 3160 2100 illa
3195 2062 3328 2101 vero
3381 2063 3506 2118 quae
3551 2046 3827 2103 solidiore

2179 2137 2337 2199 sunt,
2371 2132 2428 2186 in
2463 2132 2656 2187 locum
2689 2133 2961 2188 eumdem
2991 2149 3234 2190 excusso
3263 2134 3498 2205 pulvere
3547 2135 3822 2192 relabun-

2179 2225 2292 2276 tur:
2309 2221 2388 2276 ita
2409 2220 2827 2292 cogitationum
2847 2225 3179 2277 nostrarum
3206 2223 3402 2296 fruges
3423 2241 3551 2296 quae
3575 2229 3714 2281 sunt
3731 2242 3822 2282 so-

2176 2307 2304 2363 lidae
2329 2313 2501 2380 atque
2521 2309 2778 2380 optimae,
2805 2326 3012 2381 puram
3040 2314 3214 2382 atque
3237 2312 3528 2368 sinceram
3551 2313 3823 2370 exhibent

2175 2397 2406 2452 virtutis
2428 2397 2951 2462 alimoniam,sicut
2971 2399 3255 2472 scriptum
3275 2405 3362 2457 est
3385 2405 3564 2474 τοκέα
3585 2419 3693 2459 non
3712 2405 3821 2460 solo

2169 2503 2314 2559 pane
2334 2487 2467 2541 vivit
2487 2487 2759 2554 homo,sed
2781 2488 2837 2541 in
2860 2489 3016 2542 omni
3034 2489 3192 2544 verbo
3215 2490 3314 2544 Dei
3328 2492 3624 2563 (Luam/1)
3647 2510 3660 2548 :
3693 2509 3819 2570 qua

2175 2581 2371 2631 autem
2394 2575 2632 2630 inutiles
2650 2579 2791 2630 sunt
2811 2579 2869 2631 et
2889 2577 3529 2651 vacuae,disperguntur
3540 2586 3605 2636 ut
3627 2582 3819 2638 fumus

2173 2681 2240 2720 ac
2270 2665 2518 2731 nebula;
2553 2663 2691 2735 quia
2717 2665 2870 2720 sicut
2917 2666 3116 2720 fumus
3167 2667 3376 2735 oculis,
3405 2668 3490 2724 sic
3537 2669 3818 2743 iniquitas

2174 2754 2477 2808 utentibus
2507 2769 2591 2807 ea.
2627 2753 2693 2806 Et
2723 2756 2875 2808 recte
2908 2753 3069 2809 fumo
3099 2754 3382 2826 iniquitas
3425 2764 3815 2832 comparatur,

2171 2858 2301 2912 quae
2330 2841 2486 2897 velut
2517 2842 2774 2912 quadam
2807 2841 3068 2897 saeculari
3099 2843 3344 2917 caligine
3374 2846 3561 2902 aciem
3609 2849 3815 2906 mentis

2171 2931 2428 2985 obducit.

2237 3021 2290 3074 6.
2327 3020 2393 3074 Et
2429 3019 2558 3074 ideo
2607 3018 2890 3076 Dominus
2938 3019 3078 3075 dicit
3129 3039 3141 3077 :
3195 3021 3328 3077 Cum
3371 3025 3707 3082 intraverilis
3754 3030 3814 3083 in

2165 3112 2374 3163 terram
2403 3110 2462 3162 in
2489 3124 2653 3178 quam
2679 3108 2877 3164 induco
2909 3126 3017 3176 vos,
3049 3119 3101 3166 et
3123 3127 3245 3166 cum
3274 3114 3612 3171 manducare
3643 3134 3808 3189 coepe-

413 3215 598 3272 genus
629 3214 798 3253 omne
830 3195 1140 3268 pecudum,
1173 3211 1299 3265 quae
1345 3195 1470 3251 sine
1515 3199 1733 3250 rectore
1774 3201 2057 3268 vagantur
2087 3174 2128 3240 Ο
2165 3200 2288 3252 ritis
2319 3197 2383 3252 de
2409 3197 2644 3268 panibus
2673 3201 2839 3255 terrze
2870 3199 3286 3271 illius,o/feretis
3305 3203 3636 3260 oblationem
3657 3223 3809 3278 sepa-

413 3288 552 3356 ullo,
586 3291 643 3342 et
671 3285 830 3341 omni
860 3283 1162 3338 domitoris
1193 3283 1586 3354 gubernaculo
1634 3284 1916 3339 destituta
1965 3303 2058 3341 ex-

412 3373 853 3448 asperantur.Et
883 3371 1012 3426 ideo
1043 3371 1292 3443 appositi
1326 3376 1463 3426 sunt
1494 3373 2060 3445 armentarii,opilio-

412 3482 535 3529 nes,
585 3461 891 3533 ceterique
922 3464 1206 3531 pastores,
1239 3460 1479 3531 quidam
1518 3461 1780 3533 magistri
1812 3477 2055 3535 gregum

411 3551 603 3608 ofﬁcia
632 3567 741 3606 sua
771 3547 1020 3621 singulis
1043 3549 1434 3604 animantium
1461 3549 1572 3604 sibi
1604 3551 2054 3607 commissorum

409 3639 738 3697 conditione
768 3639 1107 3693 formantes.
1954 3649 1960 3655 ο

479 3731 530 3783 4.
554 3728 797 3783 Videtur
826 3741 963 3798 ergo
993 3729 1050 3780 et
1079 3742 1361 3780 sensuum
1393 3729 1726 3782 nostrorum
1758 3729 2053 3798 quoddam

406 3834 594 3890 genus
625 3816 784 3872 aliud
807 3815 1096 3871 domitum
1118 3820 1174 3869 et
1195 3819 1604 3883 mansuetum;
1631 3814 1787 3870 aliud
1810 3816 2056 3872 indomi-

409 3913 530 3962 tum
565 3907 720 3979 quod
753 3904 1106 3960 armentario
1151 3904 1408 3974 quodam
1459 3908 1622 3958 motu
1657 3904 1870 3960 mentis
1900 3905 2053 3961 velut

405 3995 604 4050 deside
634 3998 808 4066 atque
840 3992 1094 4048 resoluto
1121 3995 1361 4063 proruat
1392 3991 1461 4046 ad
1492 3991 1920 4048 irrationabiles
1953 3994 2050 4048 de-

404 4083 743 4140 lectationes
774 4080 1067 4154 corporis:
1091 4084 1468 4135 mansuetum
1492 4086 1688 4135 autem
1711 4082 1864 4151 quod
1897 4082 2054 4137 velut

404 4173 538 4228 duci
584 4171 815 4228 cuidam
850 4168 1234 4225 moderationi
1255 4169 1468 4224 mentis
1485 4185 1546 4225 se
1563 4170 1839 4240 subjiciat
1851 4173 2053 4229 etsub-

403 4261 522 4315 dat.
574 4260 944 4330 Quaecunque
993 4273 1129 4328 ergo
1176 4257 1305 4327 ejus
1363 4263 1580 4312 natura:
1633 4265 1940 4331 reguntur,
1986 4278 2053 4318 ea

403 4353 542 4403 sunt
571 4347 897 4404 masculina
928 4350 1104 4416 atque
1136 4345 1389 4416 perfecta
1422 4363 1434 4400 :
1463 4363 1824 4420 quaecunque
1855 4353 2050 4405 autem

403 4437 529 4492 sine
559 4436 706 4492 duce
737 4435 854 4489 ullo
884 4433 1109 4505 plebeia
1139 4434 1594 4506 praesumptione
1645 4438 1900 4508 quadam
1946 4439 2048 4493 do-

2168 3295 2347 3341 ratam
2379 3288 2624 3352 Domino,
2646 3289 2928 3358 primitias
2956 3292 3353 3360 conspersionis
3379 3297 3587 3359 vestrae,
3617 3311 3814 3365 panem

2166 3377 2303 3430 sicut
2333 3376 2663 3431 oblationem
2693 3376 2756 3430 de
2783 3393 2913 3431 area
2932 3394 2950 3430 :
2968 3379 3046 3432 sic
3074 3377 3316 3450 o/feretis
3342 3383 3599 3451 primitia
3617 3388 3814 3454 con/u-

2164 3466 2380 3520 sionum
2408 3467 2709 3520 vestrarum
2736 3465 2866 3536 (41),
2899 3472 2950 3519 et
2995 3466 3197 3521 dabitis
3243 3469 3471 3524 Domino
3502 3469 3684 3540 (Num.
3717 3490 3812 3540 xv,

2166 3556 2219 3620 2,
2248 3553 2319 3624 3).
2347 3553 2620 3609 Confusio
2663 3571 2771 3609 nos
2819 3570 3051 3622 sumus,
3084 3554 3449 3612 diversorum
3499 3558 3812 3631 elemento-

2119 3650 2122 3652 ⁷
2165 3659 2295 3697 rum
2327 3643 2580 3714 quadam
2615 3643 3024 3698 commistione
3055 3646 3687 3721 compositi.Siquidem
3711 3649 3812 3705 fri-

2163 3732 2367 3803 gidum
2398 3731 2670 3800 calido,et
2693 3731 3006 3788 humidum
3039 3733 3191 3790 sicco
3223 3735 3502 3791 miscetur
3531 3737 3589 3792 in
3620 3739 3809 3795 nobis.

2164 3822 2293 3877 Haec
2323 3821 2658 3894 conspersio
2689 3821 2906 3877 multas
2936 3822 3115 3880 habet
3160 3825 3353 3880 carnis
3401 3824 3722 3892 illecebras,
3755 3832 3816 3883 et

2162 3911 2446 3982 plurimas
2473 3910 2885 3966 delectationes
2918 3927 2930 3964 :
2963 3913 3064 3967 sed
3109 3929 3225 3967 non
3272 3918 3411 3969 sunt
3439 3914 3498 3969 hi
3530 3915 3810 3987 primitivi

2161 3999 2339 4070 hujus
2365 3999 2621 4071 corporis
2655 4017 2887 4067 sensus,
2921 4001 3062 4072 quia
3112 4017 3179 4057 ex
3229 4003 3425 4058 anima
3471 4009 3528 4060 et
3570 4021 3810 4078 corpore

2162 4092 2498 4144 constamus
2530 4093 2587 4143 et
2616 4089 2850 4160 spiritu.
2885 4089 3014 4145 Haec
3044 4095 3131 4146 est
3164 4093 3498 4164 conspersio
3526 4093 3815 4167 principa-

2161 4176 2256 4248 lis,
2287 4177 2346 4230 in
2377 4193 2495 4248 qua
2522 4178 2878 4233 sanctificari
2929 4195 3034 4234 nos
3081 4181 3394 4252 Apostolus
3445 4183 3624 4254 cupit,
3659 4183 3815 4238 sicut

2161 4267 2276 4321 ait:
2301 4268 2416 4337 Ipse
2440 4274 2619 4322 autem
2660 4268 2794 4322 Deus
2830 4269 3410 4340 pacis(42)sanctiﬁcet
3447 4286 3536 4326 vos
3571 4288 3669 4342 per
3694 4288 3813 4327 om-

2159 4357 2288 4417 nia;
2317 4360 2375 4410 ut
2404 4357 2611 4427 integer
2637 4357 2863 4427 spiritus
2892 4360 3066 4412 vester
3095 4362 3146 4412 et
3175 4362 3364 4414 animo
3393 4368 3442 4414 et
3471 4375 3662 4432 corpus
3689 4363 3817 4418 sine

2159 4443 2380 4514 querela
2425 4445 2484 4498 in
2523 4444 2611 4498 die
2660 4445 2882 4499 Domini
2928 4447 3104 4500 nostri
3150 4448 3278 4501 Jesu
3323 4447 3527 4502 Christi
3565 4453 3819 4506 servetur

401 4523 883 4590 minantur,velut
913 4520 1163 4576 civitatis
1194 4521 1441 4594 alicujus
1463 4540 1589 4596 quae
1620 4525 1774 4597 regis
1797 4525 2050 4597 optima-
2081 4543 2127 4607 D
2159 4533 2207 4602 (Ι
2269 4533 2442 4587 Thess.
2512 4549 2566 4598 ν,
2632 4532 2749 4602 23).
2811 4531 2990 4604 Cujus
3057 4536 3488 4606 conspersionis
3537 4537 3813 4608 primitiae

400 4620 644 4685 tumque
673 4611 918 4668 consilio
950 4609 1172 4682 privata
1194 4609 1378 4676 sit,ita
1399 4611 1658 4683 corporis
1688 4614 1779 4668 sui
1811 4630 2044 4670 omnem

399 4708 616 4760 statum
644 4707 701 4758 et
731 4700 956 4757 virilem
985 4698 1240 4770 vigorem
1275 4701 1542 4755 muliebri
1577 4703 1831 4772 quadam
1859 4703 2044 4759 disso-

398 4792 620 4848 lutione
649 4791 1007 4847 effeminant.
1041 4789 1120 4842 Ex
1150 4788 1242 4843 his
1273 4787 1373 4843 illa
1413 4787 1505 4844 lex
1549 4793 1742 4847 carnis
1775 4796 1884 4860 est,
1919 4809 2044 4864 quis

398 4881 586 4955 legem
616 4878 944 4952 apostolicae
976 4876 1187 4932 mentis
1213 4877 1590 4950 impugnans,
1610 4880 1896 4950 captivam
1929 4886 2045 4936 tra-

398 4971 574 5026 hebat
601 4986 732 5025 eam
757 4967 1014 5040 quadam
1045 4965 1170 5038 lege
1200 4967 1442 5038 peccati.
1476 4968 1540 5021 Et
1583 4967 1712 5024 ideo
1744 4973 1809 5024 ut
1847 4969 1915 5024 de
1947 4969 2044 5025 illo

400 5059 604 5115 mortis
635 5074 874 5129 corpore
899 5056 1261 5121 liberaretur,
1288 5072 1452 5127 spem
1477 5072 1646 5111 suam
1680 5057 1897 5114 Paulus
1927 5075 2046 5114 om-

399 5165 531 5204 nem
563 5165 676 5204 non
709 5147 770 5200 in
801 5163 910 5202 sua
937 5144 1169 5211 virtute,
1203 5144 1303 5200 sed
1330 5143 1389 5199 in
1423 5144 1637 5200 Christi
1668 5146 1853 5217 gratia
1884 5164 2045 5220 repo-

468 5340 579 5410 (40)
611 5338 696 5414 ita
725 5355 867 5414 mss.
894 5339 1022 5414 Div.
1055 5339 1422 5411 Caeteri,quod
1452 5343 1630 5414 varia.
1668 5382 1680 5395 .
1719 5382 1734 5394 .
1773 5385 1785 5395 .
1819 5343 2042 5414 signiﬁ-

396 5425 545 5468 casse
591 5409 839 5482 tliversis,
878 5411 1018 5482 ~Vat.
1073 5429 1248 5479 unus,
1285 5409 1306 5466 ξ
1335 5453 1347 5465 .
1385 5413 1765 5482 .sig-niﬁcasse
1813 5409 2039 5470 Iudaeis.

398 5484 522 5538 Vet.
557 5480 719 5554 edit.,
749 5480 890 5554 quod
907 5486 1058 5537 varie
1091 5524 1103 5536 .
1142 5526 1153 5538 .
1190 5525 1201 5538 .
1234 5480 1840 5554 signiﬁcasse'diversis.
1870 5485 2038 5543 Rom.

394 5551 720 5628 vero,_qu_od
751 5551 970 5628 variis,
1008 5595 1020 5610 .
1060 5595 1073 5608 .
1106 5551 1442 5628 signiﬁcasse
1469 5555 1691 5614 Iudaeis.

462 5621 604 5699 (41),
638 5621 804 5684 Rom.
873 5622 1013 5679 edit.
1081 5621 1524 5700 corispersionum
1587 5631 1889 5685 vestrarum
1923 5669 1935 5683 .
1975 5671 1985 5684 .
2026 5672 2037 5686 .

2157 4620 2456 4692 spiritales
2515 4626 2671 4690 sunt,
2740 4620 2849 4676 hoc
2917 4628 3025 4690 est,
3077 4623 3442 4681 inventiones
3505 4631 3564 4681 et
3633 4643 3812 4700 gene-

2157 4709 2410 4765 rationes
2443 4725 2726 4765 sensuum
2756 4709 2855 4779 qui
2887 4726 2954 4764 ex
2984 4711 3179 4782 vigore
3211 4712 3420 4767 animm
3461 4715 3810 4786 procedunt.

2155 4797 2266 4852 Sed
2316 4814 2431 4852 non
2481 4814 2683 4852 omnes
2734 4797 3013 4869 primiviti
3063 4815 3296 4868 sensus,
3349 4801 3462 4857 nisi
3518 4803 3620 4874 qui
3682 4820 3812 4860 ma-

2153 4885 2291 4941 litiae
2322 4890 2380 4941 et
2409 4885 2824 4958 improbitatis,
2859 4890 3034 4958 atque
3064 4889 3257 4945 omnis
3287 4890 3500 4946 erroris
3547 4899 3814 4950 exsortes

2156 4975 2471 5030 sunt.Sunt
2501 4979 2699 5029 autem
2723 4975 3060 5031 necessariae
3083 4978 3345 5049 corporis
3366 4977 3808 5050 delectationes,

2155 5066 2219 5117 ut
2238 5063 3513 5134 dormiendi,edendi,bibendi,deambulandi
3537 5072 3594 5124 et
3616 5071 3811 5125 caeteri

2153 5167 2362 5208 sensus
2394 5150 2734 5223 hujusmodi
2762 5169 2775 5221 ;
2799 5153 2900 5208 sed
2935 5169 3051 5208 non
3082 5153 3141 5208 in
3170 5154 3261 5210 his
3290 5155 3810 5227 primitiae.Etideo

2152 5348 2454 5425 conspersio
2484 5362 2581 5425 πρε
2610 5351 2924 5425 _sumus._At
2951 5347 3012 5425 i_n
3046 5351 3410 5425 sensqinter
3440 5354 3809 5425 conspersio-

2153 5424 2371 5496 nem_et
2400 5418 2802 5496 confusionem
2833 5418 2941 5496 hoc
2967 5419 3092 5496 loco
3126 5420 3285 5478 nulla
3303 5427 3403 5496 est
3432 5418 3739 5481 diversitas
3788 5446 3803 5496 ;

2152 5490 2408 5573 quodex
2431 5489 2584 5573 ipsis
2613 5491 2906 5573 Ambrosii
2932 5493 3125 5573 verbis
3157 5494 3534 5573 manifestum
3563 5500 3672 5554 est.

2224 5559 2338 5638 (42)
2368 5559 2521 5621 Edit.
2555 5577 2780 5633 omnes,
2801 5566 2922 5638 Ipse
2949 5567 3129 5623 autem
3158 5565 3299 5626 Deus
3325 5568 3510 5626 Pater.
