4166 6154
275 229 400 292 381

1492 228 1594 288 DE
1638 229 1819 290 CAIN
1866 227 1966 288 ET
2007 225 2210 288 ABEL
2256 226 2404 288 LIB.
2449 228 2521 287 II.

3619 227 3740 288 aes
3792 207 3799 216 ’

281 377 406 419 non
441 360 503 416 in
537 359 655 428 his,
691 359 792 416 sed
831 359 890 415 in
925 357 1048 415 illis
1093 357 1328 415 Domini
1375 364 1832 426 sacramentum,
1866 359 1966 415 ubi
1992 357 2050 426 Α
2076 357 2283 415 talem:
2319 361 2377 415 et
2404 358 2532 414 ideo
2557 374 2673 415 non
2704 357 2872 413 erant
2898 354 2970 410 ab
3003 356 3168 410 utero
3199 356 3451 426 naturae,
3474 356 3630 416 sicut
3656 359 3744 417 di-

280 449 558 517 castitas,
596 447 808 520 pietas,
841 446 942 502 ubi
993 445 1144 502 ﬁdes
1177 451 1351 519 atque
1383 447 1627 504 devotio.
1653 448 1835 518 Cujus
1883 448 1964 504 rei

279 537 678 595 manifestum
711 540 768 592 et
798 536 1041 592 evidens
1093 535 1430 608 exemplum
1468 541 1558 593 est
1604 536 1820 593 oblatio
1862 554 1963 609 pa-

276 627 560 684 triarchae
591 625 775 692 Isaac,
809 641 988 697 quem
1033 623 1310 680 sacriﬁcii
1355 626 1527 681 modo
1557 624 1770 680 obtulit
1799 628 1963 696 pater

277 715 521 773 nullius
554 718 717 770 motu
748 713 1050 787 passionis
1077 714 1329 769 inflexus
1359 713 1651 780 humanae,
1676 713 1960 770 mundam

280 807 544 863 oﬂ'erens
600 803 717 859 Deo
773 802 1055 869 hostiam,
1080 818 1448 875 vacuamque
1502 803 1854 872 formidinis,
1904 805 1962 858 et

279 909 585 968 corporea
611 891 952 965 cupiditatis
979 891 1486 959 immunem,cum
1508 891 1634 964 ipsa
1659 891 1843 964 pietas
1863 908 1962 964 pa-

278 983 400 1040 tris
432 980 727 1038 devotioni
759 980 989 1037 cederet
1021 977 1410 1036 immolantis.

279 1141 583 1200 Primitias
612 1156 723 1197 non
752 1144 1013 1211 tempore,
1047 1138 1142 1194 sed
1175 1140 1467 1195 sanctitate
1494 1139 1770 1196 aestimari
1786 1154 1959 1211 ;_cum

360 1214 472 1285 ﬁde
498 1227 627 1284 quae
663 1208 943 1285 impr-trhis
983 1212 1294 1285 necessaria
1340 1215 1438 1285 est,
1487 1209 1862 1285 conjungenda
1890 1208 1959 1264 ad

357 1280 562 1342 verum
605 1280 943 1353 sacriﬁcium
985 1283 1132 1339 bona
1159 1296 1329 1352 opera
1356 1299 1374 1336 :
1403 1280 1590 1352 fructu
1633 1280 1960 1353 mutandum

359 1357 630 1426 laborem,
661 1351 825 1428 atque
867 1357 1121 1412 ani-mam
1165 1351 1234 1409 ab
1277 1351 1568 1409 inutilibus
1615 1351 1960 1408 liberandam

359 1444 494 1484 esse.

357 1519 416 1571 7.
449 1515 619 1572 Nunc
651 1513 1098 1570 consideremus
1130 1528 1259 1584 quae
1305 1512 1383 1568 sit
1410 1512 1497 1566 vis
1537 1509 1955 1584 primitiarum,

283 1610 347 1663 et
367 1606 572 1662 utrum
596 1607 860 1675 tempore
883 1601 1252 1656 nstimentur
1273 1599 1563 1673 primitiae,
1588 1617 1661 1656 an
1685 1599 1959 1655 sanctita-

282 1699 364 1764 te,
390 1693 504 1749 hoc
537 1693 646 1759 est,
671 1668 876 1747 utrum
908 1688 1108 1745 omnia
1131 1668 1294 1745 πθέ
1325 1687 1717 1761 primogenita
1747 1687 1962 1743 sancti-
1990 1668 2039 1733 B

283 1783 628 1840 ﬁcationem
660 1778 919 1834 habeant
963 1776 1384 1850 primitiarum.
1418 1775 1693 1832 Primitiae
1745 1774 1961 1830 etenim

283 1874 595 1927 fructuum
629 1871 847 1925 sanctae
879 1866 1207 1922 secundum
1249 1864 1436 1938 legem
1471 1865 1659 1937 (Num.
1683 1879 1842 1932 xvm,
1875 1863 1958 1935 8);

285 1958 432 2033 quia
461 1959 520 2014 in
553 1958 650 2014 his
683 1956 975 2030 optimum
1007 1956 1231 2012 festinae
1264 1954 1399 2011 ﬁdei
1439 1953 1792 2012 sacriﬁcium
1823 1957 1913 2010 est
1944 1969 1957 2006 :

287 2050 391 2106 sed
428 2047 584 2103 ﬁunt
614 2049 835 2103 sanctae
857 2041 1181 2110 devotione,
1207 2060 1322 2099 non
1352 2047 1638 2116 tempore;
1674 2042 1813 2114 quia
1843 2057 1960 2098 non

287 2140 612 2211 proventus
644 2133 991 2201 sanctiﬁcat,
1012 2133 1110 2189 sed
1135 2131 1383 2189 devotio.
1404 2132 1668 2203 Denique
1689 2130 1788 2186 ubi
1811 2130 1963 2185 celer

288 2229 613 2300 proventus
646 2225 758 2290 est,
788 2221 839 2278 si
889 2221 1114 2278 devotio
1163 2224 1446 2287 moretur,
1479 2221 1703 2276 otl‘ensa
1731 2221 1961 2274 contra-

290 2316 474 2373 hitur.
520 2311 650 2370 Non
703 2327 841 2384 ergo
891 2310 1089 2367 omnia
1134 2308 1528 2382 primogenita
1578 2312 1780 2364 sancta
1810 2323 1823 2362 :
1858 2307 1961 2362 sed

288 2404 493 2462 omnia
521 2419 654 2475 quae
700 2403 907 2457 sancta
947 2403 1105 2467 sunt,
1136 2401 1277 2455 sunt
1324 2397 1500 2453 etiam
1549 2395 1958 2468 primogenita.

289 2493 560 2566 Denique
591 2491 736 2547 Cain
767 2487 1219 2562 primogenitus,
1244 2487 1346 2542 sed
1379 2503 1496 2541 non
1528 2489 1788 2541 sanctus.
1815 2484 1959 2539 San-

290 2589 425 2640 ctus
456 2597 696 2655 quoque
741 2576 920 2635 Israel
956 2577 1057 2633 Dei
1107 2573 1383 2648 populus,
1417 2575 1517 2631 sed
1571 2591 1686 2630 non
1734 2572 1962 2646 primus

291 2677 489 2738 aetate;
519 2673 578 2725 et
598 2674 802 2724 tamen
824 2663 1254 2737 primogenitus
1282 2661 1628 2734 appellatur,
1649 2660 1802 2715 sicut
1825 2658 1962 2714 scri-

294 2765 465 2834 pturn
498 2762 590 2814 est
637 2757 700 2811 in
757 2753 1102 2828 prophetis:
1137 2753 1547 2823 Primogenitus
1596 2764 1748 2804 meus
1793 2747 1962 2804 Israel

294 2848 491 2920 (Exod.
521 2863 601 2912 IV,
623 2845 740 2917 22).
764 2842 837 2899 Et
866 2841 998 2898 Levi
1027 2845 1290 2907 sanctus,
1321 2840 1423 2895 sed
1459 2856 1572 2894 non
1605 2836 1960 2911 primogeni-

291 2945 422 3007 tus;
458 2952 599 2992 nam
634 2931 850 2990 tertius
883 2931 992 2986 Liaa
1026 2929 1185 2985 ﬁlius
1226 2927 1440 3001 legitur
1469 2927 1621 3000 (Gen.
1652 2943 1805 2992 xxrx,
1829 2927 1918 2996 34)
1945 2944 1958 2983 :

292 3031 352 3084 et
373 3031 577 3083 tamen
595 3020 808 3078 Levita
830 3018 1202 3093 primogeniti
1222 3014 1783 3090 nuncupati,quibus
1801 3014 1874 3070 ab
1893 3030 1958 3071 eo

293 3131 514 3172 nomen
545 3114 636 3170 est
667 3107 1325 3179 derivatum.Scriptum
1363 3109 1453 3160 est
1484 3105 1639 3160 enim
1662 3103 1720 3158 in
1743 3103 1957 3159 Nume-

293 3204 416 3261 ris:
450 3205 583 3258 Ecce
621 3205 684 3256 tu
729 3200 945 3255 Levitas
994 3197 1059 3252 de
1102 3193 1282 3250 medio
1338 3194 1581 3264 ﬁliorum
1635 3192 1805 3248 Israel
1858 3208 1960 3264 pro

287 3294 452 3351 omni
493 3290 867 3364 primogenita
895 3287 992 3359 qui
1031 3286 1213 3358 aperit
1241 3283 1459 3339 vulvam
1508 3299 1543 3337 a
1589 3283 1723 3352 ﬁliis
1767 3282 1959 3350 Israel,

2070 464 2372 504 versorum
2393 447 2711 503 criminum
2733 447 3070 518 peccatores
3094 461 3107 500 :
3134 444 3235 500 sed
3259 445 3581 505 destructis
3613 450 3742 508 cul-

2071 537 2299 593 toribus
2321 535 2702 592 saecularibus
2723 534 3026 606 eliguntur
3042 532 3176 605 (44).
3191 532 3359 590 Unde
3384 553 3501 594 non
3522 538 3745 597 habent

2071 642 2204 681 cum
2238 625 2465 698 plebeia
2494 623 2872 698 possessione
2909 623 3422 691 consortium,nec
3453 626 3514 684 in
3546 631 3743 687 medio

2071 714 2275 785 pupuli
2325 716 2776 786 computantur;
2811 711 2954 783 quia
2996 711 3242 766 verbum
3275 712 3381 770 Dei
3432 715 3493 772 in
3545 720 3740 776 medio

2070 802 2162 858 sui
2191 803 2513 876 possident,
2541 803 2696 860 sicut
2727 800 3016 872 scriptum
3045 803 3135 856 est
3161 799 3219 854 in
3253 801 3609 879 Evangelio:
3641 809 3742 867 Ubi

2067 895 2196 946 sunt
2225 891 2332 946 duo
2362 891 2446 945 vel
2476 899 2583 946 tres
2625 889 2982 960 congregrati
3010 890 3070 943 in
3105 891 3331 946 nomine
3359 910 3500 965 meo,
3535 899 3615 954 ibi
3641 914 3738 968 ego

2067 995 2191 1035 sum
2222 981 2277 1034 in
2309 979 2486 1036 medio
2510 995 2699 1035 eorum
2728 977 2942 1048 (Matth.
2975 995 3134 1044 xviii,
3159 979 3272 1051 20).
3307 981 3380 1037 Et
3410 984 3550 1040 alibi
3583 1002 3596 1042 :
3627 988 3737 1043 Me-

2067 1067 2190 1123 dius
2219 1077 2458 1124 vestrum
2487 1073 2592 1124 stat
2623 1085 2789 1142 quem
2820 1082 2912 1123 vos
2944 1068 3161 1122 nescitis
3191 1067 3370 1139 (Joan.
3405 1090 3445 1142 1,
3478 1076 3591 1144 26).

2139 1159 2192 1212 8.
2225 1157 2372 1212 Hinc
2398 1172 2534 1230 ergo
2557 1155 2984 1230 cognoscimus
3014 1155 3168 1226 quod
3199 1163 3333 1215 ante
3362 1163 3564 1218 omnia
3590 1162 3737 1218 ﬁdes

2067 1261 2174 1301 nos
2198 1246 2611 1302 commendare
2648 1246 2770 1301 Deo
2803 1244 3037 1300 debeat.
3062 1245 3204 1300 Cum
3234 1247 3414 1306 ﬁdem
3463 1249 3737 1308 habueri-

2068 1350 2221 1400 mus,
2242 1333 2611 1390 elaboremus
2641 1339 2708 1390 ut
2737 1349 2923 1405 opera
2958 1337 3158 1390 nostra
3185 1337 3447 1406 perfecta
3475 1340 3609 1396 sint.
3643 1337 3739 1394 Si-

2069 1421 2306 1494 quidem
2337 1421 2447 1477 hoc
2494 1420 2736 1494 plenum
2771 1425 2867 1476 est
2895 1425 2952 1476 et
2989 1422 3312 1492 perfectum
3357 1427 3736 1496 sacriﬁcium,

2069 1510 2222 1565 sicut
2250 1510 2375 1581 ipse
2403 1508 2689 1566 Dominus
2720 1510 2901 1565 docet
2940 1526 3048 1566 nos
3080 1511 3280 1568 dicens
3311 1531 3325 1570 :
3358 1515 3439 1572 De
3481 1516 3650 1572 donis
3681 1517 3740 1572 et

2069 1598 2222 1654 datis
2242 1598 2362 1653 tuis
2383 1598 2496 1670 (45)
2523 1597 2921 1654 observabitis
2942 1599 3148 1674 oﬁ‘erre
3168 1601 3318 1657 mihi
3336 1603 3398 1659 in
3427 1605 3630 1661 diebus
3653 1605 3742 1660 fe-

2069 1687 2179 1742 stis
2196 1687 2363 1754 meis,
2381 1685 2527 1742 nihil
2543 1687 2946 1755 detrahentes,
2961 1673 3151 1759 n'eque
3168 1689 3611 1762 dispertientes;
3634 1693 3738 1748 sed

2071 1773 2245 1846 plena
2275 1778 2332 1828 et
2363 1774 2590 1848 integra
2619 1780 2677 1831 et
2717 1775 2985 1848 perfecta
3015 1777 3347 1834 offerentes.
3383 1779 3587 1836 Festus
3633 1797 3738 1837 au-

2068 1866 2188 1919 tem
2221 1862 2346 1918 dies
2366 1862 2598 1918 Domini
2617 1867 2726 1929 est,
2757 1864 2864 1919 ubi
2889 1865 3286 1936 perfectarum
3305 1867 3590 1924 virtutum
3612 1885 3741 1942 gra-

2070 1950 2154 2006 tia
2183 1955 2289 2006 est.
2313 1950 2446 2014 Quae
2484 1954 2626 2007 tunc
2665 1953 2942 2024 perfecta:
2993 1958 3153 2023 sunt,
3183 1955 3234 2012 si
3266 1954 3737 2014 sollicitudinum

2071 2037 2464 2108 saecularium,
2493 2043 2550 2096 et
2577 2039 2902 2113 corporalis
2951 2041 3235 2099 illecebrae
3284 2044 3469 2100 victor
3499 2045 3733 2106 animus

2067 2125 2446 2184 delinimenta
2510 2129 2826 2201 voluptatis
2895 2132 3186 2198 excludat,
3220 2132 3456 2191 libera
3501 2133 3735 2202 seculo,

2070 2216 2188 2272 Deo
2214 2216 2470 2284 deditus,
2500 2217 2647 2273 nihil
2697 2219 2769 2274 de
2822 2221 3060 2279 tramite
3107 2222 3346 2278 directis
3396 2221 3736 2281 intentionis

2070 2305 2451 2373 imminuens,
2475 2322 2580 2362 nec
2610 2307 2855 2364 aﬁ‘ectus
2884 2310 2979 2365 sui
3009 2314 3277 2385 tempora
3307 2327 3466 2367 nunc
3493 2310 3737 2370 luxuria)

2071 2393 2362 2461 dividens,
2387 2393 2538 2450 209
2571 2411 2727 2450 nunc
2774 2394 2990 2453 labori.
3025 2398 3200 2455 Solus
3250 2398 3452 2470 itaque
3501 2400 3736 2472 sapiens

2071 2482 2224 2536 hanc
2261 2481 2514 2539 celebrat
2561 2482 3024 2554 solemnitatem,
3057 2487 3254 2543 nullus
3305 2485 3478 2542 alius.
3515 2487 3736 2544 Immu-

2072 2588 2206 2627 nem
2240 2570 2395 2626 enim
2429 2570 2769 2643 hujusmodi
2801 2576 3154 2645 passionum
3187 2576 3446 2632 animam
3481 2577 3734 2648 reperire

2071 2658 2310 2716 difficile
2335 2665 2443 2734 est.
2465 2661 2667 2716 Divide
2689 2677 2824 2733 ergo
2848 2665 3180 2721 secundum
3204 2664 3493 2721 rationem
3522 2665 3730 2722 animm

2071 2747 2418 2822 principalia
2442 2753 2500 2806 et
2524 2749 2880 2817 obedientia,
2905 2756 2965 2808 et
2987 2757 3125 2810 tunc
3147 2753 3288 2826 quid
3312 2752 3728 2824 masculinum,

2070 2837 2282 2912 quidve
2337 2837 2687 2894 femininum
2737 2837 2814 2894 sit
2889 2842 3314 2916 deprehendes.
3353 2840 3526 2898 Nulla
3572 2843 3728 2900 enim

2070 2929 2197 2984 sine
2225 2926 2420 2984 labore
2441 2929 2647 2996 virtus,
2663 2927 2802 3000 quia
2833 2927 3001 2986 labor
3031 2949 3342 3005 processus
3365 2929 3597 2989 virtutis
3618 2935 3725 2988 est.

1989 3035 2032 3102 ρ
2070 3017 2232 3082 Quod
2275 3016 2452 3072 etiam
2512 3015 2659 3088 legis
2715 3015 2906 3087 ipsius
2964 3022 3141 3076 verba
3195 3019 3550 3092 signiﬁcant,
3601 3037 3728 3093 qua:

2069 3103 2210 3160 dicit
2242 3120 2254 3158 :
2291 3103 2458 3160 Omne
2486 3104 2626 3177 quod
2654 3105 2832 3176 aperit
2881 3108 3102 3165 vulvam
3145 3111 3346 3175 asinae,
3377 3109 3612 3164 mutabis
3639 3125 3727 3166 eos

2069 3191 2268 3265 (Exod.
2302 3207 2425 3262 xm,
2473 3194 2580 3260 43).
2613 3192 2928 3248 Immunda
2980 3195 3132 3252 enim
3180 3195 3506 3253 animantia
3552 3195 3644 3251 lex
3691 3213 3727 3253 a

2069 3281 2356 3338 sacriﬁcio
2411 3279 2719 3354 separavit,
2751 3283 2808 3335 et
2865 3299 2970 3354 pro
3002 3285 3094 3341 his
3142 3285 3214 3341 ad
3261 3285 3446 3341 vicem
3505 3285 3729 3342 munda

287 3392 345 3441 et
377 3389 543 3439 erunt
563 3379 708 3435 mihi
737 3377 973 3438 Levites;
995 3375 1137 3430 mihi
1160 3389 1311 3429 enim
1330 3387 1488 3428 omne
1504 3373 1870 3442 primitivum.
1893 3375 1964 3427 In
2064 3369 2248 3444 jussit
2277 3370 2490 3426 offerri.
2521 3369 2712 3426 Asinae
2744 3385 2882 3441 ergo
2913 3379 3174 3443 partum,
3207 3375 3317 3430 hoc
3351 3381 3440 3430 est
3466 3373 3728 3431 immun-

289 3489 406 3546 qua
440 3471 529 3526 die
551 3467 807 3541 percussi
835 3481 992 3522 omne
1019 3463 1451 3535 primogenitum
1483 3461 1724 3532 AZgypti,
1753 3461 1962 3514 sancti-

291 3560 466 3629 ﬁcavi
512 3572 673 3613 omne
717 3553 1148 3627 primogenitum
1197 3549 1368 3604 Israel
1399 3549 1580 3618 (Num.
1610 3563 1695 3612 ιιι,
1730 3548 1815 3614 12,
1854 3548 1960 3619 13).

292 3649 457 3721 Ergo
487 3644 694 3701 Levita:
727 3639 1100 3715 primogeniti
1135 3635 1485 3708 nuncupati,
1508 3635 1607 3708 qui
1636 3635 1963 3691 sanctiﬁca-

300 3738 466 3792 tione
498 3733 703 3805 utique
735 3729 954 3787 caeteris
985 3727 1123 3782 ﬁliis
1165 3723 1345 3781 Israel
1393 3725 1631 3780 antelati
1663 3727 1819 3779 sunt.
1843 3725 1969 3788 Qua

303 3827 538 3882 ratione
559 3817 931 3895 primogeniti
955 3817 1095 3883 sint,
1111 3815 1248 3872 audi
1270 3813 1615 3886 Apostolum
1638 3813 1925 3871 dicentem
1949 3830 1962 3868 :

303 3914 410 3971 Sed
443 3909 919 3985 apprOpinquastis
960 3909 1096 3964 Sion
1143 3904 1342 3970 monti,
1375 3911 1427 3957 et
1455 3904 1668 3959 civitati
1711 3903 1812 3958 Dei
1857 3905 1970 3959 vivi

301 4002 614 4059 Jerusalem
662 4015 779 4071 qua:
809 4000 868 4052 in
896 3995 1028 4052 caelo
1055 3998 1154 4061 est,
1189 3995 1242 4048 et
1269 3991 1450 4047 decem
1481 3991 1724 4046 millibus
1772 3991 1968 4048 laetan-

310 4094 458 4146 tium
499 4089 839 4161 angelorum,
885 4088 934 4141 et
976 4083 1349 4140 Ecclesiarum
1390 4083 1805 4152 primitivarum
1833 4082 1968 4154 (45),

311 4196 435 4251 quae
462 4180 676 4249 scriptae
704 4177 832 4231 sunt
861 4176 922 4230 in
962 4173 1091 4228 cado
1117 4171 1299 4244 (Hebr.
1325 4186 1430 4234 xu,
1461 4172 1550 4238 22,
1577 4171 1690 4239 23).
1715 4170 1974 4234 Quatuor

313 4268 554 4324 ordines
586 4265 740 4333 fecit,
763 4263 980 4320 montis
1014 4261 1176 4328 Sion,
1203 4257 1452 4315 civitatis
1477 4257 1855 4328 Hierusalem,
1881 4274 1971 4316 ce-

312 4353 610 4412 lebritatis
630 4351 993 4427 angelorum,
1023 4353 1079 4406 et
1100 4347 1489 4405 Ecclesiarum
1517 4348 1972 4419 primitivarum,

2072 3461 2236 3524 dum,
2247 3457 2419 3529 jubet
2439 3457 2654 3514 mutari
2677 3473 2798 3522 ove,
2816 3474 2946 3529 quia
2969 3464 3193 3520 munda
3212 3468 3269 3519 et
3285 3466 3422 3534 apta
3442 3463 3729 3520 sacriﬁcio

2073 3553 2161 3604 est
2191 3547 2382 3620 (Exod.
2414 3565 2539 3613 xm,
2577 3547 2672 3614 13;
2705 3546 2874 3601 Levit.
2907 3566 3086 3619 xxvn,
3116 3553 3228 3622 27).
3262 3551 3380 3606 Hoc
3409 3555 3498 3606 est
3527 3569 3732 3609 secun-

2075 3638 2217 3692 dum
2271 3633 2547 3691 litteram.
2579 3635 2859 3691 Caeterum
2895 3636 2944 3690 si
2977 3640 3113 3710 quis
3159 3650 3398 3695 sensum
3445 3640 3730 3711 spiritalis

2075 3725 2220 3798 legis
2251 3723 2426 3780 altius
2450 3725 2558 3798 (46)
2583 3727 2990 3796 persequatur,
3014 3725 3157 3783 libet
3185 3726 3553 3784 considerare
3573 3729 3730 3801 quod

2077 3814 2244 3871 asina
2299 3812 2658 3871 laboriosum
2717 3811 2795 3866 sit
2850 3814 3093 3881 animal,
3152 3816 3275 3871 ovis
3332 3815 3720 3874 fructuosum.

2078 3905 2294 3960 Fructu
2326 3920 2462 3976 ergo
2495 3903 2635 3958 dicit
2655 3902 3008 3958 mutandum
3038 3903 3318 3973 laborem,
3344 3908 3410 3960 ut
3433 3905 3567 3960 ﬁnis
3593 3922 3728 3979 ope-

2078 3994 2160 4050 ris
2190 3993 2282 4049 sui
2314 3993 2540 4049 fructus
2572 3992 2668 4048 sit.
2693 3989 2797 4045 Vel
2828 3996 2983 4048 certe
3013 3993 3120 4050 hoc
3150 3995 3321 4050 modo
3345 4011 3357 4050 :
3382 4010 3616 4050 omnem
3649 3994 3731 4050 la-

2081 4084 2280 4139 borem
2313 4086 2502 4150 tuum,
2537 4096 2771 4138 omnem
2816 4079 3171 4138 industriam
3212 4100 3358 4155 puro
3387 4088 3445 4139 et
3475 4083 3728 4157 simplici

2081 4171 2522 4228 commendabis
2555 4171 2783 4226 aﬁ'ectu.

2150 4262 2205 4316 9.
2239 4261 2301 4316 Si
2337 4266 2523 4317 autem
2567 4276 2677 4315 non
2720 4259 2977 4329 mutabis,
3010 4259 3223 4333 inquit,
3256 4261 3486 4318 redimes
3514 4263 3731 4333 (Exod.,

2088 4367 2212 4416 xm,
2246 4349 2354 4421 13).
2386 4349 2635 4404 Jubetur
2671 4363 2807 4419 ergo
2838 4349 3164 4404 secundum
3211 4349 3492 4423 litteram,
3517 4359 3582 4408 ut
3611 4352 3733 4409 ani-

315 4411 483 4501 Tulit
513 4459 648 4516 ergo
698 4411 990 4496 Dominus.
1025 4444 1175 4496 Deus
1207 4437 1279 4492 de
1312 4411 1535 4492 medio-
1555 4437 1754 4510 populi
1804 4411 1980 4494 Israel
2010 4411 2058 4476 D
2091 4411 2209 4496 mal
2238 4411 2396 4495 aliud
2428 4455 2531 4511 pro
2562 4411 2868 4493 immundo
2899 4438 3142 4494 animali
3169 4411 3589 4511 oﬁ'eratur,’aut
3617 4460 3738 4515 pre.

319 4531 585 4599 Levites;
614 4530 752 4603 quia
778 4545 893 4586 non
913 4529 1310 4585 humanarum
1340 4542 1440 4582 eos
1470 4531 1769 4583 consortes
1800 4526 1984 4583 voluit

318 4637 454 4678 esse
501 4635 795 4688 curarum,
827 4619 928 4675 sed
960 4619 1172 4674 divinae
1207 4616 1510 4688 religionis
1563 4615 1885 4674 ministros.
1917 4621 1987 4672 Et

320 4709 749 4784 primogenitos
781 4707 894 4764 sibi
947 4707 1083 4763 fecit
1113 4706 1213 4780 qui
1242 4705 1479 4762 vulvam
1513 4705 1784 4777 aperiunt
1813 4705 1984 4780 spiri-

400 4905 514 4976 (43)
548 4903 696 4958 Edit.
729 4905 870 4976 ant.,
903 4910 953 4956 et
983 4903 1349 4976 Ecclesiarum
1381 4902 1772 4976 primitiarum
1803 4903 1984 4974 (Gill.,

322 4973 914 5048 primitivarum)_qu_w
959 4975 1162 5048 scripta
1191 4978 1322 5048 sunt
1367 4974 1425 5027 in
1477 4974 1627 5048 caelo.
1668 5016 1680 5029 .
1721 5017 1732 5029 .
1771 4973 1990 5046 .Ange-

324 5045 535 5112 lorum,
565 5050 614 5101 et
655 5045 1018 5117 Ecclesiarum
1050 5045 1487 5117 primitivarum.
1523 5045 1663 5101 Mss.
1698 5051 1816 5102 tres
1849 5045 1983 5103 eum

321 5117 464 5176 Gill.
498 5117 635 5173 edit.
669 5115 1065 5172 consentiunt:
1094 5116 1221 5171 Vat.
1266 5119 1461 5172 autem
1513 5133 1690 5186 unus,
1726 5120 1777 5171 et
1806 5119 1986 5173 Eccle-

324 5193 482 5260 siam
498 5190 895 5260 primitiarum.
921 5186 1127 5255 Laud.,
1151 5195 1202 5243 et
1222 5189 1522 5244 Ecclesium
1548 5190 1984 5260 primitivarum.

326 5263 399 5318 Et
431 5259 526 5315 hic
557 5275 689 5331 cum
721 5259 866 5331 Div.,
901 5273 1026 5331 quxj
1051 5261 1266 5331 scriptae
1291 5267 1444 5331 sunt,
1478 5259 1586 5315 etc.
1613 5265 1821 5315 Totum
1855 5276 1990 5317 vero

324 5334 531 5390 locum
564 5330 698 5386 edit.
733 5329 1170 5386 Rom—exhibet
1196 5330 1254 5385 in
1287 5330 1445 5386 hunc
1494 5331 1735 5387 modum
1765 5348 1779 5387 :
1811 5337 1862 5387 et
1891 5334 1995 5387 Ec-

330 5405 519 5461 clesiae
564 5403 991 5474 primitivarum,
1036 5403 1133 5474 qui
1178 5403 1371 5474 scripti
1415 5407 1566 5458 sunt.
1605 5446 1616 5458 .
1659 5446 1672 5459 .
1711 5445 1722 5458 .
1757 5403 1995 5474 Angelo-

333 5492 479 5542 rum,
513 5473 570 5529 et
589 5473 842 5530 Ecclesiae
866 5473 1299 5542 primitivarum.

407 5546 521 5626 (44)
553 5544 638 5604 Ita
667 5560 776 5602 me.
811 5544 960 5604 Flor.
998 5546 1072 5602 At
1108 5548 1220 5604 vet.
1257 5544 1396 5606 edit.
1429 5562 1574 5607 mss.
1611 5545 1738 5606 Div.
1772 5550 1831 5608 et
1861 5550 1991 5609 Vat.

662 5672 932 5742 Panos.
981 5672 1140 5742 XIV.

2091 4529 2276 4597 tium;
2305 4545 2375 4583 ne
2397 4527 2545 4583 inter
2566 4527 2824 4582 decimas
2845 4527 3143 4584 fructuum
3163 4529 3252 4586 vel
3275 4532 3472 4588 minus
3494 4531 3736 4602 aliquid,

2091 4618 2178 4676 vel
2219 4617 2594 4673 immundum
2625 4616 2890 4672 videatur
2920 4619 3134 4674 oﬁ'erri.
3182 4619 3514 4677 Intellectus
3544 4624 3740 4674 autem

2095 4707 2441 4780 profundior
2470 4705 2832 4762 liberandam
2864 4705 3118 4765 animam
3146 4715 3310 4767 tuam
3342 4712 3526 4777 docet,
3554 4710 3620 4762 ut
3646 4706 3743 4762 de-

2097 4919 2270 4971 unus,
2303 4902 2585 4975 destructis
2634 4903 2931 4958 cultoribus
2980 4905 3288 4975 eliguntur;
3333 4904 3478 4959 alter
3522 4901 3653 4975 Vat.
3685 4907 3744 4958 et

2099 4977 2217 5030 Lau
2227 4975 2260 5028 d
2270 5017 2281 5028 .
2292 4974 2595 5043 ,destructis
2610 4975 2970 5031 saecularibus
2985 4973 3284 5044 eliguntur.
3302 4975 3559 5045 Denique
3571 4973 3715 5030 Rom
3725 5017 3738 5031 .

2099 5047 2261 5111 edit.,
2289 5045 2562 5102 destitutis
2590 5047 2883 5101 cultoribus
2911 5047 3265 5100 sxcularibus
3287 5047 3584 5116 eliguntur.

2175 5118 2285 5189 (1:5)
2317 5117 2460 5174 Mss.
2495 5118 2608 5172 duo
2641 5118 2762 5172 Vat.
2793 5121 2848 5171 et
2879 5117 3081 5189 Laud.,
3115 5120 3163 5171 et
3180 5117 3334 5189 datis
3363 5115 3494 5189 suis.
3527 5115 3651 5172 Div.
3677 5132 3743 5173 ac

2100 5194 2212 5244 vet.
2270 5187 2436 5258 edit.,
2489 5193 2540 5244 et
2568 5189 2712 5244 datis
2763 5190 2891 5243 tuis.
2928 5187 3093 5242 Rom.
3128 5187 3287 5253 edit.,
3320 5191 3370 5242 et
3399 5188 3539 5243 datis
3585 5190 3741 5244 meis.

2105 5262 2215 5316 Sed
2250 5261 2442 5317 locum
2473 5260 2639 5316 illum
2673 5259 2764 5314 his
2792 5258 2982 5314 verbis
3018 5259 3077 5332 in
3118 5258 3420 5332 scriptura
3450 5276 3745 5332 nusquam

2106 5333 2460 5406 reperimus;
2517 5345 2769 5402 eumque
2821 5345 2887 5384 ex
2933 5327 3108 5384 variis
3160 5327 3390 5386 Levitici
3443 5327 3748 5406 praeceptis

2109 5405 2516 5461 concinnatum
2550 5407 2844 5474 putamus.

2108 5477 2292 5609 (“$16)
2325 5475 2472 5608 Egit.
2515 5489 2736 5542 omnes,
2785 5487 3003 5531 sensum
3047 5474 3316 5549 spiritalis
3364 5475 3754 5553 intelligentiae

2195 5565 2302 5609 ius.
2423 5587 2436 5604 .

2171 5552 2302 5622 tius,
2330 5552 2436 5608 etc.

3367 5677 3446 5762 12
