4026 6186
352 304 487 379 363'

1820 313 1884 377 s.
1930 290 2307 379 AMeaosn

3645 280 3786 380 364‘

353 453 525 508 sistat
551 430 625 507 ab
663 449 737 507 iis
770 466 899 523 qua:
949 450 1208 506 fructum
1256 465 1371 505 non
1421 448 1657 504 habent.
1689 449 1798 515 Qui
1844 450 2001 504 enim
2030 421 2305 517 g'tilium
2337 449 2652 506 miseratus
2685 447 3085 524 laborem,qui
3116 450 3330 509 lateres
3357 455 3770 509 construerent

353 539 591 597 redimit
619 556 704 607 se,
734 537 945 595 liberat
972 543 1030 595 et
1074 539 1327 610 quodam
1376 537 1536 593 exuit
1564 537 1780 594 debito.
1814 537 2007 594 Relin-

354 630 589 701 quenda
617 633 759 685 sunt
805 644 982 702 opera
1011 644 1136 699 qum
1166 643 1367 682 verum
1398 627 1678 697 fructum,
1710 628 2011 699 bonosque

353 734 668 792 processus
706 718 924 775 habere
969 733 1084 773 non
1136 720 1433 788 possunt:
1467 715 1668 789 qualia
1716 720 1856 772 sunt
1899 716 2013 771 ista

357 809 661 865 mundana
690 823 939 881 quorum
972 823 1116 862 usus
1145 822 1258 861 non
1292 809 1483 878 potest
1512 822 1641 862 esse
1669 806 2011 864 diuturnus.

359 899 424 954 In
456 899 674 971 quibus
705 896 828 968 ipse
871 894 1067 950 nudus
1096 898 1153 950 et
1178 894 1299 950 veri
1340 911 1561 950 vacuus
1609 895 1847 951 effectus
1889 898 2011 963 est;

357 991 415 1043 et
443 985 711 1059 quamvis
735 999 970 1039 summo
998 983 1283 1056 quaesitus
1310 983 1489 1039 fuerit
1509 983 1729 1052 labore,
1754 984 2014 1039 animam

355 1074 501 1129 nihil
524 1075 711 1146 juvat.
740 1073 820 1127 Ea
850 1071 1007 1128 enim
1050 1088 1176 1144 quae
1222 1072 1566 1128 servitutem
1620 1073 1842 1128 animae
1868 1072 2013 1128 infe-

353 1168 508 1230 runt,
542 1160 776 1217 inutilia
806 1165 947 1217 sunt
975 1161 1195 1231 omnia,
1229 1160 1337 1217 etsi
1383 1178 1497 1216 non
1549 1161 1708 1216 desit
1755 1161 2013 1217 effectus-

352 1252 564 1324 Magna
578 1250 812 1307 videtur
831 1248 1219 1322 prailiantium
1239 1248 1507 1317 victoria,
1522 1248 2016 1322 triumphantium

353 1340 542 1415 gloria
565 1356 578 1395 :
601 1339 701 1396 sed
734 1338 1068 1411 frequenter
1113 1337 1274 1409 ipsos
1303 1338 1571 1394 videmus
1602 1337 1702 1410 qui
1747 1337 2013 1403 vicerint,

357 1445 562 1485 rursus
591 1427 877 1485 bellorum
909 1426 1209 1498 subjacere
1252 1426 1491 1483 incertis
1520 1431 1577 1482 et
1605 1426 1907 1483 transferri
1941 1427 2014 1483 ad

356 1520 586 1575 hostem
600 1520 810 1574 eventu
854 1515 1055 1589 praelii,
1080 1520 1137 1570 et
1164 1532 1230 1572 eo
1262 1515 1390 1587 ipso
1431 1532 1547 1587 quo
1587 1516 1855 1584 victores,
1878 1519 2014 1571 ante

360 1606 603 1675 fuerint,
628 1606 751 1660 ﬁeri
778 1604 1128 1660 miseriores.
1149 1604 1309 1675 Opus
1338 1609 1426 1659 est
1451 1620 1587 1677 ergo
1613 1607 1676 1659 ut
1706 1620 1882 1676 opera
1912 1607 2015 1659 tua

361 1697 432 1752 ad
468 1695 653 1751 Deum
685 1694 925 1765 dirigas,
951 1696 1009 1747 et
1033 1693 1163 1763 ejus
1191 1692 1298 1747 tibi
1328 1692 1547 1765 aspiret
1575 1693 1753 1749 favor.
1779 1691 2013 1748 Athleta

362 1786 486 1857 ipse
518 1784 619 1855 qui
650 1782 775 1838 suis
806 1798 921 1837 non
971 1780 1178 1837 alienis
1206 1781 1466 1837 decernit
1512 1781 1755 1850 viribus,
1783 1781 2011 1853 quoties

361 1871 757 1946 congreditur,
781 1870 992 1926 dubios
1024 1887 1197 1926 casus
1238 1870 1435 1926 subire
1466 1886 1527 1926 se
1557 1870 1759 1927 credit.
1780 1871 1847 1925 Et
1876 1886 2010 1926 cum

364 1963 436 2018 ad
462 1975 734 2017 coronam
772 1958 1116 2031 pervenerit,
1141 1958 1417 2030 intelligit
1436 1958 1609 2015 citius
1634 1959 1785 2014 hanc
1807 1959 2011 2013 mundi

363 2051 609 2124 gloriam
642 2053 922 2121 tanquam
954 2064 1177 2103 corona:
1226 2047 1414 2119 ipsius
1446 2047 1584 2104 folia
1635 2063 2010 2104 marcescere.

365 2140 733 2198 Gubernator
763 2154 896 2193 cum
935 2136 995 2193 in
1045 2140 1248 2209 portus
1279 2136 1472 2192 navim
1526 2137 1890 2204 subduxerit,
1921 2138 2016 2192 vix

366 2231 544 2286 finem
575 2226 919 2300 impositum
951 2225 1135 2282 labori
1169 2229 1352 2298 putat,
1381 2229 1438 2281 et
1466 2226 1665 2281 statim
1696 2226 1904 2298 quaerit
1933 2225 2015 2280 la-

368 2318 528 2376 boris
574 2315 895 2373 exordium.
931 2313 1188 2371 Solvitur
1241 2329 1479 2386 corpore
1532 2314 1749 2383 anima,
1783 2319 1839 2391 e't
1886 2319 2019 2386 post

369 2409 547 2477 ﬁnem
576 2405 705 2461 vita:
737 2405 916 2475 hujus
946 2402 1138 2458 adhuc
1175 2406 1375 2457 tamen
1425 2401 1605 2457 futuri
1646 2403 1854 2474 judicii
1889 2419 2017 2458 am-

370 2498 548 2569 biguo
578 2492 979 2566 suspenditur.
1016 2492 1101 2546 Ita
1132 2490 1264 2544 finis
1299 2489 1516 2559 nullus,
1549 2489 1649 2546 ubi
1679 2490 1815 2547 ﬁnis
1844 2495 2018 2562 puta-

370 2590 488 2642 tur.
522 2584 685 2639 Unde
712 2581 859 2637 votis
885 2585 941 2634 et
979 2597 1125 2651 pura
1163 2577 1521 2634 conscientia
1549 2583 1607 2634 et
1636 2579 1846 2651 spiritu
1879 2580 2020 2635 cha-

369 2671 558 2729 ritatis
590 2670 995 2726 adhereamus
1041 2668 1156 2723 Deo
1197 2673 1415 2735 nostro,
1448 2671 1505 2723 et
1534 2666 1798 2726 divinum
1850 2667 2021 2724 nobis

370 2759 751 2817 conciliemus
782 2758 1035 2813 favorem
1059 2776 1076 2811 :
1101 2760 1402 2828 precantes
1448 2760 1513 2812 ut
1560 2774 1594 2811 a
1638 2756 2020 2812 saecularibus

373 2849 533 2905 curis
563 2854 846 2919 tanquam
892 2846 964 2900 ab
1013 2845 1343 2900 immitibus
1374 2847 1430 2900 et
1459 2845 1791 2916 agrestibus
1838 2845 2024 2900 domi-

375 2939 468 2994 nis
494 2936 791 3010 possimus
813 2934 1030 2990 absolvi
1055 2938 1228 3005 atque
1255 2933 1406 3001 exui,
1429 2933 1844 3004 mundanoque
1869 2933 2024 2990 exire

376 3025 632 3094 servitio,
683 3024 742 3079 in
796 3022 1126 3078 libertatem
1183 3038 1449 3094 superna)
1498 3021 1847 3094 cognitionis
1897 3040 2024 3096 qua:

376 3132 513 3173 vera
540 3118 597 3171 et
627 3112 750 3170 sola
779 3116 871 3169 est
899 3110 1159 3178 libertas,
1191 3111 1397 3168 vocati.

938 3220 1091 3276 210
1128 3218 1361 3273 CAPUT
1400 3218 1492 3273 Ill.

375 3312 525 3383 Quod
570 3312 789 3367 dixerat
843 3310 1084 3383 laborem
1136 3310 1324 3378 fructu
1376 3306 1724 3383 mutandum,
1782 3308 2025 3383 exemplo

441 3383 759 3441 Judaorum
794 3384 857 3436 in
886 3382 1113 3451 Egypto
1141 3380 1512 3445 servientium,
1543 3382 1597 3434 et
1624 3381 1911 3450 Evangelii
1940 3380 2022 3436 te-

398 3456 697 3510 ~stimonio
726 3454 1045 3524 conﬁrmat;
1077 3466 1313 3524 quonam
1359 3466 1429 3505 ex
1476 3451 1608 3524 loco,
1641 3460 1692 3506 et
1735 3467 1839 3522 quo
1865 3455 2022 3523 pacto

442 3525 733 3581 liberanda
769 3521 840 3578 sit
879 3524 1093 3587 anima,
1123 3521 1394 3583 declarat;
1425 3523 1475 3577 et
1506 3521 1785 3579 Christum
1832 3521 2023 3579 verum

443 3598 701 3667 Levitem,
733 3594 790 3667 id
818 3594 1284 3667 estiliberatorem
1314 3596 1579 3667 nostrum,
1612 3610 1741 3649 esse.
1779 3596 2021 3665 Denique

435 3664 691 3740 pulchra,
723 3666 788 3722 de
817 3666 1054 3740 utilitate
1083 3681 1246 3736 quam
1275 3666 1431 3736 aﬂert
1460 3664 1739 3736 justorum
1766 3664 2019 3736 familia-

438 3738 603 3804 ritas.
636 3738 916 3811 proponit.

435 3829 528 3884 lO.
562 3829 633 3884 Et
662 3831 728 3882 ut
756 3829 1109 3900 praeceptum
1158 3824 1305 3897 legis
1351 3823 1615 3896 exemplo
1656 3827 2014 3892 astruamus,

367 3934 501 3974 cum
525 3906 919 3990 deprimerent
938 3913 1184 3986 Egyptii
1208 3914 1236 3969 J
1249 3914 1546 3968 udieorum
1579 3913 1931 3985 populorum
1952 3913 2014 3970 in

365 4005 639 4079 operibus
668 4005 870 4071 variis,
890 4007 947 4058 et
973 4003 1095 4058 luto
1126 4018 1193 4056 ac
1223 4000 1436 4071 lapide,
1463 4001 1877 4072 ingemuerunt
1906 4001 2013 4057 filii

364 4094 562 4159 Israel,
590 4097 646 4149 et
675 4091 906 4148 Domini
953 4092 1412 4162 provocaverunt
1457 4088 1516 4142 in
1567 4105 1628 4143 se
1681 4089 2011 4146 misericor-

360 4184 540 4239 diam.
574 4183 643 4238 Et
671 4180 816 4236 dixit
862 4180 951 4253 ad.
984 4179 1256 4250 Moysen:
1288 4178 1396 4246 Ego
1442 4177 1703 4233 exaudiui
1746 4181 2011 4250 gemitum

358 4274 603 4342 ﬁliorum
647 4270 829 4326 Israel.
867 4266 1128 4340 quomodo
1174 4267 1421 4337 zEgyptii
1466 4267 1526 4320 in
1575 4268 1887 4322 servitutem
1916 4268 2008 4324 de-

354 4363 607 4432 primunt
648 4375 756 4424 eos,
796 4362 845 4413 et
891 4372 1101 4413 memor
1138 4358 1314 4427 factus
1360 4372 1482 4410 sum
1523 4359 1835 4412 testamenti
1873 4360 2003 4414 mei.

364 4447 501 4504 Vade
535 4452 587 4502 et
618 4448 705 4502 die
732 4448 867 4518 ﬁliis
898 4447 1085 4509 Israel,
1120 4447 1229 4516 Ego
1258 4446 1543 4509 Dominus,
1573 4453 1625 4499 et
1660 4443 1887 4501 educam
1914 4463 2007 4502 vos

2118 538 2418 594 lutulenta:
2447 538 2869 611 superstitioni,
2891 544 2949 596 et
2971 539 3255 613 voluptati
3279 541 3541 615 corporis
3561 540 3769 609 dediti,

2119 626 2372 683 solidum
2403 627 2539 683 ﬁdei
2576 643 2816 684 murum
2859 628 3145 686 aediﬁcare
3174 646 3291 686 non
3322 633 3581 705 possent,
3612 629 3773 686 velut

2119 716 2192 772 ad
2227 716 2516 789 quosdam
2548 716 2724 773 asina:
2755 718 2910 773 fetus
2942 716 3173 775 locutus
3201 719 3320 775 ait:
3355 720 3536 776 Venite
3562 718 3635 774 ad
3662 735 3768 788 me,

2121 819 2303 860 omnes
2333 806 2429 875 qui
2473 805 2757 873 laboratis,
2790 809 2840 862 et
2877 822 2976 876 ego
3020 823 3111 863 vos
3152 808 3417 879 reﬁciam.
3443 807 3635 865 Tollite
3672 810 3771 883 ju.

2120 910 2253 965 gum
2279 909 2463 949 meum
2490 910 2655 966 super
2681 910 2791 962 vos,
2814 902 2867 951 et
2908 895 3102 952 discite
3127 912 3163 953 a
3189 913 3278 953 me
3306 898 3440 969 quia
3464 914 3587 954 sum
3616 899 3773 955 mitis

2122 989 2175 1037 et
2219 982 2444 1037 humilis
2493 983 2670 1051 corde,
2728 988 2780 1040 et
2834 985 3126 1042 invenietis
3178 988 3425 1058 requiem
3478 987 3789 1044 animabus.

2121 1071 2315 1126 vestris
2362 1071 2569 1139 (Matth.
2618 1088 2696 1139 χι,
2727 1074 2820 1140 28,
2851 1073 2963 1145 29).
3014 1075 3140 1138 Qua
3194 1075 3490 1132 vocatione
3540 1075 3775 1149 plenius

2127 1158 2272 1214 mihi
2302 1160 2500 1214 videor
2526 1161 2702 1216 verba
2739 1159 2886 1234 legis
2916 1166 2975 1217 et
3002 1162 3281 1235 mysteria
3313 1178 3725 1237 recognoscere
3758 1183 3774 1221 :

2126 1246 2266 1319 quia
2303 1247 2533 1304 asinam
2580 1254 2683 1304 aut
2728 1252 3206 1308 commutandam
3250 1268 3356 1309 ove
3402 1252 3620 1321 docuit,
3669 1258 3779 1310 aut

2124 1336 2527 1393 redimendam
2557 1338 2837 1410 pecunia;
2876 1343 2941 1395 ut
2970 1356 3085 1396 non
3111 1339 3301 1397 solum
3332 1341 3510 1398 asina:
3539 1345 3777 1415 partum

2124 1441 2245 1493 ove,
2271 1424 2379 1480 hoc
2408 1430 2516 1492 est,
2542 1426 2777 1482 mundis
2800 1427 3109 1485 immunda
3133 1433 3453 1497 mutemus,
3472 1431 3575 1487 sed
3593 1431 3780 1488 etiam

2123 1513 2504 1569 redimamus.
2537 1516 2701 1581 Quod
2731 1516 2961 1573 videtur
2997 1518 3269 1591 exprimi,
3294 1519 3345 1574 si
3396 1518 3559 1592 prius
3589 1522 3782 1578 sacri-

2123 1601 2253 1657 ﬁcio
2284 1602 2732 1673 puriﬁcationis,
2752 1608 2809 1660 et
2835 1606 3112 1678 mysterio
3142 1606 3517 1678 baptismatis
3544 1608 3787 1666 delicto-

2122 1707 2252 1745 rum
2302 1696 2638 1747 nostrorum
2688 1691 3138 1765 inquinamenta
3183 1694 3495 1753 lavemus:
3529 1696 3787 1754 crimina

2121 1795 2354 1851 quoque
2397 1784 2598 1835 nostra
2648 1781 2819 1838 bonis
2851 1782 3150 1855 operibus,
3183 1784 3437 1859 ﬁdeique
3481 1785 3692 1859 pretio,
3725 1790 3790 1845 et

2121 1866 2498 1923 miseratione
2529 1870 2914 1927 redimamus.

2196 1958 2279 2011 11.
2315 1956 2569 2012 Pretium
2626 1963 2889 2015 nostrum
2948 1960 3193 2033 sanguis
3240 1963 3331 2017 est
3350 1959 3584 2019 Christi.
3612 1964 3789 2021 Unde

2122 2050 2179 2101 et
2209 2045 2510 2117 apostolus
2541 2046 2746 2103 Petrus
2790 2048 2871 2103 ait
2905 2065 2917 2104 :
2950 2048 3078 2104 Non
3110 2065 3253 2106 auro
3282 2049 3371 2106 vel
3419 2057 3659 2124 argento
3691 2070 3787 2110 re-

2124 2134 2344 2206 dempti
2390 2135 2551 2201 estis,
2584 2135 2685 2191 sed
2733 2137 2988 2208 pretioso
3019 2138 3307 2211 sanguine
3338 2140 3387 2212 (ι
3411 2141 3556 2197 Petr.
3589 2158 3631 2208 ι,
3664 2143 3786 2215 18).

2128 2223 2195 2279 Et
2239 2221 2452 2278 Paulus
2509 2222 2653 2279 dicit
2685 2241 2698 2279 :
2729 2226 2913 2281 Pretio
2969 2227 3171 2299 emptis
3228 2229 3380 2297 estis,
3410 2228 3583 2285 nolite
3633 2230 3793 2303 efﬁci

2124 2314 2269 2368 servi
2296 2311 2584 2368 hominum
2612 2313 2660 2384 (Ι
2688 2312 2809 2370 Cor.
2839 2331 2939 2382 vn,
2970 2315 3085 2388 23).
3114 2314 3277 2373 Unde
3304 2334 3421 2373 non
3453 2318 3639 2376 otiose
3668 2319 3787 2376 mi-

2128 2417 2331 2457 ramur
2359 2401 2419 2457 in
2449 2402 2763 2475 Evangelia
2806 2404 2962 2476 quod
2992 2420 3171 2477 super
3206 2405 3437 2477 pullum
3480 2407 3659 2463 asina
3691 2424 3789 2465 se-

2129 2490 2279 2546 derit
2328 2490 2610 2546 Dominus
2658 2490 2831 2548 Jesus
2877 2491 3063 2564 (Marc.
3096 2510 3178 2563 ιι,
3204 2494 3261 2567 7)
3295 2509 3310 2552 :
3342 2496 3482 2568 quia
3530 2496 3793 2570 populus

2129 2578 2363 2651 gentilis
2412 2579 2585 2650 coepit
2636 2596 2764 2636 esse
2803 2580 3017 2638 Christi
3067 2583 3235 2653 ostia,
3263 2585 3405 2656 quia
3456 2586 3792 2642 secundum

2129 2667 2316 2740 legem
2361 2666 2689 2724 habebatur
2736 2669 3104 2727 immundus.
3140 2671 3303 2728 Unde
3349 2677 3407 2728 et
3452 2673 3524 2729 de
3575 2674 3794 2731 Levitis

2130 2755 2414 2828 scriptum
2439 2760 2528 2811 est
2548 2757 2739 2828 (Exod.
2764 2775 2885 2827 xm,
2909 2760 3000 2828 13)
3025 2761 3179 2832 quod
3207 2761 3328 2817 sint
3351 2761 3792 2835 redemptiones
3854 2798 3862 2805 -

2131 2861 2334 2900 eorum
2362 2862 2374 2900 :
2402 2861 2468 2900 eo
2499 2845 2654 2917 quod
2687 2850 2746 2902 et
2776 2848 3087 2904 sanctitate
3124 2848 3253 2905 vita
3284 2865 3405 2905 sua
3434 2854 3492 2906 et
3521 2850 3791 2910 oratione

2132 2938 2370 3005 peccata
2434 2933 2622 3006 plebis
2687 2933 2947 2991 lavarent
3004 2937 3139 3009 (48).
3196 2936 3261 2994 In
3316 2938 3531 3010 quibus
3593 2939 3795 3013 figura

2135 3020 2270 3095 agni
2301 3021 2599 3094 praecessit
2629 3024 2923 3095 mysteriis
2942 3041 3145 3081 verum
3167 3029 3479 3084 venturum
3502 3027 3785 3099 Levitem,

2137 3110 2239 3183 qui
2282 3110 2501 3183 proprii
2550 3111 2810 3184 corporis
2865 3113 3138 3186 passione
3194 3114 3423 3171 tolleret
3476 3120 3785 3189 peccatum

2056 3181 2099 3249 C
2139 3181 2362 3256 mundi.
2392 3181 2624 3256 Levites
2652 3181 3045 3274 “significatur
3088 3207 3366 3276 susceptus
3405 3181 3508 3277 pro
3550 3220 3660 3273 me,
3685 3203 3788 3261 vel

2134 3290 2244 3360 ipsi
2268 3289 2411 3344 mihi
2446 3289 2579 3345 levis
2607 3307 2625 3343 :
2658 3289 2784 3361 ipse
2830 3290 2985 3346 enim
3017 3292 3281 3363 perfecta:
3322 3291 3557 3349 virtutis
3603 3291 3792 3351 habet

2131 3377 2529 3449 impertienda
2578 3377 2794 3451 populo
2824 3378 3095 3437 sanitatis
3132 3379 3434 3440 indicium.
3470 3381 3601 3454 Ipse
3640 3397 3787 3455 ergo

2132 3466 2232 3538 qui
2265 3483 2369 3539 pro
2411 3465 2601 3523 salute
2664 3467 3072 3525 universorum
3125 3474 3494 3542 exspectatus
3524 3469 3786 3540 advenit,

2130 3571 2234 3627 pro
2283 3572 2377 3611 me
2423 3559 2510 3612 est
2565 3559 2730 3612 utero
2784 3556 2979 3613 editus
3028 3556 3321 3631 virginali,
3353 3559 3499 3617 QII
3536 3575 3643 3631 pro
3684 3574 3786 3616 me

2129 3643 2381 3711 oblatus,
2412 3661 2516 3717 pro
2548 3661 2640 3701 me
2689 3645 2947 3718 gustavit
2976 3651 3247 3716 mortem,
3280 3664 3385 3720 pro
3436 3664 3531 3705 me
3575 3665 3784 3705 resur-

2127 3734 2292 3789 rexit.
2328 3734 2390 3789 In
2423 3750 2539 3806 quo
2587 3734 2852 3790 omnium
2905 3734 3217 3792 hominum
3248 3741 3523 3810 suscepta
3566 3743 3657 3794 est
3686 3755 3784 3795 re-

2126 3822 2406 3895 demptio,
2436 3828 2742 3896 assumpta
2784 3828 2874 3881 est
2916 3825 3287 3881 resurrectio.
3321 3826 3449 3898 Ipse
3485 3829 3576 3882 est
3602 3843 3780 3884 verus

2124 3910 2379 3981 Levites;
2414 3915 2480 3966 ut
2507 3928 2614 3968 nos
2662 3912 2891 3968 Levitas
2922 3911 3135 3970 faceret
3165 3913 3459 3971 adhaamre
3488 3913 3627 3983 Deo,
3656 3913 3779 3988 ipsi

2121 4002 2431 4060 continuas
2461 4015 2661 4073 preces
2692 4000 2955 4068 fundere,
2973 4002 3046 4057 de
3074 4000 3202 4074 ipso
3233 4001 3485 4059 salutem
3514 4018 3776 4076 sperare,

2120 4091 2319 4164 fugere
2348 4094 2577 4146 terrena
2605 4089 2859 4162 nogotia,
2881 4089 2941 4145 in
2972 4089 3073 4145 Dei
3105 4090 3477 4163 possessione
3496 4107 3777 4148 numera-

2119 4180 2188 4248 ri,
2214 4179 2368 4236 sicut
2395 4177 2678 4251 scriptum
2709 4182 2799 4233 est
2840 4195 2854 4234 :
2894 4177 3143 4247 Domine,
3186 4178 3401 4251 posside
3444 4195 3543 4236 nos
3572 4180 3769 4253 (Exod.

2118 4285 2306 4334 XXXIV,
2327 4267 2404 4340 9).
2430 4267 2512 4335 Ea
2538 4270 2628 4323 est
2670 4267 2827 4322 enim
2877 4265 3003 4323 sola
3053 4266 3370 4339 possessio,
3403 4284 3531 4340 quis
3588 4268 3771 4326 nullis

2116 4356 2361 4414 obnoxia
2407 4355 2857 4427 tempestatibus
2887 4360 3180 4428 perpetuas
3208 4355 3407 4430 gratia
3452 4356 3600 4413 {erat
3644 4357 3772 4413 fru-

2114 4451 2263 4504 ctus.
2300 4445 2651 4516 Redemptor
2692 4444 2917 4501 Levites
2966 4449 3075 4513 est,
3108 4445 3246 4519 quia
3273 4444 3363 4501 vir
3391 4446 3629 4519 sapiens
3676 4463 3771 4504 τε·

354 4537 421 4591 de
446 4538 685 4606 potentia
732 4538 1143 4606 /Egyptiorum,
1176 4543 1226 4588 et
1253 4550 1445 4589 eruam
1495 4549 1583 4588 vos
1638 4533 1704 4588 de
1747 4537 2007 4592 servitute
2036 4551 2082 4615 ι)
2114 4535 2372 4608 demptio
2436 4533 2771 4606 insipientis
2827 4537 2935 4590 est.
2995 4533 3103 4601 Qui
3158 4538 3444 4608 tanquam
3501 4535 3771 4593 medicus

354 4641 562 4690 eorum,
591 4626 643 4677 et
672 4624 911 4678 liberabo
956 4639 1047 4677 vos
1092 4625 1149 4676 in
1183 4622 1402 4677 brachio
1426 4623 1655 4688 excelso,
1700 4627 1750 4677 et
1791 4624 2001 4694 judicio

353 4730 573 4787 magno,
605 4720 657 4767 et
683 4728 897 4767 sumam
930 4728 1019 4766 vos
1064 4711 1206 4765 mihi
1236 4713 1291 4764 in
1332 4712 1563 4781 plebem,
1594 4714 1644 4766 et
1691 4727 1782 4767 ero
1831 4719 2002 4770 vester

352 4807 512 4871 Deus,
572 4810 625 4858 et
680 4802 862 4856 scietis
910 4802 1174 4872 quoniam
1223 4815 1315 4870 ego
1370 4816 1490 4853 sum
1546 4801 1807 4856 Dominus
1861 4803 2001 4858 Deus

350 4898 526 4950 vester
553 4894 650 4965 qui
688 4891 915 4946 educam
962 4905 1051 4944 vos
1101 4888 1168 4943 de
1218 4890 1462 4959 potentia
1517 4890 1916 4960 Egyptiorum,
1948 4895 1998 4946 et

348 4984 608 5039 inducam
637 4998 728 5038 vos
748 4982 804 5035 in
826 4984 1031 5035 terram
1053 4981 1114 5033 in
1132 4994 1299 5051 quam
1320 4977 1540 5031 extendi
1559 4994 1789 5032 manum
1818 4997 1999 5035 meam

348 5072 538 5143 (Exod.
574 5089 654 5139 III,
686 5073 721 5127 7
764 5078 818 5126 et
860 5070 1016 5140 seq.).
1059 5068 1202 5123 Ecce
1246 5068 1538 5138 quomodo
1588 5069 1840 5139 populus
1888 5069 1996 5124 He-

2111 4641 2332 4699 asgrum
2375 4621 2710 4695 insipientis
2757 4622 3023 4679 animum
3054 4622 3226 4692 fovet,
3258 4627 3316 4680 et
3356 4623 3624 4697 quaedam
3668 4641 3769 4682 ιιι

2109 4714 2297 4786 pergit
2326 4711 2602 4768 solidiora
2631 4711 2813 4767 menti
2834 4712 3156 4784 prudentia:
3184 4712 3596 4784 medicamina,
3628 4711 3769 4770 imi-

2109 4807 2267 4857 tatus
2297 4800 2463 4856 illum
2496 4800 2790 4855 medicum
2821 4800 2922 4872 qui
2953 4800 3024 4856 de
3055 4800 3197 4857 coelo
3228 4802 3488 4869 venit,ut
3515 4802 3766 4859 demon-

2108 4894 2322 4947 straret
2350 4888 2688 4945 hominibus
2714 4889 3037 4960 prudentia
3064 4890 3210 4958 vias,
3242 4895 3300 4947 et
3330 4890 3631 4964 sapientia
3661 4907 3768 4948 se-

2108 4980 2283 5035 mitas
2313 4977 2572 5051 parvulis
2611 4977 2909 5033 revelaret.
2941 4977 3191 5035 Videbat
3238 4979 3394 5036 enim
3425 4980 3768 5039 laborantes

2109 5086 2222 5124 non
2254 5083 2425 5139 posse
2454 5066 2581 5123 sine
2614 5066 2868 5122 remedio
2899 5066 3132 5137 salvari,
3154 5073 3213 5125 et
3242 5068 3372 5127 ideo
3402 5069 3767 5128 medicinam

347 5160 635 5216 brmorum
685 5160 876 5215 fructu
929 5157 1175 5213 mutavit
1210 5155 1492 5224 laborem,
1522 5160 1585 5209 ut
1614 5155 1715 5227 qui
1766 5156 1823 5212 in
1872 5156 1996 5214 luto
2105 5156 2400 5213 tribuebat
2462 5155 2653 5228 aegris.
2709 5156 2841 5212 Ideo
2897 5156 3174 5214 omnibus
3242 5174 3413 5231 opem
3488 5158 3766 5217 sanitatis

349 5249 720 5319 operabatur,
763 5265 866 5320 spe
916 5246 1077 5319 regni
1128 5249 1466 5318 operaretur
1515 5244 1711 5301 aeterni
1761 5246 1896 5318 (47).
1928 5248 1999 5304 Et
2106 5246 2339 5316 detulit;
2376 5251 2441 5301 ut
2470 5245 2809 5318 quicunque
2857 5246 3115 5318 perierit,
3149 5248 3356 5303 mortis
3386 5263 3509 5304 sua
3546 5263 3764 5306 causas

348 5336 478 5391 ideo
499 5336 782 5393 Dominus
806 5337 865 5391 in
892 5335 1201 5410 Evangelio
1228 5334 1462 5391 inanem
1485 5333 1833 5407 populorum
1862 5352 1998 5408 gen-
2105 5336 2217 5393 sibi
2269 5336 2546 5405 ascribat,
2588 5334 2690 5407 qui
2747 5334 2941 5391 curari
2998 5334 3204 5405 noluit,
3234 5352 3370 5393 cum
3428 5337 3763 5394 remedium

446 5559 536 5635 t7)
562 5558 705 5635 Mss.
744 5559 950 5635 Laud,
975 5576 1122 5633 spem
1147 5564 1306 5631 regni
1332 5563 1640 5635 operiretur
1663 5561 1880 5635 aeterni.

444 5630 530 5697 48)
560 5629 646 5689 Ita
675 5645 817 5690 mss.
851 5629 1010 5688 Edit.’
1038 5648 1193 5703 vero,
1211 5629 1488 5691 levarent.
1522 5635 1586 5693 In
1615 5634 1811 5711 quibus
1836 5634 2090 5710 ﬁguratis
2116 5638 2251 5716 agni
2272 5633 2555 5714 praecessit
2581 5633 2925 5713 mysterium,
2956 5633 3065 5694 etc.
3093 5726 3100 5732 .
